  <div class='ocr_page' id='page_1' title='image "/cluster/home/n/w/nwhite01/storage/ocr_20150623/37/hvd.32044096580592/251.png"; bbox 0 0 3964 6204; ppageno 0'>
   <div class='ocr_carea' id='block_1_1' title="bbox 457 279 578 334">
    <p class='ocr_par' dir='ltr' id='par_1_1' title="bbox 457 279 578 334">
     <span class='ocr_line' id='line_1_1' title="bbox 457 279 578 334; baseline -0.017 0"><span class='ocrx_word' id='word_1_1' title='bbox 457 279 578 334; x_wconf 69' lang='lat' dir='ltr'><strong>iii&quot;</strong></span> 
     </span>
    </p>
   </div>
   <div class='ocr_carea' id='block_1_2' title="bbox 521 384 2016 466">
    <p class='ocr_par' dir='ltr' id='par_1_2' title="bbox 521 384 2016 466">
     <span class='ocr_line' id='line_1_2' title="bbox 521 384 2016 466; baseline -0.009 -16"><span class='ocrx_word' id='word_1_2' title='bbox 521 396 575 450; x_wconf 85' lang='lat'><strong>5.</strong></span> <span class='ocrx_word' id='word_1_3' title='bbox 617 391 764 466; x_wconf 57' lang='lat' dir='ltr'><strong>[vers</strong></span> <span class='ocrx_word' id='word_1_4' title='bbox 797 391 874 464; x_wconf 92' lang='lat'><strong>8.]</strong></span> <span class='ocrx_word' id='word_1_5' title='bbox 916 389 1113 460; x_wconf 83' lang='lat' dir='ltr'><strong>Deinde</strong></span> <span class='ocrx_word' id='word_1_6' title='bbox 1155 386 1387 456; x_wconf 80' lang='lat' dir='ltr'><strong>adjungit</strong></span> <span class='ocrx_word' id='word_1_7' title='bbox 1419 401 1432 438; x_wconf 83' lang='grc'>;</span> <span class='ocrx_word' id='word_1_8' title='bbox 1468 384 1860 454; x_wconf 78' lang='lat' dir='ltr'><strong>Iusti/icationes</strong></span> <span class='ocrx_word' id='word_1_9' title='bbox 1905 394 2016 438; x_wconf 82' lang='lat' dir='ltr'><strong>tuas</strong></span> 
     </span>
    </p>
   </div>
   <div class='ocr_carea' id='block_1_3' title="bbox 453 477 2017 548">
    <p class='ocr_par' dir='ltr' id='par_1_3' title="bbox 453 477 2017 548">
     <span class='ocr_line' id='line_1_3' title="bbox 453 477 2017 548; baseline -0.008 -9"><span class='ocrx_word' id='word_1_10' title='bbox 453 487 754 539; x_wconf 80' lang='lat' dir='ltr'><strong>custodiam.</strong></span> <span class='ocrx_word' id='word_1_11' title='bbox 786 483 913 548; x_wconf 75' lang='lat' dir='ltr'><strong>Qua:</strong></span> <span class='ocrx_word' id='word_1_12' title='bbox 954 479 1127 533; x_wconf 90' lang='lat' dir='ltr'><strong>omnia</strong></span> <span class='ocrx_word' id='word_1_13' title='bbox 1156 494 1221 532; x_wconf 79' lang='lat' dir='ltr'><strong>ex</strong></span> <span class='ocrx_word' id='word_1_14' title='bbox 1264 478 1355 530; x_wconf 91' lang='lat' dir='ltr'><strong>illo</strong></span> <span class='ocrx_word' id='word_1_15' title='bbox 1390 477 1572 546; x_wconf 93' lang='lat' dir='ltr'><strong>utique</strong></span> <span class='ocrx_word' id='word_1_16' title='bbox 1613 482 2017 540; x_wconf 73' lang='lat' dir='ltr'><strong>connectuntur,</strong></span> 
     </span>
    </p>
   </div>
   <div class='ocr_carea' id='block_1_4' title="bbox 453 555 2020 644">
    <p class='ocr_par' dir='ltr' id='par_1_4' title="bbox 453 555 2020 644">
     <span class='ocr_line' id='line_1_4' title="bbox 453 555 2020 644; baseline -0.006 -18"><span class='ocrx_word' id='word_1_17' title='bbox 453 577 593 644; x_wconf 85' lang='lat' dir='ltr'><strong>quod</strong></span> <span class='ocrx_word' id='word_1_18' title='bbox 618 575 726 627; x_wconf 86' lang='lat' dir='ltr'><strong>ait:</strong></span> <span class='ocrx_word' id='word_1_19' title='bbox 760 591 777 622; x_wconf 74' lang='grc' dir='ltr'>ι</span> <span class='ocrx_word' id='word_1_20' title='bbox 806 572 1011 626; x_wconf 79' lang='lat' dir='ltr'><strong>Utinam</strong></span> <span class='ocrx_word' id='word_1_21' title='bbox 1035 555 1326 638; x_wconf 74' lang='lat' dir='ltr'><strong>dirigantur</strong></span> <span class='ocrx_word' id='word_1_22' title='bbox 1347 567 1444 620; x_wconf 71' lang='lat' dir='ltr'><strong>via:</strong></span> <span class='ocrx_word' id='word_1_23' title='bbox 1473 581 1604 621; x_wconf 74' lang='lat' dir='ltr'><strong>mea:</strong></span> <span class='ocrx_word' id='word_1_24' title='bbox 1624 566 1688 618; x_wconf 89' lang='lat' dir='ltr'><strong>ad</strong></span> <span class='ocrx_word' id='word_1_25' title='bbox 1717 565 2020 619; x_wconf 89' lang='lat' dir='ltr'><strong>custodien-</strong></span> 
     </span>
    </p>
   </div>
   <div class='ocr_carea' id='block_1_5' title="bbox 454 655 2019 722">
    <p class='ocr_par' dir='ltr' id='par_1_5' title="bbox 454 655 2019 722">
     <span class='ocr_line' id='line_1_5' title="bbox 454 655 2019 722; baseline -0.006 -3"><span class='ocrx_word' id='word_1_26' title='bbox 454 669 548 719; x_wconf 83' lang='lat' dir='ltr'><strong>das</strong></span> <span class='ocrx_word' id='word_1_27' title='bbox 599 662 992 722; x_wconf 88' lang='lat' dir='ltr'><strong>iustiﬁcationes</strong></span> <span class='ocrx_word' id='word_1_28' title='bbox 1019 673 1188 714; x_wconf 70' lang='lat' dir='ltr'><strong>tuas:</strong></span> <span class='ocrx_word' id='word_1_29' title='bbox 1223 670 1345 714; x_wconf 91' lang='lat' dir='ltr'><strong>tunc</strong></span> <span class='ocrx_word' id='word_1_30' title='bbox 1394 674 1497 713; x_wconf 92' lang='lat' dir='ltr'><strong>non</strong></span> <span class='ocrx_word' id='word_1_31' title='bbox 1540 657 1849 720; x_wconf 79' lang='lat' dir='ltr'><strong>confundar,</strong></span> <span class='ocrx_word' id='word_1_32' title='bbox 1893 655 2019 709; x_wconf 88' lang='lat' dir='ltr'><strong>dum</strong></span> 
     </span>
    </p>
   </div>
   <div class='ocr_carea' id='block_1_6' title="bbox 459 747 2020 826">
    <p class='ocr_par' dir='ltr' id='par_1_6' title="bbox 459 747 2020 826">
     <span class='ocr_line' id='line_1_6' title="bbox 459 747 2020 826; baseline -0.008 -15"><span class='ocrx_word' id='word_1_33' title='bbox 459 751 678 826; x_wconf 85' lang='lat' dir='ltr'><strong>inspicio</strong></span> <span class='ocrx_word' id='word_1_34' title='bbox 711 757 760 808; x_wconf 91' lang='lat' dir='ltr'><strong>in</strong></span> <span class='ocrx_word' id='word_1_35' title='bbox 787 754 961 806; x_wconf 87' lang='lat' dir='ltr'><strong>omnia</strong></span> <span class='ocrx_word' id='word_1_36' title='bbox 993 753 1234 807; x_wconf 87' lang='lat' dir='ltr'><strong>mandata</strong></span> <span class='ocrx_word' id='word_1_37' title='bbox 1263 762 1382 814; x_wconf 89' lang='lat' dir='ltr'><strong>tua;</strong></span> <span class='ocrx_word' id='word_1_38' title='bbox 1419 770 1436 802; x_wconf 71' lang='grc' dir='ltr'><strong><em>ι</em></strong></span> <span class='ocrx_word' id='word_1_39' title='bbox 1469 758 1523 804; x_wconf 88' lang='lat' dir='ltr'><strong>et</strong></span> <span class='ocrx_word' id='word_1_40' title='bbox 1558 767 1576 800; x_wconf 73' lang='grc' dir='ltr'>ι</span> <span class='ocrx_word' id='word_1_41' title='bbox 1607 749 1899 803; x_wconf 86' lang='lat' dir='ltr'><strong>conﬁtebor</strong></span> <span class='ocrx_word' id='word_1_42' title='bbox 1929 747 2020 800; x_wconf 93' lang='lat' dir='ltr'><strong>tibi</strong></span> 
     </span>
    </p>
   </div>
   <div class='ocr_carea' id='block_1_7' title="bbox 463 829 2046 911">
    <p class='ocr_par' dir='ltr' id='par_1_7' title="bbox 463 829 2046 911">
     <span class='ocr_line' id='line_1_7' title="bbox 463 829 2046 911; baseline -0.008 -10"><span class='ocrx_word' id='word_1_43' title='bbox 463 851 513 902; x_wconf 92' lang='lat' dir='ltr'><strong>in</strong></span> <span class='ocrx_word' id='word_1_44' title='bbox 544 848 833 901; x_wconf 80' lang='lat' dir='ltr'><strong>directione</strong></span> <span class='ocrx_word' id='word_1_45' title='bbox 861 844 1056 905; x_wconf 84' lang='lat' dir='ltr'><strong>cordis,</strong></span> <span class='ocrx_word' id='word_1_46' title='bbox 1092 863 1110 896; x_wconf 76' lang='grc' dir='ltr'><strong>ι</strong></span> <span class='ocrx_word' id='word_1_47' title='bbox 1139 853 1192 898; x_wconf 91' lang='lat' dir='ltr'><strong>ct</strong></span> <span class='ocrx_word' id='word_1_48' title='bbox 1224 829 1670 911; x_wconf 53' lang='lat' dir='ltr'><strong>{justiﬁcationes</strong></span> <span class='ocrx_word' id='word_1_49' title='bbox 1702 849 1817 894; x_wconf 90' lang='lat' dir='ltr'><strong>tuas</strong></span> <span class='ocrx_word' id='word_1_50' title='bbox 1840 849 2046 894; x_wconf 44' lang='lat' dir='ltr'><strong>castor</strong></span> 
     </span>
    </p>
   </div>
   <div class='ocr_carea' id='block_1_8' title="bbox 458 930 2021 1006">
    <p class='ocr_par' dir='ltr' id='par_1_8' title="bbox 458 930 2021 1006">
     <span class='ocr_line' id='line_1_8' title="bbox 458 930 2021 1006; baseline -0.007 -13"><span class='ocrx_word' id='word_1_51' title='bbox 458 940 616 993; x_wconf 87' lang='lat' dir='ltr'><strong>diam.</strong></span> <span class='ocrx_word' id='word_1_52' title='bbox 656 957 673 988; x_wconf 73' lang='grc' dir='ltr'><strong><em>ι</em></strong></span> <span class='ocrx_word' id='word_1_53' title='bbox 709 937 812 992; x_wconf 85' lang='lat' dir='ltr'><strong>Sed</strong></span> <span class='ocrx_word' id='word_1_54' title='bbox 847 935 969 1006; x_wconf 86' lang='lat' dir='ltr'><strong>quid</strong></span> <span class='ocrx_word' id='word_1_55' title='bbox 1007 933 1250 1004; x_wconf 88' lang='lat' dir='ltr'><strong>estquod</strong></span> <span class='ocrx_word' id='word_1_56' title='bbox 1291 930 1563 1001; x_wconf 80' lang='lat' dir='ltr'><strong>sequitur?</strong></span> <span class='ocrx_word' id='word_1_57' title='bbox 1590 930 1672 984; x_wconf 88' lang='lat' dir='ltr'><strong>Ne</strong></span> <span class='ocrx_word' id='word_1_58' title='bbox 1707 930 2021 997; x_wconf 74' lang='lat' dir='ltr'><strong>derelinquas</strong></span> 
     </span>
    </p>
   </div>
   <div class='ocr_carea' id='block_1_9' title="bbox 460 1021 2016 1098">
    <p class='ocr_par' dir='ltr' id='par_1_9' title="bbox 460 1021 2016 1098">
     <span class='ocr_line' id='line_1_9' title="bbox 460 1021 2016 1098; baseline -0.006 -16"><span class='ocrx_word' id='word_1_59' title='bbox 460 1047 537 1082; x_wconf 87' lang='lat' dir='ltr'><strong>me</strong></span> <span class='ocrx_word' id='word_1_60' title='bbox 571 1045 723 1098; x_wconf 85' lang='lat' dir='ltr'><strong>usque</strong></span> <span class='ocrx_word' id='word_1_61' title='bbox 756 1027 934 1089; x_wconf 81' lang='lat' dir='ltr'><strong>valde;</strong></span> <span class='ocrx_word' id='word_1_62' title='bbox 977 1026 1075 1089; x_wconf 89' lang='lat' dir='ltr'><strong>vel,</strong></span> <span class='ocrx_word' id='word_1_63' title='bbox 1107 1026 1242 1080; x_wconf 90' lang='lat' dir='ltr'><strong>sicut</strong></span> <span class='ocrx_word' id='word_1_64' title='bbox 1274 1023 1509 1078; x_wconf 90' lang='lat' dir='ltr'><strong>nonnulli</strong></span> <span class='ocrx_word' id='word_1_65' title='bbox 1549 1023 1760 1076; x_wconf 88' lang='lat' dir='ltr'><strong>codices</strong></span> <span class='ocrx_word' id='word_1_66' title='bbox 1803 1021 2016 1084; x_wconf 89' lang='lat' dir='ltr'><strong>habent,</strong></span> 
     </span>
    </p>
   </div>
   <div class='ocr_carea' id='block_1_10' title="bbox 460 1113 2019 1192">
    <p class='ocr_par' dir='ltr' id='par_1_10' title="bbox 460 1113 2019 1192">
     <span class='ocr_line' id='line_1_10' title="bbox 460 1113 2019 1192; baseline -0.005 -18"><span class='ocrx_word' id='word_1_67' title='bbox 460 1139 614 1192; x_wconf 78' lang='lat' dir='ltr'><strong>usque</strong></span> <span class='ocrx_word' id='word_1_68' title='bbox 637 1122 802 1185; x_wconf 88' lang='lat' dir='ltr'><strong>nimis,</strong></span> <span class='ocrx_word' id='word_1_69' title='bbox 835 1135 931 1189; x_wconf 91' lang='lat' dir='ltr'><strong>pro</strong></span> <span class='ocrx_word' id='word_1_70' title='bbox 958 1134 1022 1172; x_wconf 91' lang='lat' dir='ltr'><strong>eo</strong></span> <span class='ocrx_word' id='word_1_71' title='bbox 1049 1117 1188 1188; x_wconf 87' lang='lat' dir='ltr'><strong>quod</strong></span> <span class='ocrx_word' id='word_1_72' title='bbox 1216 1126 1297 1171; x_wconf 88' lang='lat' dir='ltr'><strong>est</strong></span> <span class='ocrx_word' id='word_1_73' title='bbox 1319 1116 1462 1170; x_wconf 85' lang='lat' dir='ltr'><strong><em>valde</em></strong></span> <span class='ocrx_word' id='word_1_74' title='bbox 1485 1131 1502 1169; x_wconf 88' lang='lat'><strong><em>:</em></strong></span> <span class='ocrx_word' id='word_1_75' title='bbox 1530 1131 1648 1169; x_wconf 89' lang='lat' dir='ltr'><strong>nam</strong></span> <span class='ocrx_word' id='word_1_76' title='bbox 1677 1114 1777 1168; x_wconf 89' lang='lat' dir='ltr'><strong>hoc</strong></span> <span class='ocrx_word' id='word_1_77' title='bbox 1800 1113 2019 1167; x_wconf 84' lang='lat' dir='ltr'><strong>verbum</strong></span> 
     </span>
    </p>
   </div>
   <div class='ocr_carea' id='block_1_11' title="bbox 459 1204 2019 1285">
    <p class='ocr_par' dir='ltr' id='par_1_11' title="bbox 459 1204 2019 1285">
     <span class='ocr_line' id='line_1_11' title="bbox 459 1204 2019 1285; baseline -0.008 -17"><span class='ocrx_word' id='word_1_78' title='bbox 459 1231 688 1285; x_wconf 77' lang='lat' dir='ltr'><strong>graecum</strong></span> <span class='ocrx_word' id='word_1_79' title='bbox 727 1222 807 1267; x_wconf 90' lang='lat' dir='ltr'><strong>est</strong></span> <span class='ocrx_word' id='word_1_80' title='bbox 836 1221 890 1267; x_wconf 92' lang='lat' dir='ltr'><strong>et</strong></span> <span class='ocrx_word' id='word_1_81' title='bbox 917 1210 1001 1265; x_wconf 89' lang='lat' dir='ltr'><strong>hic</strong></span> <span class='ocrx_word' id='word_1_82' title='bbox 1030 1209 1079 1265; x_wconf 91' lang='lat' dir='ltr'><strong>id</strong></span> <span class='ocrx_word' id='word_1_83' title='bbox 1106 1217 1218 1273; x_wconf 88' lang='lat' dir='ltr'><strong>est,</strong></span> <span class='ocrx_word' id='word_1_84' title='bbox 1249 1212 1420 1280; x_wconf 71' lang='grc' dir='ltr'><strong>σφόδρα</strong></span> <span class='ocrx_word' id='word_1_85' title='bbox 1449 1224 1461 1258; x_wconf 89' lang='lat'><strong>:</strong></span> <span class='ocrx_word' id='word_1_86' title='bbox 1489 1205 1638 1276; x_wconf 89' lang='lat' dir='ltr'><strong>quasi</strong></span> <span class='ocrx_word' id='word_1_87' title='bbox 1663 1204 1886 1274; x_wconf 85' lang='lat' dir='ltr'><strong>relinqui</strong></span> <span class='ocrx_word' id='word_1_88' title='bbox 1909 1217 1967 1257; x_wconf 91' lang='lat' dir='ltr'><strong>se</strong></span> <span class='ocrx_word' id='word_1_89' title='bbox 1989 1217 2019 1256; x_wconf 88' lang='lat' dir='ltr'><strong>a</strong></span> 
     </span>
    </p>
   </div>
   <div class='ocr_carea' id='block_1_12' title="bbox 460 1293 2019 1370">
    <p class='ocr_par' dir='ltr' id='par_1_12' title="bbox 460 1293 2019 1370">
     <span class='ocr_line' id='line_1_12' title="bbox 460 1293 2019 1370; baseline -0.01 -10"><span class='ocrx_word' id='word_1_90' title='bbox 460 1307 681 1360; x_wconf 87' lang='lat' dir='ltr'><strong>Domino</strong></span> <span class='ocrx_word' id='word_1_91' title='bbox 711 1304 854 1368; x_wconf 88' lang='lat' dir='ltr'><strong>velit,</strong></span> <span class='ocrx_word' id='word_1_92' title='bbox 896 1302 990 1356; x_wconf 90' lang='lat' dir='ltr'><strong>sed</strong></span> <span class='ocrx_word' id='word_1_93' title='bbox 1020 1316 1125 1356; x_wconf 88' lang='lat' dir='ltr'><strong>non</strong></span> <span class='ocrx_word' id='word_1_94' title='bbox 1170 1316 1324 1370; x_wconf 87' lang='lat' dir='ltr'><strong>usque</strong></span> <span class='ocrx_word' id='word_1_95' title='bbox 1350 1296 1513 1352; x_wconf 80' lang='lat' dir='ltr'><strong>valde.</strong></span> <span class='ocrx_word' id='word_1_96' title='bbox 1554 1296 1723 1350; x_wconf 88' lang='lat' dir='ltr'><strong>Absit.</strong></span> <span class='ocrx_word' id='word_1_97' title='bbox 1767 1295 1870 1350; x_wconf 86' lang='lat' dir='ltr'><strong>Sed</strong></span> <span class='ocrx_word' id='word_1_98' title='bbox 1897 1293 2019 1362; x_wconf 85' lang='lat' dir='ltr'><strong>quia</strong></span> 
     </span>
    </p>
   </div>
   <div class='ocr_carea' id='block_1_13' title="bbox 458 1389 2022 1463">
    <p class='ocr_par' dir='ltr' id='par_1_13' title="bbox 458 1389 2022 1463">
     <span class='ocr_line' id='line_1_13' title="bbox 458 1389 2022 1463; baseline -0.01 -14"><span class='ocrx_word' id='word_1_99' title='bbox 458 1397 742 1463; x_wconf 82' lang='lat' dir='ltr'><strong>reliquerat</strong></span> <span class='ocrx_word' id='word_1_100' title='bbox 777 1395 912 1447; x_wconf 85' lang='lat' dir='ltr'><strong>Deus</strong></span> <span class='ocrx_word' id='word_1_101' title='bbox 939 1391 1192 1446; x_wconf 90' lang='lat' dir='ltr'><strong>mundum</strong></span> <span class='ocrx_word' id='word_1_102' title='bbox 1233 1389 1424 1443; x_wconf 88' lang='lat' dir='ltr'><strong>merito</strong></span> <span class='ocrx_word' id='word_1_103' title='bbox 1455 1395 1821 1455; x_wconf 88' lang='lat' dir='ltr'><strong>peccatorum;</strong></span> <span class='ocrx_word' id='word_1_104' title='bbox 1869 1397 2022 1451; x_wconf 86' lang='lat' dir='ltr'><strong>usque</strong></span> 
     </span>
    </p>
   </div>
   <div class='ocr_carea' id='block_1_14' title="bbox 389 1475 2020 1552">
    <p class='ocr_par' dir='ltr' id='par_1_14' title="bbox 389 1475 2020 1552">
     <span class='ocr_line' id='line_1_14' title="bbox 389 1475 2020 1552; baseline -0.01 -13"><span class='ocrx_word' id='word_1_105' title='bbox 389 1517 392 1522; x_wconf 98' lang='lat'><strong><em>-</em></strong></span> <span class='ocrx_word' id='word_1_106' title='bbox 457 1487 603 1539; x_wconf 87' lang='lat' dir='ltr'><strong>valde</strong></span> <span class='ocrx_word' id='word_1_107' title='bbox 633 1485 774 1538; x_wconf 86' lang='lat' dir='ltr'><strong>illum</strong></span> <span class='ocrx_word' id='word_1_108' title='bbox 800 1482 1118 1552; x_wconf 85' lang='lat' dir='ltr'><strong>reliquisset,</strong></span> <span class='ocrx_word' id='word_1_109' title='bbox 1147 1480 1190 1533; x_wconf 88' lang='lat' dir='ltr'><strong>si</strong></span> <span class='ocrx_word' id='word_1_110' title='bbox 1220 1480 1268 1533; x_wconf 90' lang='lat' dir='ltr'><strong>ei</strong></span> <span class='ocrx_word' id='word_1_111' title='bbox 1311 1492 1408 1532; x_wconf 91' lang='lat' dir='ltr'><strong>nec</strong></span> <span class='ocrx_word' id='word_1_112' title='bbox 1439 1486 1579 1530; x_wconf 86' lang='lat' dir='ltr'><strong>tanta</strong></span> <span class='ocrx_word' id='word_1_113' title='bbox 1608 1475 1862 1528; x_wconf 81' lang='lat' dir='ltr'><strong>medicina</strong></span> <span class='ocrx_word' id='word_1_114' title='bbox 1890 1488 2020 1541; x_wconf 82' lang='lat' dir='ltr'><strong>pro-</strong></span> 
     </span>
    </p>
   </div>
   <div class='ocr_carea' id='block_1_15' title="bbox 457 1566 2020 1644">
    <p class='ocr_par' dir='ltr' id='par_1_15' title="bbox 457 1566 2020 1644">
     <span class='ocr_line' id='line_1_15' title="bbox 457 1566 2020 1644; baseline -0.008 -12"><span class='ocrx_word' id='word_1_115' title='bbox 457 1578 657 1638; x_wconf 78' lang='lat' dir='ltr'><strong>fuisset,</strong></span> <span class='ocrx_word' id='word_1_116' title='bbox 688 1577 788 1630; x_wconf 84' lang='lat' dir='ltr'><strong>hoc</strong></span> <span class='ocrx_word' id='word_1_117' title='bbox 813 1585 891 1628; x_wconf 90' lang='lat' dir='ltr'><strong>est</strong></span> <span class='ocrx_word' id='word_1_118' title='bbox 915 1574 1079 1644; x_wconf 84' lang='lat' dir='ltr'><strong>gratia</strong></span> <span class='ocrx_word' id='word_1_119' title='bbox 1112 1573 1200 1626; x_wconf 88' lang='lat' dir='ltr'><strong>Dei</strong></span> <span class='ocrx_word' id='word_1_120' title='bbox 1226 1587 1318 1640; x_wconf 86' lang='lat' dir='ltr'><strong>per</strong></span> <span class='ocrx_word' id='word_1_121' title='bbox 1337 1569 1515 1626; x_wconf 83' lang='lat' dir='ltr'><strong>Jesum</strong></span> <span class='ocrx_word' id='word_1_122' title='bbox 1541 1567 1804 1623; x_wconf 83' lang='lat' dir='ltr'><strong>Christum</strong></span> <span class='ocrx_word' id='word_1_123' title='bbox 1840 1566 2020 1620; x_wconf 89' lang='lat' dir='ltr'><strong>Domi-</strong></span> 
     </span>
    </p>
   </div>
   <div class='ocr_carea' id='block_1_16' title="bbox 459 1659 2020 1723">
    <p class='ocr_par' dir='ltr' id='par_1_16' title="bbox 459 1659 2020 1723">
     <span class='ocr_line' id='line_1_16' title="bbox 459 1659 2020 1723; baseline -0.006 -1"><span class='ocrx_word' id='word_1_124' title='bbox 459 1685 581 1723; x_wconf 88' lang='lat' dir='ltr'><strong>num</strong></span> <span class='ocrx_word' id='word_1_125' title='bbox 613 1677 846 1721; x_wconf 88' lang='lat' dir='ltr'><strong>nostrum</strong></span> <span class='ocrx_word' id='word_1_126' title='bbox 873 1683 885 1717; x_wconf 88' lang='lat'><strong>:</strong></span> <span class='ocrx_word' id='word_1_127' title='bbox 917 1680 1056 1719; x_wconf 91' lang='lat' dir='ltr'><strong>nunc</strong></span> <span class='ocrx_word' id='word_1_128' title='bbox 1081 1679 1208 1719; x_wconf 88' lang='lat' dir='ltr'><strong>vero</strong></span> <span class='ocrx_word' id='word_1_129' title='bbox 1234 1662 1522 1718; x_wconf 90' lang='lat' dir='ltr'><strong>secundum</strong></span> <span class='ocrx_word' id='word_1_130' title='bbox 1547 1661 1696 1714; x_wconf 77' lang='lat' dir='ltr'><strong>istam</strong></span> <span class='ocrx_word' id='word_1_131' title='bbox 1727 1659 2020 1717; x_wconf 91' lang='lat' dir='ltr'><strong>orationem</strong></span> 
     </span>
    </p>
   </div>
   <div class='ocr_carea' id='block_1_17' title="bbox 455 1749 2021 1828">
    <p class='ocr_par' dir='ltr' id='par_1_17' title="bbox 455 1749 2021 1828">
     <span class='ocr_line' id='line_1_17' title="bbox 455 1749 2021 1828; baseline -0.006 -15"><span class='ocrx_word' id='word_1_132' title='bbox 455 1759 697 1828; x_wconf 90' lang='lat' dir='ltr'><strong>corporis</strong></span> <span class='ocrx_word' id='word_1_133' title='bbox 726 1756 944 1822; x_wconf 87' lang='lat' dir='ltr'><strong>Christi,</strong></span> <span class='ocrx_word' id='word_1_134' title='bbox 972 1771 1075 1810; x_wconf 91' lang='lat' dir='ltr'><strong>non</strong></span> <span class='ocrx_word' id='word_1_135' title='bbox 1113 1770 1232 1809; x_wconf 90' lang='lat' dir='ltr'><strong>eum</strong></span> <span class='ocrx_word' id='word_1_136' title='bbox 1262 1753 1474 1821; x_wconf 88' lang='lat' dir='ltr'><strong>reliquit</strong></span> <span class='ocrx_word' id='word_1_137' title='bbox 1516 1768 1670 1822; x_wconf 84' lang='lat' dir='ltr'><strong>usque</strong></span> <span class='ocrx_word' id='word_1_138' title='bbox 1695 1750 1871 1813; x_wconf 85' lang='lat' dir='ltr'><strong>valde;</strong></span> <span class='ocrx_word' id='word_1_139' title='bbox 1899 1749 2021 1819; x_wconf 88' lang='lat' dir='ltr'><strong>quia</strong></span> 
     </span>
    </p>
   </div>
   <div class='ocr_carea' id='block_1_18' title="bbox 457 1839 2018 1917">
    <p class='ocr_par' dir='ltr' id='par_1_18' title="bbox 457 1839 2018 1917">
     <span class='ocr_line' id='line_1_18' title="bbox 457 1839 2018 1917; baseline -0.008 -13"><span class='ocrx_word' id='word_1_140' title='bbox 457 1849 591 1904; x_wconf 82' lang='lat' dir='ltr'><strong>Deus</strong></span> <span class='ocrx_word' id='word_1_141' title='bbox 612 1858 714 1903; x_wconf 85' lang='lat' dir='ltr'><strong>erat</strong></span> <span class='ocrx_word' id='word_1_142' title='bbox 733 1850 781 1901; x_wconf 90' lang='lat' dir='ltr'><strong>iu</strong></span> <span class='ocrx_word' id='word_1_143' title='bbox 804 1848 1020 1917; x_wconf 67' lang='lat' dir='ltr'><strong>Clu-isto,</strong></span> <span class='ocrx_word' id='word_1_144' title='bbox 1039 1846 1278 1900; x_wconf 82' lang='lat' dir='ltr'><strong>mundum</strong></span> <span class='ocrx_word' id='word_1_145' title='bbox 1297 1843 1622 1897; x_wconf 77' lang='lat' dir='ltr'><strong>reconcilians</strong></span> <span class='ocrx_word' id='word_1_146' title='bbox 1642 1839 1732 1895; x_wconf 83' lang='lat' dir='ltr'><strong>sibi</strong></span> <span class='ocrx_word' id='word_1_147' title='bbox 1750 1840 1815 1910; x_wconf 89' lang='grc'><strong>(11</strong></span> <span class='ocrx_word' id='word_1_148' title='bbox 1834 1839 1950 1895; x_wconf 89' lang='lat' dir='ltr'><strong>Cor.</strong></span> <span class='ocrx_word' id='word_1_149' title='bbox 1965 1855 2018 1904; x_wconf 79' lang='grc' dir='ltr'><strong>ν,</strong></span> 
     </span>
    </p>
   </div>
   <div class='ocr_carea' id='block_1_19' title="bbox 459 1931 2018 2008">
    <p class='ocr_par' dir='ltr' id='par_1_19' title="bbox 459 1931 2018 2008">
     <span class='ocr_line' id='line_1_19' title="bbox 459 1931 2018 2008; baseline -0.008 -14"><span class='ocrx_word' id='word_1_150' title='bbox 459 1941 569 2008; x_wconf 74' lang='grc'><strong>19).</strong></span> <span class='ocrx_word' id='word_1_151' title='bbox 593 1941 769 1992; x_wconf 84' lang='lat' dir='ltr'><strong>Potest</strong></span> <span class='ocrx_word' id='word_1_152' title='bbox 796 1940 894 1991; x_wconf 90' lang='lat' dir='ltr'><strong>hoc</strong></span> <span class='ocrx_word' id='word_1_153' title='bbox 914 1938 1070 1991; x_wconf 88' lang='lat' dir='ltr'><strong>etiam</strong></span> <span class='ocrx_word' id='word_1_154' title='bbox 1099 1937 1172 1989; x_wconf 87' lang='lat' dir='ltr'><strong>sic</strong></span> <span class='ocrx_word' id='word_1_155' title='bbox 1195 1933 1432 2004; x_wconf 79' lang='lat' dir='ltr'><strong>intelligi,</strong></span> <span class='ocrx_word' id='word_1_156' title='bbox 1465 1943 1521 1986; x_wconf 92' lang='lat' dir='ltr'><strong>ut</strong></span> <span class='ocrx_word' id='word_1_157' title='bbox 1551 1932 1666 2000; x_wconf 89' lang='lat' dir='ltr'><strong>ejus</strong></span> <span class='ocrx_word' id='word_1_158' title='bbox 1687 1932 1784 1986; x_wconf 89' lang='lat' dir='ltr'><strong>ista</strong></span> <span class='ocrx_word' id='word_1_159' title='bbox 1810 1931 1876 1984; x_wconf 89' lang='lat' dir='ltr'><strong>sit</strong></span> <span class='ocrx_word' id='word_1_160' title='bbox 1896 1945 2018 1995; x_wconf 82' lang='lat' dir='ltr'><strong>vox,</strong></span> 
     </span>
    </p>
   </div>
   <div class='ocr_carea' id='block_1_20' title="bbox 457 2023 2021 2101">
    <p class='ocr_par' dir='ltr' id='par_1_20' title="bbox 457 2023 2021 2101">
     <span class='ocr_line' id='line_1_20' title="bbox 457 2023 2021 2101; baseline -0.004 -18"><span class='ocrx_word' id='word_1_161' title='bbox 457 2033 543 2101; x_wconf 87' lang='lat' dir='ltr'><strong>qui</strong></span> <span class='ocrx_word' id='word_1_162' title='bbox 574 2048 691 2084; x_wconf 87' lang='lat' dir='ltr'><strong>cum</strong></span> <span class='ocrx_word' id='word_1_163' title='bbox 722 2030 942 2083; x_wconf 81' lang='lat' dir='ltr'><strong>dixisset</strong></span> <span class='ocrx_word' id='word_1_164' title='bbox 973 2030 1022 2081; x_wconf 94' lang='lat' dir='ltr'><strong>in</strong></span> <span class='ocrx_word' id='word_1_165' title='bbox 1051 2025 1365 2082; x_wconf 83' lang='lat' dir='ltr'><strong>abundantia</strong></span> <span class='ocrx_word' id='word_1_166' title='bbox 1411 2040 1524 2085; x_wconf 88' lang='lat' dir='ltr'><strong>sua,</strong></span> <span class='ocrx_word' id='word_1_167' title='bbox 1556 2023 1671 2076; x_wconf 84' lang='lat' dir='ltr'><strong>Non</strong></span> <span class='ocrx_word' id='word_1_168' title='bbox 1709 2023 1935 2076; x_wconf 83' lang='lat' dir='ltr'><strong>movebar</strong></span> <span class='ocrx_word' id='word_1_169' title='bbox 1968 2023 2021 2076; x_wconf 87' lang='lat' dir='ltr'><strong>in</strong></span> 
     </span>
    </p>
   </div>
   <div class='ocr_carea' id='block_1_21' title="bbox 457 2114 2022 2186">
    <p class='ocr_par' dir='ltr' id='par_1_21' title="bbox 457 2114 2022 2186">
     <span class='ocr_line' id='line_1_21' title="bbox 457 2114 2022 2186; baseline -0.006 -8"><span class='ocrx_word' id='word_1_170' title='bbox 457 2135 716 2186; x_wconf 66' lang='lat' dir='ltr'><strong>cateruam,</strong></span> <span class='ocrx_word' id='word_1_171' title='bbox 750 2123 895 2176; x_wconf 82' lang='lat' dir='ltr'><strong>velut</strong></span> <span class='ocrx_word' id='word_1_172' title='bbox 922 2137 1015 2176; x_wconf 90' lang='lat' dir='ltr'><strong>sua</strong></span> <span class='ocrx_word' id='word_1_173' title='bbox 1044 2120 1235 2174; x_wconf 82' lang='lat' dir='ltr'><strong>virtute</strong></span> <span class='ocrx_word' id='word_1_174' title='bbox 1279 2118 1586 2183; x_wconf 88' lang='lat' dir='ltr'><strong>cotdidens;</strong></span> <span class='ocrx_word' id='word_1_175' title='bbox 1635 2127 1694 2170; x_wconf 91' lang='lat' dir='ltr'><strong>ut</strong></span> <span class='ocrx_word' id='word_1_176' title='bbox 1719 2114 2022 2169; x_wconf 88' lang='lat' dir='ltr'><strong>ostenderet</strong></span> 
     </span>
    </p>
   </div>
   <div class='ocr_carea' id='block_1_22' title="bbox 455 2209 2020 2284">
    <p class='ocr_par' dir='ltr' id='par_1_22' title="bbox 455 2209 2020 2284">
     <span class='ocr_line' id='line_1_22' title="bbox 455 2209 2020 2284; baseline -0.007 -13"><span class='ocrx_word' id='word_1_177' title='bbox 455 2216 502 2271; x_wconf 87' lang='lat' dir='ltr'><strong>ei</strong></span> <span class='ocrx_word' id='word_1_178' title='bbox 533 2216 670 2269; x_wconf 87' lang='lat' dir='ltr'><strong>Deus</strong></span> <span class='ocrx_word' id='word_1_179' title='bbox 708 2213 846 2284; x_wconf 86' lang='lat' dir='ltr'><strong>quod</strong></span> <span class='ocrx_word' id='word_1_180' title='bbox 876 2229 978 2266; x_wconf 91' lang='lat' dir='ltr'><strong>non</strong></span> <span class='ocrx_word' id='word_1_181' title='bbox 1011 2213 1197 2266; x_wconf 89' lang='lat' dir='ltr'><strong>merito</strong></span> <span class='ocrx_word' id='word_1_182' title='bbox 1235 2211 1369 2280; x_wconf 88' lang='lat' dir='ltr'><strong>ejus,</strong></span> <span class='ocrx_word' id='word_1_183' title='bbox 1413 2210 1504 2264; x_wconf 89' lang='lat' dir='ltr'><strong>sed</strong></span> <span class='ocrx_word' id='word_1_184' title='bbox 1552 2209 1602 2262; x_wconf 91' lang='lat' dir='ltr'><strong>in</strong></span> <span class='ocrx_word' id='word_1_185' title='bbox 1633 2209 1898 2262; x_wconf 76' lang='lat' dir='ltr'><strong>voluntate</strong></span> <span class='ocrx_word' id='word_1_186' title='bbox 1926 2221 2020 2260; x_wconf 90' lang='lat' dir='ltr'><strong>sua</strong></span> 
     </span>
    </p>
   </div>
   <div class='ocr_carea' id='block_1_23' title="bbox 457 2300 2020 2376">
    <p class='ocr_par' dir='ltr' id='par_1_23' title="bbox 457 2300 2020 2376">
     <span class='ocr_line' id='line_1_23' title="bbox 457 2300 2020 2376; baseline -0.004 -16"><span class='ocrx_word' id='word_1_187' title='bbox 457 2307 772 2376; x_wconf 76' lang='lat' dir='ltr'><strong>praestiterat</strong></span> <span class='ocrx_word' id='word_1_188' title='bbox 796 2305 972 2359; x_wconf 80' lang='lat' dir='ltr'><strong>decori</strong></span> <span class='ocrx_word' id='word_1_189' title='bbox 1001 2305 1116 2371; x_wconf 86' lang='lat' dir='ltr'><strong>ejus</strong></span> <span class='ocrx_word' id='word_1_190' title='bbox 1141 2304 1406 2364; x_wconf 79' lang='lat' dir='ltr'><strong>virtutem,</strong></span> <span class='ocrx_word' id='word_1_191' title='bbox 1434 2301 1626 2355; x_wconf 89' lang='lat' dir='ltr'><strong>avertit</strong></span> <span class='ocrx_word' id='word_1_192' title='bbox 1649 2301 1712 2354; x_wconf 90' lang='lat' dir='ltr'><strong>ab</strong></span> <span class='ocrx_word' id='word_1_193' title='bbox 1743 2315 1807 2354; x_wconf 81' lang='lat' dir='ltr'><strong>eo</strong></span> <span class='ocrx_word' id='word_1_194' title='bbox 1838 2300 2020 2354; x_wconf 78' lang='lat' dir='ltr'><strong>faciem</strong></span> 
     </span>
    </p>
   </div>
   <div class='ocr_carea' id='block_1_24' title="bbox 456 2389 2019 2464">
    <p class='ocr_par' dir='ltr' id='par_1_24' title="bbox 456 2389 2019 2464">
     <span class='ocr_line' id='line_1_24' title="bbox 456 2389 2019 2464; baseline -0.005 -12"><span class='ocrx_word' id='word_1_195' title='bbox 456 2416 626 2459; x_wconf 87' lang='lat' dir='ltr'><strong>suam.</strong></span> <span class='ocrx_word' id='word_1_196' title='bbox 672 2407 724 2452; x_wconf 90' lang='lat' dir='ltr'><strong>et</strong></span> <span class='ocrx_word' id='word_1_197' title='bbox 768 2395 936 2451; x_wconf 81' lang='lat' dir='ltr'><strong>factus</strong></span> <span class='ocrx_word' id='word_1_198' title='bbox 976 2405 1060 2450; x_wconf 87' lang='lat' dir='ltr'><strong>est</strong></span> <span class='ocrx_word' id='word_1_199' title='bbox 1105 2395 1448 2448; x_wconf 85' lang='lat' dir='ltr'><strong>conturbatus</strong></span> <span class='ocrx_word' id='word_1_200' title='bbox 1494 2392 1660 2464; x_wconf 85' lang='lat' dir='ltr'><strong>(Psal.</strong></span> <span class='ocrx_word' id='word_1_201' title='bbox 1689 2408 1832 2454; x_wconf 75' lang='lat' dir='ltr'><strong>xxix,</strong></span> <span class='ocrx_word' id='word_1_202' title='bbox 1866 2389 2019 2460; x_wconf 87' lang='lat'><strong>7,8).</strong></span> 
     </span>
    </p>
   </div>
   <div class='ocr_carea' id='block_1_25' title="bbox 458 2474 2024 2558">
    <p class='ocr_par' dir='ltr' id='par_1_25' title="bbox 458 2474 2024 2558">
     <span class='ocr_line' id='line_1_25' title="bbox 458 2474 2024 2558; baseline -0.005 -15"><span class='ocrx_word' id='word_1_203' title='bbox 458 2490 737 2545; x_wconf 68' lang='lat' dir='ltr'><strong>Invenietis</strong></span> <span class='ocrx_word' id='word_1_204' title='bbox 777 2505 903 2558; x_wconf 84' lang='lat' dir='ltr'><strong>ergo</strong></span> <span class='ocrx_word' id='word_1_205' title='bbox 940 2503 1018 2551; x_wconf 90' lang='lat' dir='ltr'><strong>se,</strong></span> <span class='ocrx_word' id='word_1_206' title='bbox 1068 2474 1165 2542; x_wconf 82' lang='lat' dir='ltr'><strong>nec</strong></span> <span class='ocrx_word' id='word_1_207' title='bbox 1187 2487 1295 2556; x_wconf 85' lang='lat' dir='ltr'><strong>jam</strong></span> <span class='ocrx_word' id='word_1_208' title='bbox 1326 2499 1651 2555; x_wconf 75' lang='lat' dir='ltr'><strong>przcsumens</strong></span> <span class='ocrx_word' id='word_1_209' title='bbox 1694 2487 1759 2539; x_wconf 87' lang='lat' dir='ltr'><strong>de</strong></span> <span class='ocrx_word' id='word_1_210' title='bbox 1805 2499 1880 2546; x_wconf 87' lang='lat' dir='ltr'><strong>se,</strong></span> <span class='ocrx_word' id='word_1_211' title='bbox 1923 2483 2024 2538; x_wconf 87' lang='lat' dir='ltr'><strong>cla-</strong></span> 
     </span>
    </p>
   </div>
   <div class='ocr_carea' id='block_1_26' title="bbox 457 2565 2024 2651">
    <p class='ocr_par' dir='ltr' id='par_1_26' title="bbox 457 2565 2024 2651">
     <span class='ocr_line' id='line_1_26' title="bbox 457 2565 2024 2651; baseline -0.005 -14"><span class='ocrx_word' id='word_1_212' title='bbox 457 2565 582 2646; x_wconf 78' lang='lat' dir='ltr'><strong>mat,</strong></span> <span class='ocrx_word' id='word_1_213' title='bbox 622 2581 703 2635; x_wconf 88' lang='lat' dir='ltr'><strong>Ne</strong></span> <span class='ocrx_word' id='word_1_214' title='bbox 728 2581 1040 2651; x_wconf 72' lang='lat' dir='ltr'><strong>derelinquas</strong></span> <span class='ocrx_word' id='word_1_215' title='bbox 1084 2596 1161 2632; x_wconf 85' lang='lat' dir='ltr'><strong>me</strong></span> <span class='ocrx_word' id='word_1_216' title='bbox 1193 2595 1344 2646; x_wconf 79' lang='lat' dir='ltr'><strong>usque</strong></span> <span class='ocrx_word' id='word_1_217' title='bbox 1385 2578 1546 2631; x_wconf 83' lang='lat' dir='ltr'><strong>valde.</strong></span> <span class='ocrx_word' id='word_1_218' title='bbox 1578 2577 1634 2631; x_wconf 88' lang='lat' dir='ltr'><strong>Si</strong></span> <span class='ocrx_word' id='word_1_219' title='bbox 1663 2577 1802 2631; x_wconf 88' lang='lat' dir='ltr'><strong>enim</strong></span> <span class='ocrx_word' id='word_1_220' title='bbox 1833 2576 2024 2631; x_wconf 73' lang='lat' dir='ltr'><strong>dereli-</strong></span> 
     </span>
    </p>
   </div>
   <div class='ocr_carea' id='block_1_27' title="bbox 456 2667 2022 2742">
    <p class='ocr_par' dir='ltr' id='par_1_27' title="bbox 456 2667 2022 2742">
     <span class='ocr_line' id='line_1_27' title="bbox 456 2667 2022 2742; baseline -0.002 -18"><span class='ocrx_word' id='word_1_221' title='bbox 456 2673 636 2742; x_wconf 85' lang='lat' dir='ltr'><strong>quisti,</strong></span> <span class='ocrx_word' id='word_1_222' title='bbox 678 2682 732 2723; x_wconf 90' lang='lat' dir='ltr'><strong>ut</strong></span> <span class='ocrx_word' id='word_1_223' title='bbox 757 2671 873 2724; x_wconf 90' lang='lat' dir='ltr'><strong>sine</strong></span> <span class='ocrx_word' id='word_1_224' title='bbox 900 2670 1166 2738; x_wconf 89' lang='lat' dir='ltr'><strong>adjutorio</strong></span> <span class='ocrx_word' id='word_1_225' title='bbox 1207 2679 1295 2722; x_wconf 90' lang='lat' dir='ltr'><strong>tuo</strong></span> <span class='ocrx_word' id='word_1_226' title='bbox 1321 2668 1560 2723; x_wconf 91' lang='lat' dir='ltr'><strong>inﬁrmus</strong></span> <span class='ocrx_word' id='word_1_227' title='bbox 1586 2682 1888 2737; x_wconf 86' lang='lat' dir='ltr'><strong>appaream,</strong></span> <span class='ocrx_word' id='word_1_228' title='bbox 1914 2667 2022 2721; x_wconf 92' lang='lat' dir='ltr'><strong>noli</strong></span> 
     </span>
    </p>
   </div>
   <div class='ocr_carea' id='block_1_28' title="bbox 440 2759 2023 2836">
    <p class='ocr_par' dir='ltr' id='par_1_28' title="bbox 440 2759 2023 2836">
     <span class='ocr_line' id='line_1_28' title="bbox 440 2759 2023 2836; baseline -0.003 -21"><span class='ocrx_word' id='word_1_229' title='bbox 440 2780 612 2836; x_wconf 72' lang='lat' dir='ltr'><strong>&#39;usque</strong></span> <span class='ocrx_word' id='word_1_230' title='bbox 646 2762 808 2828; x_wconf 82' lang='lat' dir='ltr'><strong>valde,</strong></span> <span class='ocrx_word' id='word_1_231' title='bbox 843 2777 908 2816; x_wconf 88' lang='lat' dir='ltr'><strong>ne</strong></span> <span class='ocrx_word' id='word_1_232' title='bbox 938 2776 1170 2830; x_wconf 81' lang='lat' dir='ltr'><strong>peream.</strong></span> <span class='ocrx_word' id='word_1_233' title='bbox 1211 2759 1291 2813; x_wconf 90' lang='lat' dir='ltr'><strong>Tu</strong></span> <span class='ocrx_word' id='word_1_234' title='bbox 1313 2774 1441 2830; x_wconf 85' lang='lat' dir='ltr'><strong>ergo</strong></span> <span class='ocrx_word' id='word_1_235' title='bbox 1479 2760 1759 2830; x_wconf 80' lang='lat' dir='ltr'><strong>prwcepisti</strong></span> <span class='ocrx_word' id='word_1_236' title='bbox 1785 2759 2023 2811; x_wconf 86' lang='lat' dir='ltr'><strong>mandata</strong></span> 
     </span>
    </p>
   </div>
   <div class='ocr_carea' id='block_1_29' title="bbox 458 2851 2024 2921">
    <p class='ocr_par' dir='ltr' id='par_1_29' title="bbox 458 2851 2024 2921">
     <span class='ocr_line' id='line_1_29' title="bbox 458 2851 2024 2921; baseline -0.002 -13"><span class='ocrx_word' id='word_1_237' title='bbox 458 2867 542 2908; x_wconf 82' lang='lat' dir='ltr'><strong>tua</strong></span> <span class='ocrx_word' id='word_1_238' title='bbox 567 2854 806 2907; x_wconf 73' lang='lat' dir='ltr'><strong>custodiri</strong></span> <span class='ocrx_word' id='word_1_239' title='bbox 847 2853 1034 2907; x_wconf 86' lang='lat' dir='ltr'><strong>nimis:</strong></span> <span class='ocrx_word' id='word_1_240' title='bbox 1057 2851 1165 2921; x_wconf 88' lang='lat' dir='ltr'><strong>jam</strong></span> <span class='ocrx_word' id='word_1_241' title='bbox 1203 2851 1270 2906; x_wconf 88' lang='lat' dir='ltr'><strong>de</strong></span> <span class='ocrx_word' id='word_1_242' title='bbox 1309 2851 1602 2920; x_wconf 78' lang='lat' dir='ltr'><strong>ignorantia</strong></span> <span class='ocrx_word' id='word_1_243' title='bbox 1645 2866 1728 2906; x_wconf 90' lang='lat' dir='ltr'><strong>me</strong></span> <span class='ocrx_word' id='word_1_244' title='bbox 1768 2865 2024 2906; x_wconf 78' lang='lat' dir='ltr'><strong>excusare</strong></span> 
     </span>
    </p>
   </div>
   <div class='ocr_carea' id='block_1_30' title="bbox 458 2941 2020 3015">
    <p class='ocr_par' dir='ltr' id='par_1_30' title="bbox 458 2941 2020 3015">
     <span class='ocr_line' id='line_1_30' title="bbox 458 2941 2020 3015; baseline -0.002 -17"><span class='ocrx_word' id='word_1_245' title='bbox 458 2963 560 2998; x_wconf 90' lang='lat' dir='ltr'><strong>non</strong></span> <span class='ocrx_word' id='word_1_246' title='bbox 592 2960 854 3015; x_wconf 58' lang='lat' dir='ltr'><strong>possunt;</strong></span> <span class='ocrx_word' id='word_1_247' title='bbox 887 2943 978 2997; x_wconf 84' lang='lat' dir='ltr'><strong>sed</strong></span> <span class='ocrx_word' id='word_1_248' title='bbox 1024 2942 1271 3013; x_wconf 89' lang='lat' dir='ltr'><strong>quoniam</strong></span> <span class='ocrx_word' id='word_1_249' title='bbox 1314 2941 1729 3003; x_wconf 87' lang='lat' dir='ltr'><strong>inﬁrmus-sum,</strong></span> <span class='ocrx_word' id='word_1_250' title='bbox 1769 2959 1788 2992; x_wconf 69' lang='grc' dir='ltr'><strong>ς</strong></span> <span class='ocrx_word' id='word_1_251' title='bbox 1823 2942 2020 3014; x_wconf 85' lang='lat' dir='ltr'><strong>utinam</strong></span> 
     </span>
    </p>
   </div>
   <div class='ocr_carea' id='block_1_31' title="bbox 459 3034 2024 3107">
    <p class='ocr_par' dir='ltr' id='par_1_31' title="bbox 459 3034 2024 3107">
     <span class='ocr_line' id='line_1_31' title="bbox 459 3034 2024 3107; baseline 0 -16"><span class='ocrx_word' id='word_1_252' title='bbox 459 3039 753 3107; x_wconf 78' lang='lat' dir='ltr'><strong>dirigantur</strong></span> <span class='ocrx_word' id='word_1_253' title='bbox 793 3038 888 3090; x_wconf 84' lang='lat' dir='ltr'><strong>viae</strong></span> <span class='ocrx_word' id='word_1_254' title='bbox 934 3035 1178 3090; x_wconf 70' lang='lat' dir='ltr'><strong>mcm.ad</strong></span> <span class='ocrx_word' id='word_1_255' title='bbox 1228 3034 1604 3090; x_wconf 91' lang='lat' dir='ltr'><strong>custodiendas</strong></span> <span class='ocrx_word' id='word_1_256' title='bbox 1623 3035 2024 3105; x_wconf 75' lang='lat' dir='ltr'><strong>iustiﬁcationes</strong></span> 
     </span>
    </p>
   </div>
   <div class='ocr_carea' id='block_1_32' title="bbox 459 3127 2024 3195">
    <p class='ocr_par' dir='ltr' id='par_1_32' title="bbox 459 3127 2024 3195">
     <span class='ocr_line' id='line_1_32' title="bbox 459 3127 2024 3195; baseline -0.001 -11"><span class='ocrx_word' id='word_1_257' title='bbox 459 3141 592 3184; x_wconf 83' lang='lat' dir='ltr'><strong>tuas.</strong></span> <span class='ocrx_word' id='word_1_258' title='bbox 626 3129 773 3184; x_wconf 88' lang='lat' dir='ltr'><strong>Tunc</strong></span> <span class='ocrx_word' id='word_1_259' title='bbox 822 3144 925 3182; x_wconf 93' lang='lat' dir='ltr'><strong>non</strong></span> <span class='ocrx_word' id='word_1_260' title='bbox 969 3127 1283 3192; x_wconf 75' lang='lat' dir='ltr'><strong>confundar,</strong></span> <span class='ocrx_word' id='word_1_261' title='bbox 1311 3127 1436 3181; x_wconf 88' lang='lat' dir='ltr'><strong>dum</strong></span> <span class='ocrx_word' id='word_1_262' title='bbox 1484 3127 1704 3195; x_wconf 87' lang='lat' dir='ltr'><strong>inspicio</strong></span> <span class='ocrx_word' id='word_1_263' title='bbox 1748 3128 1800 3180; x_wconf 93' lang='lat' dir='ltr'><strong>in</strong></span> <span class='ocrx_word' id='word_1_264' title='bbox 1847 3128 2024 3182; x_wconf 90' lang='lat' dir='ltr'><strong>omnia</strong></span> 
     </span>
    </p>
   </div>
   <div class='ocr_carea' id='block_1_33' title="bbox 458 3215 2026 3284">
    <p class='ocr_par' dir='ltr' id='par_1_33' title="bbox 458 3215 2026 3284">
     <span class='ocr_line' id='line_1_33' title="bbox 458 3215 2026 3284; baseline -0.002 -10"><span class='ocrx_word' id='word_1_265' title='bbox 458 3219 701 3274; x_wconf 86' lang='lat' dir='ltr'><strong>mandata</strong></span> <span class='ocrx_word' id='word_1_266' title='bbox 735 3228 855 3284; x_wconf 87' lang='lat' dir='ltr'><strong>tua;</strong></span> <span class='ocrx_word' id='word_1_267' title='bbox 891 3236 910 3270; x_wconf 67' lang='grc' dir='ltr'><strong>ι</strong></span> <span class='ocrx_word' id='word_1_268' title='bbox 968 3227 1092 3272; x_wconf 92' lang='lat' dir='ltr'><strong>tunc</strong></span> <span class='ocrx_word' id='word_1_269' title='bbox 1141 3236 1158 3268; x_wconf 77' lang='grc' dir='ltr'>ι</span> <span class='ocrx_word' id='word_1_270' title='bbox 1189 3217 1481 3272; x_wconf 87' lang='lat' dir='ltr'><strong>conﬁtebor</strong></span> <span class='ocrx_word' id='word_1_271' title='bbox 1517 3217 1608 3272; x_wconf 87' lang='lat' dir='ltr'><strong>tibi</strong></span> <span class='ocrx_word' id='word_1_272' title='bbox 1657 3217 1708 3271; x_wconf 91' lang='lat' dir='ltr'><strong>in</strong></span> <span class='ocrx_word' id='word_1_273' title='bbox 1739 3215 2026 3272; x_wconf 82' lang='lat' dir='ltr'><strong>dircCtione</strong></span> 
     </span>
    </p>
   </div>
   <div class='ocr_carea' id='block_1_34' title="bbox 459 3305 2020 3377">
    <p class='ocr_par' dir='ltr' id='par_1_34' title="bbox 459 3305 2020 3377">
     <span class='ocr_line' id='line_1_34' title="bbox 459 3305 2020 3377; baseline -0.003 -14"><span class='ocrx_word' id='word_1_274' title='bbox 459 3309 655 3372; x_wconf 83' lang='lat' dir='ltr'><strong>cordis,</strong></span> <span class='ocrx_word' id='word_1_275' title='bbox 688 3309 739 3362; x_wconf 89' lang='lat' dir='ltr'><strong>iu</strong></span> <span class='ocrx_word' id='word_1_276' title='bbox 770 3323 834 3362; x_wconf 91' lang='lat' dir='ltr'><strong>eo</strong></span> <span class='ocrx_word' id='word_1_277' title='bbox 875 3306 1015 3377; x_wconf 92' lang='lat' dir='ltr'><strong>quod</strong></span> <span class='ocrx_word' id='word_1_278' title='bbox 1045 3307 1318 3362; x_wconf 88' lang='lat' dir='ltr'><strong>didicerim</strong></span> <span class='ocrx_word' id='word_1_279' title='bbox 1345 3305 1542 3375; x_wconf 85' lang='lat' dir='ltr'><strong>judicia</strong></span> <span class='ocrx_word' id='word_1_280' title='bbox 1563 3306 1782 3376; x_wconf 73' lang='lat' dir='ltr'><strong>justitite</strong></span> <span class='ocrx_word' id='word_1_281' title='bbox 1829 3314 1930 3360; x_wconf 67' lang='lat' dir='ltr'><strong>tua:</strong></span> <span class='ocrx_word' id='word_1_282' title='bbox 1956 3323 1969 3368; x_wconf 90' lang='lat'><strong>;</strong></span> <span class='ocrx_word' id='word_1_283' title='bbox 2001 3325 2020 3359; x_wconf 74' lang='grc' dir='ltr'><strong><em>ι</em></strong></span> 
     </span>
    </p>
   </div>
   <div class='ocr_carea' id='block_1_35' title="bbox 463 3397 2027 3468">
    <p class='ocr_par' dir='ltr' id='par_1_35' title="bbox 463 3397 2027 3468">
     <span class='ocr_line' id='line_1_35' title="bbox 463 3397 2027 3468; baseline 0.001 -16"><span class='ocrx_word' id='word_1_284' title='bbox 463 3410 586 3453; x_wconf 88' lang='lat' dir='ltr'><strong>tunc</strong></span> <span class='ocrx_word' id='word_1_285' title='bbox 620 3417 637 3450; x_wconf 76' lang='grc' dir='ltr'><strong><em>ι</em></strong></span> <span class='ocrx_word' id='word_1_286' title='bbox 666 3398 1068 3468; x_wconf 83' lang='lat' dir='ltr'><strong>justiﬁcationes</strong></span> <span class='ocrx_word' id='word_1_287' title='bbox 1109 3408 1224 3452; x_wconf 91' lang='lat' dir='ltr'><strong>tuas</strong></span> <span class='ocrx_word' id='word_1_288' title='bbox 1252 3397 1544 3453; x_wconf 83' lang='lat' dir='ltr'><strong>custodiam</strong></span> <span class='ocrx_word' id='word_1_289' title='bbox 1576 3416 1589 3452; x_wconf 92' lang='lat'><strong>:</strong></span> <span class='ocrx_word' id='word_1_290' title='bbox 1630 3418 1649 3450; x_wconf 75' lang='grc' dir='ltr'><strong><em>ι</em></strong></span> <span class='ocrx_word' id='word_1_291' title='bbox 1681 3408 1736 3453; x_wconf 89' lang='lat' dir='ltr'><strong>et</strong></span> <span class='ocrx_word' id='word_1_292' title='bbox 1763 3399 1807 3452; x_wconf 87' lang='lat' dir='ltr'><strong>si</strong></span> <span class='ocrx_word' id='word_1_293' title='bbox 1836 3397 2027 3454; x_wconf 87' lang='lat' dir='ltr'><strong>dereli-</strong></span> 
     </span>
    </p>
   </div>
   <div class='ocr_carea' id='block_1_36' title="bbox 462 3489 2028 3562">
    <p class='ocr_par' dir='ltr' id='par_1_36' title="bbox 462 3489 2028 3562">
     <span class='ocr_line' id='line_1_36' title="bbox 462 3489 2028 3562; baseline 0.001 -19"><span class='ocrx_word' id='word_1_294' title='bbox 462 3491 621 3562; x_wconf 90' lang='lat' dir='ltr'><strong>quisti</strong></span> <span class='ocrx_word' id='word_1_295' title='bbox 652 3506 758 3558; x_wconf 92' lang='lat' dir='ltr'><strong>mc,</strong></span> <span class='ocrx_word' id='word_1_296' title='bbox 807 3506 871 3545; x_wconf 92' lang='lat' dir='ltr'><strong>ne</strong></span> <span class='ocrx_word' id='word_1_297' title='bbox 898 3491 1152 3560; x_wconf 79' lang='lat' dir='ltr'><strong>gloriarer</strong></span> <span class='ocrx_word' id='word_1_298' title='bbox 1183 3491 1232 3544; x_wconf 94' lang='lat' dir='ltr'><strong>in</strong></span> <span class='ocrx_word' id='word_1_299' title='bbox 1263 3505 1367 3556; x_wconf 91' lang='lat' dir='ltr'><strong>me,</strong></span> <span class='ocrx_word' id='word_1_300' title='bbox 1399 3490 1508 3544; x_wconf 89' lang='lat' dir='ltr'><strong>noli</strong></span> <span class='ocrx_word' id='word_1_301' title='bbox 1552 3504 1718 3562; x_wconf 87' lang='lat' dir='ltr'><strong>usque</strong></span> <span class='ocrx_word' id='word_1_302' title='bbox 1759 3489 1929 3558; x_wconf 85' lang='lat' dir='ltr'><strong>valde,</strong></span> <span class='ocrx_word' id='word_1_303' title='bbox 1973 3499 2028 3545; x_wconf 88' lang='lat' dir='ltr'><strong>et</strong></span> 
     </span>
    </p>
   </div>
   <div class='ocr_carea' id='block_1_37' title="bbox 461 3581 1443 3654">
    <p class='ocr_par' dir='ltr' id='par_1_37' title="bbox 461 3581 1443 3654">
     <span class='ocr_line' id='line_1_37' title="bbox 461 3581 1443 3654; baseline -0.003 -16"><span class='ocrx_word' id='word_1_304' title='bbox 461 3583 774 3654; x_wconf 80' lang='lat' dir='ltr'><strong>iustiﬁcatus</strong></span> <span class='ocrx_word' id='word_1_305' title='bbox 802 3582 896 3638; x_wconf 90' lang='lat' dir='ltr'><strong>abs</strong></span> <span class='ocrx_word' id='word_1_306' title='bbox 927 3592 976 3636; x_wconf 86' lang='lat' dir='ltr'><strong>te</strong></span> <span class='ocrx_word' id='word_1_307' title='bbox 999 3581 1262 3652; x_wconf 75' lang='lat' dir='ltr'><strong>gloriabor</strong></span> <span class='ocrx_word' id='word_1_308' title='bbox 1289 3581 1341 3636; x_wconf 90' lang='lat' dir='ltr'><strong>in</strong></span> <span class='ocrx_word' id='word_1_309' title='bbox 1373 3589 1443 3636; x_wconf 91' lang='lat' dir='ltr'><strong>te.</strong></span> 
     </span>
    </p>
   </div>
   <div class='ocr_carea' id='block_1_38' title="bbox 1117 3726 1379 3768">
    <p class='ocr_par' dir='ltr' id='par_1_38' title="bbox 1117 3726 1379 3768">
     <span class='ocr_line' id='line_1_38' title="bbox 1117 3726 1379 3768; baseline 0 0"><span class='ocrx_word' id='word_1_310' title='bbox 1117 3726 1286 3768; x_wconf 70' lang='lat' dir='ltr'><strong>SERIO</strong></span> <span class='ocrx_word' id='word_1_311' title='bbox 1325 3727 1379 3768; x_wconf 71' lang='grc' dir='ltr'><strong>ν.</strong></span> 
     </span>
    </p>
   </div>
   <div class='ocr_carea' id='block_1_39' title="bbox 535 3843 2030 3920">
    <p class='ocr_par' dir='ltr' id='par_1_39' title="bbox 535 3843 2030 3920">
     <span class='ocr_line' id='line_1_39' title="bbox 535 3843 2030 3920; baseline -0.002 -18"><span class='ocrx_word' id='word_1_312' title='bbox 535 3849 586 3902; x_wconf 82' lang='grc'><strong>1.</strong></span> <span class='ocrx_word' id='word_1_313' title='bbox 629 3845 776 3920; x_wconf 86' lang='lat' dir='ltr'><strong>[vers.</strong></span> <span class='ocrx_word' id='word_1_314' title='bbox 804 3843 881 3918; x_wconf 90' lang='lat'><strong>9.]</strong></span> <span class='ocrx_word' id='word_1_315' title='bbox 923 3845 1028 3900; x_wconf 82' lang='lat' dir='ltr'><strong>Hos</strong></span> <span class='ocrx_word' id='word_1_316' title='bbox 1063 3859 1267 3909; x_wconf 85' lang='lat' dir='ltr'><strong>versus,</strong></span> <span class='ocrx_word' id='word_1_317' title='bbox 1307 3843 1624 3910; x_wconf 89' lang='lat' dir='ltr'><strong>cbarissimi,</strong></span> <span class='ocrx_word' id='word_1_318' title='bbox 1658 3844 1760 3899; x_wconf 92' lang='lat' dir='ltr'><strong>isto</strong></span> <span class='ocrx_word' id='word_1_319' title='bbox 1787 3843 2030 3899; x_wconf 88' lang='lat' dir='ltr'><strong>conside-</strong></span> 
     </span>
    </p>
   </div>
   <div class='ocr_carea' id='block_1_40' title="bbox 467 3920 2030 4006">
    <p class='ocr_par' dir='ltr' id='par_1_40' title="bbox 467 3920 2030 4006">
     <span class='ocr_line' id='line_1_40' title="bbox 467 3920 2030 4006; baseline -0.003 -13"><span class='ocrx_word' id='word_1_320' title='bbox 467 3920 646 3993; x_wconf 87' lang='lat' dir='ltr'><strong>remus</strong></span> <span class='ocrx_word' id='word_1_321' title='bbox 672 3937 722 3990; x_wconf 89' lang='lat' dir='ltr'><strong>in</strong></span> <span class='ocrx_word' id='word_1_322' title='bbox 752 3937 974 4006; x_wconf 69' lang='lat' dir='ltr'><strong>psalmo,</strong></span> <span class='ocrx_word' id='word_1_323' title='bbox 992 3944 1044 3990; x_wconf 89' lang='lat' dir='ltr'><strong>et</strong></span> <span class='ocrx_word' id='word_1_324' title='bbox 1064 3936 1200 3990; x_wconf 90' lang='lat' dir='ltr'><strong>sicut</strong></span> <span class='ocrx_word' id='word_1_325' title='bbox 1230 3935 1486 3989; x_wconf 91' lang='lat' dir='ltr'><strong>Dominus</strong></span> <span class='ocrx_word' id='word_1_326' title='bbox 1511 3934 1692 3999; x_wconf 89' lang='lat' dir='ltr'><strong>donat,</strong></span> <span class='ocrx_word' id='word_1_327' title='bbox 1715 3935 1831 4003; x_wconf 84' lang='lat' dir='ltr'><strong>ejus</strong></span> <span class='ocrx_word' id='word_1_328' title='bbox 1855 3949 2030 3989; x_wconf 86' lang='lat' dir='ltr'><strong>sacras</strong></span> 
     </span>
    </p>
   </div>
   <div class='ocr_carea' id='block_1_41' title="bbox 465 4021 2028 4098">
    <p class='ocr_par' dir='ltr' id='par_1_41' title="bbox 465 4021 2028 4098">
     <span class='ocr_line' id='line_1_41' title="bbox 465 4021 2028 4098; baseline -0.002 -15"><span class='ocrx_word' id='word_1_329' title='bbox 465 4021 690 4084; x_wconf 83' lang='lat' dir='ltr'><strong>Litteras</strong></span> <span class='ocrx_word' id='word_1_330' title='bbox 734 4038 1123 4097; x_wconf 76' lang='lat' dir='ltr'><strong>perscrutemur</strong></span> <span class='ocrx_word' id='word_1_331' title='bbox 1155 4046 1168 4081; x_wconf 93' lang='lat'><strong>:</strong></span> <span class='ocrx_word' id='word_1_332' title='bbox 1206 4026 1272 4081; x_wconf 83' lang='lat' dir='ltr'><strong>lu</strong></span> <span class='ocrx_word' id='word_1_333' title='bbox 1317 4044 1413 4097; x_wconf 80' lang='lat' dir='ltr'><strong>quo</strong></span> <span class='ocrx_word' id='word_1_334' title='bbox 1452 4029 1651 4098; x_wconf 84' lang='lat' dir='ltr'><strong>corrigit</strong></span> <span class='ocrx_word' id='word_1_335' title='bbox 1683 4029 1859 4098; x_wconf 87' lang='lat' dir='ltr'><strong>junior</strong></span> <span class='ocrx_word' id='word_1_336' title='bbox 1901 4028 2028 4080; x_wconf 84' lang='lat' dir='ltr'><strong>vium</strong></span> 
     </span>
    </p>
   </div>
   <div class='ocr_carea' id='block_1_42' title="bbox 466 4117 2031 4189">
    <p class='ocr_par' dir='ltr' id='par_1_42' title="bbox 466 4117 2031 4189">
     <span class='ocr_line' id='line_1_42' title="bbox 466 4117 2031 4189; baseline 0 -15"><span class='ocrx_word' id='word_1_337' title='bbox 466 4122 652 4189; x_wconf 79' lang='lat' dir='ltr'><strong>suam?</strong></span> <span class='ocrx_word' id='word_1_338' title='bbox 677 4119 741 4174; x_wconf 69' lang='lat' dir='ltr'><strong>In</strong></span> <span class='ocrx_word' id='word_1_339' title='bbox 769 4120 1090 4173; x_wconf 83' lang='lat' dir='ltr'><strong>custodiendo</strong></span> <span class='ocrx_word' id='word_1_340' title='bbox 1120 4120 1266 4173; x_wconf 86' lang='lat' dir='ltr'><strong>verba</strong></span> <span class='ocrx_word' id='word_1_341' title='bbox 1305 4130 1410 4172; x_wconf 88' lang='lat' dir='ltr'><strong>tua.</strong></span> <span class='ocrx_word' id='word_1_342' title='bbox 1448 4117 1740 4188; x_wconf 81' lang='lat' dir='ltr'><strong>lnterrogat</strong></span> <span class='ocrx_word' id='word_1_343' title='bbox 1766 4135 1845 4186; x_wconf 88' lang='lat' dir='ltr'><strong>se,</strong></span> <span class='ocrx_word' id='word_1_344' title='bbox 1871 4128 1924 4173; x_wconf 90' lang='lat' dir='ltr'><strong>et</strong></span> <span class='ocrx_word' id='word_1_345' title='bbox 1947 4134 2031 4174; x_wconf 81' lang='lat' dir='ltr'><strong>r6-</strong></span> 
     </span>
    </p>
   </div>
   <div class='ocr_carea' id='block_1_43' title="bbox 466 4203 2032 4281">
    <p class='ocr_par' dir='ltr' id='par_1_43' title="bbox 466 4203 2032 4281">
     <span class='ocr_line' id='line_1_43' title="bbox 466 4203 2032 4281; baseline -0.001 -15"><span class='ocrx_word' id='word_1_346' title='bbox 466 4213 691 4280; x_wconf 74' lang='lat' dir='ltr'><strong>Spondet</strong></span> <span class='ocrx_word' id='word_1_347' title='bbox 731 4203 849 4265; x_wconf 78' lang='lat' dir='ltr'><strong>sibi.</strong></span> <span class='ocrx_word' id='word_1_348' title='bbox 896 4209 959 4264; x_wconf 82' lang='lat' dir='ltr'><strong>In</strong></span> <span class='ocrx_word' id='word_1_349' title='bbox 993 4228 1088 4279; x_wconf 89' lang='lat' dir='ltr'><strong>quo</strong></span> <span class='ocrx_word' id='word_1_350' title='bbox 1119 4211 1322 4281; x_wconf 83' lang='lat' dir='ltr'><strong>corrigit</strong></span> <span class='ocrx_word' id='word_1_351' title='bbox 1347 4211 1525 4279; x_wconf 87' lang='lat' dir='ltr'><strong>junior</strong></span> <span class='ocrx_word' id='word_1_352' title='bbox 1558 4211 1686 4263; x_wconf 87' lang='lat' dir='ltr'><strong>viam</strong></span> <span class='ocrx_word' id='word_1_353' title='bbox 1714 4227 1858 4264; x_wconf 86' lang='lat' dir='ltr'><strong>suam</strong></span> <span class='ocrx_word' id='word_1_354' title='bbox 1875 4211 1898 4263; x_wconf 69' lang='grc' dir='ltr'><strong>ξ)</strong></span> <span class='ocrx_word' id='word_1_355' title='bbox 1931 4211 2032 4264; x_wconf 93' lang='lat' dir='ltr'><strong>huc</strong></span> 
     </span>
    </p>
   </div>
   <div class='ocr_carea' id='block_1_44' title="bbox 471 4299 2030 4372">
    <p class='ocr_par' dir='ltr' id='par_1_44' title="bbox 471 4299 2030 4372">
     <span class='ocr_line' id='line_1_44' title="bbox 471 4299 2030 4372; baseline 0 -18"><span class='ocrx_word' id='word_1_356' title='bbox 471 4319 636 4372; x_wconf 80' lang='lat' dir='ltr'><strong>uSque</strong></span> <span class='ocrx_word' id='word_1_357' title='bbox 682 4301 1022 4370; x_wconf 74' lang='lat' dir='ltr'><strong>interrogatio</strong></span> <span class='ocrx_word' id='word_1_358' title='bbox 1059 4309 1140 4354; x_wconf 90' lang='lat' dir='ltr'><strong>cst</strong></span> <span class='ocrx_word' id='word_1_359' title='bbox 1169 4318 1182 4353; x_wconf 91' lang='lat'><strong>:</strong></span> <span class='ocrx_word' id='word_1_360' title='bbox 1214 4299 1403 4353; x_wconf 87' lang='lat' dir='ltr'><strong>deinde</strong></span> <span class='ocrx_word' id='word_1_361' title='bbox 1425 4301 1720 4369; x_wconf 86' lang='lat' dir='ltr'><strong>responsio,</strong></span> <span class='ocrx_word' id='word_1_362' title='bbox 1769 4299 1835 4353; x_wconf 80' lang='lat' dir='ltr'><strong>In</strong></span> <span class='ocrx_word' id='word_1_363' title='bbox 1863 4311 2030 4354; x_wconf 85' lang='lat' dir='ltr'><strong>custo-</strong></span> 
     </span>
    </p>
   </div>
   <div class='ocr_carea' id='block_1_45' title="bbox 467 4390 2030 4446">
    <p class='ocr_par' dir='ltr' id='par_1_45' title="bbox 467 4390 2030 4446">
     <span class='ocr_line' id='line_1_45' title="bbox 467 4390 2030 4446; baseline -0.001 -1"><span class='ocrx_word' id='word_1_364' title='bbox 467 4393 648 4445; x_wconf 81' lang='lat' dir='ltr'><strong>diendo</strong></span> <span class='ocrx_word' id='word_1_365' title='bbox 678 4391 820 4443; x_wconf 89' lang='lat' dir='ltr'><strong>verba</strong></span> <span class='ocrx_word' id='word_1_366' title='bbox 866 4401 968 4442; x_wconf 86' lang='lat' dir='ltr'><strong>tua.</strong></span> <span class='ocrx_word' id='word_1_367' title='bbox 1016 4390 1120 4444; x_wconf 82' lang='lat' dir='ltr'><strong>Sed</strong></span> <span class='ocrx_word' id='word_1_368' title='bbox 1164 4391 1264 4444; x_wconf 91' lang='lat' dir='ltr'><strong>hoc</strong></span> <span class='ocrx_word' id='word_1_369' title='bbox 1293 4390 1408 4444; x_wconf 86' lang='lat' dir='ltr'><strong>loco</strong></span> <span class='ocrx_word' id='word_1_370' title='bbox 1438 4391 1717 4445; x_wconf 83' lang='lat' dir='ltr'><strong>custodilio</strong></span> <span class='ocrx_word' id='word_1_371' title='bbox 1754 4392 2030 4446; x_wconf 87' lang='lat' dir='ltr'><strong>verborum</strong></span> 
     </span>
    </p>
   </div>
   <div class='ocr_carea' id='block_1_46' title="bbox 471 4480 2032 4551">
    <p class='ocr_par' dir='ltr' id='par_1_46' title="bbox 471 4480 2032 4551">
     <span class='ocr_line' id='line_1_46' title="bbox 471 4480 2032 4551; baseline -0.001 -13"><span class='ocrx_word' id='word_1_372' title='bbox 471 4485 581 4546; x_wconf 71' lang='lat' dir='ltr'><strong>Dei,</strong></span> <span class='ocrx_word' id='word_1_373' title='bbox 626 4481 959 4550; x_wconf 74' lang='lat' dir='ltr'><strong>intelligenda</strong></span> <span class='ocrx_word' id='word_1_374' title='bbox 1000 4489 1081 4535; x_wconf 89' lang='lat' dir='ltr'><strong>est</strong></span> <span class='ocrx_word' id='word_1_375' title='bbox 1118 4481 1353 4549; x_wconf 81' lang='lat' dir='ltr'><strong>operatio</strong></span> <span class='ocrx_word' id='word_1_376' title='bbox 1377 4491 1759 4551; x_wconf 63' lang='lat' dir='ltr'><strong>praeceptorum</strong></span> <span class='ocrx_word' id='word_1_377' title='bbox 1795 4501 1807 4536; x_wconf 95' lang='lat'>:</span> <span class='ocrx_word' id='word_1_378' title='bbox 1839 4480 2032 4536; x_wconf 80' lang='lat' dir='ltr'><strong>frustra</strong></span> 
     </span>
    </p>
   </div>
   <div class='ocr_carea' id='block_1_47' title="bbox 470 4570 2034 4632">
    <p class='ocr_par' dir='ltr' id='par_1_47' title="bbox 470 4570 2034 4632">
     <span class='ocr_line' id='line_1_47' title="bbox 470 4570 2034 4632; baseline -0.003 -3"><span class='ocrx_word' id='word_1_379' title='bbox 470 4575 628 4629; x_wconf 69' lang='lat' dir='ltr'><strong>enim</strong></span> <span class='ocrx_word' id='word_1_380' title='bbox 654 4571 1018 4626; x_wconf 78' lang='lat' dir='ltr'><strong>custodiuntur</strong></span> <span class='ocrx_word' id='word_1_381' title='bbox 1061 4571 1335 4632; x_wconf 85' lang='lat' dir='ltr'><strong>memoria,</strong></span> <span class='ocrx_word' id='word_1_382' title='bbox 1368 4570 1412 4622; x_wconf 91' lang='lat' dir='ltr'><strong>si</strong></span> <span class='ocrx_word' id='word_1_383' title='bbox 1457 4586 1559 4624; x_wconf 92' lang='lat' dir='ltr'><strong>non</strong></span> <span class='ocrx_word' id='word_1_384' title='bbox 1591 4571 1952 4626; x_wconf 88' lang='lat' dir='ltr'><strong>custodiantur</strong></span> <span class='ocrx_word' id='word_1_385' title='bbox 1980 4581 2034 4625; x_wconf 90' lang='lat' dir='ltr'><strong>et</strong></span> 
     </span>
    </p>
   </div>
   <div class='ocr_carea' id='block_1_48' title="bbox 472 4660 2031 4732">
    <p class='ocr_par' dir='ltr' id='par_1_48' title="bbox 472 4660 2031 4732">
     <span class='ocr_line' id='line_1_48' title="bbox 472 4660 2031 4732; baseline -0.001 -15"><span class='ocrx_word' id='word_1_386' title='bbox 472 4666 594 4718; x_wconf 85' lang='lat' dir='ltr'><strong>vita.</strong></span> <span class='ocrx_word' id='word_1_387' title='bbox 623 4663 752 4718; x_wconf 84' lang='lat' dir='ltr'><strong>Nam</strong></span> <span class='ocrx_word' id='word_1_388' title='bbox 789 4663 999 4732; x_wconf 89' lang='lat' dir='ltr'><strong>quidam</strong></span> <span class='ocrx_word' id='word_1_389' title='bbox 1040 4660 1199 4716; x_wconf 88' lang='lat' dir='ltr'><strong>verba</strong></span> <span class='ocrx_word' id='word_1_390' title='bbox 1234 4661 1320 4714; x_wconf 85' lang='lat' dir='ltr'><strong>Dei</strong></span> <span class='ocrx_word' id='word_1_391' title='bbox 1367 4660 1594 4714; x_wconf 87' lang='lat' dir='ltr'><strong>tenendo</strong></span> <span class='ocrx_word' id='word_1_392' title='bbox 1619 4669 1781 4730; x_wconf 86' lang='lat' dir='ltr'><strong>agunt</strong></span> <span class='ocrx_word' id='word_1_393' title='bbox 1807 4677 1872 4715; x_wconf 92' lang='lat' dir='ltr'><strong>ne</strong></span> <span class='ocrx_word' id='word_1_394' title='bbox 1897 4661 2031 4726; x_wconf 85' lang='lat' dir='ltr'><strong>obli-</strong></span> 
     </span>
    </p>
   </div>
   <div class='ocr_carea' id='block_1_49' title="bbox 471 4751 2035 4822">
    <p class='ocr_par' dir='ltr' id='par_1_49' title="bbox 471 4751 2035 4822">
     <span class='ocr_line' id='line_1_49' title="bbox 471 4751 2035 4822; baseline -0.001 -16"><span class='ocrx_word' id='word_1_395' title='bbox 471 4757 755 4816; x_wconf 74' lang='lat' dir='ltr'><strong>viscantur,</strong></span> <span class='ocrx_word' id='word_1_396' title='bbox 783 4769 879 4807; x_wconf 87' lang='lat' dir='ltr'><strong>nec</strong></span> <span class='ocrx_word' id='word_1_397' title='bbox 900 4763 1059 4822; x_wconf 77' lang='lat' dir='ltr'><strong>agunt</strong></span> <span class='ocrx_word' id='word_1_398' title='bbox 1085 4751 1306 4805; x_wconf 88' lang='lat' dir='ltr'><strong>vivendo</strong></span> <span class='ocrx_word' id='word_1_399' title='bbox 1334 4762 1387 4803; x_wconf 90' lang='lat' dir='ltr'><strong>ut</strong></span> <span class='ocrx_word' id='word_1_400' title='bbox 1416 4751 1745 4820; x_wconf 79' lang='lat' dir='ltr'><strong>corrigantur</strong></span> <span class='ocrx_word' id='word_1_401' title='bbox 1769 4768 1781 4803; x_wconf 96' lang='lat'>:</span> <span class='ocrx_word' id='word_1_402' title='bbox 1812 4767 1915 4805; x_wconf 90' lang='lat' dir='ltr'><strong>non</strong></span> <span class='ocrx_word' id='word_1_403' title='bbox 1943 4766 2035 4805; x_wconf 89' lang='lat' dir='ltr'><strong>au-</strong></span> 
     </span>
    </p>
   </div>
   <div class='ocr_carea' id='block_1_50' title="bbox 473 4841 2036 4913">
    <p class='ocr_par' dir='ltr' id='par_1_50' title="bbox 473 4841 2036 4913">
     <span class='ocr_line' id='line_1_50' title="bbox 473 4841 2036 4913; baseline -0.003 -13"><span class='ocrx_word' id='word_1_404' title='bbox 473 4856 576 4900; x_wconf 89' lang='lat' dir='ltr'><strong>tem</strong></span> <span class='ocrx_word' id='word_1_405' title='bbox 606 4849 679 4898; x_wconf 88' lang='lat' dir='ltr'><strong>ait</strong></span> <span class='ocrx_word' id='word_1_406' title='bbox 705 4845 823 4906; x_wconf 85' lang='lat' dir='ltr'><strong>iste,</strong></span> <span class='ocrx_word' id='word_1_407' title='bbox 851 4844 902 4898; x_wconf 91' lang='lat' dir='ltr'><strong>ln</strong></span> <span class='ocrx_word' id='word_1_408' title='bbox 931 4859 1033 4913; x_wconf 92' lang='lat' dir='ltr'><strong>quo</strong></span> <span class='ocrx_word' id='word_1_409' title='bbox 1059 4852 1271 4896; x_wconf 83' lang='lat' dir='ltr'><strong>exercet</strong></span> <span class='ocrx_word' id='word_1_410' title='bbox 1290 4841 1468 4911; x_wconf 84' lang='lat' dir='ltr'><strong>junior</strong></span> <span class='ocrx_word' id='word_1_411' title='bbox 1497 4842 1803 4896; x_wconf 87' lang='lat' dir='ltr'><strong>memoriam</strong></span> <span class='ocrx_word' id='word_1_412' title='bbox 1845 4843 2036 4896; x_wconf 87' lang='lat' dir='ltr'><strong>suam?</strong></span> 
     </span>
    </p>
   </div>
   <div class='ocr_carea' id='block_1_51' title="bbox 472 4933 2033 5008">
    <p class='ocr_par' dir='ltr' id='par_1_51' title="bbox 472 4933 2033 5008">
     <span class='ocr_line' id='line_1_51' title="bbox 472 4933 2033 5008; baseline -0.004 -16"><span class='ocrx_word' id='word_1_413' title='bbox 472 4937 584 5001; x_wconf 81' lang='lat' dir='ltr'><strong>St&#39;d,</strong></span> <span class='ocrx_word' id='word_1_414' title='bbox 614 4936 678 4989; x_wconf 82' lang='lat' dir='ltr'><strong>In</strong></span> <span class='ocrx_word' id='word_1_415' title='bbox 709 4952 804 5008; x_wconf 86' lang='lat' dir='ltr'><strong>quo</strong></span> <span class='ocrx_word' id='word_1_416' title='bbox 820 4935 1019 5005; x_wconf 78' lang='lat' dir='ltr'><strong>corrigit</strong></span> <span class='ocrx_word' id='word_1_417' title='bbox 1045 4936 1172 4987; x_wconf 86' lang='lat' dir='ltr'><strong>viam</strong></span> <span class='ocrx_word' id='word_1_418' title='bbox 1201 4933 1562 5001; x_wconf 82' lang='lat' dir='ltr'><strong>suam?atque</strong></span> <span class='ocrx_word' id='word_1_419' title='bbox 1587 4933 1649 4987; x_wconf 86' lang='lat' dir='ltr'><strong>ad</strong></span> <span class='ocrx_word' id='word_1_420' title='bbox 1683 4933 1783 4986; x_wconf 87' lang='lat' dir='ltr'><strong>hoc</strong></span> <span class='ocrx_word' id='word_1_421' title='bbox 1812 4948 2033 5001; x_wconf 76' lang='lat' dir='ltr'><strong>respon-</strong></span> 
     </span>
    </p>
   </div>
   <div class='ocr_carea' id='block_1_52' title="bbox 473 5026 2035 5095">
    <p class='ocr_par' dir='ltr' id='par_1_52' title="bbox 473 5026 2035 5095">
     <span class='ocr_line' id='line_1_52' title="bbox 473 5026 2035 5095; baseline -0.001 -12"><span class='ocrx_word' id='word_1_422' title='bbox 473 5031 580 5095; x_wconf 75' lang='lat' dir='ltr'><strong>det,</strong></span> <span class='ocrx_word' id='word_1_423' title='bbox 621 5029 686 5082; x_wconf 86' lang='lat' dir='ltr'><strong>In</strong></span> <span class='ocrx_word' id='word_1_424' title='bbox 726 5028 1048 5094; x_wconf 76' lang='lat' dir='ltr'><strong>custodiendo</strong></span> <span class='ocrx_word' id='word_1_425' title='bbox 1079 5026 1223 5080; x_wconf 84' lang='lat' dir='ltr'><strong>verba</strong></span> <span class='ocrx_word' id='word_1_426' title='bbox 1261 5035 1363 5078; x_wconf 87' lang='lat' dir='ltr'><strong>tua.</strong></span> <span class='ocrx_word' id='word_1_427' title='bbox 1413 5026 1593 5094; x_wconf 72' lang='lat' dir='ltr'><strong>Neque</strong></span> <span class='ocrx_word' id='word_1_428' title='bbox 1635 5027 1739 5079; x_wconf 79' lang='lat' dir='ltr'><strong>ulla</strong></span> <span class='ocrx_word' id='word_1_429' title='bbox 1773 5027 1927 5080; x_wconf 88' lang='lat' dir='ltr'><strong>modo</strong></span> <span class='ocrx_word' id='word_1_430' title='bbox 1953 5027 2035 5081; x_wconf 83' lang='lat' dir='ltr'><strong>di-</strong></span> 
     </span>
    </p>
   </div>
   <div class='ocr_carea' id='block_1_53' title="bbox 475 5119 1941 5189">
    <p class='ocr_par' dir='ltr' id='par_1_53' title="bbox 475 5119 1941 5189">
     <span class='ocr_line' id='line_1_53' title="bbox 475 5119 1941 5189; baseline -0.003 -12"><span class='ocrx_word' id='word_1_431' title='bbox 475 5124 635 5177; x_wconf 87' lang='lat' dir='ltr'><strong>cenda</strong></span> <span class='ocrx_word' id='word_1_432' title='bbox 663 5132 744 5176; x_wconf 76' lang='lat' dir='ltr'><strong>est</strong></span> <span class='ocrx_word' id='word_1_433' title='bbox 768 5122 848 5174; x_wconf 91' lang='lat' dir='ltr'><strong>via</strong></span> <span class='ocrx_word' id='word_1_434' title='bbox 879 5129 1135 5183; x_wconf 85' lang='lat' dir='ltr'><strong>correcta,</strong></span> <span class='ocrx_word' id='word_1_435' title='bbox 1161 5119 1406 5188; x_wconf 82' lang='lat' dir='ltr'><strong>quamdiu</strong></span> <span class='ocrx_word' id='word_1_436' title='bbox 1435 5127 1516 5172; x_wconf 87' lang='lat' dir='ltr'><strong>est</strong></span> <span class='ocrx_word' id='word_1_437' title='bbox 1547 5119 1648 5172; x_wconf 89' lang='lat' dir='ltr'><strong>vita</strong></span> <span class='ocrx_word' id='word_1_438' title='bbox 1670 5135 1941 5189; x_wconf 82' lang='lat' dir='ltr'><strong>perversa.</strong></span> 
     </span>
    </p>
   </div>
   <div class='ocr_carea' id='block_1_54' title="bbox 544 5208 2036 5283">
    <p class='ocr_par' dir='ltr' id='par_1_54' title="bbox 544 5208 2036 5283">
     <span class='ocr_line' id='line_1_54' title="bbox 544 5208 2036 5283; baseline -0.003 -15"><span class='ocrx_word' id='word_1_439' title='bbox 544 5215 596 5268; x_wconf 75' lang='grc'>2.</span> <span class='ocrx_word' id='word_1_440' title='bbox 639 5213 740 5268; x_wconf 79' lang='lat' dir='ltr'><strong>Sed</strong></span> <span class='ocrx_word' id='word_1_441' title='bbox 787 5212 909 5283; x_wconf 89' lang='lat' dir='ltr'><strong>quid</strong></span> <span class='ocrx_word' id='word_1_442' title='bbox 939 5212 1035 5266; x_wconf 87' lang='lat' dir='ltr'><strong>sibi</strong></span> <span class='ocrx_word' id='word_1_443' title='bbox 1066 5210 1176 5264; x_wconf 90' lang='lat' dir='ltr'><strong>vult</strong></span> <span class='ocrx_word' id='word_1_444' title='bbox 1202 5211 1298 5264; x_wconf 89' lang='lat' dir='ltr'><strong>iste</strong></span> <span class='ocrx_word' id='word_1_445' title='bbox 1327 5208 1549 5279; x_wconf 82' lang='lat' dir='ltr'><strong>juuior?</strong></span> <span class='ocrx_word' id='word_1_446' title='bbox 1585 5210 1758 5264; x_wconf 88' lang='lat' dir='ltr'><strong>Potuit</strong></span> <span class='ocrx_word' id='word_1_447' title='bbox 1785 5211 1925 5264; x_wconf 82' lang='lat' dir='ltr'><strong>enim</strong></span> <span class='ocrx_word' id='word_1_448' title='bbox 1955 5211 2036 5264; x_wconf 91' lang='lat' dir='ltr'><strong>di-</strong></span> 
     </span>
    </p>
   </div>
   <div class='ocr_carea' id='block_1_55' title="bbox 476 5301 2039 5376">
    <p class='ocr_par' dir='ltr' id='par_1_55' title="bbox 476 5301 2039 5376">
     <span class='ocr_line' id='line_1_55' title="bbox 476 5301 2039 5376; baseline -0.003 -14"><span class='ocrx_word' id='word_1_449' title='bbox 476 5324 595 5362; x_wconf 89' lang='lat' dir='ltr'><strong>cere</strong></span> <span class='ocrx_word' id='word_1_450' title='bbox 623 5325 636 5364; x_wconf 87' lang='lat'><strong>:</strong></span> <span class='ocrx_word' id='word_1_451' title='bbox 669 5305 722 5359; x_wconf 91' lang='lat' dir='ltr'><strong>ln</strong></span> <span class='ocrx_word' id='word_1_452' title='bbox 753 5323 856 5376; x_wconf 88' lang='lat' dir='ltr'><strong>quo</strong></span> <span class='ocrx_word' id='word_1_453' title='bbox 883 5305 1099 5374; x_wconf 81' lang='lat' dir='ltr'><strong>corrigit</strong></span> <span class='ocrx_word' id='word_1_454' title='bbox 1139 5301 1297 5356; x_wconf 91' lang='lat' dir='ltr'><strong>homo</strong></span> <span class='ocrx_word' id='word_1_455' title='bbox 1323 5305 1458 5356; x_wconf 88' lang='lat' dir='ltr'><strong>viam</strong></span> <span class='ocrx_word' id='word_1_456' title='bbox 1487 5302 1674 5356; x_wconf 90' lang='lat' dir='ltr'><strong>suam?</strong></span> <span class='ocrx_word' id='word_1_457' title='bbox 1712 5313 1820 5366; x_wconf 90' lang='lat' dir='ltr'><strong>aut,</strong></span> <span class='ocrx_word' id='word_1_458' title='bbox 1849 5303 1904 5356; x_wconf 86' lang='lat' dir='ltr'><strong>In</strong></span> <span class='ocrx_word' id='word_1_459' title='bbox 1935 5318 2039 5372; x_wconf 89' lang='lat' dir='ltr'><strong>quo</strong></span> 
     </span>
    </p>
   </div>
   <div class='ocr_carea' id='block_1_56' title="bbox 477 5390 2040 5466">
    <p class='ocr_par' dir='ltr' id='par_1_56' title="bbox 477 5390 2040 5466">
     <span class='ocr_line' id='line_1_56' title="bbox 477 5390 2040 5466; baseline 0 -16"><span class='ocrx_word' id='word_1_460' title='bbox 477 5397 690 5466; x_wconf 80' lang='lat' dir='ltr'><strong>corrigit</strong></span> <span class='ocrx_word' id='word_1_461' title='bbox 717 5397 798 5450; x_wconf 84' lang='lat' dir='ltr'><strong>vir</strong></span> <span class='ocrx_word' id='word_1_462' title='bbox 819 5397 953 5448; x_wconf 86' lang='lat' dir='ltr'><strong>viam</strong></span> <span class='ocrx_word' id='word_1_463' title='bbox 976 5393 1164 5449; x_wconf 87' lang='lat' dir='ltr'><strong>suam?</strong></span> <span class='ocrx_word' id='word_1_464' title='bbox 1186 5390 1324 5462; x_wconf 87' lang='lat' dir='ltr'><strong>quod</strong></span> <span class='ocrx_word' id='word_1_465' title='bbox 1346 5393 1654 5463; x_wconf 87' lang='lat' dir='ltr'><strong>plerumque</strong></span> <span class='ocrx_word' id='word_1_466' title='bbox 1679 5395 1729 5447; x_wconf 93' lang='lat' dir='ltr'><strong>in</strong></span> <span class='ocrx_word' id='word_1_467' title='bbox 1756 5393 2040 5463; x_wconf 86' lang='lat' dir='ltr'><strong>Scripturis</strong></span> 
     </span>
    </p>
   </div>
   <div class='ocr_carea' id='block_1_57' title="bbox 482 5483 2038 5556">
    <p class='ocr_par' dir='ltr' id='par_1_57' title="bbox 482 5483 2038 5556">
     <span class='ocr_line' id='line_1_57' title="bbox 482 5483 2038 5556; baseline -0.003 -15"><span class='ocrx_word' id='word_1_468' title='bbox 482 5489 550 5542; x_wconf 88' lang='lat' dir='ltr'><strong>ita</strong></span> <span class='ocrx_word' id='word_1_469' title='bbox 581 5488 804 5556; x_wconf 83' lang='lat' dir='ltr'><strong>ponitur,</strong></span> <span class='ocrx_word' id='word_1_470' title='bbox 834 5495 891 5541; x_wconf 92' lang='lat' dir='ltr'><strong>ut</strong></span> <span class='ocrx_word' id='word_1_471' title='bbox 917 5502 947 5540; x_wconf 90' lang='lat' dir='ltr'><strong>a</strong></span> <span class='ocrx_word' id='word_1_472' title='bbox 982 5501 1111 5540; x_wconf 78' lang='lat' dir='ltr'><strong>sexu</strong></span> <span class='ocrx_word' id='word_1_473' title='bbox 1148 5483 1487 5539; x_wconf 86' lang='lat' dir='ltr'><strong>honoratiore</strong></span> <span class='ocrx_word' id='word_1_474' title='bbox 1512 5485 1669 5537; x_wconf 93' lang='lat' dir='ltr'><strong>homo</strong></span> <span class='ocrx_word' id='word_1_475' title='bbox 1697 5485 2038 5553; x_wconf 80' lang='lat' dir='ltr'><strong>intelligatur,</strong></span> 
     </span>
    </p>
   </div>
   <div class='ocr_carea' id='block_1_58' title="bbox 484 5576 2044 5648">
    <p class='ocr_par' dir='ltr' id='par_1_58' title="bbox 484 5576 2044 5648">
     <span class='ocr_line' id='line_1_58' title="bbox 484 5576 2044 5648; baseline -0.001 -16"><span class='ocrx_word' id='word_1_476' title='bbox 484 5581 640 5633; x_wconf 86' lang='lat' dir='ltr'><strong>modo</strong></span> <span class='ocrx_word' id='word_1_477' title='bbox 661 5580 938 5634; x_wconf 88' lang='lat' dir='ltr'><strong>locutionis</strong></span> <span class='ocrx_word' id='word_1_478' title='bbox 962 5593 1067 5648; x_wconf 91' lang='lat' dir='ltr'><strong>quo</strong></span> <span class='ocrx_word' id='word_1_479' title='bbox 1086 5577 1413 5647; x_wconf 76' lang='lat' dir='ltr'><strong>significatur</strong></span> <span class='ocrx_word' id='word_1_480' title='bbox 1435 5591 1463 5629; x_wconf 88' lang='lat' dir='ltr'><strong>a</strong></span> <span class='ocrx_word' id='word_1_481' title='bbox 1490 5586 1636 5645; x_wconf 88' lang='lat' dir='ltr'><strong>parte</strong></span> <span class='ocrx_word' id='word_1_482' title='bbox 1656 5586 1838 5630; x_wconf 89' lang='lat' dir='ltr'><strong>totum.</strong></span> <span class='ocrx_word' id='word_1_483' title='bbox 1862 5576 2044 5646; x_wconf 85' lang='lat' dir='ltr'><strong>Neque</strong></span> 
     </span>
    </p>
   </div>
   <div class='ocr_carea' id='block_1_59' title="bbox 483 5667 2045 5738">
    <p class='ocr_par' dir='ltr' id='par_1_59' title="bbox 483 5667 2045 5738">
     <span class='ocr_line' id='line_1_59' title="bbox 483 5667 2045 5738; baseline -0.001 -13"><span class='ocrx_word' id='word_1_484' title='bbox 483 5670 621 5725; x_wconf 87' lang='lat' dir='ltr'><strong>enim</strong></span> <span class='ocrx_word' id='word_1_485' title='bbox 650 5679 704 5725; x_wconf 85' lang='lat' dir='ltr'><strong>et</strong></span> <span class='ocrx_word' id='word_1_486' title='bbox 740 5669 933 5726; x_wconf 80' lang='lat' dir='ltr'><strong>femina</strong></span> <span class='ocrx_word' id='word_1_487' title='bbox 962 5684 1068 5725; x_wconf 89' lang='lat' dir='ltr'><strong>non</strong></span> <span class='ocrx_word' id='word_1_488' title='bbox 1107 5669 1263 5725; x_wconf 83' lang='lat' dir='ltr'><strong>beata</strong></span> <span class='ocrx_word' id='word_1_489' title='bbox 1289 5683 1407 5738; x_wconf 71' lang='lat' dir='ltr'><strong>quae</strong></span> <span class='ocrx_word' id='word_1_490' title='bbox 1445 5680 1550 5722; x_wconf 93' lang='lat' dir='ltr'><strong>non</strong></span> <span class='ocrx_word' id='word_1_491' title='bbox 1587 5667 1716 5723; x_wconf 88' lang='lat' dir='ltr'><strong>abiit</strong></span> <span class='ocrx_word' id='word_1_492' title='bbox 1741 5667 1795 5723; x_wconf 89' lang='lat' dir='ltr'><strong>in</strong></span> <span class='ocrx_word' id='word_1_493' title='bbox 1823 5667 2045 5723; x_wconf 86' lang='lat' dir='ltr'><strong>consilio</strong></span> 
     </span>
    </p>
   </div>
   <div class='ocr_carea' id='block_1_60' title="bbox 1671 249 2464 328">
    <p class='ocr_par' dir='ltr' id='par_1_60' title="bbox 1671 249 2464 328">
     <span class='ocr_line' id='line_1_60' title="bbox 1671 249 2464 328; baseline 0 -2"><span class='ocrx_word' id='word_1_494' title='bbox 1671 271 1727 326; x_wconf 92' lang='lat' dir='ltr'><strong>s.</strong></span> <span class='ocrx_word' id='word_1_495' title='bbox 1769 269 1902 325; x_wconf 82' lang='lat' dir='ltr'><strong>AUC</strong></span> <span class='ocrx_word' id='word_1_496' title='bbox 1914 249 2124 324; x_wconf 73' lang='lat' dir='ltr'><strong>USI‘INI</strong></span> <span class='ocrx_word' id='word_1_497' title='bbox 2159 269 2464 328; x_wconf 72' lang='lat' dir='ltr'><strong>Episcort</strong></span> 
     </span>
    </p>
   </div>
   <div class='ocr_carea' id='block_1_61' title="bbox 3552 279 3685 336">
    <p class='ocr_par' dir='ltr' id='par_1_61' title="bbox 3552 279 3685 336">
     <span class='ocr_line' id='line_1_61' title="bbox 3552 279 3685 336; baseline 0 0"><span class='ocrx_word' id='word_1_498' title='bbox 3552 279 3685 336; x_wconf 69' lang='grc'><strong>1512</strong></span> 
     </span>
    </p>
   </div>
   <div class='ocr_carea' id='block_1_62' title="bbox 2133 385 3704 467">
    <p class='ocr_par' dir='ltr' id='par_1_62' title="bbox 2133 385 3704 467">
     <span class='ocr_line' id='line_1_62' title="bbox 2133 385 3704 467; baseline 0.01 -29"><span class='ocrx_word' id='word_1_499' title='bbox 2133 385 2411 456; x_wconf 90' lang='lat' dir='ltr'><strong>impiorum</strong></span> <span class='ocrx_word' id='word_1_500' title='bbox 2440 406 2453 440; x_wconf 88' lang='lat'>:</span> <span class='ocrx_word' id='word_1_501' title='bbox 2481 389 2568 444; x_wconf 91' lang='lat' dir='ltr'><strong>ubi</strong></span> <span class='ocrx_word' id='word_1_502' title='bbox 2599 401 2773 447; x_wconf 86' lang='lat' dir='ltr'><strong>tamen</strong></span> <span class='ocrx_word' id='word_1_503' title='bbox 2810 391 3006 447; x_wconf 87' lang='lat' dir='ltr'><strong>dictum</strong></span> <span class='ocrx_word' id='word_1_504' title='bbox 3033 402 3134 459; x_wconf 87' lang='lat' dir='ltr'><strong>est,</strong></span> <span class='ocrx_word' id='word_1_505' title='bbox 3167 392 3355 449; x_wconf 79' lang='lat' dir='ltr'><strong>Beatus</strong></span> <span class='ocrx_word' id='word_1_506' title='bbox 3377 395 3450 450; x_wconf 88' lang='lat' dir='ltr'><strong>vir</strong></span> <span class='ocrx_word' id='word_1_507' title='bbox 3471 393 3639 467; x_wconf 83' lang='lat' dir='ltr'><strong>(Psal.</strong></span> <span class='ocrx_word' id='word_1_508' title='bbox 3663 415 3704 457; x_wconf 88' lang='grc' dir='ltr'><strong>ι.</strong></span> 
     </span>
    </p>
   </div>
   <div class='ocr_carea' id='block_1_63' title="bbox 2129 479 3708 559">
    <p class='ocr_par' dir='ltr' id='par_1_63' title="bbox 2129 479 3708 559">
     <span class='ocr_line' id='line_1_63' title="bbox 2129 479 3708 559; baseline 0.009 -28"><span class='ocrx_word' id='word_1_509' title='bbox 2129 479 2204 549; x_wconf 82' lang='grc'><strong>1).</strong></span> <span class='ocrx_word' id='word_1_510' title='bbox 2235 480 2329 534; x_wconf 90' lang='lat' dir='ltr'><strong>llic</strong></span> <span class='ocrx_word' id='word_1_511' title='bbox 2350 497 2476 536; x_wconf 88' lang='lat' dir='ltr'><strong>vero</strong></span> <span class='ocrx_word' id='word_1_512' title='bbox 2497 497 2595 537; x_wconf 91' lang='lat' dir='ltr'><strong>nec</strong></span> <span class='ocrx_word' id='word_1_513' title='bbox 2625 483 2792 538; x_wconf 89' lang='lat' dir='ltr'><strong>llomo</strong></span> <span class='ocrx_word' id='word_1_514' title='bbox 2815 486 2910 548; x_wconf 91' lang='lat' dir='ltr'><strong>ait,</strong></span> <span class='ocrx_word' id='word_1_515' title='bbox 2939 500 3038 540; x_wconf 87' lang='lat' dir='ltr'><strong>nec</strong></span> <span class='ocrx_word' id='word_1_516' title='bbox 3073 486 3180 550; x_wconf 84' lang='lat' dir='ltr'><strong>Vir,</strong></span> <span class='ocrx_word' id='word_1_517' title='bbox 3202 487 3294 543; x_wconf 89' lang='lat' dir='ltr'><strong>sed</strong></span> <span class='ocrx_word' id='word_1_518' title='bbox 3313 490 3511 559; x_wconf 85' lang='lat' dir='ltr'><strong>junior.</strong></span> <span class='ocrx_word' id='word_1_519' title='bbox 3543 489 3708 546; x_wconf 77' lang='lat' dir='ltr'><strong>Num-</strong></span> 
     </span>
    </p>
   </div>
   <div class='ocr_carea' id='block_1_64' title="bbox 2127 569 3708 648">
    <p class='ocr_par' dir='ltr' id='par_1_64' title="bbox 2127 569 3708 648">
     <span class='ocr_line' id='line_1_64' title="bbox 2127 569 3708 648; baseline 0.009 -27"><span class='ocrx_word' id='word_1_520' title='bbox 2127 569 2252 638; x_wconf 90' lang='lat' dir='ltr'><strong>quid</strong></span> <span class='ocrx_word' id='word_1_521' title='bbox 2302 569 2662 640; x_wconf 86' lang='lat' dir='ltr'><strong>desperandus</strong></span> <span class='ocrx_word' id='word_1_522' title='bbox 2715 582 2796 627; x_wconf 87' lang='lat' dir='ltr'><strong>est</strong></span> <span class='ocrx_word' id='word_1_523' title='bbox 2841 575 3055 629; x_wconf 82' lang='lat' dir='ltr'><strong>senior?</strong></span> <span class='ocrx_word' id='word_1_524' title='bbox 3103 584 3194 629; x_wconf 88' lang='lat' dir='ltr'><strong>aut</strong></span> <span class='ocrx_word' id='word_1_525' title='bbox 3238 577 3289 630; x_wconf 92' lang='lat' dir='ltr'><strong>in</strong></span> <span class='ocrx_word' id='word_1_526' title='bbox 3339 577 3443 632; x_wconf 86' lang='lat' dir='ltr'><strong>alio</strong></span> <span class='ocrx_word' id='word_1_527' title='bbox 3487 581 3708 648; x_wconf 76' lang='lat' dir='ltr'><strong>corrigit</strong></span> 
     </span>
    </p>
   </div>
   <div class='ocr_carea' id='block_1_65' title="bbox 2126 660 3703 734">
    <p class='ocr_par' dir='ltr' id='par_1_65' title="bbox 2126 660 3703 734">
     <span class='ocr_line' id='line_1_65' title="bbox 2126 660 3703 734; baseline 0.008 -22"><span class='ocrx_word' id='word_1_528' title='bbox 2126 660 2284 713; x_wconf 84' lang='lat' dir='ltr'><strong>etiam</strong></span> <span class='ocrx_word' id='word_1_529' title='bbox 2314 662 2492 715; x_wconf 90' lang='lat' dir='ltr'><strong>senior</strong></span> <span class='ocrx_word' id='word_1_530' title='bbox 2516 663 2650 715; x_wconf 86' lang='lat' dir='ltr'><strong>viam</strong></span> <span class='ocrx_word' id='word_1_531' title='bbox 2679 678 2849 726; x_wconf 85' lang='lat' dir='ltr'><strong>suam,</strong></span> <span class='ocrx_word' id='word_1_532' title='bbox 2878 680 3034 734; x_wconf 88' lang='lat' dir='ltr'><strong>quam</strong></span> <span class='ocrx_word' id='word_1_533' title='bbox 3081 665 3132 719; x_wconf 91' lang='lat' dir='ltr'><strong>in</strong></span> <span class='ocrx_word' id='word_1_534' title='bbox 3163 667 3513 730; x_wconf 85' lang='lat' dir='ltr'><strong>custodiendo</strong></span> <span class='ocrx_word' id='word_1_535' title='bbox 3541 673 3703 724; x_wconf 83' lang='lat' dir='ltr'><strong>verba</strong></span> 
     </span>
    </p>
   </div>
   <div class='ocr_carea' id='block_1_66' title="bbox 2127 749 3706 828">
    <p class='ocr_par' dir='ltr' id='par_1_66' title="bbox 2127 749 3706 828">
     <span class='ocr_line' id='line_1_66' title="bbox 2127 749 3706 828; baseline 0.008 -25"><span class='ocrx_word' id='word_1_536' title='bbox 2127 751 2259 804; x_wconf 81' lang='lat' dir='ltr'><strong>Dei?</strong></span> <span class='ocrx_word' id='word_1_537' title='bbox 2289 754 2367 805; x_wconf 88' lang='lat' dir='ltr'><strong>An</strong></span> <span class='ocrx_word' id='word_1_538' title='bbox 2399 752 2536 808; x_wconf 85' lang='lat' dir='ltr'><strong>forte</strong></span> <span class='ocrx_word' id='word_1_539' title='bbox 2573 749 2864 809; x_wconf 83' lang='lat' dir='ltr'><strong>admonitio</strong></span> <span class='ocrx_word' id='word_1_540' title='bbox 2905 765 3005 820; x_wconf 87' lang='lat' dir='ltr'><strong>est,</strong></span> <span class='ocrx_word' id='word_1_541' title='bbox 3047 771 3146 825; x_wconf 86' lang='lat' dir='ltr'><strong>qua</strong></span> <span class='ocrx_word' id='word_1_542' title='bbox 3185 767 3340 812; x_wconf 67' lang='lat' dir='ltr'><strong>(etate</strong></span> <span class='ocrx_word' id='word_1_543' title='bbox 3368 761 3706 828; x_wconf 88' lang='lat' dir='ltr'><strong>potissimum</strong></span> 
     </span>
    </p>
   </div>
   <div class='ocr_carea' id='block_1_67' title="bbox 2128 843 3708 922">
    <p class='ocr_par' dir='ltr' id='par_1_67' title="bbox 2128 843 3708 922">
     <span class='ocr_line' id='line_1_67' title="bbox 2128 843 3708 922; baseline 0.008 -26"><span class='ocrx_word' id='word_1_544' title='bbox 2128 843 2240 897; x_wconf 89' lang='lat' dir='ltr'><strong>ﬁeri</strong></span> <span class='ocrx_word' id='word_1_545' title='bbox 2272 845 2495 909; x_wconf 81' lang='lat' dir='ltr'><strong>debeat;</strong></span> <span class='ocrx_word' id='word_1_546' title='bbox 2521 847 2809 901; x_wconf 89' lang='lat' dir='ltr'><strong>secundum</strong></span> <span class='ocrx_word' id='word_1_547' title='bbox 2839 847 2963 902; x_wconf 88' lang='lat' dir='ltr'><strong>illud</strong></span> <span class='ocrx_word' id='word_1_548' title='bbox 2993 849 3133 918; x_wconf 89' lang='lat' dir='ltr'><strong>quod</strong></span> <span class='ocrx_word' id='word_1_549' title='bbox 3162 850 3284 904; x_wconf 90' lang='lat' dir='ltr'><strong>alibi</strong></span> <span class='ocrx_word' id='word_1_550' title='bbox 3309 853 3561 922; x_wconf 89' lang='lat' dir='ltr'><strong>scriptum</strong></span> <span class='ocrx_word' id='word_1_551' title='bbox 3589 867 3708 909; x_wconf 89' lang='lat' dir='ltr'><strong>est:</strong></span> 
     </span>
    </p>
   </div>
   <div class='ocr_carea' id='block_1_68' title="bbox 2132 935 3709 1015">
    <p class='ocr_par' dir='ltr' id='par_1_68' title="bbox 2132 935 3709 1015">
     <span class='ocr_line' id='line_1_68' title="bbox 2132 935 3709 1015; baseline 0.008 -28"><span class='ocrx_word' id='word_1_552' title='bbox 2132 935 2268 1000; x_wconf 83' lang='lat' dir='ltr'><strong>Fili,</strong></span> <span class='ocrx_word' id='word_1_553' title='bbox 2297 953 2328 988; x_wconf 91' lang='lat' dir='ltr'><strong>a</strong></span> <span class='ocrx_word' id='word_1_554' title='bbox 2342 937 2602 1006; x_wconf 78' lang='lat' dir='ltr'><strong>juventute</strong></span> <span class='ocrx_word' id='word_1_555' title='bbox 2629 948 2713 992; x_wconf 90' lang='lat' dir='ltr'><strong>tua</strong></span> <span class='ocrx_word' id='word_1_556' title='bbox 2742 941 2913 1009; x_wconf 74' lang='lat' dir='ltr'><strong>excipe</strong></span> <span class='ocrx_word' id='word_1_557' title='bbox 2941 941 3236 1008; x_wconf 84' lang='lat' dir='ltr'><strong>doctrinam,</strong></span> <span class='ocrx_word' id='word_1_558' title='bbox 3268 954 3313 998; x_wconf 89' lang='lat' dir='ltr'><strong>et</strong></span> <span class='ocrx_word' id='word_1_559' title='bbox 3334 961 3490 1015; x_wconf 84' lang='lat' dir='ltr'><strong>usque</strong></span> <span class='ocrx_word' id='word_1_560' title='bbox 3517 947 3587 999; x_wconf 85' lang='lat' dir='ltr'><strong>ad</strong></span> <span class='ocrx_word' id='word_1_561' title='bbox 3612 964 3709 1000; x_wconf 58' lang='lat' dir='ltr'><strong>ca-</strong></span> 
     </span>
    </p>
   </div>
   <div class='ocr_carea' id='block_1_69' title="bbox 2125 1029 3710 1104">
    <p class='ocr_par' dir='ltr' id='par_1_69' title="bbox 2125 1029 3710 1104">
     <span class='ocr_line' id='line_1_69' title="bbox 2125 1029 3710 1104; baseline 0.008 -25"><span class='ocrx_word' id='word_1_562' title='bbox 2125 1043 2215 1080; x_wconf 85' lang='lat' dir='ltr'><strong>nos</strong></span> <span class='ocrx_word' id='word_1_563' title='bbox 2245 1029 2460 1082; x_wconf 77' lang='lat' dir='ltr'><strong>invenies</strong></span> <span class='ocrx_word' id='word_1_564' title='bbox 2479 1031 2776 1098; x_wconf 81' lang='lat' dir='ltr'><strong>sapientiam</strong></span> <span class='ocrx_word' id='word_1_565' title='bbox 2804 1031 2985 1101; x_wconf 88' lang='lat' dir='ltr'><strong>(Eccli.</strong></span> <span class='ocrx_word' id='word_1_566' title='bbox 3016 1049 3087 1098; x_wconf 74' lang='lat' dir='ltr'><strong>vr,</strong></span> <span class='ocrx_word' id='word_1_567' title='bbox 3120 1033 3250 1104; x_wconf 78' lang='lat' dir='ltr'><strong>l8)?</strong></span> <span class='ocrx_word' id='word_1_568' title='bbox 3278 1034 3369 1089; x_wconf 87' lang='lat' dir='ltr'><strong>Est</strong></span> <span class='ocrx_word' id='word_1_569' title='bbox 3399 1045 3448 1090; x_wconf 90' lang='lat' dir='ltr'><strong>et</strong></span> <span class='ocrx_word' id='word_1_570' title='bbox 3473 1036 3608 1090; x_wconf 86' lang='lat' dir='ltr'><strong>alius</strong></span> <span class='ocrx_word' id='word_1_571' title='bbox 3633 1039 3710 1091; x_wconf 72' lang='lat' dir='ltr'><strong>iu~</strong></span> 
     </span>
    </p>
   </div>
   <div class='ocr_carea' id='block_1_70' title="bbox 2127 1120 3707 1197">
    <p class='ocr_par' dir='ltr' id='par_1_70' title="bbox 2127 1120 3707 1197">
     <span class='ocr_line' id='line_1_70' title="bbox 2127 1120 3707 1197; baseline 0.006 -25"><span class='ocrx_word' id='word_1_572' title='bbox 2127 1120 2387 1185; x_wconf 83' lang='lat' dir='ltr'><strong>tellectus,</strong></span> <span class='ocrx_word' id='word_1_573' title='bbox 2421 1130 2476 1173; x_wconf 90' lang='lat' dir='ltr'><strong>ut</strong></span> <span class='ocrx_word' id='word_1_574' title='bbox 2501 1121 2588 1175; x_wconf 90' lang='lat' dir='ltr'><strong>ille</strong></span> <span class='ocrx_word' id='word_1_575' title='bbox 2622 1121 2707 1176; x_wconf 88' lang='lat' dir='ltr'><strong>hic</strong></span> <span class='ocrx_word' id='word_1_576' title='bbox 2744 1133 3058 1193; x_wconf 80' lang='lat' dir='ltr'><strong>agnoscatur</strong></span> <span class='ocrx_word' id='word_1_577' title='bbox 3087 1125 3226 1180; x_wconf 81' lang='lat' dir='ltr'><strong>[ilius</strong></span> <span class='ocrx_word' id='word_1_578' title='bbox 3251 1127 3707 1197; x_wconf 85' lang='lat' dir='ltr'><strong>evangelicusju-</strong></span> 
     </span>
    </p>
   </div>
   <div class='ocr_carea' id='block_1_71' title="bbox 2124 1209 3699 1286">
    <p class='ocr_par' dir='ltr' id='par_1_71' title="bbox 2124 1209 3699 1286">
     <span class='ocr_line' id='line_1_71' title="bbox 2124 1209 3699 1286; baseline 0.006 -24"><span class='ocrx_word' id='word_1_579' title='bbox 2124 1209 2262 1264; x_wconf 87' lang='lat' dir='ltr'><strong>nior.</strong></span> <span class='ocrx_word' id='word_1_580' title='bbox 2294 1211 2380 1278; x_wconf 88' lang='lat' dir='ltr'><strong>qui</strong></span> <span class='ocrx_word' id='word_1_581' title='bbox 2415 1210 2681 1278; x_wconf 77' lang='lat' dir='ltr'><strong>proiectus</strong></span> <span class='ocrx_word' id='word_1_582' title='bbox 2710 1225 2738 1264; x_wconf 91' lang='lat' dir='ltr'><strong>a</strong></span> <span class='ocrx_word' id='word_1_583' title='bbox 2771 1221 2921 1280; x_wconf 88' lang='lat' dir='ltr'><strong>patre</strong></span> <span class='ocrx_word' id='word_1_584' title='bbox 2951 1213 3001 1267; x_wconf 92' lang='lat' dir='ltr'><strong>in</strong></span> <span class='ocrx_word' id='word_1_585' title='bbox 3037 1215 3305 1284; x_wconf 80' lang='lat' dir='ltr'><strong>regionem</strong></span> <span class='ocrx_word' id='word_1_586' title='bbox 3329 1216 3699 1286; x_wconf 82' lang='lat' dir='ltr'><strong>longinquam,</strong></span> 
     </span>
    </p>
   </div>
   <div class='ocr_carea' id='block_1_72' title="bbox 2124 1298 3706 1362">
    <p class='ocr_par' dir='ltr' id='par_1_72' title="bbox 2124 1298 3706 1362">
     <span class='ocr_line' id='line_1_72' title="bbox 2124 1298 3706 1362; baseline 0.005 -9"><span class='ocrx_word' id='word_1_587' title='bbox 2124 1298 2308 1353; x_wconf 75' lang='lat' dir='ltr'><strong>eliudit</strong></span> <span class='ocrx_word' id='word_1_588' title='bbox 2351 1300 2693 1354; x_wconf 84' lang='lat' dir='ltr'><strong>substantiam</strong></span> <span class='ocrx_word' id='word_1_589' title='bbox 2738 1317 2885 1356; x_wconf 89' lang='lat' dir='ltr'><strong>suam</strong></span> <span class='ocrx_word' id='word_1_590' title='bbox 2935 1304 3114 1359; x_wconf 80' lang='lat' dir='ltr'><strong>vivens</strong></span> <span class='ocrx_word' id='word_1_591' title='bbox 3160 1320 3279 1358; x_wconf 92' lang='lat' dir='ltr'><strong>cum</strong></span> <span class='ocrx_word' id='word_1_592' title='bbox 3328 1306 3706 1362; x_wconf 82' lang='lat' dir='ltr'><strong>meretricibus</strong></span> 
     </span>
    </p>
   </div>
   <div class='ocr_carea' id='block_1_73' title="bbox 2126 1389 3705 1464">
    <p class='ocr_par' dir='ltr' id='par_1_73' title="bbox 2126 1389 3705 1464">
     <span class='ocr_line' id='line_1_73' title="bbox 2126 1389 3705 1464; baseline 0.007 -24"><span class='ocrx_word' id='word_1_593' title='bbox 2126 1389 2375 1458; x_wconf 81' lang='lat' dir='ltr'><strong>prodige;</strong></span> <span class='ocrx_word' id='word_1_594' title='bbox 2423 1400 2476 1444; x_wconf 90' lang='lat' dir='ltr'><strong>et</strong></span> <span class='ocrx_word' id='word_1_595' title='bbox 2503 1400 2844 1461; x_wconf 84' lang='lat' dir='ltr'><strong>posteaquam</strong></span> <span class='ocrx_word' id='word_1_596' title='bbox 2890 1408 3078 1461; x_wconf 89' lang='lat' dir='ltr'><strong>porcos</strong></span> <span class='ocrx_word' id='word_1_597' title='bbox 3106 1395 3272 1464; x_wconf 87' lang='lat' dir='ltr'><strong>pavit,</strong></span> <span class='ocrx_word' id='word_1_598' title='bbox 3296 1405 3584 1464; x_wconf 85' lang='lat' dir='ltr'><strong>egestatem</strong></span> <span class='ocrx_word' id='word_1_599' title='bbox 3616 1396 3705 1450; x_wconf 78' lang='lat' dir='ltr'><strong>fa-</strong></span> 
     </span>
    </p>
   </div>
   <div class='ocr_carea' id='block_1_74' title="bbox 2125 1484 3701 1556">
    <p class='ocr_par' dir='ltr' id='par_1_74' title="bbox 2125 1484 3701 1556">
     <span class='ocr_line' id='line_1_74' title="bbox 2125 1484 3701 1556; baseline 0.008 -24"><span class='ocrx_word' id='word_1_600' title='bbox 2125 1495 2367 1550; x_wconf 79' lang='lat' dir='ltr'><strong>memque</strong></span> <span class='ocrx_word' id='word_1_601' title='bbox 2396 1496 2698 1550; x_wconf 83' lang='lat' dir='ltr'><strong>perpcssus,</strong></span> <span class='ocrx_word' id='word_1_602' title='bbox 2739 1497 2983 1537; x_wconf 86' lang='lat' dir='ltr'><strong>reversus</strong></span> <span class='ocrx_word' id='word_1_603' title='bbox 3025 1494 3106 1538; x_wconf 88' lang='lat' dir='ltr'><strong>est</strong></span> <span class='ocrx_word' id='word_1_604' title='bbox 3132 1484 3197 1538; x_wconf 90' lang='lat' dir='ltr'><strong>ad</strong></span> <span class='ocrx_word' id='word_1_605' title='bbox 3241 1486 3605 1556; x_wconf 81' lang='lat' dir='ltr'><strong>semetipsum,</strong></span> <span class='ocrx_word' id='word_1_606' title='bbox 3636 1499 3701 1544; x_wconf 83' lang='lat' dir='ltr'><strong>et</strong></span> 
     </span>
    </p>
   </div>
   <div class='ocr_carea' id='block_1_75' title="bbox 2123 1567 3700 1646">
    <p class='ocr_par' dir='ltr' id='par_1_75' title="bbox 2123 1567 3700 1646">
     <span class='ocr_line' id='line_1_75' title="bbox 2123 1567 3700 1646; baseline 0.005 -21"><span class='ocrx_word' id='word_1_607' title='bbox 2123 1569 2275 1635; x_wconf 82' lang='lat' dir='ltr'><strong>dixit,</strong></span> <span class='ocrx_word' id='word_1_608' title='bbox 2307 1571 2549 1642; x_wconf 86' lang='lat' dir='ltr'><strong>Surgam,</strong></span> <span class='ocrx_word' id='word_1_609' title='bbox 2580 1582 2626 1626; x_wconf 87' lang='lat' dir='ltr'><strong>ct</strong></span> <span class='ocrx_word' id='word_1_610' title='bbox 2662 1573 2742 1626; x_wconf 88' lang='lat' dir='ltr'><strong>ibo</strong></span> <span class='ocrx_word' id='word_1_611' title='bbox 2777 1573 2845 1625; x_wconf 88' lang='lat' dir='ltr'><strong>ad</strong></span> <span class='ocrx_word' id='word_1_612' title='bbox 2876 1584 3065 1643; x_wconf 88' lang='lat' dir='ltr'><strong>patrem</strong></span> <span class='ocrx_word' id='word_1_613' title='bbox 3097 1591 3279 1628; x_wconf 86' lang='lat' dir='ltr'><strong>meum.</strong></span> <span class='ocrx_word' id='word_1_614' title='bbox 3311 1575 3367 1630; x_wconf 86' lang='lat' dir='ltr'><strong>In</strong></span> <span class='ocrx_word' id='word_1_615' title='bbox 3407 1567 3512 1646; x_wconf 85' lang='lat' dir='ltr'><strong>quo</strong></span> <span class='ocrx_word' id='word_1_616' title='bbox 3551 1580 3700 1633; x_wconf 84' lang='lat' dir='ltr'><strong>enim</strong></span> 
     </span>
    </p>
   </div>
   <div class='ocr_carea' id='block_1_76' title="bbox 2123 1662 3698 1736">
    <p class='ocr_par' dir='ltr' id='par_1_76' title="bbox 2123 1662 3698 1736">
     <span class='ocr_line' id='line_1_76' title="bbox 2123 1662 3698 1736; baseline 0.006 -22"><span class='ocrx_word' id='word_1_617' title='bbox 2123 1662 2353 1717; x_wconf 83' lang='lat' dir='ltr'><strong>correxit</strong></span> <span class='ocrx_word' id='word_1_618' title='bbox 2379 1663 2515 1716; x_wconf 88' lang='lat' dir='ltr'><strong>viam</strong></span> <span class='ocrx_word' id='word_1_619' title='bbox 2547 1678 2716 1727; x_wconf 91' lang='lat' dir='ltr'><strong>suam,</strong></span> <span class='ocrx_word' id='word_1_620' title='bbox 2761 1663 2862 1717; x_wconf 77' lang='lat' dir='ltr'><strong>nisi</strong></span> <span class='ocrx_word' id='word_1_621' title='bbox 2907 1664 2956 1718; x_wconf 91' lang='lat' dir='ltr'><strong>in</strong></span> <span class='ocrx_word' id='word_1_622' title='bbox 3001 1666 3348 1721; x_wconf 86' lang='lat' dir='ltr'><strong>custodiendo</strong></span> <span class='ocrx_word' id='word_1_623' title='bbox 3377 1668 3538 1723; x_wconf 85' lang='lat' dir='ltr'><strong>verba</strong></span> <span class='ocrx_word' id='word_1_624' title='bbox 3579 1669 3698 1736; x_wconf 89' lang='lat' dir='ltr'><strong>Dei,</strong></span> 
     </span>
    </p>
   </div>
   <div class='ocr_carea' id='block_1_77' title="bbox 2123 1758 3700 1828">
    <p class='ocr_par' dir='ltr' id='par_1_77' title="bbox 2123 1758 3700 1828">
     <span class='ocr_line' id='line_1_77' title="bbox 2123 1758 3700 1828; baseline 0.006 -25"><span class='ocrx_word' id='word_1_625' title='bbox 2123 1766 2241 1820; x_wconf 70' lang='lat' dir='ltr'><strong>quc</strong></span> <span class='ocrx_word' id='word_1_626' title='bbox 2273 1761 2516 1819; x_wconf 76' lang='lat' dir='ltr'><strong>tanquam</strong></span> <span class='ocrx_word' id='word_1_627' title='bbox 2549 1768 2735 1822; x_wconf 88' lang='lat' dir='ltr'><strong>panem</strong></span> <span class='ocrx_word' id='word_1_628' title='bbox 2767 1769 3040 1823; x_wconf 83' lang='lat' dir='ltr'><strong>paternum</strong></span> <span class='ocrx_word' id='word_1_629' title='bbox 3067 1758 3310 1810; x_wconf 88' lang='lat' dir='ltr'><strong>esuriens</strong></span> <span class='ocrx_word' id='word_1_630' title='bbox 3345 1759 3649 1828; x_wconf 81' lang='lat' dir='ltr'><strong>concupivit</strong></span> <span class='ocrx_word' id='word_1_631' title='bbox 3677 1761 3700 1813; x_wconf 73' lang='grc'><strong><em>2</em></strong></span> 
     </span>
    </p>
   </div>
   <div class='ocr_carea' id='block_1_78' title="bbox 2122 1842 3700 1915">
    <p class='ocr_par' dir='ltr' id='par_1_78' title="bbox 2122 1842 3700 1915">
     <span class='ocr_line' id='line_1_78' title="bbox 2122 1842 3700 1915; baseline 0.005 -19"><span class='ocrx_word' id='word_1_632' title='bbox 2122 1842 2302 1912; x_wconf 80' lang='lat' dir='ltr'><strong>Neque</strong></span> <span class='ocrx_word' id='word_1_633' title='bbox 2331 1844 2471 1896; x_wconf 90' lang='lat' dir='ltr'><strong>enim</strong></span> <span class='ocrx_word' id='word_1_634' title='bbox 2503 1845 2792 1914; x_wconf 82' lang='lat' dir='ltr'><strong>corrigeret</strong></span> <span class='ocrx_word' id='word_1_635' title='bbox 2818 1845 2955 1898; x_wconf 89' lang='lat' dir='ltr'><strong>viam</strong></span> <span class='ocrx_word' id='word_1_636' title='bbox 2987 1859 3134 1899; x_wconf 90' lang='lat' dir='ltr'><strong>suam</strong></span> <span class='ocrx_word' id='word_1_637' title='bbox 3171 1845 3336 1901; x_wconf 82' lang='lat' dir='ltr'><strong>frater</strong></span> <span class='ocrx_word' id='word_1_638' title='bbox 3354 1847 3470 1915; x_wconf 87' lang='lat' dir='ltr'><strong>ejus</strong></span> <span class='ocrx_word' id='word_1_639' title='bbox 3496 1850 3700 1915; x_wconf 85' lang='lat' dir='ltr'><strong>senior,</strong></span> 
     </span>
    </p>
   </div>
   <div class='ocr_carea' id='block_1_79' title="bbox 2123 1933 3704 2003">
    <p class='ocr_par' dir='ltr' id='par_1_79' title="bbox 2123 1933 3704 2003">
     <span class='ocr_line' id='line_1_79' title="bbox 2123 1933 3704 2003; baseline 0.005 -18"><span class='ocrx_word' id='word_1_640' title='bbox 2123 1934 2210 2003; x_wconf 92' lang='lat' dir='ltr'><strong>qui</strong></span> <span class='ocrx_word' id='word_1_641' title='bbox 2240 1934 2373 2003; x_wconf 89' lang='lat' dir='ltr'><strong>patri</strong></span> <span class='ocrx_word' id='word_1_642' title='bbox 2408 1948 2504 1988; x_wconf 91' lang='lat' dir='ltr'><strong>suo</strong></span> <span class='ocrx_word' id='word_1_643' title='bbox 2532 1935 2683 2000; x_wconf 84' lang='lat' dir='ltr'><strong>dixit,</strong></span> <span class='ocrx_word' id='word_1_644' title='bbox 2719 1933 2850 1988; x_wconf 87' lang='lat' dir='ltr'><strong>Ecce</strong></span> <span class='ocrx_word' id='word_1_645' title='bbox 2873 1945 2942 1988; x_wconf 92' lang='lat' dir='ltr'><strong>tot</strong></span> <span class='ocrx_word' id='word_1_646' title='bbox 2968 1937 3114 1989; x_wconf 84' lang='lat' dir='ltr'><strong>anuis</strong></span> <span class='ocrx_word' id='word_1_647' title='bbox 3154 1938 3312 1990; x_wconf 79' lang='lat' dir='ltr'><strong>servio</strong></span> <span class='ocrx_word' id='word_1_648' title='bbox 3350 1937 3453 2000; x_wconf 85' lang='lat' dir='ltr'><strong>tibi,</strong></span> <span class='ocrx_word' id='word_1_649' title='bbox 3487 1949 3533 1992; x_wconf 88' lang='lat' dir='ltr'><strong>et</strong></span> <span class='ocrx_word' id='word_1_650' title='bbox 3569 1957 3704 1993; x_wconf 78' lang='lat' dir='ltr'><strong>nun-</strong></span> 
     </span>
    </p>
   </div>
   <div class='ocr_carea' id='block_1_80' title="bbox 2123 2027 3705 2100">
    <p class='ocr_par' dir='ltr' id='par_1_80' title="bbox 2123 2027 3705 2100">
     <span class='ocr_line' id='line_1_80' title="bbox 2123 2027 3705 2100; baseline 0.005 -22"><span class='ocrx_word' id='word_1_651' title='bbox 2123 2042 2273 2096; x_wconf 83' lang='lat' dir='ltr'><strong>quam</strong></span> <span class='ocrx_word' id='word_1_652' title='bbox 2309 2027 2600 2079; x_wconf 86' lang='lat' dir='ltr'><strong>mandatum</strong></span> <span class='ocrx_word' id='word_1_653' title='bbox 2639 2035 2778 2079; x_wconf 89' lang='lat' dir='ltr'><strong>tuum</strong></span> <span class='ocrx_word' id='word_1_654' title='bbox 2806 2029 3050 2096; x_wconf 80' lang='lat' dir='ltr'><strong>prccterii.</strong></span> <span class='ocrx_word' id='word_1_655' title='bbox 3089 2028 3276 2083; x_wconf 85' lang='lat' dir='ltr'><strong>Junior</strong></span> <span class='ocrx_word' id='word_1_656' title='bbox 3300 2045 3429 2100; x_wconf 83' lang='lat' dir='ltr'><strong>ergo</strong></span> <span class='ocrx_word' id='word_1_657' title='bbox 3458 2030 3547 2085; x_wconf 88' lang='lat' dir='ltr'><strong>ille</strong></span> <span class='ocrx_word' id='word_1_658' title='bbox 3578 2046 3705 2086; x_wconf 84' lang='lat' dir='ltr'><strong>cor-</strong></span> 
     </span>
    </p>
   </div>
   <div class='ocr_carea' id='block_1_81' title="bbox 2124 2119 3705 2191">
    <p class='ocr_par' dir='ltr' id='par_1_81' title="bbox 2124 2119 3705 2191">
     <span class='ocr_line' id='line_1_81' title="bbox 2124 2119 3705 2191; baseline 0.002 -19"><span class='ocrx_word' id='word_1_659' title='bbox 2124 2119 2261 2172; x_wconf 77' lang='lat' dir='ltr'><strong>rexit</strong></span> <span class='ocrx_word' id='word_1_660' title='bbox 2287 2119 2425 2172; x_wconf 88' lang='lat' dir='ltr'><strong>viam</strong></span> <span class='ocrx_word' id='word_1_661' title='bbox 2452 2133 2622 2184; x_wconf 88' lang='lat' dir='ltr'><strong>suam,</strong></span> <span class='ocrx_word' id='word_1_662' title='bbox 2655 2134 2810 2188; x_wconf 90' lang='lat' dir='ltr'><strong>quam</strong></span> <span class='ocrx_word' id='word_1_663' title='bbox 2837 2133 2895 2173; x_wconf 89' lang='lat' dir='ltr'><strong>se</strong></span> <span class='ocrx_word' id='word_1_664' title='bbox 2926 2120 2995 2172; x_wconf 88' lang='lat' dir='ltr'><strong>ita</strong></span> <span class='ocrx_word' id='word_1_665' title='bbox 3024 2119 3343 2189; x_wconf 89' lang='lat' dir='ltr'><strong>depravasse</strong></span> <span class='ocrx_word' id='word_1_666' title='bbox 3368 2137 3705 2191; x_wconf 78' lang='lat' dir='ltr'><strong>perversam-</strong></span> 
     </span>
    </p>
   </div>
   <div class='ocr_carea' id='block_1_82' title="bbox 2124 2208 3706 2279">
    <p class='ocr_par' dir='ltr' id='par_1_82' title="bbox 2124 2208 3706 2279">
     <span class='ocr_line' id='line_1_82' title="bbox 2124 2208 3706 2279; baseline 0.002 -17"><span class='ocrx_word' id='word_1_667' title='bbox 2124 2225 2226 2278; x_wconf 87' lang='lat' dir='ltr'><strong>que</strong></span> <span class='ocrx_word' id='word_1_668' title='bbox 2247 2209 2492 2263; x_wconf 90' lang='lat' dir='ltr'><strong>habuisse</strong></span> <span class='ocrx_word' id='word_1_669' title='bbox 2517 2208 2795 2263; x_wconf 73' lang='lat' dir='ltr'><strong>confessus</strong></span> <span class='ocrx_word' id='word_1_670' title='bbox 2821 2218 2918 2274; x_wconf 89' lang='lat' dir='ltr'><strong>est,</strong></span> <span class='ocrx_word' id='word_1_671' title='bbox 2950 2218 3009 2264; x_wconf 93' lang='lat' dir='ltr'><strong>ut</strong></span> <span class='ocrx_word' id='word_1_672' title='bbox 3031 2210 3164 2279; x_wconf 89' lang='lat' dir='ltr'><strong>patri</strong></span> <span class='ocrx_word' id='word_1_673' title='bbox 3193 2209 3412 2276; x_wconf 85' lang='lat' dir='ltr'><strong>diceret,</strong></span> <span class='ocrx_word' id='word_1_674' title='bbox 3437 2209 3561 2265; x_wconf 76' lang='lat' dir='ltr'><strong>lam</strong></span> <span class='ocrx_word' id='word_1_675' title='bbox 3596 2229 3706 2266; x_wconf 83' lang='lat' dir='ltr'><strong>non</strong></span> 
     </span>
    </p>
   </div>
   <div class='ocr_carea' id='block_1_83' title="bbox 2123 2298 3706 2372">
    <p class='ocr_par' dir='ltr' id='par_1_83' title="bbox 2123 2298 3706 2372">
     <span class='ocr_line' id='line_1_83' title="bbox 2123 2298 3706 2372; baseline 0.003 -18"><span class='ocrx_word' id='word_1_676' title='bbox 2123 2315 2234 2354; x_wconf 83' lang='lat' dir='ltr'><strong>sum</strong></span> <span class='ocrx_word' id='word_1_677' title='bbox 2260 2299 2441 2370; x_wconf 84' lang='lat' dir='ltr'><strong>dignus</strong></span> <span class='ocrx_word' id='word_1_678' title='bbox 2468 2299 2635 2353; x_wconf 83' lang='lat' dir='ltr'><strong>vocari</strong></span> <span class='ocrx_word' id='word_1_679' title='bbox 2664 2298 2801 2368; x_wconf 81' lang='lat' dir='ltr'><strong>ﬁlius</strong></span> <span class='ocrx_word' id='word_1_680' title='bbox 2823 2311 2936 2354; x_wconf 85' lang='lat' dir='ltr'><strong>tuus</strong></span> <span class='ocrx_word' id='word_1_681' title='bbox 2962 2299 3107 2368; x_wconf 89' lang='lat' dir='ltr'><strong>(Luc.</strong></span> <span class='ocrx_word' id='word_1_682' title='bbox 3139 2317 3226 2366; x_wconf 76' lang='lat' dir='ltr'><strong>xv,</strong></span> <span class='ocrx_word' id='word_1_683' title='bbox 3257 2299 3461 2372; x_wconf 70' lang='lat'><strong>12-21).</strong></span> <span class='ocrx_word' id='word_1_684' title='bbox 3488 2301 3706 2358; x_wconf 84' lang='lat' dir='ltr'><strong>Tertius</strong></span> 
     </span>
    </p>
   </div>
   <div class='ocr_carea' id='block_1_84' title="bbox 2124 2389 3702 2462">
    <p class='ocr_par' dir='ltr' id='par_1_84' title="bbox 2124 2389 3702 2462">
     <span class='ocr_line' id='line_1_84' title="bbox 2124 2389 3702 2462; baseline -0.001 -19"><span class='ocrx_word' id='word_1_685' title='bbox 2124 2404 2334 2459; x_wconf 89' lang='lat' dir='ltr'><strong>quoque</strong></span> <span class='ocrx_word' id='word_1_686' title='bbox 2372 2389 2666 2443; x_wconf 86' lang='lat' dir='ltr'><strong>intellectus</strong></span> <span class='ocrx_word' id='word_1_687' title='bbox 2710 2389 2839 2442; x_wconf 91' lang='lat' dir='ltr'><strong>mihi</strong></span> <span class='ocrx_word' id='word_1_688' title='bbox 2865 2390 3114 2454; x_wconf 88' lang='lat' dir='ltr'><strong>occurrit,</strong></span> <span class='ocrx_word' id='word_1_689' title='bbox 3145 2404 3299 2460; x_wconf 88' lang='lat' dir='ltr'><strong>quem</strong></span> <span class='ocrx_word' id='word_1_690' title='bbox 3329 2391 3538 2460; x_wconf 90' lang='lat' dir='ltr'><strong>quidem</strong></span> <span class='ocrx_word' id='word_1_691' title='bbox 3572 2407 3702 2462; x_wconf 85' lang='lat' dir='ltr'><strong>ego,</strong></span> 
     </span>
    </p>
   </div>
   <div class='ocr_carea' id='block_1_85' title="bbox 2124 2480 3702 2551">
    <p class='ocr_par' dir='ltr' id='par_1_85' title="bbox 2124 2480 3702 2551">
     <span class='ocr_line' id='line_1_85' title="bbox 2124 2480 3702 2551; baseline 0.003 -18"><span class='ocrx_word' id='word_1_692' title='bbox 2124 2491 2374 2551; x_wconf 91' lang='lat' dir='ltr'><strong>quantum</strong></span> <span class='ocrx_word' id='word_1_693' title='bbox 2401 2496 2497 2550; x_wconf 89' lang='lat' dir='ltr'><strong>pro</strong></span> <span class='ocrx_word' id='word_1_694' title='bbox 2525 2480 2736 2535; x_wconf 89' lang='lat' dir='ltr'><strong>modulo</strong></span> <span class='ocrx_word' id='word_1_695' title='bbox 2767 2493 2886 2535; x_wconf 90' lang='lat' dir='ltr'><strong>meo</strong></span> <span class='ocrx_word' id='word_1_696' title='bbox 2910 2482 3076 2551; x_wconf 87' lang='lat' dir='ltr'><strong>sapio,</strong></span> <span class='ocrx_word' id='word_1_697' title='bbox 3102 2480 3308 2536; x_wconf 89' lang='lat' dir='ltr'><strong>duobus</strong></span> <span class='ocrx_word' id='word_1_698' title='bbox 3332 2483 3702 2551; x_wconf 80' lang='lat' dir='ltr'><strong>superioribus</strong></span> 
     </span>
    </p>
   </div>
   <div class='ocr_carea' id='block_1_86' title="bbox 2124 2570 3703 2642">
    <p class='ocr_par' dir='ltr' id='par_1_86' title="bbox 2124 2570 3703 2642">
     <span class='ocr_line' id='line_1_86' title="bbox 2124 2570 3703 2642; baseline 0.001 -16"><span class='ocrx_word' id='word_1_699' title='bbox 2124 2581 2392 2642; x_wconf 89' lang='lat' dir='ltr'><strong>antepono</strong></span> <span class='ocrx_word' id='word_1_700' title='bbox 2422 2589 2434 2624; x_wconf 92' lang='lat'>:</span> <span class='ocrx_word' id='word_1_701' title='bbox 2461 2581 2519 2627; x_wconf 92' lang='lat' dir='ltr'><strong>ut</strong></span> <span class='ocrx_word' id='word_1_702' title='bbox 2543 2572 2720 2626; x_wconf 88' lang='lat' dir='ltr'><strong>senior</strong></span> <span class='ocrx_word' id='word_1_703' title='bbox 2746 2570 3077 2641; x_wconf 82' lang='lat' dir='ltr'><strong>agnoscatur,</strong></span> <span class='ocrx_word' id='word_1_704' title='bbox 3121 2581 3274 2626; x_wconf 91' lang='lat' dir='ltr'><strong>vetus</strong></span> <span class='ocrx_word' id='word_1_705' title='bbox 3297 2572 3486 2631; x_wconf 88' lang='lat' dir='ltr'><strong>homo:</strong></span> <span class='ocrx_word' id='word_1_706' title='bbox 3515 2582 3567 2627; x_wconf 89' lang='lat' dir='ltr'><strong>et</strong></span> <span class='ocrx_word' id='word_1_707' title='bbox 3597 2589 3703 2628; x_wconf 84' lang='lat' dir='ltr'><strong>no-</strong></span> 
     </span>
    </p>
   </div>
   <div class='ocr_carea' id='block_1_87' title="bbox 2126 2661 3707 2733">
    <p class='ocr_par' dir='ltr' id='par_1_87' title="bbox 2126 2661 3707 2733">
     <span class='ocr_line' id='line_1_87' title="bbox 2126 2661 3707 2733; baseline 0.001 -18"><span class='ocrx_word' id='word_1_708' title='bbox 2126 2678 2242 2729; x_wconf 91' lang='lat' dir='ltr'><strong>vus,</strong></span> <span class='ocrx_word' id='word_1_709' title='bbox 2267 2663 2446 2733; x_wconf 89' lang='lat' dir='ltr'><strong>junior</strong></span> <span class='ocrx_word' id='word_1_710' title='bbox 2473 2682 2485 2715; x_wconf 93' lang='lat'><strong>:</strong></span> <span class='ocrx_word' id='word_1_711' title='bbox 2515 2661 2711 2725; x_wconf 84' lang='lat' dir='ltr'><strong>senior,</strong></span> <span class='ocrx_word' id='word_1_712' title='bbox 2741 2663 2829 2731; x_wconf 93' lang='lat' dir='ltr'><strong>qui</strong></span> <span class='ocrx_word' id='word_1_713' title='bbox 2862 2671 3034 2730; x_wconf 85' lang='lat' dir='ltr'><strong>portat</strong></span> <span class='ocrx_word' id='word_1_714' title='bbox 3060 2662 3342 2732; x_wconf 77' lang='lat' dir='ltr'><strong>imaginem</strong></span> <span class='ocrx_word' id='word_1_715' title='bbox 3370 2663 3563 2717; x_wconf 89' lang='lat' dir='ltr'><strong>terreni</strong></span> <span class='ocrx_word' id='word_1_716' title='bbox 3599 2662 3707 2717; x_wconf 85' lang='lat' dir='ltr'><strong>ho-</strong></span> 
     </span>
    </p>
   </div>
   <div class='ocr_carea' id='block_1_88' title="bbox 2125 2753 3703 2825">
    <p class='ocr_par' dir='ltr' id='par_1_88' title="bbox 2125 2753 3703 2825">
     <span class='ocr_line' id='line_1_88' title="bbox 2125 2753 3703 2825; baseline -0.001 -16"><span class='ocrx_word' id='word_1_717' title='bbox 2125 2755 2313 2817; x_wconf 88' lang='lat' dir='ltr'><strong>minis;</strong></span> <span class='ocrx_word' id='word_1_718' title='bbox 2331 2753 2530 2823; x_wconf 90' lang='lat' dir='ltr'><strong>junior,</strong></span> <span class='ocrx_word' id='word_1_719' title='bbox 2559 2753 2645 2823; x_wconf 85' lang='lat' dir='ltr'><strong>qui</strong></span> <span class='ocrx_word' id='word_1_720' title='bbox 2677 2753 2940 2808; x_wconf 74' lang='lat' dir='ltr'><strong>cmlestis:</strong></span> <span class='ocrx_word' id='word_1_721' title='bbox 2975 2753 3095 2823; x_wconf 86' lang='lat' dir='ltr'><strong>quia</strong></span> <span class='ocrx_word' id='word_1_722' title='bbox 3125 2771 3223 2808; x_wconf 86' lang='lat' dir='ltr'><strong>non</strong></span> <span class='ocrx_word' id='word_1_723' title='bbox 3260 2755 3398 2822; x_wconf 87' lang='lat' dir='ltr'><strong>prius</strong></span> <span class='ocrx_word' id='word_1_724' title='bbox 3424 2757 3556 2825; x_wconf 84' lang='lat' dir='ltr'><strong>quod</strong></span> <span class='ocrx_word' id='word_1_725' title='bbox 3585 2756 3703 2825; x_wconf 79' lang='lat' dir='ltr'><strong>spi-</strong></span> 
     </span>
    </p>
   </div>
   <div class='ocr_carea' id='block_1_89' title="bbox 2128 2843 3699 2916">
    <p class='ocr_par' dir='ltr' id='par_1_89' title="bbox 2128 2843 3699 2916">
     <span class='ocr_line' id='line_1_89' title="bbox 2128 2843 3699 2916; baseline 0.001 -18"><span class='ocrx_word' id='word_1_726' title='bbox 2128 2845 2313 2898; x_wconf 85' lang='lat' dir='ltr'><strong>rituale</strong></span> <span class='ocrx_word' id='word_1_727' title='bbox 2327 2853 2416 2907; x_wconf 86' lang='lat' dir='ltr'><strong>est,</strong></span> <span class='ocrx_word' id='word_1_728' title='bbox 2440 2844 2526 2897; x_wconf 80' lang='lat' dir='ltr'><strong>sed</strong></span> <span class='ocrx_word' id='word_1_729' title='bbox 2537 2843 2672 2914; x_wconf 84' lang='lat' dir='ltr'><strong>quod</strong></span> <span class='ocrx_word' id='word_1_730' title='bbox 2683 2843 2902 2897; x_wconf 88' lang='lat' dir='ltr'><strong>animale</strong></span> <span class='ocrx_word' id='word_1_731' title='bbox 2917 2861 2935 2909; x_wconf 89' lang='lat'><strong>;</strong></span> <span class='ocrx_word' id='word_1_732' title='bbox 2953 2852 3121 2914; x_wconf 86' lang='lat' dir='ltr'><strong>postea</strong></span> <span class='ocrx_word' id='word_1_733' title='bbox 3135 2845 3397 2914; x_wconf 83' lang='lat' dir='ltr'><strong>spirituale</strong></span> <span class='ocrx_word' id='word_1_734' title='bbox 3413 2845 3454 2916; x_wconf 93' lang='lat' dir='ltr'><strong>(l</strong></span> <span class='ocrx_word' id='word_1_735' title='bbox 3467 2846 3578 2898; x_wconf 80' lang='lat' dir='ltr'><strong>Cor.</strong></span> <span class='ocrx_word' id='word_1_736' title='bbox 3597 2862 3699 2912; x_wconf 77' lang='lat' dir='ltr'><strong>xv,</strong></span> 
     </span>
    </p>
   </div>
   <div class='ocr_carea' id='block_1_90' title="bbox 2124 2934 3701 3008">
    <p class='ocr_par' dir='ltr' id='par_1_90' title="bbox 2124 2934 3701 3008">
     <span class='ocr_line' id='line_1_90' title="bbox 2124 2934 3701 3008; baseline 0.001 -16"><span class='ocrx_word' id='word_1_737' title='bbox 2124 2936 2213 3000; x_wconf 68' lang='lat'><strong>49,</strong></span> <span class='ocrx_word' id='word_1_738' title='bbox 2242 2934 2352 3008; x_wconf 72' lang='grc'><strong>46).</strong></span> <span class='ocrx_word' id='word_1_739' title='bbox 2399 2935 2481 2990; x_wconf 89' lang='lat' dir='ltr'><strong>Sit</strong></span> <span class='ocrx_word' id='word_1_740' title='bbox 2519 2951 2644 3005; x_wconf 86' lang='lat' dir='ltr'><strong>ergo</strong></span> <span class='ocrx_word' id='word_1_741' title='bbox 2671 2936 2794 2990; x_wconf 84' lang='lat' dir='ltr'><strong>licet</strong></span> <span class='ocrx_word' id='word_1_742' title='bbox 2816 2936 3054 3006; x_wconf 85' lang='lat' dir='ltr'><strong>quilibet,</strong></span> <span class='ocrx_word' id='word_1_743' title='bbox 3083 2945 3337 3007; x_wconf 90' lang='lat' dir='ltr'><strong>quantum</strong></span> <span class='ocrx_word' id='word_1_744' title='bbox 3381 2938 3448 2992; x_wconf 91' lang='lat' dir='ltr'><strong>ad</strong></span> <span class='ocrx_word' id='word_1_745' title='bbox 3480 2949 3701 2994; x_wconf 70' lang='lat' dir='ltr'><strong>tetatem</strong></span> 
     </span>
    </p>
   </div>
   <div class='ocr_carea' id='block_1_91' title="bbox 2126 3026 3704 3099">
    <p class='ocr_par' dir='ltr' id='par_1_91' title="bbox 2126 3026 3704 3099">
     <span class='ocr_line' id='line_1_91' title="bbox 2126 3026 3704 3099; baseline 0.003 -19"><span class='ocrx_word' id='word_1_746' title='bbox 2126 3026 2354 3096; x_wconf 85' lang='lat' dir='ltr'><strong>pertinet</strong></span> <span class='ocrx_word' id='word_1_747' title='bbox 2377 3026 2633 3096; x_wconf 84' lang='lat' dir='ltr'><strong>corporis,</strong></span> <span class='ocrx_word' id='word_1_748' title='bbox 2663 3040 2861 3080; x_wconf 90' lang='lat' dir='ltr'><strong>annosa</strong></span> <span class='ocrx_word' id='word_1_749' title='bbox 2891 3035 3149 3082; x_wconf 88' lang='lat' dir='ltr'><strong>vetustate</strong></span> <span class='ocrx_word' id='word_1_750' title='bbox 3177 3027 3495 3098; x_wconf 86' lang='lat' dir='ltr'><strong>decrepitus,</strong></span> <span class='ocrx_word' id='word_1_751' title='bbox 3512 3030 3704 3099; x_wconf 87' lang='lat' dir='ltr'><strong>junior</strong></span> 
     </span>
    </p>
   </div>
   <div class='ocr_carea' id='block_1_92' title="bbox 2126 3117 3705 3189">
    <p class='ocr_par' dir='ltr' id='par_1_92' title="bbox 2126 3117 3705 3189">
     <span class='ocr_line' id='line_1_92' title="bbox 2126 3117 3705 3189; baseline 0.004 -18"><span class='ocrx_word' id='word_1_752' title='bbox 2126 3118 2226 3171; x_wconf 89' lang='lat' dir='ltr'><strong>erit</strong></span> <span class='ocrx_word' id='word_1_753' title='bbox 2252 3117 2318 3170; x_wconf 90' lang='lat' dir='ltr'><strong>ad</strong></span> <span class='ocrx_word' id='word_1_754' title='bbox 2352 3118 2513 3171; x_wconf 89' lang='lat' dir='ltr'><strong>Deum</strong></span> <span class='ocrx_word' id='word_1_755' title='bbox 2543 3125 2788 3187; x_wconf 86' lang='lat' dir='ltr'><strong>percepta</strong></span> <span class='ocrx_word' id='word_1_756' title='bbox 2819 3118 3001 3189; x_wconf 75' lang='lat' dir='ltr'><strong>gratia:</strong></span> <span class='ocrx_word' id='word_1_757' title='bbox 3041 3119 3273 3188; x_wconf 84' lang='lat' dir='ltr'><strong>novitate</strong></span> <span class='ocrx_word' id='word_1_758' title='bbox 3299 3134 3612 3185; x_wconf 86' lang='lat' dir='ltr'><strong>conversus;</strong></span> <span class='ocrx_word' id='word_1_759' title='bbox 3637 3131 3705 3177; x_wconf 79' lang='lat' dir='ltr'><strong>et</strong></span> 
     </span>
    </p>
   </div>
   <div class='ocr_carea' id='block_1_93' title="bbox 2127 3207 3699 3280">
    <p class='ocr_par' dir='ltr' id='par_1_93' title="bbox 2127 3207 3699 3280">
     <span class='ocr_line' id='line_1_93' title="bbox 2127 3207 3699 3280; baseline 0.004 -20"><span class='ocrx_word' id='word_1_760' title='bbox 2127 3207 2178 3260; x_wconf 91' lang='lat' dir='ltr'><strong>in</strong></span> <span class='ocrx_word' id='word_1_761' title='bbox 2201 3207 2300 3261; x_wconf 93' lang='lat' dir='ltr'><strong>hoc</strong></span> <span class='ocrx_word' id='word_1_762' title='bbox 2319 3207 2534 3277; x_wconf 85' lang='lat' dir='ltr'><strong>corrigit</strong></span> <span class='ocrx_word' id='word_1_763' title='bbox 2559 3208 2692 3261; x_wconf 88' lang='lat' dir='ltr'><strong>viam</strong></span> <span class='ocrx_word' id='word_1_764' title='bbox 2717 3223 2890 3274; x_wconf 82' lang='lat' dir='ltr'><strong>suam,</strong></span> <span class='ocrx_word' id='word_1_765' title='bbox 2915 3208 2965 3262; x_wconf 92' lang='lat' dir='ltr'><strong>in</strong></span> <span class='ocrx_word' id='word_1_766' title='bbox 2991 3208 3340 3264; x_wconf 89' lang='lat' dir='ltr'><strong>custodiendo</strong></span> <span class='ocrx_word' id='word_1_767' title='bbox 3362 3211 3518 3266; x_wconf 85' lang='lat' dir='ltr'><strong>verba</strong></span> <span class='ocrx_word' id='word_1_768' title='bbox 3542 3213 3699 3280; x_wconf 83' lang='lat' dir='ltr'><strong>ejus:</strong></span> 
     </span>
    </p>
   </div>
   <div class='ocr_carea' id='block_1_94' title="bbox 2129 3297 3700 3372">
    <p class='ocr_par' dir='ltr' id='par_1_94' title="bbox 2129 3297 3700 3372">
     <span class='ocr_line' id='line_1_94' title="bbox 2129 3297 3700 3372; baseline 0.004 -22"><span class='ocrx_word' id='word_1_769' title='bbox 2129 3298 2230 3353; x_wconf 91' lang='lat' dir='ltr'><strong>boc</strong></span> <span class='ocrx_word' id='word_1_770' title='bbox 2257 3307 2337 3352; x_wconf 89' lang='lat' dir='ltr'><strong>est</strong></span> <span class='ocrx_word' id='word_1_771' title='bbox 2361 3297 2582 3351; x_wconf 87' lang='lat' dir='ltr'><strong>verbum</strong></span> <span class='ocrx_word' id='word_1_772' title='bbox 2629 3297 2748 3352; x_wconf 87' lang='lat' dir='ltr'><strong>ﬁdei</strong></span> <span class='ocrx_word' id='word_1_773' title='bbox 2775 3297 2915 3368; x_wconf 89' lang='lat' dir='ltr'><strong>quod</strong></span> <span class='ocrx_word' id='word_1_774' title='bbox 2955 3298 3301 3368; x_wconf 66' lang='lat' dir='ltr'><strong>praedicamus</strong></span> <span class='ocrx_word' id='word_1_775' title='bbox 3329 3299 3499 3370; x_wconf 87' lang='lat' dir='ltr'><strong>(Rom.</strong></span> <span class='ocrx_word' id='word_1_776' title='bbox 3525 3318 3580 3362; x_wconf 71' lang='grc' dir='ltr'><strong>ι.</strong></span> <span class='ocrx_word' id='word_1_777' title='bbox 3610 3302 3700 3372; x_wconf 83' lang='grc'><strong>8),</strong></span> 
     </span>
    </p>
   </div>
   <div class='ocr_carea' id='block_1_95' title="bbox 2127 3388 3701 3466">
    <p class='ocr_par' dir='ltr' id='par_1_95' title="bbox 2127 3388 3701 3466">
     <span class='ocr_line' id='line_1_95' title="bbox 2127 3388 3701 3466; baseline 0.004 -22"><span class='ocrx_word' id='word_1_778' title='bbox 2127 3398 2182 3444; x_wconf 90' lang='lat' dir='ltr'><strong>et</strong></span> <span class='ocrx_word' id='word_1_779' title='bbox 2218 3388 2328 3458; x_wconf 90' lang='lat' dir='ltr'><strong>ipsa</strong></span> <span class='ocrx_word' id='word_1_780' title='bbox 2357 3397 2440 3444; x_wconf 89' lang='lat' dir='ltr'><strong>est</strong></span> <span class='ocrx_word' id='word_1_781' title='bbox 2481 3388 2612 3444; x_wconf 89' lang='lat' dir='ltr'><strong>ﬁdes</strong></span> <span class='ocrx_word' id='word_1_782' title='bbox 2636 3404 2755 3459; x_wconf 78' lang='lat' dir='ltr'><strong>quae</strong></span> <span class='ocrx_word' id='word_1_783' title='bbox 2780 3405 2876 3460; x_wconf 88' lang='lat' dir='ltr'><strong>per</strong></span> <span class='ocrx_word' id='word_1_784' title='bbox 2901 3389 3239 3447; x_wconf 87' lang='lat' dir='ltr'><strong>dilectionem</strong></span> <span class='ocrx_word' id='word_1_785' title='bbox 3280 3402 3528 3463; x_wconf 86' lang='lat' dir='ltr'><strong>operatur</strong></span> <span class='ocrx_word' id='word_1_786' title='bbox 3565 3393 3701 3466; x_wconf 82' lang='lat' dir='ltr'><strong>(Ga-</strong></span> 
     </span>
    </p>
   </div>
   <div class='ocr_carea' id='block_1_96' title="bbox 2127 3480 2406 3552">
    <p class='ocr_par' dir='ltr' id='par_1_96' title="bbox 2127 3480 2406 3552">
     <span class='ocr_line' id='line_1_96' title="bbox 2127 3480 2406 3552; baseline -0.004 -17"><span class='ocrx_word' id='word_1_787' title='bbox 2127 3481 2219 3535; x_wconf 92' lang='lat' dir='ltr'><strong>lat.</strong></span> <span class='ocrx_word' id='word_1_788' title='bbox 2249 3497 2303 3548; x_wconf 85' lang='lat' dir='ltr'><strong>v,</strong></span> <span class='ocrx_word' id='word_1_789' title='bbox 2330 3480 2406 3552; x_wconf 88' lang='lat'><strong>6).</strong></span> 
     </span>
    </p>
   </div>
   <div class='ocr_carea' id='block_1_97' title="bbox 2198 3572 3701 3648">
    <p class='ocr_par' dir='ltr' id='par_1_97' title="bbox 2198 3572 3701 3648">
     <span class='ocr_line' id='line_1_97' title="bbox 2198 3572 3701 3648; baseline 0.004 -20"><span class='ocrx_word' id='word_1_790' title='bbox 2198 3573 2251 3628; x_wconf 80' lang='lat'><strong>5.</strong></span> <span class='ocrx_word' id='word_1_791' title='bbox 2280 3572 2433 3646; x_wconf 81' lang='lat' dir='ltr'><strong>~[vers.</strong></span> <span class='ocrx_word' id='word_1_792' title='bbox 2462 3573 2571 3646; x_wconf 74' lang='lat'><strong>10.]</strong></span> <span class='ocrx_word' id='word_1_793' title='bbox 2596 3572 2700 3629; x_wconf 87' lang='lat' dir='ltr'><strong>Sed</strong></span> <span class='ocrx_word' id='word_1_794' title='bbox 2724 3575 2821 3628; x_wconf 89' lang='lat' dir='ltr'><strong>iste</strong></span> <span class='ocrx_word' id='word_1_795' title='bbox 2842 3573 3022 3644; x_wconf 91' lang='lat' dir='ltr'><strong>junior</strong></span> <span class='ocrx_word' id='word_1_796' title='bbox 3049 3576 3294 3646; x_wconf 86' lang='lat' dir='ltr'><strong>populus,</strong></span> <span class='ocrx_word' id='word_1_797' title='bbox 3325 3579 3508 3648; x_wconf 60' lang='lat' dir='ltr'><strong>gratiae</strong></span> <span class='ocrx_word' id='word_1_798' title='bbox 3535 3579 3701 3644; x_wconf 86' lang='lat' dir='ltr'><strong>ﬁlius,</strong></span> 
     </span>
    </p>
   </div>
   <div class='ocr_carea' id='block_1_98' title="bbox 2129 3663 3703 3734">
    <p class='ocr_par' dir='ltr' id='par_1_98' title="bbox 2129 3663 3703 3734">
     <span class='ocr_line' id='line_1_98' title="bbox 2129 3663 3703 3734; baseline 0.006 -16"><span class='ocrx_word' id='word_1_799' title='bbox 2129 3663 2288 3718; x_wconf 85' lang='lat' dir='ltr'><strong>homo</strong></span> <span class='ocrx_word' id='word_1_800' title='bbox 2313 3680 2501 3731; x_wconf 90' lang='lat' dir='ltr'><strong>novus,</strong></span> <span class='ocrx_word' id='word_1_801' title='bbox 2529 3673 2770 3720; x_wconf 89' lang='lat' dir='ltr'><strong>cantator</strong></span> <span class='ocrx_word' id='word_1_802' title='bbox 2793 3668 2913 3720; x_wconf 87' lang='lat' dir='ltr'><strong>novi</strong></span> <span class='ocrx_word' id='word_1_803' title='bbox 2941 3669 3168 3734; x_wconf 80' lang='lat' dir='ltr'><strong>cantici,</strong></span> <span class='ocrx_word' id='word_1_804' title='bbox 3197 3669 3369 3726; x_wconf 64' lang='lat' dir='ltr'><strong>haeres</strong></span> <span class='ocrx_word' id='word_1_805' title='bbox 3398 3673 3703 3728; x_wconf 73' lang='lat' dir='ltr'><strong>testamenti</strong></span> 
     </span>
    </p>
   </div>
   <div class='ocr_carea' id='block_1_99' title="bbox 2130 3754 3698 3827">
    <p class='ocr_par' dir='ltr' id='par_1_99' title="bbox 2130 3754 3698 3827">
     <span class='ocr_line' id='line_1_99' title="bbox 2130 3754 3698 3827; baseline 0.003 -17"><span class='ocrx_word' id='word_1_806' title='bbox 2130 3755 2291 3820; x_wconf 90' lang='lat' dir='ltr'><strong>novi,</strong></span> <span class='ocrx_word' id='word_1_807' title='bbox 2324 3755 2424 3810; x_wconf 88' lang='lat' dir='ltr'><strong>iste</strong></span> <span class='ocrx_word' id='word_1_808' title='bbox 2465 3754 2646 3826; x_wconf 89' lang='lat' dir='ltr'><strong>junior</strong></span> <span class='ocrx_word' id='word_1_809' title='bbox 2683 3771 2788 3810; x_wconf 91' lang='lat' dir='ltr'><strong>non</strong></span> <span class='ocrx_word' id='word_1_810' title='bbox 2827 3755 2958 3811; x_wconf 89' lang='lat' dir='ltr'><strong>Cain</strong></span> <span class='ocrx_word' id='word_1_811' title='bbox 2978 3797 2994 3822; x_wconf 91' lang='lat'><strong>,</strong></span> <span class='ocrx_word' id='word_1_812' title='bbox 3023 3756 3115 3812; x_wconf 87' lang='lat' dir='ltr'><strong>sed</strong></span> <span class='ocrx_word' id='word_1_813' title='bbox 3145 3758 3310 3824; x_wconf 87' lang='lat' dir='ltr'><strong>Abel;</strong></span> <span class='ocrx_word' id='word_1_814' title='bbox 3339 3775 3444 3814; x_wconf 89' lang='lat' dir='ltr'><strong>non</strong></span> <span class='ocrx_word' id='word_1_815' title='bbox 3471 3760 3698 3827; x_wconf 80' lang='lat' dir='ltr'><strong>lsntael,</strong></span> 
     </span>
    </p>
   </div>
   <div class='ocr_carea' id='block_1_100' title="bbox 2131 3845 3700 3919">
    <p class='ocr_par' dir='ltr' id='par_1_100' title="bbox 2131 3845 3700 3919">
     <span class='ocr_line' id='line_1_100' title="bbox 2131 3845 3700 3919; baseline 0.005 -19"><span class='ocrx_word' id='word_1_816' title='bbox 2131 3845 2222 3900; x_wconf 91' lang='lat' dir='ltr'><strong>sed</strong></span> <span class='ocrx_word' id='word_1_817' title='bbox 2280 3845 2452 3910; x_wconf 87' lang='lat' dir='ltr'><strong>Isaac;</strong></span> <span class='ocrx_word' id='word_1_818' title='bbox 2505 3861 2608 3900; x_wconf 89' lang='lat' dir='ltr'><strong>non</strong></span> <span class='ocrx_word' id='word_1_819' title='bbox 2660 3845 2835 3913; x_wconf 83' lang='lat' dir='ltr'><strong>Esau,</strong></span> <span class='ocrx_word' id='word_1_820' title='bbox 2865 3846 2961 3902; x_wconf 89' lang='lat' dir='ltr'><strong>sed</strong></span> <span class='ocrx_word' id='word_1_821' title='bbox 3007 3846 3196 3913; x_wconf 89' lang='lat' dir='ltr'><strong>Israel;</strong></span> <span class='ocrx_word' id='word_1_822' title='bbox 3246 3865 3349 3905; x_wconf 89' lang='lat' dir='ltr'><strong>non</strong></span> <span class='ocrx_word' id='word_1_823' title='bbox 3396 3851 3700 3919; x_wconf 84' lang='lat' dir='ltr'><strong>Manasses,</strong></span> 
     </span>
    </p>
   </div>
   <div class='ocr_carea' id='block_1_101' title="bbox 2131 3935 3699 4009">
    <p class='ocr_par' dir='ltr' id='par_1_101' title="bbox 2131 3935 3699 4009">
     <span class='ocr_line' id='line_1_101' title="bbox 2131 3935 3699 4009; baseline 0.005 -19"><span class='ocrx_word' id='word_1_824' title='bbox 2131 3936 2222 3991; x_wconf 81' lang='lat' dir='ltr'><strong>sed</strong></span> <span class='ocrx_word' id='word_1_825' title='bbox 2253 3935 2534 4005; x_wconf 67' lang='lat' dir='ltr'><strong>Ephraem;</strong></span> <span class='ocrx_word' id='word_1_826' title='bbox 2566 3952 2670 3990; x_wconf 92' lang='lat' dir='ltr'><strong>non</strong></span> <span class='ocrx_word' id='word_1_827' title='bbox 2697 3935 2811 3991; x_wconf 86' lang='lat' dir='ltr'><strong>lleli</strong></span> <span class='ocrx_word' id='word_1_828' title='bbox 2831 3978 2847 4002; x_wconf 93' lang='lat'><strong>,</strong></span> <span class='ocrx_word' id='word_1_829' title='bbox 2874 3937 2967 3992; x_wconf 91' lang='lat' dir='ltr'><strong>sed</strong></span> <span class='ocrx_word' id='word_1_830' title='bbox 2998 3939 3244 4004; x_wconf 88' lang='lat' dir='ltr'><strong>Samuel;</strong></span> <span class='ocrx_word' id='word_1_831' title='bbox 3275 3955 3381 3995; x_wconf 93' lang='lat' dir='ltr'><strong>non</strong></span> <span class='ocrx_word' id='word_1_832' title='bbox 3411 3940 3535 3997; x_wconf 87' lang='lat' dir='ltr'><strong>Saul</strong></span> <span class='ocrx_word' id='word_1_833' title='bbox 3556 3984 3572 4009; x_wconf 94' lang='lat'><strong>,</strong></span> <span class='ocrx_word' id='word_1_834' title='bbox 3605 3944 3699 3998; x_wconf 83' lang='lat' dir='ltr'><strong>sed</strong></span> 
     </span>
    </p>
   </div>
   <div class='ocr_carea' id='block_1_102' title="bbox 2131 4027 3700 4102">
    <p class='ocr_par' dir='ltr' id='par_1_102' title="bbox 2131 4027 3700 4102">
     <span class='ocr_line' id='line_1_102' title="bbox 2131 4027 3700 4102; baseline 0.003 -20"><span class='ocrx_word' id='word_1_835' title='bbox 2131 4027 2327 4092; x_wconf 88' lang='lat' dir='ltr'><strong>David;</strong></span> <span class='ocrx_word' id='word_1_836' title='bbox 2354 4027 2477 4097; x_wconf 91' lang='lat' dir='ltr'><strong>quid</strong></span> <span class='ocrx_word' id='word_1_837' title='bbox 2505 4027 2755 4098; x_wconf 82' lang='lat' dir='ltr'><strong>adjungat</strong></span> <span class='ocrx_word' id='word_1_838' title='bbox 2773 4029 3029 4083; x_wconf 86' lang='lat' dir='ltr'><strong>attendite</strong></span> <span class='ocrx_word' id='word_1_839' title='bbox 3052 4047 3065 4082; x_wconf 90' lang='lat'><strong>:</strong></span> <span class='ocrx_word' id='word_1_840' title='bbox 3090 4027 3153 4083; x_wconf 82' lang='lat' dir='ltr'><strong>In</strong></span> <span class='ocrx_word' id='word_1_841' title='bbox 3183 4040 3305 4096; x_wconf 90' lang='lat' dir='ltr'><strong>toto,</strong></span> <span class='ocrx_word' id='word_1_842' title='bbox 3334 4032 3518 4102; x_wconf 91' lang='lat' dir='ltr'><strong>inquit,</strong></span> <span class='ocrx_word' id='word_1_843' title='bbox 3543 4035 3700 4086; x_wconf 80' lang='lat' dir='ltr'><strong>corde</strong></span> 
     </span>
    </p>
   </div>
   <div class='ocr_carea' id='block_1_103' title="bbox 2107 4120 3704 4191">
    <p class='ocr_par' dir='ltr' id='par_1_103' title="bbox 2107 4120 3704 4191">
     <span class='ocr_line' id='line_1_103' title="bbox 2107 4120 3704 4191; baseline 0.006 -19"><span class='ocrx_word' id='word_1_844' title='bbox 2107 4135 2241 4182; x_wconf 18' lang='lat' dir='ltr'><strong>“meo</strong></span> <span class='ocrx_word' id='word_1_845' title='bbox 2270 4120 2508 4188; x_wconf 74' lang='lat' dir='ltr'><strong>exquisivi</strong></span> <span class='ocrx_word' id='word_1_846' title='bbox 2537 4129 2612 4184; x_wconf 85' lang='lat' dir='ltr'><strong>te;</strong></span> <span class='ocrx_word' id='word_1_847' title='bbox 2649 4136 2710 4174; x_wconf 86' lang='lat' dir='ltr'><strong>ne</strong></span> <span class='ocrx_word' id='word_1_848' title='bbox 2737 4121 2953 4191; x_wconf 74' lang='lat' dir='ltr'><strong>repellas</strong></span> <span class='ocrx_word' id='word_1_849' title='bbox 2977 4138 3055 4176; x_wconf 86' lang='lat' dir='ltr'><strong>me</strong></span> <span class='ocrx_word' id='word_1_850' title='bbox 3078 4140 3110 4175; x_wconf 90' lang='lat' dir='ltr'><strong>a</strong></span> <span class='ocrx_word' id='word_1_851' title='bbox 3133 4123 3384 4178; x_wconf 87' lang='lat' dir='ltr'><strong>mandatis</strong></span> <span class='ocrx_word' id='word_1_852' title='bbox 3413 4126 3526 4178; x_wconf 85' lang='lat' dir='ltr'><strong>tuis.</strong></span> <span class='ocrx_word' id='word_1_853' title='bbox 3561 4126 3704 4182; x_wconf 83' lang='lat' dir='ltr'><strong>Ecce</strong></span> 
     </span>
    </p>
   </div>
   <div class='ocr_carea' id='block_1_104' title="bbox 2133 4209 3706 4286">
    <p class='ocr_par' dir='ltr' id='par_1_104' title="bbox 2133 4209 3706 4286">
     <span class='ocr_line' id='line_1_104' title="bbox 2133 4209 3706 4286; baseline 0.005 -23"><span class='ocrx_word' id='word_1_854' title='bbox 2133 4218 2269 4272; x_wconf 91' lang='lat' dir='ltr'><strong>orat,</strong></span> <span class='ocrx_word' id='word_1_855' title='bbox 2300 4220 2356 4264; x_wconf 92' lang='lat' dir='ltr'><strong>ut</strong></span> <span class='ocrx_word' id='word_1_856' title='bbox 2385 4209 2660 4279; x_wconf 88' lang='lat' dir='ltr'><strong>adjuvetur</strong></span> <span class='ocrx_word' id='word_1_857' title='bbox 2684 4211 2749 4265; x_wconf 90' lang='lat' dir='ltr'><strong>ad</strong></span> <span class='ocrx_word' id='word_1_858' title='bbox 2773 4212 3116 4267; x_wconf 84' lang='lat' dir='ltr'><strong>custodienda</strong></span> <span class='ocrx_word' id='word_1_859' title='bbox 3145 4215 3304 4270; x_wconf 85' lang='lat' dir='ltr'><strong>verba</strong></span> <span class='ocrx_word' id='word_1_860' title='bbox 3335 4215 3424 4270; x_wconf 89' lang='lat' dir='ltr'><strong>Dei</strong></span> <span class='ocrx_word' id='word_1_861' title='bbox 3449 4257 3462 4279; x_wconf 91' lang='lat'><strong>,</strong></span> <span class='ocrx_word' id='word_1_862' title='bbox 3505 4215 3560 4270; x_wconf 91' lang='lat' dir='ltr'><strong>in</strong></span> <span class='ocrx_word' id='word_1_863' title='bbox 3594 4233 3706 4286; x_wconf 89' lang='lat' dir='ltr'><strong>quo</strong></span> 
     </span>
    </p>
   </div>
   <div class='ocr_carea' id='block_1_105' title="bbox 2133 4301 3707 4378">
    <p class='ocr_par' dir='ltr' id='par_1_105' title="bbox 2133 4301 3707 4378">
     <span class='ocr_line' id='line_1_105' title="bbox 2133 4301 3707 4378; baseline 0.005 -23"><span class='ocrx_word' id='word_1_864' title='bbox 2133 4301 2338 4355; x_wconf 79' lang='lat' dir='ltr'><strong>dixerat</strong></span> <span class='ocrx_word' id='word_1_865' title='bbox 2365 4301 2503 4356; x_wconf 90' lang='lat' dir='ltr'><strong>viam</strong></span> <span class='ocrx_word' id='word_1_866' title='bbox 2532 4317 2681 4374; x_wconf 82' lang='lat' dir='ltr'><strong>suam</strong></span> <span class='ocrx_word' id='word_1_867' title='bbox 2720 4304 2989 4374; x_wconf 84' lang='lat' dir='ltr'><strong>corrigere</strong></span> <span class='ocrx_word' id='word_1_868' title='bbox 3024 4305 3309 4375; x_wconf 87' lang='lat' dir='ltr'><strong>juniorem.</strong></span> <span class='ocrx_word' id='word_1_869' title='bbox 3359 4306 3491 4362; x_wconf 83' lang='lat' dir='ltr'><strong>Nam</strong></span> <span class='ocrx_word' id='word_1_870' title='bbox 3521 4309 3707 4378; x_wconf 80' lang='lat' dir='ltr'><strong>utique</strong></span> 
     </span>
    </p>
   </div>
   <div class='ocr_carea' id='block_1_106' title="bbox 2137 4392 3707 4468">
    <p class='ocr_par' dir='ltr' id='par_1_106' title="bbox 2137 4392 3707 4468">
     <span class='ocr_line' id='line_1_106' title="bbox 2137 4392 3707 4468; baseline 0.005 -20"><span class='ocrx_word' id='word_1_871' title='bbox 2137 4395 2235 4448; x_wconf 89' lang='lat' dir='ltr'><strong>hoc</strong></span> <span class='ocrx_word' id='word_1_872' title='bbox 2263 4403 2362 4456; x_wconf 88' lang='lat' dir='ltr'><strong>est,</strong></span> <span class='ocrx_word' id='word_1_873' title='bbox 2393 4392 2476 4448; x_wconf 85' lang='lat' dir='ltr'><strong>Nc</strong></span> <span class='ocrx_word' id='word_1_874' title='bbox 2501 4395 2714 4466; x_wconf 83' lang='lat' dir='ltr'><strong>repellas</strong></span> <span class='ocrx_word' id='word_1_875' title='bbox 2741 4411 2818 4448; x_wconf 88' lang='lat' dir='ltr'><strong>me</strong></span> <span class='ocrx_word' id='word_1_876' title='bbox 2837 4413 2869 4448; x_wconf 93' lang='lat' dir='ltr'><strong>a</strong></span> <span class='ocrx_word' id='word_1_877' title='bbox 2889 4397 3139 4451; x_wconf 81' lang='lat' dir='ltr'><strong>mandatis</strong></span> <span class='ocrx_word' id='word_1_878' title='bbox 3161 4399 3256 4452; x_wconf 85' lang='lat' dir='ltr'><strong>tuis</strong></span> <span class='ocrx_word' id='word_1_879' title='bbox 3275 4414 3294 4452; x_wconf 90' lang='lat'><strong><em>:</em></strong></span> <span class='ocrx_word' id='word_1_880' title='bbox 3315 4399 3436 4468; x_wconf 84' lang='lat' dir='ltr'><strong>quid</strong></span> <span class='ocrx_word' id='word_1_881' title='bbox 3457 4402 3707 4456; x_wconf 70' lang='lat' dir='ltr'><strong>estcuius</strong></span> 
     </span>
    </p>
   </div>
   <div class='ocr_carea' id='block_1_107' title="bbox 2135 4485 3708 4559">
    <p class='ocr_par' dir='ltr' id='par_1_107' title="bbox 2135 4485 3708 4559">
     <span class='ocr_line' id='line_1_107' title="bbox 2135 4485 3708 4559; baseline 0.004 -21"><span class='ocrx_word' id='word_1_882' title='bbox 2135 4501 2163 4538; x_wconf 89' lang='lat' dir='ltr'><strong>a</strong></span> <span class='ocrx_word' id='word_1_883' title='bbox 2197 4485 2303 4539; x_wconf 90' lang='lat' dir='ltr'><strong>Deo</strong></span> <span class='ocrx_word' id='word_1_884' title='bbox 2345 4485 2560 4554; x_wconf 77' lang='lat' dir='ltr'><strong>repelli,</strong></span> <span class='ocrx_word' id='word_1_885' title='bbox 2610 4486 2709 4540; x_wconf 90' lang='lat' dir='ltr'><strong>nisi</strong></span> <span class='ocrx_word' id='word_1_886' title='bbox 2751 4501 2856 4540; x_wconf 92' lang='lat' dir='ltr'><strong>non</strong></span> <span class='ocrx_word' id='word_1_887' title='bbox 2903 4487 3178 4556; x_wconf 90' lang='lat' dir='ltr'><strong>adjuvari?</strong></span> <span class='ocrx_word' id='word_1_888' title='bbox 3207 4488 3467 4544; x_wconf 78' lang='lat' dir='ltr'><strong>Mandatis</strong></span> <span class='ocrx_word' id='word_1_889' title='bbox 3505 4491 3708 4559; x_wconf 83' lang='lat' dir='ltr'><strong>quippe</strong></span> 
     </span>
    </p>
   </div>
   <div class='ocr_carea' id='block_1_108' title="bbox 2137 4576 3710 4648">
    <p class='ocr_par' dir='ltr' id='par_1_108' title="bbox 2137 4576 3710 4648">
     <span class='ocr_line' id='line_1_108' title="bbox 2137 4576 3710 4648; baseline 0.003 -18"><span class='ocrx_word' id='word_1_890' title='bbox 2137 4576 2253 4644; x_wconf 89' lang='lat' dir='ltr'><strong>ejus</strong></span> <span class='ocrx_word' id='word_1_891' title='bbox 2293 4577 2454 4630; x_wconf 88' lang='lat' dir='ltr'><strong>rectis</strong></span> <span class='ocrx_word' id='word_1_892' title='bbox 2491 4586 2646 4644; x_wconf 87' lang='lat' dir='ltr'><strong>atque</strong></span> <span class='ocrx_word' id='word_1_893' title='bbox 2683 4576 2860 4631; x_wconf 87' lang='lat' dir='ltr'><strong>arduis</strong></span> <span class='ocrx_word' id='word_1_894' title='bbox 2889 4577 3116 4632; x_wconf 88' lang='lat' dir='ltr'><strong>humana</strong></span> <span class='ocrx_word' id='word_1_895' title='bbox 3144 4595 3248 4632; x_wconf 90' lang='lat' dir='ltr'><strong>non</strong></span> <span class='ocrx_word' id='word_1_896' title='bbox 3273 4588 3710 4648; x_wconf 81' lang='lat' dir='ltr'><strong>contemperatur</strong></span> 
     </span>
    </p>
   </div>
   <div class='ocr_carea' id='block_1_109' title="bbox 2138 4667 3707 4739">
    <p class='ocr_par' dir='ltr' id='par_1_109' title="bbox 2138 4667 3707 4739">
     <span class='ocr_line' id='line_1_109' title="bbox 2138 4667 3707 4739; baseline 0.004 -18"><span class='ocrx_word' id='word_1_897' title='bbox 2138 4667 2452 4734; x_wconf 84' lang='lat' dir='ltr'><strong>inﬁrmitas,</strong></span> <span class='ocrx_word' id='word_1_898' title='bbox 2503 4667 2602 4721; x_wconf 91' lang='lat' dir='ltr'><strong>nisi</strong></span> <span class='ocrx_word' id='word_1_899' title='bbox 2666 4669 2994 4737; x_wconf 73' lang='lat' dir='ltr'><strong>praeveniens</strong></span> <span class='ocrx_word' id='word_1_900' title='bbox 3038 4670 3154 4739; x_wconf 87' lang='lat' dir='ltr'><strong>ejus</strong></span> <span class='ocrx_word' id='word_1_901' title='bbox 3195 4670 3407 4738; x_wconf 87' lang='lat' dir='ltr'><strong>adjuvet</strong></span> <span class='ocrx_word' id='word_1_902' title='bbox 3447 4671 3707 4728; x_wconf 82' lang='lat' dir='ltr'><strong>charitas.</strong></span> 
     </span>
    </p>
   </div>
   <div class='ocr_carea' id='block_1_110' title="bbox 2138 4760 3710 4831">
    <p class='ocr_par' dir='ltr' id='par_1_110' title="bbox 2138 4760 3710 4831">
     <span class='ocr_line' id='line_1_110' title="bbox 2138 4760 3710 4831; baseline 0.003 -18"><span class='ocrx_word' id='word_1_903' title='bbox 2138 4760 2280 4826; x_wconf 85' lang='lat' dir='ltr'><strong>Quos</strong></span> <span class='ocrx_word' id='word_1_904' title='bbox 2307 4770 2482 4814; x_wconf 89' lang='lat' dir='ltr'><strong>autem</strong></span> <span class='ocrx_word' id='word_1_905' title='bbox 2512 4775 2614 4814; x_wconf 92' lang='lat' dir='ltr'><strong>non</strong></span> <span class='ocrx_word' id='word_1_906' title='bbox 2646 4760 2890 4829; x_wconf 87' lang='lat' dir='ltr'><strong>adjuvat,</strong></span> <span class='ocrx_word' id='word_1_907' title='bbox 2923 4761 3022 4816; x_wconf 90' lang='lat' dir='ltr'><strong>bos</strong></span> <span class='ocrx_word' id='word_1_908' title='bbox 3046 4763 3238 4817; x_wconf 87' lang='lat' dir='ltr'><strong>merito</strong></span> <span class='ocrx_word' id='word_1_909' title='bbox 3264 4761 3576 4831; x_wconf 87' lang='lat' dir='ltr'><strong>perhibetur</strong></span> <span class='ocrx_word' id='word_1_910' title='bbox 3615 4780 3710 4818; x_wconf 84' lang='lat' dir='ltr'><strong>rc-</strong></span> 
     </span>
    </p>
   </div>
   <div class='ocr_carea' id='block_1_111' title="bbox 2141 4851 3710 4922">
    <p class='ocr_par' dir='ltr' id='par_1_111' title="bbox 2141 4851 3710 4922">
     <span class='ocr_line' id='line_1_111' title="bbox 2141 4851 3710 4922; baseline 0.001 -15"><span class='ocrx_word' id='word_1_911' title='bbox 2141 4853 2369 4922; x_wconf 89' lang='lat' dir='ltr'><strong>pellere,</strong></span> <span class='ocrx_word' id='word_1_912' title='bbox 2402 4861 2647 4921; x_wconf 89' lang='lat' dir='ltr'><strong>tanquam</strong></span> <span class='ocrx_word' id='word_1_913' title='bbox 2679 4851 2920 4908; x_wconf 87' lang='lat' dir='ltr'><strong>ﬂammea</strong></span> <span class='ocrx_word' id='word_1_914' title='bbox 2954 4852 3150 4907; x_wconf 81' lang='lat' dir='ltr'><strong>framea</strong></span> <span class='ocrx_word' id='word_1_915' title='bbox 3199 4853 3583 4922; x_wconf 87' lang='lat' dir='ltr'><strong>prohibeantur</strong></span> <span class='ocrx_word' id='word_1_916' title='bbox 3622 4855 3710 4908; x_wconf 79' lang='lat' dir='ltr'><strong>in-</strong></span> 
     </span>
    </p>
   </div>
   <div class='ocr_carea' id='block_1_112' title="bbox 2141 4943 3711 5012">
    <p class='ocr_par' dir='ltr' id='par_1_112' title="bbox 2141 4943 3711 5012">
     <span class='ocr_line' id='line_1_112' title="bbox 2141 4943 3711 5012; baseline 0.003 -18"><span class='ocrx_word' id='word_1_917' title='bbox 2141 4943 2280 5012; x_wconf 82' lang='lat' dir='ltr'><strong>digni</strong></span> <span class='ocrx_word' id='word_1_918' title='bbox 2305 4985 2320 5006; x_wconf 95' lang='lat'><strong>,</strong></span> <span class='ocrx_word' id='word_1_919' title='bbox 2360 4957 2424 4996; x_wconf 87' lang='lat' dir='ltr'><strong>ne</strong></span> <span class='ocrx_word' id='word_1_920' title='bbox 2471 4959 2682 4995; x_wconf 86' lang='lat' dir='ltr'><strong>manum</strong></span> <span class='ocrx_word' id='word_1_921' title='bbox 2711 4943 2999 4997; x_wconf 80' lang='lat' dir='ltr'><strong>extendant</strong></span> <span class='ocrx_word' id='word_1_922' title='bbox 3027 4944 3092 4997; x_wconf 91' lang='lat' dir='ltr'><strong>ad</strong></span> <span class='ocrx_word' id='word_1_923' title='bbox 3120 4945 3362 5000; x_wconf 76' lang='lat' dir='ltr'><strong>arborem</strong></span> <span class='ocrx_word' id='word_1_924' title='bbox 3391 4945 3513 4997; x_wconf 80' lang='lat' dir='ltr'><strong>vitae</strong></span> <span class='ocrx_word' id='word_1_925' title='bbox 3550 4945 3711 5012; x_wconf 72' lang='lat' dir='ltr'><strong>(Gen.</strong></span> 
     </span>
    </p>
   </div>
   <div class='ocr_carea' id='block_1_113' title="bbox 2141 5033 3719 5105">
    <p class='ocr_par' dir='ltr' id='par_1_113' title="bbox 2141 5033 3719 5105">
     <span class='ocr_line' id='line_1_113' title="bbox 2141 5033 3719 5105; baseline 0.003 -19"><span class='ocrx_word' id='word_1_926' title='bbox 2141 5050 2220 5098; x_wconf 86' lang='lat' dir='ltr'><strong>Ill,</strong></span> <span class='ocrx_word' id='word_1_927' title='bbox 2246 5033 2358 5101; x_wconf 68' lang='grc'><strong>24).</strong></span> <span class='ocrx_word' id='word_1_928' title='bbox 2389 5033 2517 5097; x_wconf 82' lang='lat' dir='ltr'><strong>Quis</strong></span> <span class='ocrx_word' id='word_1_929' title='bbox 2543 5042 2620 5086; x_wconf 88' lang='lat' dir='ltr'><strong>est</strong></span> <span class='ocrx_word' id='word_1_930' title='bbox 2650 5043 2825 5086; x_wconf 87' lang='lat' dir='ltr'><strong>autem</strong></span> <span class='ocrx_word' id='word_1_931' title='bbox 2852 5033 3061 5103; x_wconf 85' lang='lat' dir='ltr'><strong>dignus,</strong></span> <span class='ocrx_word' id='word_1_932' title='bbox 3084 5051 3148 5088; x_wconf 84' lang='lat' dir='ltr'><strong>cx</strong></span> <span class='ocrx_word' id='word_1_933' title='bbox 3173 5051 3277 5104; x_wconf 86' lang='lat' dir='ltr'><strong>quo</strong></span> <span class='ocrx_word' id='word_1_934' title='bbox 3305 5051 3395 5105; x_wconf 88' lang='lat' dir='ltr'><strong>per</strong></span> <span class='ocrx_word' id='word_1_935' title='bbox 3419 5051 3580 5090; x_wconf 85' lang='lat' dir='ltr'><strong>unum</strong></span> <span class='ocrx_word' id='word_1_936' title='bbox 3615 5036 3719 5090; x_wconf 85' lang='lat' dir='ltr'><strong>bo-</strong></span> 
     </span>
    </p>
   </div>
   <div class='ocr_carea' id='block_1_114' title="bbox 2143 5126 3718 5197">
    <p class='ocr_par' dir='ltr' id='par_1_114' title="bbox 2143 5126 3718 5197">
     <span class='ocr_line' id='line_1_114' title="bbox 2143 5126 3718 5197; baseline 0.002 -18"><span class='ocrx_word' id='word_1_937' title='bbox 2143 5126 2337 5180; x_wconf 86' lang='lat' dir='ltr'><strong>minem</strong></span> <span class='ocrx_word' id='word_1_938' title='bbox 2365 5133 2632 5193; x_wconf 88' lang='lat' dir='ltr'><strong>peccatum</strong></span> <span class='ocrx_word' id='word_1_939' title='bbox 2665 5126 2876 5179; x_wconf 89' lang='lat' dir='ltr'><strong>intravit</strong></span> <span class='ocrx_word' id='word_1_940' title='bbox 2905 5127 2956 5180; x_wconf 94' lang='lat' dir='ltr'><strong>in</strong></span> <span class='ocrx_word' id='word_1_941' title='bbox 2986 5127 3240 5181; x_wconf 82' lang='lat' dir='ltr'><strong>mundum</strong></span> <span class='ocrx_word' id='word_1_942' title='bbox 3261 5169 3274 5188; x_wconf 85' lang='lat'><strong>,</strong></span> <span class='ocrx_word' id='word_1_943' title='bbox 3315 5136 3369 5182; x_wconf 89' lang='lat' dir='ltr'><strong>et</strong></span> <span class='ocrx_word' id='word_1_944' title='bbox 3397 5144 3489 5197; x_wconf 85' lang='lat' dir='ltr'><strong>per</strong></span> <span class='ocrx_word' id='word_1_945' title='bbox 3517 5143 3718 5196; x_wconf 75' lang='lat' dir='ltr'><strong>pecca-</strong></span> 
     </span>
    </p>
   </div>
   <div class='ocr_carea' id='block_1_115' title="bbox 2145 5215 3720 5289">
    <p class='ocr_par' dir='ltr' id='par_1_115' title="bbox 2145 5215 3720 5289">
     <span class='ocr_line' id='line_1_115' title="bbox 2145 5215 3720 5289; baseline 0.003 -21"><span class='ocrx_word' id='word_1_946' title='bbox 2145 5226 2254 5269; x_wconf 91' lang='lat' dir='ltr'><strong>tum</strong></span> <span class='ocrx_word' id='word_1_947' title='bbox 2300 5231 2473 5279; x_wconf 89' lang='lat' dir='ltr'><strong>mors,</strong></span> <span class='ocrx_word' id='word_1_948' title='bbox 2506 5225 2559 5269; x_wconf 89' lang='lat' dir='ltr'><strong>et</strong></span> <span class='ocrx_word' id='word_1_949' title='bbox 2597 5215 2669 5269; x_wconf 88' lang='lat' dir='ltr'><strong>ita</strong></span> <span class='ocrx_word' id='word_1_950' title='bbox 2712 5216 2765 5269; x_wconf 93' lang='lat' dir='ltr'><strong>in</strong></span> <span class='ocrx_word' id='word_1_951' title='bbox 2791 5231 2974 5271; x_wconf 89' lang='lat' dir='ltr'><strong>omnes</strong></span> <span class='ocrx_word' id='word_1_952' title='bbox 3004 5216 3247 5273; x_wconf 87' lang='lat' dir='ltr'><strong>homines</strong></span> <span class='ocrx_word' id='word_1_953' title='bbox 3270 5219 3575 5289; x_wconf 83' lang='lat' dir='ltr'><strong>pertransiit</strong></span> <span class='ocrx_word' id='word_1_954' title='bbox 3597 5260 3612 5282; x_wconf 92' lang='lat'><strong>,</strong></span> <span class='ocrx_word' id='word_1_955' title='bbox 3659 5220 3720 5274; x_wconf 87' lang='lat' dir='ltr'><strong>in</strong></span> 
     </span>
    </p>
   </div>
   <div class='ocr_carea' id='block_1_116' title="bbox 2144 5305 3716 5377">
    <p class='ocr_par' dir='ltr' id='par_1_116' title="bbox 2144 5305 3716 5377">
     <span class='ocr_line' id='line_1_116' title="bbox 2144 5305 3716 5377; baseline 0.003 -19"><span class='ocrx_word' id='word_1_956' title='bbox 2144 5320 2250 5375; x_wconf 91' lang='lat' dir='ltr'><strong>quo</strong></span> <span class='ocrx_word' id='word_1_957' title='bbox 2292 5319 2478 5358; x_wconf 89' lang='lat' dir='ltr'><strong>omnes</strong></span> <span class='ocrx_word' id='word_1_958' title='bbox 2517 5315 2866 5374; x_wconf 88' lang='lat' dir='ltr'><strong>peccaverunt</strong></span> <span class='ocrx_word' id='word_1_959' title='bbox 2900 5305 3072 5375; x_wconf 83' lang='lat' dir='ltr'><strong>(Rom.</strong></span> <span class='ocrx_word' id='word_1_960' title='bbox 3099 5323 3150 5373; x_wconf 91' lang='lat' dir='ltr'><strong>v,</strong></span> <span class='ocrx_word' id='word_1_961' title='bbox 3176 5307 3302 5377; x_wconf 69' lang='lat'><strong>12)?</strong></span> <span class='ocrx_word' id='word_1_962' title='bbox 3326 5307 3429 5362; x_wconf 88' lang='lat' dir='ltr'><strong>Sed</strong></span> <span class='ocrx_word' id='word_1_963' title='bbox 3475 5307 3716 5362; x_wconf 77' lang='lat' dir='ltr'><strong>indebita</strong></span> 
     </span>
    </p>
   </div>
   <div class='ocr_carea' id='block_1_117' title="bbox 2148 5396 3721 5454">
    <p class='ocr_par' dir='ltr' id='par_1_117' title="bbox 2148 5396 3721 5454">
     <span class='ocr_line' id='line_1_117' title="bbox 2148 5396 3721 5454; baseline 0.002 -4"><span class='ocrx_word' id='word_1_964' title='bbox 2148 5397 2238 5450; x_wconf 87' lang='lat' dir='ltr'><strong>Dei</strong></span> <span class='ocrx_word' id='word_1_965' title='bbox 2269 5396 2627 5450; x_wconf 88' lang='lat' dir='ltr'><strong>misericordia</strong></span> <span class='ocrx_word' id='word_1_966' title='bbox 2655 5407 2870 5451; x_wconf 88' lang='lat' dir='ltr'><strong>sanatur</strong></span> <span class='ocrx_word' id='word_1_967' title='bbox 2896 5398 3072 5452; x_wconf 87' lang='lat' dir='ltr'><strong>debita</strong></span> <span class='ocrx_word' id='word_1_968' title='bbox 3101 5409 3278 5453; x_wconf 90' lang='lat' dir='ltr'><strong>nostra</strong></span> <span class='ocrx_word' id='word_1_969' title='bbox 3308 5400 3539 5454; x_wconf 87' lang='lat' dir='ltr'><strong>miseria.</strong></span> <span class='ocrx_word' id='word_1_970' title='bbox 3578 5399 3721 5453; x_wconf 71' lang='lat' dir='ltr'><strong>Nam</strong></span> 
     </span>
    </p>
   </div>
   <div class='ocr_carea' id='block_1_118' title="bbox 2148 5486 3722 5559">
    <p class='ocr_par' dir='ltr' id='par_1_118' title="bbox 2148 5486 3722 5559">
     <span class='ocr_line' id='line_1_118' title="bbox 2148 5486 3722 5559; baseline 0.003 -19"><span class='ocrx_word' id='word_1_971' title='bbox 2148 5487 2247 5540; x_wconf 89' lang='lat' dir='ltr'><strong>iste</strong></span> <span class='ocrx_word' id='word_1_972' title='bbox 2285 5487 2375 5555; x_wconf 91' lang='lat' dir='ltr'><strong>qui</strong></span> <span class='ocrx_word' id='word_1_973' title='bbox 2415 5486 2646 5556; x_wconf 84' lang='lat' dir='ltr'><strong>loquitur</strong></span> <span class='ocrx_word' id='word_1_974' title='bbox 2669 5496 2724 5542; x_wconf 89' lang='lat' dir='ltr'><strong>et</strong></span> <span class='ocrx_word' id='word_1_975' title='bbox 2749 5488 2876 5542; x_wconf 91' lang='lat' dir='ltr'><strong>dicit</strong></span> <span class='ocrx_word' id='word_1_976' title='bbox 2897 5529 2911 5549; x_wconf 86' lang='lat'><strong><em>.</em></strong></span> <span class='ocrx_word' id='word_1_977' title='bbox 2939 5488 3008 5542; x_wconf 88' lang='lat' dir='ltr'><strong>In</strong></span> <span class='ocrx_word' id='word_1_978' title='bbox 3033 5499 3135 5542; x_wconf 91' lang='lat' dir='ltr'><strong>toto</strong></span> <span class='ocrx_word' id='word_1_979' title='bbox 3161 5490 3312 5544; x_wconf 86' lang='lat' dir='ltr'><strong>corde</strong></span> <span class='ocrx_word' id='word_1_980' title='bbox 3337 5506 3442 5543; x_wconf 85' lang='lat' dir='ltr'><strong>meo</strong></span> <span class='ocrx_word' id='word_1_981' title='bbox 3472 5491 3722 5559; x_wconf 62' lang='lat' dir='ltr'><strong>exquisivi</strong></span> 
     </span>
    </p>
   </div>
   <div class='ocr_carea' id='block_1_119' title="bbox 2150 5578 3723 5650">
    <p class='ocr_par' dir='ltr' id='par_1_119' title="bbox 2150 5578 3723 5650">
     <span class='ocr_line' id='line_1_119' title="bbox 2150 5578 3723 5650; baseline 0.002 -19"><span class='ocrx_word' id='word_1_982' title='bbox 2150 5587 2232 5643; x_wconf 85' lang='lat' dir='ltr'><strong>te;</strong></span> <span class='ocrx_word' id='word_1_983' title='bbox 2260 5586 2315 5634; x_wconf 89' lang='lat' dir='ltr'><strong>et</strong></span> <span class='ocrx_word' id='word_1_984' title='bbox 2340 5578 2438 5634; x_wconf 92' lang='lat' dir='ltr'><strong>hoc</strong></span> <span class='ocrx_word' id='word_1_985' title='bbox 2467 5579 2604 5634; x_wconf 88' lang='lat' dir='ltr'><strong>unde</strong></span> <span class='ocrx_word' id='word_1_986' title='bbox 2634 5589 2850 5648; x_wconf 82' lang='lat' dir='ltr'><strong>posset,</strong></span> <span class='ocrx_word' id='word_1_987' title='bbox 2879 5581 2981 5635; x_wconf 82' lang='lat' dir='ltr'><strong>nisi</strong></span> <span class='ocrx_word' id='word_1_988' title='bbox 3008 5596 3129 5635; x_wconf 88' lang='lat' dir='ltr'><strong>eum</strong></span> <span class='ocrx_word' id='word_1_989' title='bbox 3157 5597 3406 5636; x_wconf 88' lang='lat' dir='ltr'><strong>aversum</strong></span> <span class='ocrx_word' id='word_1_990' title='bbox 3429 5581 3496 5634; x_wconf 86' lang='lat' dir='ltr'><strong>ad</strong></span> <span class='ocrx_word' id='word_1_991' title='bbox 3517 5597 3577 5635; x_wconf 86' lang='lat' dir='ltr'><strong>se</strong></span> <span class='ocrx_word' id='word_1_992' title='bbox 3602 5582 3723 5650; x_wconf 83' lang='lat' dir='ltr'><strong>ipse</strong></span> 
     </span>
    </p>
   </div>
   <div class='ocr_carea' id='block_1_120' title="bbox 2153 5671 3723 5744">
    <p class='ocr_par' dir='ltr' id='par_1_120' title="bbox 2153 5671 3723 5744">
     <span class='ocr_line' id='line_1_120' title="bbox 2153 5671 3723 5744; baseline 0.003 -20"><span class='ocrx_word' id='word_1_993' title='bbox 2153 5679 2511 5739; x_wconf 89' lang='lat' dir='ltr'><strong>converteret,</strong></span> <span class='ocrx_word' id='word_1_994' title='bbox 2533 5671 2619 5728; x_wconf 89' lang='lat' dir='ltr'><strong>cui</strong></span> <span class='ocrx_word' id='word_1_995' title='bbox 2644 5671 2854 5741; x_wconf 88' lang='lat' dir='ltr'><strong>dicitur,</strong></span> <span class='ocrx_word' id='word_1_996' title='bbox 2877 5671 3036 5741; x_wconf 86' lang='lat' dir='ltr'><strong>Deus,</strong></span> <span class='ocrx_word' id='word_1_997' title='bbox 3061 5682 3114 5728; x_wconf 87' lang='lat' dir='ltr'><strong>tu</strong></span> <span class='ocrx_word' id='word_1_998' title='bbox 3133 5683 3419 5729; x_wconf 70' lang='lat' dir='ltr'><strong>convertens</strong></span> <span class='ocrx_word' id='word_1_999' title='bbox 3443 5672 3723 5744; x_wconf 73' lang='lat' dir='ltr'><strong>viviﬁcabis</strong></span> 
     </span>
    </p>
   </div>
  </div>
