4026 6202
331 313 468 368 1513

330 444 422 482 nos
452 427 624 496 (Ρωι.
651 445 878 498 Lsxxw,
910 432 1004 501 7),
1034 441 1086 488 et
1112 434 1200 488 ille
1227 436 1491 504 perditum
1520 445 1820 507 qumrcret,
1855 445 1909 492 et

331 527 598 574 errantem
623 519 710 573 illo
738 533 1030 586 revocaret,
1055 525 1142 594 qui
1164 525 1310 589 dicit,
1334 526 1482 593 Quod
1503 529 1713 597 perierat
1740 529 1907 597 requi-

331 627 457 676 ram,
489 621 536 664 et
561 612 696 681 quod
720 625 973 667 erraverat
999 616 1239 670 revocabo
1267 615 1482 685 (Ezech.
1515 634 1713 683 xxxw,
1747 619 1870 689 16)?

399 701 452 754 ὁ.
487 698 636 772 [vers.
662 703 749 769 11,
776 702 889 776 ιλ]
935 704 1060 760 inde
1101 716 1184 760 est
1229 706 1371 776 quod
1414 717 1468 762 et
1515 709 1732 779 corrigit
1766 711 1904 764 viam
1953 764 1956 766 _

329 804 476 844 suam
505 791 556 844 in
583 791 934 848 custodiendo
958 795 1117 870 verba
1147 796 1236 850 Dei
1260 837 1272 861 ,
1303 796 1394 851 illo
1421 805 1640 867 regente
1661 840 1674 863 ,
1706 799 1797 854 illo
1823 799 1903 853 fa—

327 879 500 934 ciente
526 896 538 932 :
564 895 737 951 neque
764 883 904 936 enim
931 899 1028 954 per
1050 899 1109 938 se
1136 885 1250 955 ipse
1279 897 1474 956 posset,
1504 904 1622 943 cum
1644 889 1904 946 Jeremias

328 969 581 1038 propheta
605 970 833 1026 fateatur
851 982 903 1028 et
924 973 1086 1041 dicat,
1112 976 1254 1041 Scio,
1284 976 1519 1045 Domine,
1545 981 1782 1064 quoniam
1805 999 1903 1035 non

326 1071 397 1118 est
424 1062 644 1116 honuni:
663 1063 742 1116 via
762 1066 891 1135 ejus,
913 1081 1068 1135 neque
1085 1069 1162 1121 uir
1185 1068 1273 1122 ibit
1293 1079 1340 1123 et
1364 1072 1578 1141 corriget
1604 1062 1740 1126 viam»
1759 1090 1904 1128 suam

325 1151 538 1221 (Jerem.
557 1155 804 1226 x,23).A
830 1156 1054 1212 Domino
1075 1159 1270 1229 quippe
1302 1161 1402 1216 hoc
1427 1164 1584 1216 etiam
1616 1164 1715 1218 iste
1744 1180 1903 1234 supe-

325 1241 437 1297 rius
459 1243 695 1312 optavit,
733 1245 821 1300 ubi
851 1247 956 1312 ait,
991 1245 1197 1302 Utinam
1228 1249 1513 1321 dirigantur
1536 1254 1632 1306 via:
1657 1270 1781 1309 mea:
1805 1271 1822 1308 :
1848 1264 1902 1310 et

323 1327 409 1384 hic
436 1332 521 1386 ubi
547 1332 866 1398 addidit,.ln
893 1335 1044 1390 corde
1069 1353 1176 1391 meo
1206 1340 1447 1394 abscondi
1474 1344 1675 1414 eloquia
1700 1353 1819 1409 tua,
1846 1356 1901 1399 ut

323 1437 422 1474 non
451 1438 650 1490 peccem
680 1424 801 1487 tibi;
821 1426 1072 1482 eontiuuo
1097 1427 1329 1483 divinum
1352 1433 1591 1500 quresivit
1618 1435 1894 1502 auxilium,

323 1525 390 1564 ne
415 1511 469 1565 in
489 1512 653 1566 corde
675 1513 792 1583 ejus
811 1515 910 1569 .Dei
935 1517 1143 1587 eloquia
1167 1520 1283 1575 sine
1312 1521 1481 1577 fructu
1508 1524 1898 1582 absconderen-

324 1612 427 1668 tur,
458 1604 559 1657 nisi
591 1621 751 1674 opera
789 1606 1007 1676 justitite
1043 1622 1413 1680 sequerentur.
1453 1615 1582 1670 Cum
1610 1619 1752 1672 enim
1795 1621 1896 1674 hoc

319 1693 559 1762 dixisset,
584 1697 846 1766 adjunxit,
878 1698 1177 1756 Benedictus
1201 1721 1271 1768 es,
1299 1706 1547 1774 Domine;
1566 1710 1688 1765 doce
1716 1729 1793 1766 me
1804 1717 1892 1783 ju-

316 1785 642 1852 stiﬁcationes
671 1798 804 1843 tuas.
838 1791 971 1846 Doce
988 1793 1140 1862 dixit,
1169 1799 1437 1866 quomodo
1457 1817 1548 1856 eas
1567 1803 1777 1859 discunt
1802 1807 1890 1875 qui

317 1875 542 1944 faciunt;
572 1895 677 1934 nou
707 1884 976 1951 quomodo
997 1885 1048 1940 hi
1072 1889 1158 1957 qui
1184 1898 1240 1942 ut
1267 1890 1492 1948 habeant
1515 1895 1655 1965 quod
1680 1897 1895 1966 loquan-

317 1972 424 2027 tur.
457 1971 824 2024 tantummodo
851 1975 1226 2032 meminerunt.
1253 1978 1382 2034 Nam
1413 1983 1593 2052 utique
1612 1985 1722 2054 jam
1748 1987 1892 2044 dixe-

311 2065 416 2120 rat,
448 2055 514 2110 In
542 2061 695 2116 corde
722 2078 830 2116 meo.
859 2065 1097 2120 abscondi
1122 2068 1318 2139 eloquia
1347 2082 1455 2142 tua,
1480 2085 1536 2128 ut
1563 2092 1664 2130 non
1695 2095 1890 2147 peccem

311 2146 437 2199 tibi:
457 2147 597 2214 Quid
622 2166 750 2220 ergo
777 2153 949 2209 adhuc
970 2171 1031 2210 ea
1055 2161 1244 2227 quaerit
1263 2161 1488 2230 discere,
1514 2183 1632 2236 quae
1660 2146 1856 2226 abscou
1876 2203 1888 2212 -

312 2236 421 2291 dita
441 2239 554 2309 jam
576 2242 809 2296 custodit
831 2245 881 2297 in
907 2247 1108 2302 corde?
1137 2251 1276 2320 quod
1308 2254 1486 2325 utique
1515 2272 1621 2312 non
1650 2258 1886 2328 fecisset,

310 2332 411 2385 nisi
439 2347 502 2388 ea
535 2334 826 2406 didicisset.
860 2339 1052 2415 thuid
1075 2358 1200 2413 ergo
1223 2344 1372 2401 addit
1400 2359 1452 2402 et
1479 2349 1626 2417 dicit,
1654 2352 1789 2408 Doce
1813 2372 1889 2410 me

301 2425 695 2493 justi/icationcs
724 2439 855 2493 tuas,
881 2432 982 2486 nisi
1008 2436 1128 2505 quia
1151 2452 1242 2492 eas
1264 2439 1375 2495 vult
1396 2441 1638 2499 iaciendo
1657 2446 1884 2513 discere,

307 2531 414 2569 non
442 2517 708 2586 loquendo
729 2521 809 2575 vel
833 2527 1087 2580 memoria
1111 2529 1425 2586 retinendo?
1453 2534 1713 2601 Quoniam
1735 2555 1884 2610 ergo,

305 2603 442 2660 sicut
473 2607 528 2660 in
555 2609 660 2662 alio
693 2612 895 2678 psalmo
923 2615 1116 2686 legitur
1135 2660 1149 2683 ,
1182 2618 1589 2680 Benedictionem
1623 2628 1762 2686 dabit

304 2694 462 2764 legem
485 2697 621 2750 dedit
645 2696 817 2783 (Psal.
842 2700 1062 2772 Lixxm,
1087 2706 1172 2779 8);
1199 2709 1338 2775 ideo,
1368 2711 1668 2770 Benedictus
1693 2734 1760 2783 es,
1787 2694 1884 2775 Do-

302 2785 469 2850 mine;
497 2787 620 2840 doce
644 2780 976 2862 nte,'inquit,
1000 2797 1394 2868 justiﬁcationes
1423 2813 1555 2860 tuas.
1580 2808 1711 2874 Quia
1739 2811 1882 2866 enim

301 2875 356 2928 in
399 2877 558 2932 corde
598 2893 716 2934 meo
755 2883 1006 2940 abscondi
1035 2887 1243 2960 eloquia
1275 2902 1395 2958 tua,
1431 2904 1486 2950 ut
1515 2913 1620 2952 non
1665 2915 1881 2970 peccem

301 2965 432 3032 tibi,
463 2967 631 3038 legem
674 2971 895 3041 dedisti;
930 2976 994 3030 da
1021 2979 1179 3033 etiam
1210 2981 1640 3044 benedictionem
1665 2965 1880 3062 gratiae,

231 3045 244 3055 ’
300 3066 360 3110 ut
379 3057 622 3116 faciendo
646 3063 846 3120 discam
864 3069 1005 3138 quod
1031 3071 1324 3131 intimando
1349 3077 1576 3146 jussisti.
1606 3081 1730 3139 Hcce
1748 3087 1882 3144 satis

295 3148 427 3216 sint,
460 3159 520 3205 ut
545 3162 736 3208 vestrae
759 3169 964 3215 mentes
994 3162 1108 3218 sine
1133 3163 1345 3222 fastidio
1367 3172 1697 3232 nutriantur:
1716 3178 1878 3235 alium

294 3254 599 3300 sermonem
624 3245 926 3306 desiderant
953 3269 1072 3322 qua}
1102 3269 1414 3328 sequuntur.

949 3378 1120 3420 εειιιιο
1150 3383 1219 3422 Vl.

368 3466 420 3518 1.
464 3465 611 3537 [verm
650 3469 760 3543 15.]
806 3453 1015 3528 Initium
1041 3480 1306 3534 sermonis
1330 3481 1485 3553 lmjus
1516 3496 1594 3540 est
1625 3490 1781 3546 nobis
1821 3494 1871 3548 in

289 3554 502 3626 psalmo
521 3543 594 3610 de
618 3574 724 3628 quo
749 3560 1103 3631 disputamus,
1123 3567 1209 3622 hic
1233 3543 1422 3628 versus
1446 3592 1459 3628 :
1485 3576 1550 3630 In
1579 3543 1874 3640 labiisineis

287 3647 546 3702 enuntiari
579 3651 751 3703 omnia
765 3653 968 3720 judicia
989 3657 1089 3711 oris
1111 3660 1200 3713 tui.
1225 3660 1362 3728 Quid
1387 3665 1612 3732 esthoc,
1639 3672 1874 3730 dilectis-

287 3735 454 3798 simi?
483 3737 604 3806 quid
631 3749 713 3798 est
739 3741 874 3798 hoc?
895 3745 1024 3812 Quis
1048 3751 1222 3805 omnia
1245 3753 1443 3822 judicia
1474 3758 1565 3814 Dei
1593 3766 1870 3821 enuntiare

283 3829 494 3902 possit,
534 3845 653 3885 cum
702 3834 1021 3908 investigare
1062 3856 1166 3896 non
1214 3848 1419 3914 possit?
1447 3852 1528 3904 An
1574 3869 1702 3909 vero
1748 3872 1868 3912 cum

281 3928 546 3996 Aposuilo
572 3925 874 3990 exclamare
913 3931 1212 3995 dubitamus
1233 3985 1248 4008 ,
1278 3956 1297 3994 t
1331 3940 1376 3999 0
1399 3942 1626 4001 altitudo
1657 3947 1868 4004 divitia-

281 4031 410 4069 rum
453 4022 726 4088 sapientia:
773 4034 829 4080 et
864 4031 1100 4085 scientize
1152 4033 1272 4086 Dei!
1316 4051 1477 4104 quam
1506 4039 1867 4096 inseratabilia

279 4117 413 4160 sunt
427 4107 778 4184 judiciaejus,
801 4125 854 4170 et
874 4119 1270 4188 investigabiles
1291 4125 1389 4178 viae
1409 4127 1523 4194 ejus
1546 4148 1564 4180 ι
1589 4131 1761 4203 (Rom.
1788 4153 1862 4206 xi,

281 4197 426 4266 δεμ
471 4200 723 4258 Dominus
750 4205 913 4275 dicit,
952 4228 970 4260 ι
1000 4207 1190 4268 Adhuc
1217 4216 1378 4269 multa
1407 4217 1577 4274 habeo
1598 4197 1750 4280 vobis
1778 4197 1860 4282 di:

277 4302 446 4354 cere,
473 4291 568 4346 sed
605 4309 711 4350 non
743 4300 964 4364 potestis
1011 4311 1222 4370 portare
1266 4307 1462 4362 modo:
1496 4329 1513 4362 ι
1541 4321 1594 4366 et
1624 4318 1866 4386 quamvis

277 4382 540 4438 continuo
584 4389 888 4455 promiserit
911 4391 990 4446 eis
1015 4407 1226 4449 omnem
1261 4400 1539 4456 veritatem
1577 4419 1670 4474 per
1697 4406 1863 4478 Spiri-

278 4482 400 4527 tum
422 4487 660 4532 sanctum
687 4479 865 4548 (Joan.
888 4498 1006 4547 xvi,
1036 4484 1130 4550 i2,
1156 4487 1274 4558 15);
1305 4491 1500 4547 clamat
1529 4503 1703 4553 tamen
1733 4500 1859 4555 bea-

278 4571 376 4616 tus
410 4563 631 4630 Paulus,
661 4567 745 4623 Ea:
772 4582 914 4638 parte
936 4575 1159 4644 scimus;
1190 4587 1246 4632 ut
1278 4581 1632 4653 intelligamus
1660 4588 1860 4658 Spiritu

276 4656 498 4725 quidem
529 4670 736 4728 sancto,
768 4664 909 4720 unde
941 4667 1132 4738 pignus
1161 4674 1480 4741 accepimus,
1517 4680 1730 4746 perduci
1762 4700 1860 4740 nos

275 4745 354 4808 ad
387 4761 598 4805 omnem
630 4754 941 4823 veritatem;
973 4760 1067 4814 sed
1096 4776 1217 4815 cum
1245 4763 1295 4816 in
1324 4766 1480 4821 aliam
1514 4769 1704 4837 vitam,
1739 4786 1860 4845 post

273 4837 446 4904 hujus
471 4841 590 4896 vita:
617 4845 892 4911 specuhun
921 4856 976 4903 et
999 4851 1221 4920 mtiigma
1247 4894 1260 4918 ,
1290 4859 1612 4924 venerimus,
1646 4875 1697 4917 et
1722 4865 1858 4923 facie

266 4926 350 4980 ad
389 4928 574 4984 faciem
613 4933 904 4992 viderimus
933 4940 948 4970 ¹
973 4941 990 5009 (
1012 4940 1028 4993 i
1054 4942 1171 4995 Cor.
1196 4961 1322 5005 xm,
1354 4947 1405 5009 9,
1441 4949 1548 5022 12).
1579 4954 1855 5021 Quomodo

265 5033 409 5085 ergo
444 5020 541 5076 iste
581 5023 742 5089 dicit,
774 5025 840 5080 In
868 5028 1010 5084 labiis
1039 5034 1161 5086 meis
1187 5040 1438 5092 enuntiavi
1462 5046 1629 5096 omnia
1659 5048 1855 5117 judicia

263 5108 381 5160 oris
427 5112 536 5165 tui?
580 5114 646 5167 Et
691 5116 782 5171 ille
823 5120 926 5173 huc
951 5121 1098 5189 dicit,
1129 5127 1216 5194 qui
1247 5129 1402 5195 paulo
1431 5143 1554 5186 ante
1581 5108 1855 5205 Super-iove

263 5215 434 5256 versu
481 5206 725 5271 proximo
751 5209 992 5278 dixerat,
1021 5217 1161 5277 Doce,
1196 5236 1274 5273 me
1303 5221 1691 5290 jnsti/icationrs
1719 5245 1849 5286 tntis.

261 5295 392 5356 Quo
443 5305 596 5360 pacto
626 5296 785 5366 igitur
813 5304 1106 5360 enuntiavit
1136 5311 1316 5364 omnia
1337 5312 1532 5382 judicia
1565 5322 1672 5373 oris
1699 5323 1814 5392 ejus
1833 5368 1848 5391 ,

259 5383 362 5452 qui
393 5386 502 5440 vult
529 5388 705 5445 adhuc
726 5391 931 5450 discere
954 5396 1361 5464 justiticationes
1384 5407 1534 5475 ejus?
1552 5412 1628 5464 An
1653 5383 1847 5482 judicia

256 5473 486 5543 quidem
513 5489 703 5533 cuncta
728 5481 834 5550 jam
865 5499 1108 5554 noverat,
1132 5489 1540 5560 justiticationes
1568 5514 1741 5559 autem
1764 5507 1847 5562 ad-

329 5609 347 5637 ⁸
388 5614 470 5656 Am
494 5617 546 5658 et
589 5617 717 5672 Mss,
740 5614 826 5664 sed
856 5629 964 5666 cum
982 5619 1032 5668 in
1055 5621 1152 5672 alia
1176 5625 1285 5682 vita,
1311 5636 1412 5689 post
1436 5629 1578 5691 huius
1608 5637 1715 5687 vitm
1738 5655 1848 5703 spe.-

329 5665 424 5703 Imn
448 5677 491 5703 οι
513 5671 718 5703 ΠηΞδηνιιη
745 5677 863 5703 runt-
880 5681 940 5703 ..Α
962 5681 1127 5703 ιι...;-.-.
1148 5699 1230 5703 μ-.-
1297 5689 1305 5703 ρ
1499 5696 1508 5703 .
1543 5697 1551 5703 .
1691 5701 1696 5703 Α
1728 5701 1734 5703 .

864 5665 867 5666 ν
954 5665 959 5666 γ
985 5665 1030 5668 _._
1057 5665 1150 5672 ..-νη
1179 5665 1268 5675 -..πη
1344 5665 1410 5678 νυιι
1436 5665 1494 5680 nu
1524 5665 1564 5682 ιιι
1637 5665 1647 5685 t
1672 5665 1713 5686 (υ
1738 5665 1758 5686 ἢ
1824 5669 1844 5683 ι·

253 5665 425 5716 culum
447 5677 491 5719 et
512 5665 718 5781 aenigma
741 5677 863 5735 facie
875 5681 940 5728 ad
956 5681 1130 5742 fidem
1147 5665 1410 5740 venerimus
1431 5707 1441 5742 :
1465 5665 1700 5758 uisibiidd
1722 5665 1844 5766 iulg),

253 5729 489 5781 autiama.
514 5735 594 5781 qui
629 5747 707 5781 am
728 5738 924 5781 habent-
949 5743 1204 5781 mni/imum

253 5743 489 5793 a’tttqma,
514 5738 707 5794 quidam
728 5738 926 5793 habent.
949 5738 1220 5806 amignutta.

575 5812 846 5879 ΡιιΤυυι.
896 5820 1213 5889 XXXV”.

1388 321 1780 377 ENARRATIO
1818 319 1880 374 ΙΝ
1923 321 2239 380 PSALMUM
2279 329 2504 387 CXVI".

3458 357 3591 412 15ῐὶ

2019 435 2122 491 huc
2147 440 2354 498 discere
2377 447 2653 515 cupiebat?
2681 452 2790 506 Hoc
2818 470 2942 510 vero
2969 469 3048 513 est
3076 463 3389 527 mirabilius,
3413 471 3456 524 si
3479 472 3592 540 jam

2013 530 2214 586 sciebat
2239 535 2596 595 inscrutahilia
2631 543 2721 597 Dei
2743 587 2757 609 ,
2785 556 2838 602 et
2867 564 2928 603 ea
2953 565 3070 618 qua:
3112 553 3411 614 hominibus
3450 578 3592 631 pra:-

2012 625 2154 692 ctrpit
2195 627 2432 684 facienda
2480 634 2773 690 nesciebat.
2820 639 3232 700 Justiticationes
3258 651 3398 704 enim
3430 667 3589 722 sunt,

2013 728 2116 767 non
2147 715 2306 781 dicta,
2337 720 2429 773 sed
2457 719 2589 776 facta
2614 724 2852 794 justitiar,
2881 747 3043 801 opera
3075 739 3276 794 scilicet
3299 743 3587 811 justorum.

2011 820 2127 872 quae
2154 807 2377 876 imperat
2406 812 2562 868 Deus.
2589 815 2713 871 Ideo
2734 831 2908 876 autem
2941 826 3030 881 Dei
3059 829 3327 900 dicuntur,
3347 842 3592 905 quamvis

2009 909 2038 946 a
2067 896 2216 950 nobis
2246 899 2392 963 iiant,
2425 904 2545 970 quia
2579 906 2681 960 nisi
2711 909 2826 978 ipso
2851 912 3081 972 donante
3109 936 3212 975 non
3247 896 3396 980 (iuni.
3433 929 3585 984 Judi-

2007 984 2088 1038 cia
2119 999 2276 1055 porro
2306 990 2394 1044 Dei
2426 1005 2547 1048 sunt
2568 1037 2582 1062 ,
2615 999 2807 1067 quibus
2837 1003 2904 1057 ab
2933 1020 2998 1058 eo
3024 1012 3252 1065 mundus
3281 1025 3334 1069 et
3369 1034 3507 1073 nunc
3535 1032 3592 1075 et

2007 1074 2059 1127 in
2091 1075 2196 1131 ﬁne
2223 1082 2400 1135 scecuii
2422 1083 2712 1152 judicatur.
2742 1089 2845 1146 Sed
2871 1108 2991 1149 cum
3019 1098 3244 1169 eloquiis
3285 1105 3379 1160 Dei
3406 1113 3588 1164 omnia

2006 1167 2404 1236 Contineantur,
2436 1184 2489 1227 et
2529 1177 2940 1251 justiticationes
2975 1167 3222 1248 videlicet
3259 1205 3311 1250 et
3347 1198 3580 1268 judicia;

2005 1268 2101 1309 cur
2120 1259 2310 1326 quan-it
2337 1262 2513 1320 adhuc
2546 1267 2956 1336 justiticationes
2990 1277 3231 1352 discere,
3257 1289 3344 1353 qui
3376 1290 3585 1359 eloquia

2003 1347 2096 1403 Dei
2125 1365 2185 1405 se
2211 1351 2554 1414 abscondisse
2582 1361 2632 1414 in
2659 1365 2820 1421 corde
2843 1369 3002 1424 dicit?
3029 1375 3116 1427 Ait
3136 1378 3280 1431 enim
3306 1420 3320 1442 ,
3344 1378 3411 1435 In
3437 1387 3586 1438 corde

2004 1453 2114 1491 meo
2138 1438 2377 1498 abscondi
2405 1447 2600 1516 eloquia
2631 1463 2733 1518 tua,
2767 1467 2819 1509 ut
2849 1475 2947 1512 non
2973 1479 3170 1530 peccem
3199 1468 3284 1521 tibi
3315 1485 3329 1526 :
3362 1481 3468 1526 tum
3501 1491 3586 1530 se-

2000 1541 2154 1589 cutus
2180 1536 2440 1606 adjunxit,
2472 1541 2772 1618 Benedictus
2794 1566 2864 1610 es,
2903 1553 3147 1622 Domine;
3177 1560 3300 1614 doce
3325 1581 3403 1617 me
3419 1567 3583 1634 justi-

2000 1625 2258 1692 ficationcs
2280 1642 2427 1697 tuus;
2454 1649 2516 1688 ac
2543 1636 2750 1704 deinde,
2775 1641 2840 1696 In
2867 1645 3016 1701 labiis
3037 1666 3178 1718 meis,
3213 1654 3399 1725 inquit,
3425 1677 3583 1715 enun-

1997 1716 2118 1771 tiavi
2162 1723 2333 1775 omnia
2369 1726 2570 1796 judicia
2611 1732 2713 1785 oris
2766 1736 2856 1787 tni.
2915 1737 3166 1795 Videntur
3211 1747 3424 1813 quidem
3475 1751 3584 1805 duo

1997 1806 2098 1860 ista
2120 1808 2257 1865 inter
2277 1828 2334 1867 se
2356 1830 2461 1869 non
2487 1833 2606 1874 esse
2627 1827 2910 1891 contraria,
2938 1828 3042 1884 imo
3065 1848 3182 1886 esse
3212 1837 3384 1902 potius
3409 1845 3582 1898 amica

1997 1907 2157 1968 atque
2183 1903 2466 1972 conjuncta
2491 1951 2506 1974 ,
2540 1921 2596 1964 ut
2619 1918 2866 1981 quoniam
2901 1918 2951 1972 in
2983 1924 3144 1978 corde
3174 1942 3270 1980 suo
3301 1928 3582 1988 abscondit

1997 1991 2203 2061 eloquia
2235 1995 2348 2063 Dei,
2379 1999 2429 2052 in
2461 2001 2613 2058 labiis
2637 2007 2746 2060 suis
2764 2010 2960 2078 judicia
2983 2015 3099 2084 ejus
3124 2023 3390 2090 enuntiet;
3417 2024 3580 2082 Corde

1995 2081 2126 2134 enim
2150 2087 2374 2140 creditur
2399 2091 2468 2143 ad
2483 2092 2735 2160 justitiam
2755 2141 2768 2161 ,
2803 2118 2888 2154 ore
2923 2117 3088 2159 autem
3120 2117 3367 2182 confessio
3405 2118 3463 2185 ﬁt
3505 2120 3574 2172 ad

1994 2172 2206 2228 salutent
2236 2178 2408 2246 (Rom.
2439 2197 2496 2247 κ,
2522 2185 2612 2256 10)
2639 2205 2650 2240 :
2676 2190 2767 2244 sed
2808 2195 2948 2262 quod
2995 2198 3136 2254 inter
3175 2172 3288 2260 haec
3321 2172 3426 2262 duo
3467 2227 3580 2266 mc-

1993 2260 2138 2316 dium
2169 2269 2378 2337 posuit,
2405 2271 2705 2332 Benedictus
2731 2297 2782 2334 es
2800 2260 3060 2344 {Domine
3075 2305 3097 2353 ;
3124 2292 3248 2348 doce
3275 2313 3352 2351 me
3372 2300 3573 2370 justiﬁ-

1995 2355 2214 2411 cationes
2258 2370 2399 2426 tuas,
2439 2368 2709 2433 quomodo
2752 2376 3034 2432 conveniat
3077 2380 3279 2438 homini
3323 2389 3474 2457 cujus
3523 2393 3574 2448 in

1990 2446 2152 2501 corde
2185 2449 2294 2518 jam
2326 2464 2449 2508 sunt
2473 2457 2678 2528 eloquia
2706 2462 2834 2530 Dei,
2860 2476 2914 2522 et
2939 2471 3028 2539 qui
3074 2473 3227 2530 labiis
3253 2480 3364 2534 suis
3385 2446 3568 2538 enun-

1995 2538 2140 2593 tiavit
2165 2545 2338 2598 omnia
2357 2545 2554 2616 judicia
2585 2551 2697 2621 Dei,
2723 2565 2778 2610 ut
2799 2538 2972 2616 adhuc
2994 2565 3117 2619 velit
3143 2568 3348 2637 discere
3368 2573 3569 2643 justiﬁ-

1990 2635 2226 2691 cationes
2253 2638 2382 2706 Dei,
2411 2657 2515 2696 non
2549 2645 2834 2716 invenitur,
2868 2654 2969 2710 nisi
2995 2665 3054 2712 ut
3074 2674 3165 2714 eas
3194 2661 3402 2722 discere
3428 2669 3567 2725 velle

1991 2725 2319 2797 intelligatur
2357 2730 2635 2803 faciendo,
2665 2753 2771 2794 non
2805 2747 3060 2800 memoria
3090 2751 3370 2809 retinendo
3397 2767 3452 2811 et
3479 2759 3563 2814 lo-

1987 2815 2226 2882 quendo;
2258 2827 2312 2872 et
2340 2820 2391 2874 id
2421 2837 2449 2874 a
2481 2823 2706 2882 Domino
2729 2829 3114 2894 demonstravit
3139 2840 3335 2900 debere
3358 2862 3456 2902 nos
3478 2865 3570 2918 pe-

1989 2911 2099 2958 tere
2119 2947 2132 2969 ,
2163 2909 2278 2963 sine
2308 2926 2414 2980 quo
2443 2915 2572 2970 nihil
2603 2934 2885 2988 possumus
2913 2926 3107 2985 facere.
3145 2932 3252 2989 Sed
3295 2935 3400 2994 hoc
3443 2952 3568 2996 ante

1986 2993 2146 3050 istum
2176 2999 2281 3054 alio
2302 3003 2411 3070 jam
2443 3021 2691 3067 sermone
2722 3019 3063 3076 tractavimus
3089 3041 3101 3076 :
3131 3041 3273 3082 nunc
3291 3045 3418 3087 vero
3442 3049 3567 3103 qau-

1986 3098 2031 3103 __.
2047 3097 2064 3103 Α
2083 3084 2105 3103 .I
2122 3100 2132 3103 -
2177 3102 2180 3103 ν
2271 3089 2302 3103 ⁸·
2409 3095 2420 3103 ¹
2607 3100 2616 3103 ⁸
2687 3102 2693 3103 ⁷
2759 3102 2762 3103 ⁷

1983 3084 2143 3139 modo
2168 3102 2226 3142 se
2251 3089 2446 3148 dixerit
2475 3100 2651 3154 omnia
2675 3102 2874 3172 judicia
2901 3110 3012 3164 oris
3047 3113 3144 3168 Dei
3175 3117 3226 3170 in
3269 3118 3423 3177 labiis
3451 3126 3565 3180 suis

1981 3178 2311 3248 enuntiasse,
2335 3197 2454 3239 eum
2478 3187 2617 3244 dicta
2640 3193 2748 3248 sint
2773 3195 3149 3271 inscrutabilia,
3175 3208 3314 3263 etde
3335 3227 3560 3280 quorum

1981 3266 2342 3334 profunditate
2374 3275 2498 3330 alibi
2540 3281 2797 3352 scriptum
2841 3299 2956 3356 est,
2993 3266 3204 3351 Iudicia
3243 3309 3330 3354 tua
3351 3266 3563 3374 abyssus

1979 3359 2137 3412 multa
2161 3360 2331 3430 (Psal.
2355 3382 2534 3436 xxxv,
2560 3369 2648 3443 7);
2673 3387 2929 3445 quantum
2959 3383 3098 3441 Deus
3119 3388 3315 3458 donat,
3331 3359 3561 3453 tractare

1977 3453 2328 3521 suscepimus.

2047 3540 2101 3595 2.
2143 3545 2278 3609 Quid
2309 3565 2434 3620 ergo
2461 3551 2547 3608 hic
2569 3555 2941 3630 intelligamus,
2982 3571 3262 3629 attendite.
3291 3576 3558 3650 Numquid

1972 3631 2170 3700 judicia
2201 3637 2292 3693 Dei
2321 3645 2488 3698 nescit
2514 3645 2788 3706 Ecclesia?
2815 3654 2924 3710 Scit
2964 3659 3140 3728 plane.
3168 3664 3298 3720 Nam
3329 3631 3555 3727 scitjuti-

1973 3740 2076 3790 que
2093 3729 2336 3796 qualibus
2357 3733 2593 3791 dicturus
2611 3741 2676 3794 sit
2693 3743 2854 3810 judex
2879 3748 3114 3806 vivorum
3129 3763 3184 3808 et
3200 3769 3553 3832 mortuorum,

1985 3812 2025 3832 .,
2099 3818 2127 3832 ._
2222 3819 2234 3832 .
2362 3823 2388 3832 .-
2447 3825 2457 3832 .
2490 3825 2520 3832 -
2615 3829 2623 3832 ρ

1985 3812 2173 3881 Venite,
2215 3819 2457 3878 benedicti
2476 3825 2649 3883 Patris
2675 3833 2790 3901 mei,
2817 3838 3058 3908 percipite
3082 3859 3328 3914 regnum;
3354 3861 3406 3905 et
3425 3871 3555 3923 qua-

1970 3905 2111 3962 libus
2139 3909 2376 3967 dicturus
2401 3916 2490 3980 sit,
2525 3918 2550 3970 Ι
2559 3931 2605 3972 te
2639 3923 2690 3975 in
2714 3923 2880 3994 ignem
2903 3943 3146 3987 wtcrnum
3173 3935 3192 4009 (
3220 3937 3546 4012 Hall/LXXV,

1971 3994 2062 4060 54,
2091 3997 2154 4052 41
2183 3999 2221 4069 ).
2273 4001 2424 4070 Scit,
2467 4007 2679 4077 inquam
2710 4055 2724 4078 ,
2774 4032 2946 4088 neque
2973 3994 3318 4088 fornicaiores
3339 4075 3352 4096 ,
3383 4053 3556 4108 neque

3339 4088 3350 4096 ,
3385 4088 3550 4108 ,ητα

1970 4088 2126 4146 idolis
2152 4097 2464 4162 servientes,
2490 4116 2664 4172 neque
2687 4106 2806 4162 illos
2831 4120 2989 4181 atque
3013 4117 3149 4182 illos,
3174 4139 3304 4191 quos
3327 4127 3398 4182 ibi
3423 4146 3550 4199 apo-

1969 4181 2140 4240 stolus
2169 4183 2362 4239 Paulus
2417 4205 2732 4259 enumerat,
2789 4215 3008 4271 regnum
3064 4208 3158 4263 Dei
3209 4228 3547 4281 possessores

1971 4271 1990 4339 (
2019 4273 2036 4326 l
2067 4272 2184 4328 Cor.
2215 4291 2283 4343 γι,
2320 4276 2376 4342 9,
2407 4279 2510 4352 10)
2547 4299 2558 4334 :
2590 4286 2689 4338 scit
2729 4289 2857 4344 iram
2886 4301 2938 4347 et
2967 4271 3422 4374 indigmtionetn,

1967 4361 2289 4424 bulationem
2322 4381 2373 4427 et
2402 4375 2668 4446 angustias
2704 4379 2755 4432 in
2802 4397 3010 4440 omnem
3039 4392 3270 4450 animam
3318 4398 3550 4461 hominis

1966 4459 2234 4522 opcrautis
2286 4464 2480 4519 malum
2507 4508 2521 4535 ,
2550 4467 2716 4526 Judaei
2747 4474 2973 4544 primum
3017 4489 3071 4538 et
3095 4481 3263 4543 erci
3281 4505 3294 4554 ;
3323 4493 3547 4561 gloriam

1966 4560 2113 4611 vero,
2143 4558 2196 4605 et
2225 4550 2480 4611 honorem
2510 4601 2525 4625 ,
2558 4553 2609 4616 et
2648 4579 2832 4633 pacem
2865 4574 3008 4627 onmi
3037 4569 3276 4644 eper‘anti
3309 4584 3502 4642 bonum
3528 4631 3544 4656 ,

1974 4635 1991 4656 Ι
2020 4655 2025 4656 γ
2054 4638 2064 4656 Ι
2249 4643 2259 4654 ⁵
2532 4651 2559 4656 ’

1965 4635 2150 4694 Ιιιάίιεο
2181 4643 2408 4711 primmn
2438 4659 2493 4704 et
2522 4651 2709 4709 Grieco
2746 4657 2921 4730 (Rom.
2954 4679 3010 4728 ιι,
3041 4635 3148 4722 9'et
3177 4670 3287 4743 10).

1964 4743 2068 4796 que
2101 4730 2399 4801 lmjnsmodi
2441 4740 2638 4809 judicia
2669 4747 2760 4802 Dei
2807 4752 3082 4811 evidenter
3123 4776 3373 4830 expressa
3399 4772 3546 4826 novit

1963 4818 2200 4877 Ecclesia
2223 4843 2235 4877 :
2262 4829 2355 4882 sed
2378 4846 2482 4885 non
2508 4833 2616 4904 ipsa
2647 4848 2771 4894 sunt
2795 4845 3003 4912 omnia;
3024 4863 3145 4904 cum
3176 4855 3280 4909 sint
3300 4861 3541 4928 quaedam

1964 4911 2343 4987 inscrutabilia,
2376 4933 2429 4977 et
2455 4926 2588 4980 sicut
2612 4929 2834 5000 abyssus
2863 4939 3054 5008 multa,
3086 4946 3343 5011 profunda
3372 4962 3425 5007 et
3449 4969 3543 5008 oc-

1962 5005 2120 5060 culta.
2156 5009 2235 5062 Au
2267 5021 2318 5064 et
2349 5013 2458 5082 ipsa
2489 5027 2609 5071 nota
2647 5031 2770 5076 sunt
2805 5005 3119 5094 quibusdam
3148 5039 3540 5097 excellentiori-

1963 5096 2061 5151 bus
2091 5103 2348 5158 membris
2370 5105 2598 5164 hominis
2632 5111 2786 5182 hujus
2805 5159 2820 5182 ,
2851 5121 2938 5188 qui
2962 5137 3080 5178 cum
3108 5140 3210 5182 suo
3229 5132 3400 5198 capite
3425 5132 3538 5188 Sal-

1961 5199 2144 5246 vatore
2176 5201 2316 5248 totus
2346 5209 2428 5252 est
2453 5201 2739 5258 Christus?
2761 5207 3121 5269 lnscrutabilia
3148 5220 3287 5272 enim
3314 5222 3539 5280 fortasse

1957 5277 2094 5333 dicta
2143 5294 2265 5337 sunt
2315 5286 2510 5344 homini
2542 5334 2556 5356 ,
2604 5297 2724 5362 quia
2757 5299 2956 5356 viribus
3004 5306 3115 5360 suis
3139 5323 3200 5361 ea
3233 5326 3332 5364 non
3365 5324 3537 5381 potest

1957 5377 2298 5440 perscrutari.
2329 5381 2432 5434 Sed
2461 5397 2555 5436 cur
2587 5401 2689 5441 non
2721 5394 2888 5459 possit
2913 5395 3054 5451 dono
3084 5399 3312 5468 Spiritus
3342 5410 3530 5474 sancti,

1956 5464 2270 5534 cuicumque
2296 5469 2394 5524 hoc
2426 5473 2677 5531 Dominus
2709 5483 2951 5540 conferre
2973 5488 3255 5559 dignatur?
3280 5495 3366 5548 Sic
3391 5505 3529 5553 enim

1954 5554 2084 5610 illud
2126 5557 2321 5614 dictum
2371 5573 2494 5630 est,
2551 5568 2684 5623 Dens
2723 5574 2912 5630 habitat
2952 5580 3110 5633 lucem
3142 5584 3530 5646 irmcressftn‘lrm

1953 5647 1971 5717 (
1999 5647 2016 5702 I
2042 5647 2173 5703 Tim.
2205 5667 2273 5714 γι,
2305 5653 2370 5707 16
2396 5661 2411 5718 )
2438 5673 2450 5720 ;
2485 5667 2537 5712 et
2565 5662 2806 5718 audimus
2837 5677 3028 5734 tamen,
3059 5675 3283 5729 .-icce(/ite
3306 5681 3373 5731 ad
3392 5699 3526 5743 eum.

1954 5747 1998 5792 et
2030 5739 2390 5798 illuminamini
2415 5746 2434 5820 (
2456 5747 2596 5804 Pani.
2635 5769 2823 5822 XXXIII,
2854 5760 2886 5812 5
2907 5760 2946 5828 ).
2971 5762 3095 5829 Qum
3127 5768 3305 5837 utique
3328 5771 3393 5828 iu.
3418 5779 3524 5831 ευλ.
