4026 6202
418 261 552 316 1315

420 370 561 421 vilur
584 364 827 436 quaestio,
856 371 913 419 ut
942 357 1323 417 inaccessibilis
1340 356 1409 411 sit
1429 355 1629 410 viribus
1655 354 1873 420 nostris,
1901 369 1994 407 ac-

419 461 638 516 cedatur
673 467 849 513 autem
898 454 965 510 ad
1017 467 1137 508 cum
1187 448 1494 505 muneribus
1524 447 1653 502 suis.
1684 446 1997 516 Quanquam

420 554 521 607 etsi
546 549 743 619 nemini
768 546 984 602 omnino
1004 551 1334 607 sanctorum,
1361 537 1612 609 quamdiu
1641 550 1837 607 corpus
1859 536 1999 605 quod

419 640 776 710 corrumpitur
801 643 1052 707 aggravet
1075 632 1307 687 animam
1339 631 1359 701 (
1390 629 1520 700 Sep.
1549 645 1625 696 tx,
1658 629 1725 683 15
1750 628 1792 699 ),
1820 629 1999 682 omnia

417 732 615 802 judicia
645 728 736 784 Dei
766 726 904 782 scire
922 722 1255 789 conceditur,
1288 720 1412 791 quia
1458 734 1641 775 revera
1671 719 1894 773 multum
1920 726 2003 773 est

420 822 487 876 ad
519 818 807 880 hominem,
838 831 958 871 cum
985 813 1222 885 profecto
1244 811 1262 883 (
1285 821 1342 865 ut
1363 810 1560 880 aliquid
1588 809 1813 879 exempli
1833 808 2001 879 gratia

420 915 590 970 dicam
613 954 627 977 ,
660 911 799 966 unde
822 898 1141 981 iudiciorum
1176 906 1265 960 Dei
1294 903 1606 973 conjiciatur
1630 900 1998 971 immensitas)

420 1022 578 1063 nemo
599 1006 717 1061 sine
737 1002 937 1074 judicio
958 1000 1051 1055 Dei
1075 999 1143 1054 sit
1166 996 1345 1052 tardus
1368 997 1421 1050 in
1445 995 1644 1060 animo,
1668 993 1756 1048 vel
1782 991 2003 1048 claudus

386 1122 390 1125 ·
421 1100 475 1152 in
503 1110 729 1166 corpore
773 1111 786 1147 :
822 1092 981 1147 habet
1011 1100 1187 1145 tamen
1218 1087 1360 1142 unde
1407 1086 1548 1140 dicat
1595 1083 1827 1139 Ecclesia
1857 1124 1873 1149 ,
1902 1082 2006 1138 hoc

421 1199 504 1244 est
534 1188 758 1260 populus
784 1183 1168 1255 acquisitionis,
1199 1190 1251 1235 et
1279 1180 1539 1234 veraciter
1558 1178 1736 1242 dicat,
1768 1176 1831 1230 In
1860 1175 2005 1230 labiis

420 1280 546 1334 meis
566 1276 821 1333 enuntiari
847 1274 1015 1330 omnia
1036 1273 1233 1345 judicia
1273 1272 1374 1325 oris
1404 1271 1514 1334 tui;
1542 1269 1591 1324 id
1620 1277 1702 1324 est
1724 1308 1737 1331 ,
1767 1267 1895 1322 nihil
1921 1266 2007 1336 ju-

423 1371 687 1427 diciorum
717 1377 927 1436 tuorum
956 1365 1115 1431 tacui,
1138 1379 1255 1434 quae
1282 1361 1409 1416 mihi
1442 1376 1535 1430 per
1558 1359 1766 1429 eloquia
1797 1367 1882 1412 tua
1918 1357 2002 1410 in-

424 1470 705 1517 notescere
732 1457 981 1520 voluisti,
1008 1454 1099 1509 sed
1144 1453 1323 1508 omnia
1353 1466 1569 1522 prorsus
1596 1449 1649 1504 in
1679 1448 1832 1503 labiis
1871 1447 2006 1502 meis

424 1549 714 1609 enuntiari.
747 1548 859 1603 Hoc
887 1547 1028 1602 enim
1055 1544 1185 1599 mihi
1207 1542 1414 1598 videtur
1435 1540 1731 1611 signiﬁcare
1752 1537 2003 1601 voluisse,

426 1640 567 1713 quod
591 1655 695 1695 non
724 1638 833 1703 ait,
862 1636 1037 1692 omnia
1060 1634 1258 1706 judicia
1305 1644 1426 1698 tua;
1459 1631 1554 1687 sed
1574 1673 1588 1695 ,
1618 1631 1787 1685 omnia
1807 1627 2007 1699 judicia

426 1733 528 1788 oris
550 1731 643 1798 tui,
671 1729 722 1785 id
752 1737 854 1795 est,
885 1743 1004 1799 qua:
1033 1725 1163 1780 mihi
1185 1724 1364 1780 dixisti
1396 1742 1410 1780 :
1438 1733 1494 1778 ut
1537 1738 1631 1793 per
1653 1737 1715 1778 os
1756 1720 1871 1790 ejus
1895 1720 2009 1774 elo-

427 1823 607 1894 quium
636 1821 752 1893 ejus
781 1819 1160 1889 intelligamus,
1183 1817 1324 1887 quod
1350 1815 1473 1871 fecit
1499 1814 1565 1868 ad
1590 1829 1687 1867 nos
1726 1812 1778 1866 in
1801 1811 2007 1866 revela-

429 1914 661 1970 tionibus
686 1921 989 1968 sanctorum
1015 1908 1280 1980 pluribus,
1312 1916 1366 1962 et
1394 1905 1745 1961 'l‘estamcntis
1777 1903 2005 1969 duobus;

428 2020 546 2074 qua:
563 2002 946 2073 omniajudicia
965 2014 1339 2071 usquequaque
1362 1999 1413 2052 in
1432 1996 1583 2052 labiis
1602 1996 1711 2052 suis
1733 1996 2009 2052 enuntiare

428 2112 535 2151 non
562 2104 736 2150 cessat
761 2093 1019 2148 Ecclesia.

502 2188 555 2242 5.
579 2184 730 2261 [vers.
752 2182 862 2258 14.]
883 2182 1080 2239 Deinde
1096 2180 1363 2251 subjungit
1378 2178 1591 2242 etdicit.
1614 2177 1675 2232 In
1691 2178 1769 2232 via
1791 2179 2011 2232 testimo-

431 2278 632 2331 niorum
648 2276 1165 2347 tuorumjucundatus
1186 2289 1314 2338 sum,
1331 2271 1475 2341 quasi
1489 2271 1541 2324 in
1561 2271 1786 2324 omnibus
1802 2268 2007 2323 divitiis.

432 2365 584 2420 Viam
603 2365 1024 2421 testimoniorum
1042 2364 1131 2418 Dei
1154 2362 1282 2417 nihil
1307 2361 1483 2426 citius,
1498 2360 1624 2414 nihil
1644 2360 1858 2424 certius,
1879 2357 2011 2412 nihil

431 2456 940 2529 brevius,nihilque
985 2455 1238 2527 grandius
1291 2453 1802 2523 intelligimus‘esse
1853 2466 2011 2520 quam

433 2549 700 2605 Christum
723 2590 740 2616 ,
768 2550 822 2604 in
851 2563 956 2619 quo
993 2556 1121 2603 sunt
1162 2561 1350 2602 omnes
1402 2544 1634 2600 thesauri
1659 2543 1932 2613 sapientia:
1958 2551 2013 2597 et

432 2641 667 2695 scientiae
719 2639 1016 2695 absconditi
1062 2638 1297 2710 (Coloss.
1341 2653 1398 2704 ιι,
1427 2637 1517 2708 3).
1551 2636 1678 2691 Inde
1723 2644 1776 2692 et
1813 2635 1915 2690 iste
1940 2634 2013 2689 ait

433 2748 492 2788 sc
508 2733 854 2804 jucu‘ndatum
884 2731 1301 2788 veldelcctatum
1327 2731 1380 2785 in
1409 2731 1508 2785 hac
1532 2728 1636 2796 via,
1664 2729 1809 2800 quasi
1835 2732 1888 2783 in
1913 2744 2012 2782 om-

434 2828 580 2880 nibus
622 2824 1185 2880 diuitiis.Testimonia
1236 2824 1431 2894 quippe
1475 2821 1571 2877 Dei
1614 2829 1775 2889 sunt,
1822 2820 2013 2891 quibus

435 2926 688 2988 quantum
735 2931 831 2971 nos
860 2915 1075 2986 diligat,
1103 2915 1257 2970 nobis
1290 2913 1513 2985 probare
1539 2913 1804 2983 dignatur.
1847 2912 2013 2967 Com-

433 3006 653 3062 mendat
679 3015 859 3061 autem
887 3020 1035 3059 suam
1066 3004 1380 3060 charitatem
1414 3004 1554 3058 Deus
1578 3003 1632 3057 in
1660 3002 1813 3056 nobis
1840 3043 1855 3069 ,
1885 3016 2014 3071 quo-

435 3097 577 3152 niam
615 3111 735 3152 cum
766 3095 940 3151 adhuc
977 3103 1287 3167 peccatores
1325 3109 1599 3158 essemus,
1641 3094 1884 3148 Chrisms
1918 3108 2014 3163 pro

435 3190 592 3245 nobis
638 3197 878 3244 mortuus
928 3196 1010 3242 est
1041 3187 1061 3258 (
1093 3185 1247 3240 Rom.
1280 3200 1332 3249 v,
1364 3186 1423 3248 8,
1452 3184 1486 3239 9
1512 3182 1554 3256 ).
1584 3184 1713 3238 Cum
1745 3198 1873 3252 ergo
1902 3183 2015 3253 ipse

436 3280 611 3343 dicat,
639 3277 749 3348 Ego
772 3294 884 3331 sum
913 3278 991 3331 via
1033 3276 1053 3347 (
1078 3275 1236 3330 Joan.
1259 3290 1369 3341 xtv,
1392 3271 1484 3346 6),
1524 3282 1579 3328 et.
1609 3272 1874 3327 humilitas
1899 3272 2014 3341 ejus

438 3369 669 3423 carnalis
716 3367 1005 3422 nativitatis
1049 3375 1209 3436 atque
1253 3365 1517 3436 passionis
1545 3405 1562 3432 ,
1602 3363 1865 3419 evidentia
1909 3364 2017 3420 sint

439 3459 740 3515 testimonia
764 3457 956 3513 divina:
981 3471 1105 3523 erga
1136 3472 1234 3510 nos
1263 3455 1565 3511 dilectionis
1589 3471 1604 3521 ;
1636 3455 1820 3525 procul
1850 3454 2015 3510 dubio

438 3553 521 3605 via
553 3548 974 3605 testimoniorum
1006 3547 1099 3603 Dei
1129 3545 1369 3604 Christus
1406 3555 1506 3602 est.
1535 3546 1636 3602 Per
1673 3545 1787 3601 haec
1822 3545 2017 3617 quippe

440 3640 743 3697 testimonia
774 3654 893 3710 qua!
920 3639 971 3693 in
996 3638 1091 3692 illo
1118 3636 1361 3691 videmus
1390 3636 1629 3706 impleta,
1659 3636 1817 3690 etiam
1842 3634 2017 3691 futura

442 3748 564 3803 erga
595 3746 691 3787 nos
715 3774 730 3797 ,
758 3746 874 3801 qua:
900 3730 1222 3800 sempiterna
1253 3726 1513 3799 promissa
1552 3736 1707 3792 sunt,
1738 3738 2017 3797 exspecta-

443 3840 560 3879 mus
586 3832 642 3879 ct
665 3837 943 3893 speramus
976 3820 1263 3891 implenda.
1309 3818 1407 3886 Qui
1443 3819 1586 3874 enim
1632 3818 1847 3888 proprio
1881 3818 2017 3874 Filio

442 3933 546 3971 non
572 3917 811 3989 pepercit
838 3957 853 3981 ,
882 3913 974 3970 sed
1006 3928 1104 3985 pro
1134 3912 1287 3967 nobis
1315 3911 1562 3967 omnibus
1589 3911 1803 3966 tradidit
1852 3926 1971 3966 cum
1997 3954 2014 3979 ,

441 4006 709 4078 quomodo
733 4023 839 4062 non
859 4015 1054 4062 etcum
1085 4004 1176 4060 illo
1200 4003 1377 4059 omnia
1402 4000 1558 4057 nobis
1586 4001 1839 4074 donavit(
1864 4001 2014 4057 Rom.

440 4113 555 4163 vui,
584 4096 654 4153 δὲ
674 4096 730 4168 )?

513 4191 566 4244 4.
591 4188 737 4262 [rem
767 4188 851 4254 15,
877 4185 987 4261 16.]
1014 4189 1379 4260 Sequiturzln
1399 4192 1648 4246 mandatis
1673 4190 1770 4245 tuis
1797 4189 2018 4261 garriam

443 4291 490 4335 et
508 4280 838 4335 considerabo
858 4280 963 4335 vias
983 4289 1113 4334 tuas.
1128 4280 1278 4349 Quod
1299 4296 1503 4352 grmcus
1526 4284 1682 4338 habet
1700 4286 2016 4351 ἀδολεσχήσω,

443 4373 590 4426 latini
619 4372 936 4440 interpretes
961 4371 1177 4441 quidam
1204 4373 1428 4443 garriam
1447 4414 1461 4436 ,
1493 4373 1706 4441 quidam
1734 4375 2015 4439 exercebar,

443 4462 772 4530 interpretati
804 4470 959 4525 sunt;
986 4477 1104 4531 quae
1129 4461 1234 4517 duo
1266 4463 1405 4517 inter
1431 4477 1490 4518 se
1528 4464 1770 4518 videntur
1798 4479 1916 4519 esse
1941 4464 2022 4518 di-

442 4569 595 4610 versa
630 4554 766 4608 :sed
801 4553 846 4608 si
890 4553 1196 4609 exercitatio
1245 4554 1565 4625 intelligatur
1617 4556 1856 4626 ingenii,
1898 4572 2019 4610 cnm

443 4644 670 4715 quadam
697 4642 1047 4699 delectatione
1068 4642 1459 4714 disputationis,
1489 4656 1773 4717 utrumque
1800 4646 2022 4716 conjun-

443 4736 606 4805 gitur,
637 4746 691 4790 ct
719 4735 873 4805 quasi
902 4749 965 4790 ex
995 4744 1219 4804 utroque
1243 4720 1407 4791 unum
1450 4736 1645 4807 aliquid
1675 4746 2018 4807 temperatur,

442 4836 502 4881 nt
536 4841 640 4880 non
692 4827 762 4880 sit
786 4827 957 4880 aliena
988 4824 1056 4880 ab
1083 4826 1384 4896 hujusmodi
1415 4827 1797 4883 exercitatione
1836 4843 2024 4898 garru-

443 4917 584 4973 litas.
613 4915 798 4974 Solent
820 4918 961 4972 enim
992 4917 1185 4988 garruli
1206 4920 1381 4973 vocari
1404 4918 1669 4989 loquaces.
1689 4918 1776 4973 Sic
1802 4929 1977 4974 autem
2002 4921 2018 4951 ¹

444 5009 586 5074 sein
618 5009 710 5063 Dei
743 5009 1007 5064 mandatis
1055 5018 1267 5064 exercet
1297 5009 1530 5064 Ecclesia
1555 5050 1571 5074 ,
1602 5008 1860 5064 adversus
1906 5026 2021 5064 om-

443 5113 540 5154 nes
566 5099 811 5154 inimicos
834 5098 953 5154 ildei
978 5099 1283 5154 christiame
1312 5108 1470 5169 atque
1495 5100 1768 5155 catholicae
1793 5102 2021 5170 copiosis

442 5190 720 5263 doctorum
766 5189 1211 5260 disputationibus
1252 5190 1462 5261 garrula
1511 5207 1525 5244 :
1575 5200 1869 5261 quas'tunc
1910 5193 2022 5246 fru-

442 5289 647 5335 ctuosae
686 5288 810 5333 sunt
837 5279 1231 5349 disputantibus
1255 5320 1270 5346 ,
1298 5278 1343 5334 si
1370 5295 1475 5334 non
1520 5280 1590 5335 ibi
1621 5281 2024 5336 considerentur

444 5371 545 5427 nisi
592 5371 687 5425 vita
730 5369 936 5424 Domini
956 5372 1000 5437 ³,
1031 5371 1168 5425 sicut
1192 5370 1448 5440 scriptum
1474 5380 1586 5437 est,
1611 5374 1951 5427 misericordia
1978 5385 2023 5427 et

512 5488 529 5517 ί
557 5493 621 5534 tta
648 5493 746 5534 nm.
773 5492 826 5536 et
847 5492 951 5536 Mss.
975 5490 1032 5534 At
1061 5489 1135 5533 Er.
1169 5489 1222 5534 et
1255 5488 1387 5545 Lov.,
1410 5481 1453 5534 si
1489 5489 1648 5534 autent
1673 5498 1686 5534 :
1715 5492 1767 5535 et
1789 5484 1928 5546 infra,
1956 5492 2025 5537 est

444 5548 838 5672 inadd.
864 5606 1070 5672 additur:
1103 5606 1343 5661 Universte
1365 5614 1523 5661 autem
1539 5607 1631 5659 vita
1654 5607 1875 5659 Domini:
1896 5605 2022 5672 quod

451 5683 478 5718 ιι
498 5671 751 5731 [neminis
772 5676 879 5718 Mss.
903 5670 1059 5719 abest.

1649 246 1706 300 S.
1750 242 2108 301 AUGUSTINI
2150 244 2451 301 EPlSCOPI

3541 254 3683 311 {516

2112 354 2296 407 veritas
2324 352 2344 423 (
2364 353 2508 409 Psat.
2538 371 2686 422 xxiv,
2718 354 2847 431 i0);
2874 373 3099 430 quorum
3141 360 3366 418 duorum
3411 364 3687 434 plenitudo

2105 445 2371 500 invenitur
2400 446 2451 500 in
2477 446 2714 502 Christo.
2736 449 2840 505 Per
2862 449 2998 507 hanc
3016 467 3232 507 suavem
3252 456 3688 513 exercitationem

2105 533 2166 588 iit
2189 535 2349 589 etiam
2377 535 2515 606 quod
2546 537 2785 608 adjungit
2809 555 2823 592 :
2846 539 2912 594 In
2926 541 3378 614 justiﬁeationibus
3405 547 3503 600 tuis
3530 549 3690 601 medio

2105 627 2267 691 labor,
2285 643 2386 681 non
2402 627 2667 693 obliviscar
2695 630 2955 686 uerborum
2985 642 3203 689 tuorum.
3223 635 3347 690 ideo
3372 625 3562 708 utique.
3579 655 3693 693 me-

2106 718 2327 787 ditabor,
2360 724 2417 775 at
2440 736 2540 775 non
2567 721 2849 778 obliviscar.
2882 723 3034 780 Unde
3059 725 3247 782 beatus
3297 727 3388 784 ille
3435 729 3487 784 in
3515 730 3691 801 primo

2104 811 2314 881 psalmo
2343 853 2359 877 ,
2414 812 2465 867 in
2489 812 2606 884 lege
2643 814 2855 871 Domini
2896 817 3239 874 meditabitur
3292 819 3380 877 die
3425 836 3490 878 ac
3530 833 3694 879 nocte

2109 899 2129 971 (
2160 899 2306 956 Psal.
2336 919 2374 967 ι,
2405 903 2441 958 2
2462 905 2507 976 ).

2179 993 2233 1051 5.
2260 993 2316 1048 in
2342 995 2423 1050 ltis
2450 997 2696 1053 omnibus
2723 1014 2862 1069 qute,
2889 1008 2947 1054 ut
2974 1001 3262 1070 potuimus,
3281 1003 3691 1074 disputavimus,

2109 1087 2531 1155 meminerimus,
2551 1088 2872 1157 charissimi,
2894 1105 3015 1146 eum
3043 1092 3133 1162 qui
3150 1093 3427 1150 abscondit
3452 1096 3503 1150 in
3524 1097 3694 1152 corde

2108 1194 2205 1234 suo
2232 1179 2438 1250 eloquia
2481 1181 2712 1248 Domini,
2741 1191 2797 1238 et
2823 1184 3062 1239 enuntiat
3087 1185 3139 1240 in
3169 1185 3323 1241 labiis
3364 1186 3477 1243 suis
3510 1190 3694 1245 omnia

2103 1272 2302 1343 judicia
2340 1274 2449 1327 oris
2477 1273 2612 1344 ejus,
2637 1284 2707 1329 et.
2731 1275 2786 1329 in
2807 1275 2889 1329 via
2921 1276 3344 1333 testimoniorum
3389 1278 3504 1348 ejus
3541 1280 3698 1335 dele-

2109 1373 2282 1418 ctatur
2301 1365 2439 1420 sicut
2479 1364 2530 1418 in
2556 1365 2805 1421 omnibus
2842 1366 3056 1435 divitiis,
3082 1376 3137 1423 ct
3171 1369 3409 1438 garriens
3449 1372 3542 1439 vel,
3572 1387 3696 1431 sese

2110 1472 2368 1513 exercens
2406 1458 2458 1513 in
2505 1458 2768 1514 mandatis
2808 1458 2944 1529 ejus,
2982 1460 3285 1517 considerat
3322 1463 3436 1517 vias
3469 1463 3607 1534 ejus,
3638 1473 3697 1520 et

2112 1547 2396 1603 meditatur
2441 1548 2493 1602 in
2534 1548 3001 1618 justiiicationibus
3045 1550 3192 1621 ejus,
3238 1568 3306 1607 ne
3349 1552 3695 1632 obliviscatur

2111 1639 2393 1693 verborum
2419 1639 2553 1708 ejus,
2580 1654 2679 1709 per
2699 1655 2817 1710 quae
2843 1640 3021 1696 omnia
3052 1641 3233 1713 utique
3271 1644 3389 1715 lege
3416 1645 3511 1701 Dei
3533 1653 3696 1716 atque

2111 1728 2356 1785 doctrina
2399 1731 2687 1787 instructus
2732 1743 2986 1804 apparet;
3013 1747 3168 1788 orare
3210 1744 3384 1791 tamen
3408 1744 3463 1791 et
3486 1737 3693 1805 dicere,

2114 1821 2417 1877 Benedictus
2458 1839 2531 1890 es,
2564 1822 2819 1891 Domine;
2862 1824 2986 1880 doce
3026 1842 3105 1880 me
3135 1827 3521 1898 justi/icationes
3554 1840 3690 1885 tuas.

2113 1911 2213 1969 Ubi
2240 1913 2371 1968 nihil
2399 1914 2541 1969 aliud
2585 1912 2897 1985 intelligitur
2939 1930 3178 1985 poscere,
3227 1918 3331 1973 nisi
3372 1918 3695 1988 adjutoriuut

2111 2007 2317 2076 gratiae,
2346 2015 2403 2062 ut
2429 2005 2571 2077 quod
2605 2006 2717 2078 jam
2757 2008 2905 2063 novit
2939 2024 3205 2077 sermone,
3239 2010 3407 2068 discat
3429 2023 3483 2069 et
3506 2028 3691 2085 opere.

2754 2136 2926 2177 SERIO
2968 2138 3060 2177 νη.

2186 2231 2238 2285 i.
2270 2228 2420 2305 [rem
2449 2229 2564 2305 17.]
2591 2230 2646 2287 Si
2695 2230 2851 2302 hujus
2895 2233 3081 2303 psalmi
3125 2235 3397 2304 superiora
3442 2238 3694 2294 memini-

2115 2320 2232 2386 stis,
2257 2321 2579 2387 charissimi,
2607 2321 2860 2392 adjuvare
2888 2338 2986 2378 nos
3031 2324 3228 2381 debent
3254 2325 3322 2381 ad
3353 2328 3693 2399 intelligenda

2116 2411 2413 2482 sequentia.
2452 2412 2662 2468 Etenim
2707 2429 2825 2484 quae
2874 2425 3120 2486 tauquam
3175 2433 3240 2473 ex
3264 2419 3417 2475 unius
3462 2420 3696 2478 hominis

2117 2519 2342 2574 persona
2369 2504 2677 2575 loquuntur,
2706 2506 2944 2561 membra
2969 2514 3093 2562 sunt
3115 2506 3331 2577 Christi,
3357 2519 3410 2565 et
3437 2511 3502 2566 ad
3531 2529 3698 2569 unum

2115 2603 2275 2664 caput
2315 2603 2564 2664 tanquam
2606 2610 2770 2676 unum
2804 2596 3107 2666 pertineut‘
3134 2612 3352 2668 corpus.
3375 2598 3577 2674 Nempe
3601 2618 3699 2658 su-

2116 2688 2297 2758 perius
2326 2687 2534 2745 dixerat
2562 2706 2576 2741 :
2608 2686 2677 2743 In
2711 2705 2809 2759 quo
2829 2690 3034 2761 corrigit
3053 2690 3234 2760 junior
3261 2692 3393 2746 viam
3418 2695 3606 2748 suam?
3627 2694 3699 2751 In

2116 2779 2442 2835 custodiendo
2487 2781 2635 2835 verba
2679 2790 2787 2834 tua.
2829 2781 2968 2837 Ecce
3008 2798 3151 2839 nunc
3173 2785 3429 2854 apertius,
3459 2787 3589 2843 utid
3614 2788 3700 2843 fa-

2116 2872 2243 2941 ciat,
2292 2873 2467 2944 poscit
2508 2873 2766 2929 auxilium
2799 2891 2813 2928 :
2842 2873 3111 2940 Retribue,
3154 2876 3351 2947 inquit,
3386 2895 3526 2934 servo
3572 2889 3701 2947 tuo;

2116 2963 2297 3029 vivam,
2321 2972 2367 3018 et
2395 2962 2653 3018 custodibo
2670 2964 2692 2995 ⁸
2710 2963 2864 3018 verba
2891 2973 2997 3019 tua.
3028 2964 3083 3021 Si
3113 2966 3250 3022 bona
3282 2983 3377 3037 pro
3405 2968 3557 3025 bonis
3595 2972 3701 3027 sibi

2117 3053 2339 3109 retribui
2378 3053 2683 3124 postulavit,
2718 3055 2828 3124 jam
2875 3057 3198 3113 custodierat
3230 3059 3389 3114 verba
3434 3060 3547 3116 Dei.
3577 3060 3700 3118 Non

2116 3158 2293 3203 autem
2319 3146 2473 3214 dixit,
2506 3147 2763 3202 Retribue
2786 3161 2941 3203 servo
2964 3158 3079 3217 tuo,
3108 3150 3230 3221 quia
3257 3150 3514 3207 custodivi
3538 3153 3700 3210 verba

2119 3240 2241 3296 tua;
2275 3240 2523 3301 tanquam
2550 3231 2849 3286 mercedem
2876 3231 3067 3286 bonam
3087 3249 3183 3304 pro
3214 3233 3356 3289 bono
3381 3236 3701 3292 obedientia:

2119 3322 2382 3393 ﬂagitaret
2412 3338 2425 3375 :
2459 3322 2553 3378 sed
2592 3322 2749 3390 dixit,
2790 3324 3029 3380 Retribue
3076 3343 3217 3382 servo
3272 3338 3395 3393 tuo;
3440 3330 3625 3398 vivam,
3652 3341 3702 3385 et

2118 3414 2376 3468 custodibo
2402 3413 2546 3468 verba
2572 3423 2678 3468 tua.
2707 3414 2858 3483 Quod
2885 3417 3009 3487 quid
3038 3427 3119 3472 est
3147 3419 3311 3486 aliud,
3331 3421 3703 3498 quam_dicere

2118 3513 2356 3559 mortuos
2383 3520 2444 3560 ea
2467 3504 2741 3561 custodire
2775 3521 2880 3561 non
2929 3509 3118 3577 posse?
3146 3509 3391 3565 infideles
3428 3506 3700 3581 videlicet,

2118 3594 2186 3650 de
2210 3595 2400 3665 quibus
2424 3594 2635 3662 dicitur,
2662 3598 2788 3651 Sine
2823 3608 3046 3654 mortuos
3086 3600 3297 3671 sepelire
3330 3612 3551 3659 mortuos
3578 3622 3703 3661 suos

2121 3685 2450 3758 (Matt/mm,
2478 3687 2597 3759 εί).
2639 3688 2975 3760 Quapropter
3002 3692 3046 3745 si
3072 3702 3310 3749 mortuos
3352 3695 3703 3766 intelligimus

2120 3779 2388 3845 inﬁdeles,
2416 3780 2563 3836 vivos
2582 3791 2757 3836 autem
2788 3781 3001 3848 ﬁdeles;
3024 3784 3272 3853 quoniam
3300 3784 3475 3854 justus
3498 3802 3563 3842 ex
3593 3787 3701 3844 [ide

2119 3871 2248 3925 vivit
2273 3872 2458 3941 (Rom.
2486 3888 2526 3937 ι,
2551 3871 2673 3945 17),
2702 3887 2801 3928 nec
2840 3884 3062 3944 possunt
3102 3876 3354 3931 custodiri
3399 3877 3555 3933 verba
3604 3878 3701 3934 Dei

2121 3962 2221 4017 nisi
2246 3961 2368 4030 ﬁde,
2386 3979 2505 4033 quae
2557 3978 2653 4034 per
2679 3965 3015 4020 dilectionem
3058 3977 3311 4036 operatur
3332 3967 3490 4041 (Gal.
3510 3985 3563 4036 v,
3592 3971 3699 4041 6):

2121 4055 2258 4111 hanc
2283 4056 2381 4111 sibi
2413 4058 2582 4127 poscit
2609 4057 2699 4128 qui
2724 4057 2890 4126 dicit,
2919 4058 3160 4115 Retribue
3181 4076 3321 4116 servo
3349 4072 3473 4126 tuo;
3511 4064 3697 4131 uiuam,

2121 4157 2169 4200 et
2195 4147 2454 4201 custodibo
2499 4149 2645 4202 verba
2688 4159 2797 4201 tua.
2828 4150 2895 4203 Et
2936 4150 3185 4220 quoniam
3227 4165 3350 4209 ante
3388 4152 3545 4208 [idem
3588 4170 3702 4211 non

2123 4240 2322 4294 homini
2348 4239 2609 4294 debentur
2632 4240 2733 4295 nisi
2765 4242 2902 4297 mala
2924 4259 3018 4312 pro
3049 4245 3220 4311 malis,
3246 4246 3487 4301 retribuit
3518 4259 3701 4302 autem

2127 4329 2266 4384 Dcus
2305 4345 2400 4398 per
2438 4329 2725 4385 indebitam
2765 4333 2990 4402 gratiam
3032 4334 3168 4388 bona
3213 4349 3309 4404 pro
3351 4337 3532 4404 malis;
3560 4338 3706 4393 hanc

2094 4421 2528 4477 ‘retributionem
2557 4434 2705 4493 rogat
2734 4424 2823 4494 qui
2845 4424 2995 4491 dicit,
3020 4425 3259 4481 Retribue
3284 4444 3425 4483 servo
3444 4440 3531 4483 tuo
3560 4445 3582 4494 ;
3626 4431 3707 4484 ri-

2124 4528 2258 4575 cam,
2288 4520 2337 4566 et
2365 4513 2621 4567 custodibo
2647 4515 2793 4569 verba
2825 4525 2932 4569 tua.
2957 4515 3193 4584 Quatuor
3219 4528 3343 4573 sunt
3375 4520 3517 4574 enim
3546 4522 3705 4576 retri-

2125 4602 2370 4657 butiones
2398 4613 2524 4659 :aut
2550 4605 2683 4665 mala
2707 4619 2803 4674 pro
2826 4606 2979 4661 malis
2996 4609 3380 4675 retribnuntur,
3404 4610 3537 4666 sicut
3560 4612 3706 4686 Deus

2128 4693 2299 4763 ignem
2316 4703 2574 4748 aeternum
2605 4695 2960 4753 retributurus
2984 4708 3064 4752 est
3086 4699 3295 4768 impiis;
3327 4711 3417 4754 aut
3438 4702 3573 4755 bona
3605 4719 3707 4772 pro

2125 4785 2282 4840 bonis
2308 4786 2445 4841 sicut
2481 4801 2702 4854 regnum
2731 4796 2989 4842 aeternum
3022 4789 3373 4845 retributnrus
3399 4799 3483 4846 est
3502 4791 3663 4861 justis
3687 4809 3706 4859 ;

2126 4887 2218 4930 aut
2242 4877 2377 4932 bona
2407 4892 2504 4946 pro
2528 4876 2704 4942 malis,
2733 4879 2869 4932 sicut
2890 4878 3132 4933 Christus
3163 4896 3259 4949 per
3295 4882 3514 4951 gratiam
3546 4881 3712 4952 justi-

2127 4967 2249 5022 iicat
2271 4968 2528 5036 impium;
2558 4978 2650 5021 aut
2676 4970 2813 5024 maia
2843 4985 2937 5037 pro
2962 4970 3134 5035 bonis,
3161 4973 3300 5026 sicut
3324 4972 3486 5026 Judas
3515 4985 3570 5028 ct
3610 4973 3711 5029 Ju~

2127 5057 2227 5113 diei
2258 5074 2353 5129 per
2382 5060 2633 5114 malitiam
2675 5061 2937 5129 persecuti
2978 5072 3103 5116 sunt
3148 5062 3415 5118 Christum
3438 5064 3478 5121 ⁸.
3509 5065 3710 5122 llarum

2127 5161 2355 5220 quatuor
2399 5152 2804 5207 retributionum
2848 5153 2968 5208 duae
3005 5154 3208 5222 priores
3239 5156 3505 5225 pertinent
3527 5158 3593 5213 ad
3620 5158 3713 5229 jn-

2127 5243 2363 5309 Stitiam,
2397 5252 2454 5298 ut
2497 5245 2854 5299 retribuantur
2901 5247 3038 5300 mala
3090 5263 3183 5316 pro
3223 5248 3395 5315 malis,
3446 5250 3581 5305 bona
3613 5267 3715 5320 pro

2131 5334 2285 5390 bonis
2318 5352 2332 5389 :
2366 5336 2518 5390 tertia
2583 5337 2812 5405 pertinet
2853 5337 2919 5391 ad
2961 5338 3414 5406 misericordiam,
3458 5350 3514 5394 ut
3555 5345 3716 5397 tetri.

2192 5489 2208 5554 ξ
2234 5488 2307 5537 sic
2331 5494 2403 5537 Er.
2428 5490 2575 5552 Lugd.
2597 5497 2713 5538 Ven.
2734 5495 2910 5554 etiLov.
2934 5494 3003 5539 in.
3030 5497 3101 5551 8.,
3124 5491 3383 5554 pertinens.
3436 5499 3492 5542 Il.

2191 5550 2212 5615 ξ
2240 5554 2306 5599 Ita
2322 5550 2601 5615 constanter
2617 5553 2915 5615 antiquiores
2934 5550 3273 5615 ussst'ﬁdd"
3298 5554 3583 5605 custodiam.

2130 5610 2347 5720 “Jugis.
2363 5646 2379 5673 ,
2418 5612 2543 5663 sicut
2565 5610 2767 5664 Judteu's
2789 5626 2876 5678 per
2897 5611 3132 5665 malitiam
3160 5610 3439 5678 persecutus
3475 5622 3545 5667 est
3566 5618 3716 5671 Clui-
