4026 6202
390 241 524 294 liii?

387 353 615 407 buautur
650 353 784 407 bona
816 368 910 424 pro
951 354 1102 407 malis
1132 395 1144 406 .
1167 361 1406 422 quartam
1440 353 1576 408 Deus
1608 354 1808 421 nescit;
1841 355 1972 410 nulli

386 445 530 498 enim
583 445 778 499 malum
819 461 917 514 pro
948 446 1088 498 bono
1137 444 1403 498 retribuit.
1444 445 1568 498 llirc
1594 455 1770 499 autem
1813 461 1971 515 quam

386 537 548 590 tertio
578 537 696 591 loco
727 537 876 606 posui
901 576 916 602 ,
948 537 1194 606 primitus
1229 521 1526 590 necessaria
1552 545 1668 590 est:
1699 537 1798 589 nisi
1829 537 1967 589 etiim

387 627 528 681 Deus
557 627 878 683 retribueret
904 629 1040 682 bona
1080 642 1175 697 pro
1211 627 1366 681 malis
1391 668 1407 691 ,
1432 627 1578 680 nullo
1605 627 1762 682 modo
1791 640 1969 684 essent

385 719 577 786 quibus
607 713 924 774 retribueret
953 719 1087 773 bona
1113 733 1208 789 pro
1229 718 1400 772 bonis.

454 808 508 862 2.
551 809 682 864 Vide
711 810 857 864 illum
893 809 1109 864 Saulum
1130 850 1143 872 ,
1198 819 1379 877 postea
1409 809 1624 863 Paulum
1655 826 1668 862 :
1705 826 1723 860 ‹
1756 809 1869 863 Non
1897 824 1962 862 ex

382 899 662 968 operibus,
701 918 720 951 ι
753 901 924 970 inquit
953 941 969 966 ,
1014 918 1033 950 ι
1064 899 1278 969 inStitize
1306 915 1424 968 quae
1463 915 1559 954 nos
1585 900 1803 954 fecimus
1824 942 1838 964 ,
1867 900 1960 954 sed

381 989 673 1044 secundum
689 1005 840 1044 suam
859 989 1273 1046 misericordiam
1291 991 1464 1044 salvos
1479 1006 1577 1044 nos
1591 989 1711 1044 fecit
1726 1005 1818 1060 per
1831 991 1963 1044 lava-

382 1094 530 1134 crum
561 1081 983 1152 regenerationis
1015 1101 1033 1134 ›
1066 1082 1224 1152 (Tim.
1249 1097 1326 1146 ιη,
1350 1081 1428 1152 5).
1461 1083 1525 1134 Et
1551 1082 1742 1137 iterum
1769 1101 1782 1134 :
1813 1101 1831 1134 ι
1860 1083 1958 1151 Qui

381 1169 526 1238 prius
578 1169 650 1224 fui
682 1171 1023 1240 blasphemus
1055 1211 1069 1237 ,
1102 1179 1153 1223 et
1181 1179 1508 1240 persecutor,
1552 1179 1606 1225 et
1635 1171 1957 1240 injuriosus;

380 1260 473 1314 sed
521 1261 944 1316 misericordiam
978 1270 1295 1316 consecutus
1334 1277 1449 1314 sum
1475 1303 1490 1326 ,
1537 1263 1658 1325 quia
1712 1263 1961 1332 ignorans

381 1348 479 1404 feci
500 1350 550 1402 in
569 1350 937 1406 incredulitate
957 1370 974 1402 ι
1002 1350 1205 1422 (ITim.
1224 1368 1258 1408 I.
1286 1353 1395 1422 15).
1426 1352 1490 1405 Et
1510 1352 1702 1406 iterum
1729 1371 1740 1406 :
1776 1371 1793 1403 ι
1823 1354 1960 1408 Con-

378 1439 553 1493 silium
580 1447 760 1494 autem
802 1439 893 1505 do,
923 1447 1172 1509 tanquam
1196 1441 1614 1496 misericordiam
1642 1453 1959 1498 consecutus

377 1541 408 1580 a
432 1528 676 1594 Domino,
705 1538 761 1583 ut
783 1529 953 1583 ﬁdelis
982 1545 1152 1584 essem
1183 1531 1202 1599 (
1225 1529 1242 1582 I
1271 1527 1388 1585 Cor.
1412 1546 1507 1597 vn,
1537 1531 1608 1587 25
1633 1533 1650 1601 )
1685 1550 1697 1586 :
1729 1532 1828 1587 hoc
1857 1543 1956 1599 est,

377 1627 435 1673 ut
458 1620 729 1686 viverem;
774 1622 895 1691 quia
922 1621 1098 1691 justus
1145 1637 1209 1676 ex
1254 1621 1355 1676 ﬁde
1379 1623 1524 1676 vivit.
1551 1623 1786 1679 Mortuus
1833 1640 1960 1694 ergo

376 1721 490 1766 erat
509 1713 658 1780 prius
683 1727 780 1781 per
804 1727 951 1766 suam
975 1713 1279 1782 iniustitiam
1298 1753 1313 1780 ,
1336 1725 1616 1785 antequam
1645 1716 1843 1771 viveret
1866 1733 1962 1786 per

373 1801 468 1858 Dei
512 1804 759 1872 gratiam.
789 1803 958 1874 Ipsam
989 1819 1148 1873 porro
1175 1818 1323 1858 suam
1354 1813 1578 1860 mortem
1618 1807 1695 1860 sic
1736 1808 1960 1862 conﬁte-

375 1899 496 1952 tur:
533 1910 552 1943 α
591 1893 920 1948 Advenicnte
944 1903 1142 1960 autem,
1183 1912 1202 1946 ι
1235 1894 1420 1963 inquit,
1452 1912 1471 1945 ε
1504 1894 1753 1950 mandato
1775 1938 1790 1961 ,
1837 1911 1960 1966 pec-

373 1991 548 2037 catum
595 1985 804 2049 revixit,
848 1999 947 2056 ego
968 1993 1144 2040 autem
1169 1996 1412 2039 mortuus
1439 2000 1578 2053 sum,
1609 1994 1663 2041 et
1685 1986 1955 2042 inventum

372 2082 459 2128 cst
500 2075 631 2129 mihi
675 2075 978 2130 mandatum
1003 2076 1144 2147 quod
1188 2086 1302 2132 erat
1330 2077 1382 2131 in
1405 2079 1586 2144 vitam,
1671 2079 1776 2136 hoc
1825 2097 1948 2137 esse

380 2162 438 2217 in
487 2175 715 2219 mortem
754 2183 773 2217 ι
802 2165 820 2236 (
851 2164 1004 2224 Rom.
1054 2182 1160 2234 vn,
1207 2165 1466 2239 9etiO).
1515 2167 1778 2223 Retribuit
1831 2183 1958 2240 erg.)

373 2252 448 2308 illi
478 2254 619 2308 Deus
644 2257 839 2309 bonum
867 2270 962 2324 pro
989 2255 1146 2321 malo,
1179 2256 1281 2310 hoc
1307 2265 1409 2318 est,
1443 2256 1602 2310 vitam
1628 2272 1724 2327 pro
1753 2268 1954 2326 morte;

373 2344 534 2397 talem
561 2345 769 2399 scilicet
793 2345 1219 2411 retributionem,
1249 2347 1420 2416 qualis
1461 2347 1545 2402 hic
1585 2349 1838 2417 poscitur,
1867 2350 1957 2405 ubi

373 2435 586 2498 dicitur,
619 2435 854 2489 Retribae
893 2450 1035 2489 servo
1067 2445 1187 2500 tuo;
1230 2438 1412 2503 vivam,
1443 2446 1487 2491 et
1515 2438 1773 2492 custodibo
1812 2440 1958 2494 verba

375 2535 482 2579 tua.
524 2525 592 2579 Et
623 2526 771 2592 vixit,
802 2535 856 2582 et
879 2526 1158 2581 custodivit
1211 2528 1367 2582 verba
1413 2528 1548 2598 ejus,
1594 2537 1647 2583 et
1695 2531 1957 2598 pertinere

373 2615 621 2684 cmpitad
667 2617 823 2670 aliam
878 2617 1305 2684 retributionem,
1351 2619 1404 2671 in
1449 2633 1550 2687 qua
1595 2621 2001 2676 retribuunturr

371 2705 508 2760 bona
535 2722 634 2776 pro
655 2706 809 2762 bonis
839 2725 852 2762 :
880 2717 1095 2777 propter
1122 2723 1280 2778 quam
1305 2707 1453 2772 dicit,
1492 2726 1510 2759 ‹
1541 2709 1744 2764 Donum
1775 2721 1953 2766 certa-

372 2813 492 2854 men
538 2799 760 2864 certavi,
809 2815 1022 2854 cursum
1067 2800 1454 2862 consummavi,
1506 2800 1662 2854 ﬁdem
1694 2804 1952 2869 servavi;

369 2888 440 2943 de
481 2900 678 2944 ctetero
706 2891 934 2959 reposita
984 2899 1067 2945 est
1112 2890 1245 2944 mihi
1293 2905 1488 2946 corona
1528 2891 1768 2960 justitim,
1795 2909 1952 2962 quam

370 2981 559 3035 reddet
586 2981 713 3034 mihi
749 2977 1070 3037 Dominusin
1096 2981 1183 3035 illa
1207 2980 1655 3051 diejustusjudex
1679 3002 1696 3034 ι
1720 2983 1786 3054 (Il
1821 2983 1952 3037 Tim.

368 3087 446 3137 ιν,
476 3074 508 3126 7
527 3083 570 3126 et
587 3072 669 3142 8).
702 3073 892 3142 Utique
908 3074 1100 3144 justus,
1122 3071 1466 3127 retribuendo
1491 3073 1626 3128 bona
1654 3090 1747 3143 pro
1769 3075 1950 3142 bonis;

367 3165 492 3231 quia
519 3165 668 3234 prius
695 3165 1018 3224 misericors.
1061 3164 1408 3219 retribucndo
1448 3165 1587 3220 bona
1637 3181 1732 3236 pro
1777 3168 1950 3224 malis.

367 3254 622 3321 Quamvis
646 3265 699 3308 et
729 3256 839 3324 ipsa
865 3255 1090 3324 justitia,
1117 3270 1218 3326 qua
1265 3256 1633 3311 retribuuntur
1676 3258 1810 3312 bona
1857 3273 1954 3328 pro

368 3346 545 3412 bonis,
575 3362 676 3399 non
722 3357 804 3402 est
830 3347 946 3401 sine
990 3347 1387 3410 misericordia;
1434 3349 1556 3418 quia
1606 3350 1787 3403 ethoc
1814 3351 1951 3404 scri-

369 3445 516 3505 ptum
543 3447 646 3504 εει,
675 3437 772 3502 Qui
825 3445 1030 3490 coronat
1053 3446 1100 3489 te
1126 3437 1180 3491 in
1223 3438 1542 3493 miseratione
1584 3449 1630 3493 et
1674 3441 1954 3502 misericor-

367 3531 454 3581 dia
489 3532 506 3599 (
539 3527 682 3583 Psal.
710 3545 800 3593 cn,
827 3531 860 3584 4
889 3529 931 3602 ).
960 3529 1059 3596 Qui
1089 3530 1230 3584 enim
1258 3530 1388 3584 dixit
1413 3573 1429 3596 ,
1463 3530 1661 3586 Bonum
1704 3521 1954 3587 certamen

370 3621 551 3676 cenavi
570 3662 585 3686 ,
603 3623 815 3691 quando
837 3624 1102 3686 vinceret,
1123 3621 1221 3675 nisi
1247 3622 1336 3676 illo
1352 3621 1584 3677 donante
1610 3624 1677 3679 de
1704 3639 1809 3694 quo
1839 3627 1949 3693 ait,

370 3711 578 3767 Gratias
607 3711 737 3778 Deo,
767 3713 854 3782 qui
877 3712 964 3766 dat
991 3712 1131 3766 nobis
1159 3713 1417 3766 victoriam
1440 3730 1528 3782 per
1551 3713 1828 3767 Dominum
1857 3731 1952 3767 no-

371 3816 526 3859 stram
554 3805 734 3859 Iesum
771 3805 1022 3858 Christum
1053 3804 1071 3875 (
1097 3805 1115 3858 I
1146 3803 1264 3859 Cor.
1287 3820 1379 3869 xv,
1411 3806 1479 3860 57
1504 3803 1572 3876 )?
1600 3804 1667 3858 Et
1695 3804 1784 3875 qui
1825 3821 1951 3860 cur-

367 3908 484 3949 sum
512 3897 898 3951 consummavit
929 3937 944 3962 ,
972 3896 1184 3966 quando
1208 3904 1482 3962 curreret,
1524 3896 1736 3966 quando
1766 3889 1958 3966 perve-

369 3989 507 4042 niret
529 4028 545 4053 ,
580 3987 681 4040 nisi
712 3987 805 4040 illo
843 3986 1126 4057 adjuvante
1149 3986 1217 4042 de
1249 4001 1355 4056 quo
1399 3986 1511 4053 ait,
1544 3985 1712 4056 Igitur
1740 4003 1838 4040 non
1861 4003 1952 4041 so-

373 4077 516 4131 leatis
537 4119 552 4140 ,
582 4093 742 4148 neque
766 4077 1010 4131 currentis
1033 4118 1048 4142 ,
1090 4077 1179 4131 sed
1203 4077 1481 4131 misereatis
1501 4085 1573 4130 est
1621 4075 1711 4130 Dei
1755 4077 1774 4146 (
1801 4076 1949 4132 Rom.

373 4169 613 4236 tx,16)?
661 4170 726 4223 Et
771 4169 858 4238 qui
904 4167 1062 4223 ﬁdem
1093 4169 1353 4233 servavit,
1402 4167 1688 4237 quandoid
1717 4168 1949 4235 laceret,

372 4261 494 4326 nisi,
526 4269 585 4314 ut
616 4260 730 4331 ipse
753 4260 866 4328 ait,
897 4259 1314 4314 miscricordiam
1343 4267 1662 4314 consecutus
1691 4269 1744 4312 ut
1785 4257 1954 4314 ﬁdelis

371 4355 542 4409 esset?

441 4446 493 4499 5.
536 4444 802 4514 Nusquam
851 4457 978 4514 ergo
1031 4457 1091 4499 se
1128 4442 1347 4499 extollat
1397 4441 1626 4497 humana
1654 4441 1899 4512 superbia
1935 4458 1949 4494 :

372 4534 528 4590 donis
555 4537 668 4590 suis
701 4536 842 4591 Deus
868 4536 1116 4590 retribuit
1148 4536 1284 4589 bona
1327 4535 1566 4604 prtemia.
1595 4534 1698 4590 Sed
1737 4535 1836 4588 iste
1863 4534 1950 4603 qui

372 4627 475 4698 iam
508 4637 623 4682 orat
653 4636 706 4681 et
731 4627 880 4693 dicit,
913 4626 1150 4681 Retribue
1175 4643 1316 4680 servo
1343 4637 1448 4691 tuo,
1496 4625 1702 4688 vivam;
1737 4625 1780 4678 si
1805 4625 1952 4694 peni-

375 4728 457 4773 tus
482 4729 623 4774 esset
662 4730 938 4783 morluus,
967 4734 1071 4772 non
1126 4727 1304 4771 oraret
1336 4735 1350 4771 :
1393 4715 1486 4772 sed
1529 4716 1596 4770 ab
1631 4716 1718 4770 illo
1747 4715 1954 4783 accepit

375 4809 577 4864 initium
623 4809 778 4863 bonze
827 4807 1271 4877 concupiscentite
1300 4848 1315 4872 ,
1361 4821 1388 4859 a
1422 4821 1526 4875 quo
1571 4806 1732 4858 vitam
1783 4806 1954 4874 poscit

372 4900 706 4954 obedientize.
734 4898 1006 4952 llabebant
1034 4898 1174 4950 enim
1198 4897 1428 4965 aliquam
1461 4895 1648 4960 lidcm,
1676 4896 1764 4964 qui
1804 4895 1951 4949 dice-

371 4989 498 5044 bant
525 5009 540 5044 :
575 4990 810 5049 Domine.
833 5005 963 5060 auge
1009 4987 1150 5042 nobis
1180 4987 1330 5055 [idem
1363 4988 1381 5058 (
1408 4986 1536 5042 Luc.
1570 5002 1698 5049 xvn,
1731 4986 1824 5059 5).
1860 4987 1952 5040 Ille

375 5096 501 5136 vero
529 5091 581 5136 et
613 5081 1037 5134 incredulitatem
1069 5094 1219 5134 suam
1248 5077 1631 5143 conﬁtebatur,
1664 5091 1763 5131 nec
1793 5075 1949 5131 ﬁdem

373 5171 718 5231 difﬁtebatur,
749 5171 838 5240 qui
877 5185 997 5224 cum
1049 5181 1188 5224 esset
1219 5169 1572 5236 interrogatus
1610 5176 1782 5221 utrum
1831 5181 1951 5220 cre-

376 5264 558 5325 deret,
613 5263 687 5317 ait
728 5281 740 5316 :
789 5261 949 5318 Credo
975 5301 989 5325 ,
1044 5260 1262 5314 Domine
1290 5275 1310 5324 ;
1339 5259 1526 5330 adjuva
1554 5255 1954 5312 incredulitatem

374 5371 536 5407 meam
565 5353 767 5422 (Marc.
803 5368 876 5418 ix,
901 5351 974 5408 25
995 5350 1036 5423 ).
1079 5350 1195 5406 .Iam
1244 5350 1427 5421 utique
1475 5349 1652 5403 vivere
1697 5348 1954 5417 incipiens

377 5446 610 5516 postulat
634 5445 816 5508 vitam,
851 5443 938 5513 qui
983 5443 1210 5498 credens
1256 5452 1374 5494 orat
1414 5439 1770 5494 obedientiam
1800 5455 1814 5491 :
1847 5454 1951 5492 non

375 5552 476 5607 pro
503 5551 566 5592 ea
597 5545 805 5592 servata
833 5535 1112 5606 praemium
1139 5537 1154 5566 ²
1179 5551 1194 5594 ς
1215 5531 1309 5587 scd
1329 5543 1379 5586 ut
1398 5541 1660 5597 servetur,
1679 5529 1951 5584 auxilium.

434 5651 459 5721 f
485 5650 558 5699 sic
580 5659 675 5699 Am.
701 5655 777 5699 ιιι.
804 5656 855 5698 et
877 5654 985 5699 Mss.
1004 5655 1058 5698 At
1080 5654 1211 5707 Lov.,
1230 5657 1323 5696 non
1342 5653 1389 5696 ut
1415 5657 1502 5709 pro
1521 5657 1579 5695 ea
1601 5651 1813 5695 servetur
1835 5656 1958 5708 pra:-

375 5724 546 5763 main.

1461 242 1853 300 ENARRATIO
1894 245 1957 301 IN
1999 245 2322 304 PS.\L-.\IUM
2363 247 2590 303 CXVIII.

3512 259 3648 317 lii-l8

2082 354 2198 409 Vita
2227 357 2420 426 quippe
2454 369 2728 416 crescente
2757 362 2985 418 vivescit
3013 379 3108 434 per
3132 380 3342 422 omnem
3369 368 3531 437 diem,
3558 370 3648 442 qui

2074 457 2361 502 renovatur
2389 449 2456 503 de
2483 449 2567 503 die
2594 450 2644 504 in
2676 453 2812 507 diem
2844 455 2862 524 (
2893 455 2934 509 ll
2959 455 3078 510 Cor.
3111 472 3183 522 tv,
3217 459 3344 528 16).

2141 538 2195 591 4.
2226 537 2243 608 [
2278 555 2404 592 vers.
2434 540 2520 594 18.
2555 539 2576 612 ]
2617 540 2801 596 Sciens
2830 554 3008 600 autem
3047 547 3207 601 verba
3237 549 3330 604 Dei
3361 567 3466 605 non
3492 567 3652 620 posse

2069 629 2322 681 custodiri
2353 645 2445 697 per
2465 630 2846 696 obedientiam,
2880 637 2981 690 nisi
3006 637 3287 693 videantur
3327 657 3420 710 per
3449 643 3646 697 intellia-

2068 716 2296 783 gentiam
2326 758 2339 781 ,
2374 717 2474 771 hoc
2503 734 2714 788 quoque
2757 724 2980 779 orationi
3011 727 3156 781 addit
3180 736 3234 782 et
3273 729 3436 783 dicit:
3463 732 3649 786 Revela

2067 806 2239 859 oculos
2266 823 2400 860 meos
2421 850 2434 872 ,
2465 818 2510 860 et
2562 811 2885 866 considerabo
2924 816 3174 870 mirabilia
3204 818 3266 872 de
3291 819 3398 890 lege
3428 830 3533 874 tua.
3562 823 3642 875 Ad

2068 895 2168 951 hoc
2212 900 2372 953 etiam
2407 901 2532 954 illud
2564 903 2832 972 pertinet,
2864 908 3002 975 quod
3050 908 3317 980 adjuugit,
3359 910 3645 978 lnquilinas

2064 1001 2154 1057 ego
2171 1003 2283 1040 sum
2300 989 2350 1042 in
2367 999 2528 1042 terra:
2548 992 2674 1057 sive,
2694 1001 2749 1046 ut
2761 995 2995 1048 nonnulli
3011 997 3220 1053 codices
3235 999 3446 1067 habent,
3465 999 3646 1064 Ιησοιιι

2065 1092 2156 1146 ego
2172 1093 2282 1131 sum
2302 1079 2355 1132 in
2375 1087 2546 1144 terra;
2578 1097 2642 1135 ne
2661 1083 2940 1138 abscondas
2959 1101 2990 1138 a
3007 1103 3083 1139 me
3103 1090 3340 1142 mandata
3360 1099 3464 1144 tua.
3488 1091 3643 1159 Quod

2065 1168 2206 1222 enim
2248 1170 2322 1223 ait
2349 1171 2631 1240 superius,
2676 1173 2861 1227 Revela
2905 1177 3076 1231 oculos
3118 1194 3282 1242 meos;
3327 1180 3426 1236 hoc
3455 1192 3640 1251 postea

2063 1259 2220 1327 dixit,
2253 1278 2314 1316 ne
2342 1263 2622 1317 abscondas
2651 1282 2681 1317 a
2706 1283 2785 1320 me
2814 1283 2832 1320 :
2858 1275 2911 1322 et
2936 1268 3074 1338 quod
3106 1269 3175 1323 ibi
3201 1270 3450 1338 dixerat,
3479 1276 3640 1327 mira-

2063 1351 2184 1406 bilia
2212 1353 2275 1407 de
2303 1355 2409 1425 lege
2437 1364 2523 1408 tua
2547 1371 2568 1420 ;
2615 1356 2718 1411 hoc
2746 1357 2850 1411 alio
2893 1358 3053 1412 modo
3079 1368 3324 1428 repetens
3362 1362 3471 1428 ait,
3499 1381 3643 1418 man-

2064 1443 2183 1495 data
2212 1454 2317 1496 tua.
2347 1445 2487 1499 Nihil
2509 1454 2590 1499 est
2610 1455 2788 1501 autem
2817 1448 3115 1503 mirabilius
3147 1451 3195 1503 in
3227 1452 3486 1507 mandatis
3517 1455 3635 1520 Dei,

2063 1549 2220 1604 quam
2246 1578 2260 1602 ,
2292 1535 2498 1607 Diligite
2528 1539 2756 1592 inimicos
2802 1549 2988 1593 vestros
3019 1542 3036 1610 (
3068 1540 3253 1596 Matth.
3286 1560 3335 1604 v,
3359 1545 3428 1598 44
3455 1546 3510 1614 );
3542 1546 3642 1602 hoc

2063 1637 2164 1688 est,
2211 1627 2488 1682 retribuite
2527 1629 2662 1682 bona
2697 1645 2794 1699 pro
2828 1632 3000 1686 malls.
3034 1631 3136 1686 Sed
3177 1633 3244 1688 dc
3273 1634 3375 1689 isto
3423 1636 3641 1706 inquili-

2063 1723 2187 1767 natu
2216 1716 2296 1769 vel
2328 1715 2554 1771 incolatu
2588 1734 2693 1771 non
2721 1729 2800 1772 est
2823 1735 3000 1773 sermo
3028 1725 3416 1790 coarctandus;
3445 1735 3498 1780 et
3520 1727 3642 1783 ideo

2063 1820 2168 1859 non
2209 1805 2308 1861 iste
2348 1808 2416 1862 de
2452 1808 2550 1863 hac
2575 1825 2633 1865 re
2659 1851 2674 1874 ,
2702 1811 2794 1865 sed
2825 1812 2960 1866 alius
2987 1815 3374 1883 exspectandus
3397 1857 3414 1886 ,
3447 1826 3504 1873 et
3532 1819 3639 1872 Do-

2061 1896 2207 1950 mino
2237 1897 2516 1966 adjuvantc
2540 1900 2844 1957 reddendus
2868 1912 2968 1958 est.

2696 2047 2865 2089 SERIO
2893 2049 3004 2090 VIII.

2133 2141 2184 2194 l.
2216 2139 2235 2213 [
2266 2157 2396 2197 vers.
2437 2141 2528 2198 19.
2555 2142 2575 2216 ]
2616 2143 3008 2214 Exspectationi
3048 2143 3329 2204 Charitatis
3355 2159 3548 2206 vestra:
3571 2151 3640 2210 de

2060 2233 2404 2300 sequentibus
2430 2233 2586 2304 hujus
2625 2236 2839 2290 maximi
2882 2237 3074 2306 psalmi
3113 2254 3291 2295 sermo
3329 2242 3634 2301 reddendus

2060 2332 2174 2388 est,
2203 2323 2270 2379 ab
2301 2325 2390 2378 illo
2413 2342 2567 2381 versu
2602 2328 2836 2393 scilicet,
2865 2327 2951 2383 ubi
2979 2330 3087 2394 ait,
3125 2330 3306 2385 1ncola
3333 2349 3422 2404 ego
3449 2352 3561 2389 sum
3587 2339 3639 2392 in

2061 2423 2232 2482 Aerra;
2282 2434 2384 2470 non
2424 2417 2704 2473 abscondas
2744 2438 2776 2473 a
2817 2437 2896 2474 me
2923 2423 3164 2474 mandata
3207 2433 3292 2476 tua
3333 2439 3352 2478 :
3399 2426 3539 2493 sive,
3582 2437 3640 2484 ut

2060 2504 2298 2560 nonnulli
2329 2507 2539 2563 codices
2569 2507 2787 2570 habent,
2829 2506 3118 2579 Inquilinas
3144 2528 3232 2582 ego
3261 2530 3372 2567 sum
3402 2510 3453 2569 in
3481 2527 3634 2571 terra.

2060 2593 2211 2662 Quod
2235 2598 2376 2650 enim
2415 2608 2496 2652 est
2531 2599 2581 2652 in
2605 2614 2780 2668 graeco
2815 2608 3036 2672 πάροικος
3055 2644 3069 2668 ,
3097 2603 3255 2672 aliqui
3285 2607 3447 2660 nostri
3474 2607 3614 2678 inqui
3625 2639 3640 2649 -

2060 2686 2216 2752 linus,
2245 2686 2405 2758 aliqui
2431 2690 2614 2752 incola,
2648 2705 3024 2760 nonnunquam
3059 2694 3219 2747 etiam
3252 2694 3442 2750 advena
3470 2699 3637 2755 inter-

2063 2779 2250 2846 pretati
2297 2787 2440 2834 sunt.
2493 2781 2734 2851 quuilini
2786 2799 2891 2836 non
2940 2783 3196 2840 habentes
3241 2790 3507 2857 propriam
3536 2790 3640 2846 do-

2059 2883 2225 2931 mum,
2257 2869 2494 2924 habitant
2538 2871 2588 2924 in
2616 2872 2788 2927 aliena
2814 2889 2828 2936 ;
2864 2874 3051 2928 incolae
3077 2887 3252 2929 autem
3283 2877 3362 2931 vel
3391 2880 3636 2947 advenm,

2058 2957 2241 3028 utique
2266 2958 2544 3014 adventitii
2578 2961 2944 3030 perhibentur.
2993 2960 3090 3019 Ubi
3135 2981 3322 3036 magna
3369 2968 3436 3022 de
3462 2970 3634 3024 anima

2058 3049 2303 3102 exoritur
2327 3050 2569 3118 quaestio.
2619 3047 2801 3120 Neque
2831 3053 2971 3105 enim
3014 3054 3302 3108 secundum
3335 3072 3527 3128 corpus
3554 3060 3639 3112 di-

2057 3148 2198 3194 ctum
2228 3140 2393 3196 videri
2423 3152 2617 3212 potest,
2646 3141 2829 3197 Incola
2851 3185 2864 3208 ,
2895 3144 2974 3198 vel
3006 3145 3218 3214 advena,
3250 3148 3331 3203 vel
3364 3150 3638 3218 inquilinus

2056 3249 2169 3288 sum
2207 3234 2258 3287 in
2301 3245 2474 3298 terra;
2522 3250 2641 3289 cum
2684 3236 2750 3290 de
2778 3244 2917 3290 terra
2948 3253 3142 3308 corpus
3169 3239 3426 3308 originem
3457 3239 3635 3296 ducat.

2057 3324 2161 3378 Sed
2193 3326 2242 3377 in
2283 3325 2382 3379 hac
2409 3322 2820 3395 profundis-sima
2849 3329 3141 3396 quaestione
3171 3331 3299 3384 nihil
3342 3332 3511 3385 audco
3539 3331 3635 3386 dc-

2057 3414 2231 3469 ﬁnire.
2261 3415 2384 3471 Sive
2409 3416 2550 3469 enim
2584 3426 2799 3486 propter
2817 3418 3046 3470 animam
3080 3419 3218 3490 (qua:
3243 3419 3378 3474 absit
3406 3431 3458 3474 ut
3484 3430 3640 3491 pute-

2059 3515 2145 3560 tur
2187 3523 2250 3561 ex
2301 3507 2482 3576 terra)
2514 3509 2703 3562 merito
2744 3507 2846 3562 dici
2895 3509 3127 3578 potuerit
3150 3550 3164 3572 ,
3195 3503 3483 3578 Inqailinas
3506 3554 3520 3579 ,
3557 3515 3636 3567 vel

2055 3598 2222 3653 incola
2243 3639 2257 3662 ,
2287 3599 2368 3652 vel
2396 3599 2588 3652 advena
2626 3615 2715 3669 ego
2754 3615 2867 3652 sum
2903 3600 2955 3652 in
2984 3611 3158 3662 terra;
3203 3602 3316 3656 sive
3345 3603 3636 3656 secundum

2059 3698 2224 3744 totum
2267 3689 2534 3744 hominem
2557 3730 2571 3754 ,
2601 3685 2721 3758 quia
2755 3691 2985 3758 paradisi
3031 3690 3314 3760 aliquando
3344 3691 3472 3746 civis
3519 3693 3634 3759 fuit,

2057 3780 2144 3835 ubi
2178 3781 2356 3848 utique
2402 3797 2504 3834 uou
2532 3789 2647 3834 erat
2689 3783 2776 3850 qui
2819 3779 2918 3834 ista
2959 3780 3204 3846 diccbat;
3251 3783 3363 3837 sive
3388 3785 3526 3853 quod
3555 3793 3640 3841 est

2055 3870 2124 3924 ab
2152 3871 2295 3924 omni
2325 3871 2688 3926 controversia
2721 3867 2958 3936 liberius,
2993 3886 3097 3925 non
3125 3872 3298 3926 omnis
3328 3871 3488 3926 homo
3515 3891 3639 3944 pos-

2056 3961 2125 4016 sit
2157 3962 2255 4016 hoc
2283 3962 2460 4016 dicere
2482 4003 2496 4028 ,
2528 3961 2620 4016 sed
2646 3962 2730 4040 cui
2763 3961 2928 4030 patria
2960 3961 3216 4031 promissa
3248 3975 3328 4018 est
3358 3974 3552 4019 aeterna
3582 3968 3634 4022 in

2055 4050 2206 4107 caelis
2233 4067 2246 4104 :
2277 4051 2378 4106 hoc
2407 4051 2548 4117 scio,
2579 4052 2698 4121 quia
2731 4054 2950 4106 tentatio
2974 4059 3055 4106 cst
3083 4052 3186 4106 vita
3221 4051 3445 4107 hmuana
3476 4070 3638 4124 super

2057 4149 2252 4196 terram
2283 4137 2403 4214 (Job
2429 4157 2532 4206 vn,
2566 4145 2585 4195 l
2613 4140 2668 4208 );
2701 4151 2756 4196 et
2789 4144 2972 4212 jugum
3000 4158 3160 4212 grave
3189 4153 3270 4197 est
3297 4159 3456 4213 super
3501 4147 3636 4205 ﬁlios

2055 4233 2224 4289 Adam
2255 4233 2441 4304 (Eccli.
2476 4250 2562 4295 XL,
2594 4233 2668 4305 l).
2702 4228 2898 4289 Verum
2931 4251 3014 4288 me
3047 4235 3163 4304 plus
3187 4231 3414 4290 delectat
3444 4252 3636 4294 secun-

2055 4325 2180 4378 dum
2212 4325 2365 4396 istam
2391 4323 2664 4394 disputare
2693 4325 3030 4391 sententiam,
3057 4332 3116 4380 ut
3143 4327 3262 4380 ideo
3289 4341 3384 4381 nos
3410 4328 3461 4381 in
3494 4340 3633 4385 terra

2057 4414 2345 4484 inquilinos
2374 4417 2453 4470 vel
2502 4416 2703 4472 incolas
2745 4432 2864 4471 es<c
2893 4415 3128 4471 dicamus
3148 4457 3164 4483 ,
3197 4413 3317 4487 quia
3348 4433 3632 4488 Supernam

2057 4508 2278 4576 patriam
2303 4549 2316 4569 ,
2351 4510 2489 4562 unde
2529 4507 2715 4578 pignus
2740 4510 3040 4578 accepimus
3061 4548 3076 4574 ,
3104 4518 3158 4563 et
3185 4526 3290 4579 quo
3321 4514 3631 4580 pervenien-

2057 4607 2137 4651 tes
2165 4614 2431 4668 nunquam
2465 4596 2587 4653 inde
2617 4600 2926 4669 migremus,
2952 4600 3271 4655 invenimus.
3304 4601 3435 4657 Nam
3466 4613 3515 4659 ct
3548 4606 3636 4660 ille

2057 4690 2144 4760 qui
2175 4689 2225 4743 in
2257 4690 2362 4744 alio
2392 4689 2597 4760 psalmo
2637 4689 2800 4754 dicit,
2829 4689 3119 4754 [aquilinus
3155 4707 3246 4762 ego
3284 4709 3393 4747 sum
3420 4696 3560 4764 apud
3588 4705 3638 4751 te

2055 4792 2103 4837 et
2131 4783 2459 4852 peregrinus,
2486 4782 2612 4834 sicut
2653 4793 2823 4835 omnes
2867 4793 3032 4852 patres
3073 4782 3171 4836 mei
3203 4783 3372 4856 (Psal.
3407 4802 3635 4852 xxxvm,

2057 4871 2206 4940 l5);
2252 4887 2356 4926 non
2381 4871 2486 4931 ait,
2521 4871 2669 4925 Sicut
2711 4886 2897 4925 omnes
2943 4866 3225 4937 homines;
3267 4873 3359 4929 sed
3388 4875 3634 4940 dicendo,

2055 4963 2186 5014 sicut
2210 4976 2380 5014 omnes
2410 4969 2574 5030 patres
2605 4959 2722 5024 mei,
2747 4959 2920 5026 jnstos
2948 4962 3133 5030 procul
3160 4962 3320 5018 dubio
3341 4966 3451 5017 vult
3480 4965 3636 5020 inte!-

2057 5050 2144 5120 Iigi
2167 5091 2182 5116 ,
2215 5051 2302 5121 qui
2333 5065 2451 5104 eum
2491 5056 2729 5118 tempore
2760 5063 3182 5118 praecesserunt,
3212 5063 3263 5109 et
3297 5055 3347 5108 in
3382 5054 3479 5108 hac
3511 5072 3636 5124 per-

2057 5144 2387 5212 egrinatione
2415 5142 2612 5212 gemitu
2646 5146 2732 5212 pio
2772 5157 3015 5210 superine
3053 5147 3234 5213 patrirc
3278 5147 3634 5216 saspirarunt.

2060 5234 2137 5289 De
2180 5232 2372 5305 quibus
2417 5234 2670 5302 scriptum
2713 5243 2796 5288 est
2843 5251 2908 5288 au
2950 5237 3245 5292 Hebraeos:
3281 5257 3302 5289 σ
3335 5237 3636 5296 Secundum

2059 5325 2216 5393 ﬁdem
2247 5324 2442 5380 mortui
2485 5334 2608 5379 sunt
2638 5322 2692 5379 hi
2737 5338 2922 5382 omnes
2947 5369 2961 5391 ,
2993 5343 3112 5382 cum
3159 5345 3261 5384 non
3303 5333 3637 5400 accepissent

2059 5417 2440 5487 promissiones
2462 5459 2476 5482 ,
2508 5417 2600 5469 sed
2634 5417 2786 5486 longe
2817 5434 2906 5472 eas
2938 5418 3174 5473 videntes
3222 5427 3276 5474 ct
3322 5423 3632 5488 salutantes.

2059 5520 2113 5566 et
2139 5510 2455 5565 conﬁtentes
2493 5509 2615 5578 quia
2656 5508 2892 5577 llOSpilcs
2931 5519 2984 5564 et
3030 5512 3290 5580 peregrini
3322 5526 3442 5567 sunt
3475 5533 3638 5583 super

2063 5613 2278 5658 terram.
2302 5601 2400 5669 Qui
2423 5604 2562 5655 enim
2591 5600 2709 5654 talia
2733 5601 2936 5667 dicunt,
2959 5600 3246 5657 OSIt‘lltIllttl.
3267 5607 3386 5675 quia
3419 5610 3637 5676 patriam

2063 5700 2326 5764 quaerunt.
2377 5690 2444 5746 Et
2487 5691 2530 5746 si
2575 5691 2786 5762 quidem
2817 5691 2931 5762 ejus
2975 5709 3240 5751 memores
3266 5706 3444 5752 essent
3478 5713 3507 5752 a
3537 5708 3636 5769 qua
