4026 6202
378 261 511 318 1519

373 375 764 434 discesserant,
813 368 1114 423 habuissent
1165 373 1371 431 tempus
1416 358 1754 423 revertendi;
1805 373 1949 413 nunc

376 475 551 520 autem
576 462 850 516 meliorem
872 465 1146 526 appetunt,
1172 453 1222 508 Id
1253 460 1335 507 est
1359 449 1628 505 cwlestcm
1654 464 1668 501 :
1699 447 1818 502 ideo
1841 463 1947 502 non

373 554 711 610 confunditur
739 551 805 605 de
839 548 920 603 his
954 548 1089 599 Deus
1114 542 1292 599 vocari
1326 542 1463 595 Deus
1491 552 1713 602 eorum;
1745 551 1948 606 prmpa-

375 648 509 703 ravit
538 645 680 699 enim
709 642 786 697 eis
810 638 1076 695 civitatem
1112 654 1130 687 ι
1163 633 1343 703 (Hebr.
1378 645 1450 692 ιιι,
1484 628 1693 698 15-16).
1725 628 1793 682 Ει
1819 626 1948 682 illud

374 742 514 812 quod
546 738 786 807 legimus,
823 732 1077 801 Quamdiu
1102 744 1275 783 sumus
1308 728 1365 780 in
1385 739 1628 794 corpore,
1658 722 1945 792 peregrina—

374 852 487 888 mur
512 849 543 885 a
564 830 819 890 Domino;
848 832 1022 895 potest
1046 820 1262 890 intelligi
1292 820 1390 872 hoc
1412 832 1515 871 non
1546 831 1664 869 esse
1687 814 1945 873 omnium,

372 928 467 981 sed
498 922 730 979 ﬁdelium
763 939 775 974 :
810 918 926 971 Non
969 915 1100 970 enim
1144 911 1363 966 omnium
1393 916 1464 962 est
1494 906 1621 976 ﬁdes
1662 905 1680 973 (
1698 905 1737 958 ll
1767 902 1943 957 Thess.

374 1034 450 1082 ιιι,
480 1013 558 1086 2).
595 1014 659 1068 Et
683 1011 923 1065 videmus
952 1004 1074 1076 quid
1109 1004 1189 1057 his
1220 999 1395 1055 verbis
1434 997 1717 1069 Apostolus
1743 995 1944 1065 jungat.

372 1110 505 1161 Cum
538 1105 678 1160 enim
713 1101 955 1164 dixisset,
993 1094 1245 1162 Quamdiu
1272 1108 1444 1146 sumus
1471 1090 1523 1143 in
1550 1103 1777 1158 corpore,
1812 1101 1947 1155 pere-

373 1201 634 1271 grinantur
662 1212 693 1248 a
717 1193 932 1247 Domino
961 1207 979 1244 :
1011 1187 1114 1241 Per
1138 1185 1287 1255 [idem
1322 1183 1453 1237 enim
1494 1180 1841 1241 ambulamus,
1870 1176 1949 1230 in-

375 1268 480 1361 quit
506 1332 521 1356 ,
549 1305 648 1342 non
681 1303 767 1354 per
791 1282 1007 1353 speciem
1040 1278 1121 1351 (Il
1154 1277 1269 1329 Cor.
1301 1291 1349 1339 ν,
1380 1273 1432 1339 6,
1463 1273 1517 1343 7)
1543 1287 1557 1336 ;
1592 1277 1651 1323 ut
1687 1268 1948 1361 intellige—

374 1358 555 1435 remus
584 1389 769 1432 eorum
810 1386 929 1426 esse
973 1371 1126 1423 istam
1165 1362 1664 1435 peregrinationem,
1701 1358 1788 1427 qui
1838 1371 1952 1409 am-

372 1470 556 1524 bulant
597 1481 695 1537 per
738 1464 918 1518 tidem.
966 1458 1214 1515 lulideles
1250 1465 1447 1519 autem,
1492 1465 1626 1522 quos
1668 1450 1802 1504 Deus
1844 1463 1948 1502 non

372 1559 639 1629 praescivit
671 1570 769 1611 nec
801 1549 1197 1623 praedesunavit
1223 1544 1525 1600 conformes
1556 1540 1667 1596 lieri
1709 1539 1949 1610 imaginis

374 1650 495 1704 Filii
520 1649 598 1702 sui
630 1646 802 1718 (Rom.
827 1659 941 1703 vm.
963 1639 1077 1711 29),
1108 1653 1212 1692 non
1244 1644 1463 1704 possunt
1489 1631 1746 1687 veraciter
1770 1629 1950 1683 dicere

375 1756 434 1795 se
460 1740 509 1793 in
543 1746 681 1792 terra
712 1734 1039 1805 peregrinos,
1085 1727 1295 1799 quando
1338 1725 1406 1778 ibi
1448 1732 1592 1787 sunt,
1636 1720 1724 1775 ubi
1754 1733 1947 1773 secun-

371 1831 500 1883 dum
532 1841 743 1881 carnem
773 1824 880 1878 nati
923 1829 1045 1877 sunt
1072 1835 1086 1871 :
1118 1833 1223 1871 non
1266 1815 1407 1870 enim
1439 1813 1635 1867 habent
1663 1810 1785 1866 alibi
1815 1808 1947 1863 civi-

375 1932 533 1975 tatem
560 1937 574 1982 ;
607 1934 670 1972 ac
699 1932 792 1986 per
821 1915 922 1968 hoc
950 1929 1054 1966 non
1086 1917 1209 1965 sunt
1235 1909 1286 1961 in
1320 1918 1457 1960 terra
1487 1902 1824 1971 alienigenze,
1853 1898 1947 1952 sed

376 2011 676 2079 terrigena).
712 2004 861 2062 Unde
894 2003 967 2056 ait
1008 2001 1106 2055 alia
1137 1998 1406 2067 Scriptura
1437 1994 1504 2048 de
1532 1991 1759 2063 quodam
1790 2006 1802 2042 :
1840 1988 1948 2042 Po-

342 2091 346 2097 ’
375 2101 474 2154 suit
499 2100 630 2151 enim
661 2094 800 2164 apud
824 2101 1033 2146 mortem
1073 2088 1277 2142 domum
1313 2101 1455 2139 suam
1477 2124 1491 2146 ,
1519 2093 1566 2137 et
1600 2080 1737 2152 apud
1762 2079 1950 2149 inferos

374 2210 486 2246 cum
513 2188 773 2260 terrigenis
798 2202 916 2240 axes
943 2200 1062 2239 suos
1085 2181 1233 2253 (Isai.
1260 2195 1445 2246 xxvm,
1471 2176 1582 2248 l5).
1609 2175 1744 2231 Sunt
1764 2183 1947 2228 autem

375 2295 431 2338 et
474 2283 571 2352 ipsi
618 2278 884 2351 peregrini
929 2284 982 2331 et
1020 2272 1281 2344 inquilini,
1327 2286 1432 2325 non
1478 2268 1600 2323 huic
1646 2276 1821 2333 terrm,
1854 2265 1948 2321 sed

374 2373 569 2445 papulo
591 2372 705 2437 Dei,
733 2385 764 2423 a
785 2384 889 2439 quo
909 2376 1029 2421 sunt
1054 2364 1381 2434 alienigenae.
1411 2360 1563 2417 Unde
1586 2358 1942 2423 credentibus,

370 2476 423 2521 ct
457 2473 694 2523 sanctam
724 2461 1011 2521 civitatem,
1058 2471 1176 2526 qum
1203 2470 1309 2508 non
1350 2460 1433 2507 est
1473 2452 1541 2506 de
1581 2450 1682 2505 huc
1725 2448 1946 2515 mundo,

376 2556 571 2611 habere
600 2546 1283 2622 incipientibus'Apostolus
1307 2544 1436 2599 dicit
1465 2561 1478 2597 :
1510 2540 1677 2613 Igitur
1694 2542 1809 2611 jam
1848 2555 1949 2594 non

374 2647 489 2700 estis
518 2643 763 2715 peregrini
793 2653 837 2696 et
868 2639 1101 2711 inquilini
1123 2654 1142 2703 ;
1171 2638 1259 2691 sed
1292 2637 1406 2691 estis
1435 2635 1563 2689 cives
1589 2642 1875 2688 sanctorum
1901 2640 1949 2686 et

374 2738 629 2794 domestici
670 2736 764 2791 Dei
805 2733 1025 2805 (Ephcs.
1055 2747 1114 2797 ιι,
1148 2729 1268 2800 19).
1317 2727 1420 2798 Ipsi
1466 2740 1593 2797 ergo
1637 2732 1761 2780 sunt
1804 2724 1946 2778 cives

373 2830 593 2892 terreni.
640 2827 731 2901 qui
775 2834 898 2881 Sunt
943 2823 1033 2878 Dei
1083 2812 1590 2892 populmpcregriui
1631 2834 1645 2872 :
1690 2816 1778 2886 qui
1821 2830 1948 2869 vero

370 2925 521 2976 cives
551 2926 673 2975 sunt
723 2920 774 2971 in
807 2914 1001 2986 populo
1030 2913 1165 2978 Dei,
1210 2911 1307 2980 ipsi
1350 2918 1473 2964 sunt
1518 2910 1568 2962 in
1614 2917 1753 2961 terra
1789 2921 1946 2977 pere-

368 3010 506 3082 grini
532 3027 548 3076 ;
577 3009 698 3079 quia
726 3016 864 3061 totus
894 3004 1033 3059 idem
1063 3001 1320 3072 populus,
1349 2998 1605 3069 quamdiu
1633 3006 1715 3052 est
1742 2996 1794 3049 iu
1824 3010 1946 3049 cor-

369 3118 520 3173 pore,
571 3100 937 3171 peregrinatur
965 3112 993 3150 a
1024 3094 1268 3150 Domino.
1319 3092 1475 3147 Dicat
1521 3092 1695 3160 itaque
1718 3130 1733 3155 ,
1768 3087 1948 3142 Incola

368 3210 460 3263 ego
484 3209 597 3246 sum
622 3192 675 3245 in
705 3200 837 3244 terra
860 3206 879 3255 ;
919 3203 981 3241 ne
1007 3184 1283 3240 abscondas
1313 3200 1343 3236 a
1370 3199 1448 3235 me
1477 3181 1716 3235 mandata
1741 3189 1847 3231 tua.

439 3286 493 3338 2.
537 3281 643 3337 Sed
669 3280 758 3351 qui
791 3278 999 3332 tandem
1031 3284 1153 3330 sunt
1190 3289 1219 3326 a
1261 3272 1454 3342 quibus
1492 3272 1632 3324 Deus
1669 3266 1947 3324 abscondit

370 3373 617 3429 mandata
648 3370 787 3424 sua?
827 3367 1013 3422 Nonne
1042 3366 1130 3419 illa
1160 3364 1351 3432 ubique
1382 3362 1520 3417 Deus
1547 3361 1711 3415 voluit
1757 3359 1943 3429 praedi-

368 3464 520 3518 cari?
568 3460 779 3517 Utinam
826 3472 984 3528 quam
1015 3456 1195 3509 multis
1238 3455 1379 3509 clara
1427 3462 1573 3520 sunt,
1616 3462 1720 3507 tam
1765 3451 1946 3507 multis

367 3556 525 3609 chara
556 3551 680 3605 sint.
707 3549 836 3604 Nam
858 3546 984 3618 quid
1001 3557 1082 3601 est
1105 3544 1321 3610 clarius,
1350 3558 1525 3613 quam,
1552 3542 1745 3614 Diliges
1770 3542 1947 3597 Domi-

370 3661 491 3698 num
518 3642 679 3696 Deum
724 3649 864 3694 tuum
900 3654 961 3692 ea:
1004 3646 1106 3691 toto
1148 3636 1296 3688 corde
1322 3644 1436 3699 tuo,
1470 3642 1517 3687 et
1546 3649 1609 3687 ea:
1649 3642 1751 3685 tota
1775 3633 1946 3686 anima

367 3746 472 3799 tua,
506 3743 552 3787 et
580 3748 641 3787 ea:
679 3740 781 3785 tota
815 3737 978 3782 mente
1003 3735 1129 3790 tua;
1159 3733 1212 3779 et
1231 3766 1244 3789 ,
1272 3723 1461 3793 Diliges
1488 3723 1772 3793 proximum
1804 3732 1973 3776 tumn'

368 3838 605 3895 tanquam
633 3820 894 3892 teipsum?
922 3817 989 3872 In
1015 3817 1205 3887 quibus
1234 3814 1425 3869 duobus
1457 3815 1710 3869 mandatis
1736 3824 1840 3868 tota
1866 3816 1948 3869 lea:

368 3917 548 3988 pendet
576 3924 622 3969 et
650 3913 918 3983 Propheta:
942 3911 960 3982 (
987 3910 1168 3964 Matth.
1199 3924 1304 3963 xm
1325 3950 1340 3975 ,
1370 3908 1433 3963 57
1465 3907 1591 3978 40)-
1626 3906 1693 3962 Et
1718 3907 1837 3978 quis
1865 3918 1947 3964 est

369 4023 528 4079 quem
559 4006 758 4061 lateant
785 4002 882 4057 ista
911 4000 1197 4056 mandata?
1236 3999 1436 4068 Nempe
1463 4008 1518 4055 et
1541 4000 1788 4055 omnibus
1818 3999 1947 4056 lide-

370 4099 545 4164 libus,
578 4106 626 4152 et
674 4093 916 4165 plurimis
963 4091 1261 4147 inﬁdelibus
1306 4099 1434 4144 nota
1478 4099 1621 4144 sunt.
1667 4089 1778 4144 Cur
1819 4107 1946 4161 ergo

370 4189 543 4261 poscit
588 4185 757 4242 lidclis
798 4200 866 4239 ne
905 4182 1258 4239 abscondatur
1295 4181 1397 4237 sibi
1424 4179 1567 4251 quod
1606 4195 1704 4235 nec
1748 4180 1946 4236 inﬁdeli

368 4280 543 4336 cernit
583 4275 884 4335 abscondi?
931 4276 1010 4329 An
1037 4275 1156 4345 quia
1188 4274 1352 4329 Deum
1395 4287 1554 4328 nosse
1591 4272 1803 4329 difﬁcile
1841 4284 1943 4340 est,

371 4384 705 4439 consequens
754 4376 837 4422 est
880 4365 1059 4434 utique
1105 4363 1432 4434 ut,-Diliges
1472 4361 1744 4419 Dominum
1782 4363 1947 4418 Deum

374 4473 535 4525 tuum,
557 4457 770 4513 difficile
797 4456 1140 4525 intelligatur,
1165 4470 1231 4509 nc
1250 4453 1391 4507 aliud
1419 4470 1512 4524 pro
1536 4456 1639 4509 alio
1667 4456 1947 4527 diligatur?

371 4550 503 4606 Nam
542 4549 764 4618 proximi
814 4546 1017 4601 facilior
1056 4559 1177 4599 esse
1218 4544 1426 4598 videtur
1468 4546 1719 4615 cognitio.
1763 4545 1948 4603 Omnis

371 4641 568 4712 quippe
608 4639 769 4693 homo
812 4645 895 4692 est
934 4636 1080 4691 omni
1123 4635 1321 4689 homini
1373 4636 1665 4704 proximus,
1713 4652 1813 4691 nec
1841 4637 1947 4692 ulla

372 4730 649 4803 cogitanda
689 4737 773 4786 est
817 4726 1171 4798 longinquitas
1214 4726 1459 4797 generis,
1508 4725 1596 4781 ubi
1642 4736 1723 4781 est
1760 4737 1946 4782 natura

370 4823 691 4882 communis.
742 4819 1052 4890 Quanquam
1099 4834 1199 4874 nec
1244 4820 1544 4888 proximum
1594 4828 1814 4874 noverat
1858 4820 1946 4889 qui

372 4914 600 4972 Domino
633 4913 706 4967 ait
734 4930 749 4966 :
788 4911 851 4965 Et
879 4911 988 4981 quis
1016 4920 1088 4964 est
1125 4910 1247 4963 mihi
1277 4910 1533 4979 proximus
1555 4910 1581 4964 ?
1622 4908 1844 4977 Quando
1876 4910 1946 4965 illi

375 5017 459 5062 est
486 5005 789 5077 propositus
818 5000 978 5056 homo
1005 5001 1254 5071 quidam,
1286 5001 1373 5068 qui
1405 5000 1737 5055 descendens
1766 5000 1833 5054 ab
1861 5000 1949 5056 Je-

374 5098 605 5155 rusalem
634 5096 684 5150 in
706 5094 916 5151 Jcriebo
943 5093 1126 5148 incidit
1150 5093 1200 5145 in
1236 5092 1470 5146 latrones
1496 5109 1508 5144 :
1537 5092 1620 5145 cui
1650 5092 1946 5160 proximum

375 5205 479 5245 non
507 5188 690 5253 fuisse,
717 5185 817 5240 nisi
845 5184 935 5254 qui
962 5198 1078 5236 eum
1106 5182 1196 5235 illo
1224 5180 1344 5236 fecit
1371 5180 1808 5248 misericordiam,
1836 5179 1950 5250 ipse

376 5284 466 5355 qui
498 5285 917 5351 interrogaverat
940 5277 1193 5349 judicavit
1223 5276 1369 5346 (Luc.
1401 5293 1453 5342 ι,
1480 5276 1721 5347 29-57);
1753 5278 1942 5345 patuit-

374 5393 479 5449 que
509 5377 562 5430 in
603 5372 842 5429 facienda
870 5369 1230 5425 misericordia
1273 5370 1536 5423 neminem
1576 5368 1803 5423 alienum
1833 5384 1950 5423 esse

378 5465 736 5535 deputandum
779 5463 846 5517 ab
888 5478 953 5517 eo
993 5461 1082 5532 qui
1112 5461 1280 5530 diligit
1317 5461 1636 5531 proximum.
1666 5461 1769 5516 Sed
1800 5461 1950 5515 multi

375 5571 478 5614 nec
506 5557 710 5627 seipsos
739 5564 999 5610 noverunt
1024 5572 1037 5621 ;
1066 5553 1186 5623 quia
1217 5564 1268 5607 et
1299 5553 1533 5623 scipsum
1564 5567 1742 5617 nosse,
1767 5568 1952 5623 quem-

373 5646 657 5703 admodum
686 5645 845 5701 homo
873 5636 973 5700 sibi
1002 5644 1159 5700 debet
1189 5645 1540 5711 innotescere,
1575 5658 1679 5699 non
1705 5643 1942 5699 omnium

1606 248 1660 302 S.
1706 246 2063 302 AUGUSTINI
2106 244 2405 300 EPISCOPI

3496 245 3520 299 1
3531 244 3635 300 520

2059 357 2332 411 hominum
2361 364 2461 411 est.
2507 355 2783 423 Quomodo
2814 371 2940 427 ergo
2982 357 3149 428 diligit
3178 355 3476 427 proximum
3511 367 3633 412 tan-

2054 461 2207 514 quam
2248 446 2500 515 seipsum,
2552 448 2641 515 qui
2690 448 2859 502 nescit
2903 457 2957 502 et
3001 447 3278 518 seipsum?
3325 446 3440 501 Non
3485 451 3629 503 enim
3695 462 3703 481 ί

2054 537 2248 592 frustra
2278 536 2365 591 ille
2409 536 2548 591 titius
2583 537 2792 606 junior,
2821 538 2908 608 qui
2951 537 3219 607 profectus
3271 538 3322 592 in
3357 539 3629 606 regionem

2054 628 2394 698 longinquam
2417 667 2430 689 ,
2462 627 2548 682 ubi
2578 627 2853 697 dissipavit
2881 629 3228 682 substantiam
3264 641 3414 683 suam
3444 629 3633 683 vivens

2055 717 2290 785 prodige,
2327 726 2383 770 ut
2412 717 2646 782 diceret,
2677 718 2921 788 Surgam,
2951 727 2997 771 et
3025 717 3103 771 ibo
3126 718 3193 770 ad
3220 727 3412 787 patrem
3442 734 3628 777 meum.

2056 806 2201 873 prius
2232 819 2474 859 reversus
2502 806 2659 859 estin
2702 807 3045 875 semetipsum
3074 805 3245 879 (Luct
3274 822 3362 872 xv,
3395 807 3566 863 15-18
3588 810 3629 875 ).

2057 895 2159 949 nisi
2187 895 2308 964 quia
2352 906 2455 949 tam
2488 895 2644 966 longe
2683 898 3048 966 peregrinatus
3073 906 3187 959 est,
3228 905 3285 950 ut
3311 898 3637 967 relinqueret

2057 986 2215 1041 etiam
2246 987 2612 1056 semetipsum.
2656 986 2766 1043 Nec
2795 996 2968 1042 tamen
2998 996 3355 1042 reverteretur
3384 988 3448 1042 ad
3477 1002 3556 1055 se,
3587 990 3634 1043 si

2054 1080 2199 1132 omni
2231 1080 2390 1133 modo
2419 1079 2651 1133 nesciret
2680 1092 2737 1132 se
2761 1095 2775 1143 ;
2810 1094 2909 1134 nec
2933 1078 3165 1141 diceret,
3196 1077 3450 1150 Surgam,
3477 1089 3522 1133 et
3550 1081 3633 1133 ibo

2055 1167 2123 1221 ad
2150 1177 2342 1237 patrem
2373 1184 2569 1233 meum,
2612 1168 2655 1221 si
2700 1168 2913 1236 penitus
2957 1168 3222 1237 ignoraret
3253 1168 3436 1224 Deum.
3484 1170 3631 1237 Quo-

2054 1258 2195 1313 circa
2222 1266 2277 1313 ct
2303 1259 2641 1329 aliquatenus
2670 1258 2768 1317 ista
2799 1248 3055 1323 sciuntur,
3086 1267 3139 1314 et
3165 1269 3221 1314 ut
3247 1262 3413 1328 magis
3441 1262 3635 1332 magis-

2054 1364 2160 1418 que
2183 1350 2438 1416 sciantur,
2469 1365 2576 1403 non
2616 1349 2880 1405 immerito
2910 1349 3122 1404 scienda
3155 1360 3459 1419 poscuntur.
3490 1352 3635 1419 Qua-

2057 1448 2273 1510 propter
2294 1449 2351 1495 ut
2374 1442 2606 1497 sciamus
2630 1440 2848 1511 diligere
2868 1441 3056 1508 Deum,
3084 1442 3335 1497 sciendus
3360 1453 3440 1498 est
3461 1444 3630 1510 Deus;

2037 1538 2109 1584 ret
2130 1538 2187 1585 ut
2208 1531 2341 1586 sciat
2361 1530 2521 1586 homo
2541 1530 2759 1601 diligere
2781 1532 3077 1601 proximum
3104 1541 3351 1603 tanquam
3374 1535 3629 1605 seipsum,

2055 1623 2200 1693 prius
2228 1623 2388 1679 debet
2417 1623 2688 1694 diligendo
2730 1624 2893 1680 Deum
2933 1625 3153 1696 diligere
3190 1628 3420 1696 seipsum
3448 1642 3462 1679 :
3491 1627 3635 1697 quod

2056 1710 2197 1766 unde
2227 1712 2441 1782 poterit,
2485 1716 2531 1768 si
2576 1714 2745 1769 nescit
2774 1715 2959 1780 Deum,
3001 1714 3045 1769 si
3084 1715 3252 1770 nescit
3276 1724 3331 1770 et
3358 1716 3635 1785 seipsuml

2055 1801 2221 1857 Recte
2249 1804 2427 1873 itaque
2455 1804 2647 1858 dicitur
2673 1805 2800 1871 Deo,
2831 1804 3010 1859 lncola
3034 1821 3126 1876 ego
3151 1823 3263 1860 sum
3291 1807 3344 1861 ii:
3370 1817 3539 1871 terra;
3574 1823 3635 1862 ne

2053 1894 2335 1949 abscondas
2363 1910 2395 1947 a
2422 1911 2502 1948 me
2524 1895 2763 1950 mandata
2789 1906 2893 1949 tua.
2934 1895 3121 1951 Merito
3146 1911 3376 1967 namque
3403 1897 3602 1952 abscon
3619 1929 3635 1940 -

2054 1986 2252 2041 duntur
2279 1986 2357 2042 eis
2398 1986 2488 2057 qui
2520 2001 2627 2041 non
2657 1994 2783 2042 sunt
2823 1987 3013 2042 incola:
3042 1988 3093 2041 in
3136 1997 3276 2042 terra
3306 2005 3319 2041 :
3350 1987 3464 2043 lucc
3488 1990 3634 2043 enim

2056 2078 2305 2133 mandata
2351 2079 2453 2134 etsi
2501 2079 2742 2145 audiunt,
2793 2094 2898 2133 non
2947 2079 3197 2149 sapiunt;
3252 2080 3372 2150 quia
3423 2089 3635 2135 terrena

2054 2170 2285 2241 sapiunt.
2343 2169 2578 2237 Quorum
2635 2180 2812 2224 autem
2865 2171 3202 2225 conversatio
3256 2170 3310 2224 in
3358 2170 3508 2227 cadis
3545 2181 3634 2225 est

2057 2258 2327 2332 (Philipp.
2356 2275 2444 2325 ιιι,
2474 2260 2560 2325 19,
2586 2259 2657 2314 20
2677 2260 2716 2330 ),
2749 2261 2799 2314 in
2840 2269 3092 2330 quantum
3118 2259 3205 2314 hic
3228 2270 3635 2325 conversautur,

2056 2352 2292 2422 proiecto
2320 2353 2744 2423 peregrinantur.
2787 2352 2977 2409 Pelant
3002 2353 3180 2423 itaque
3210 2368 3276 2408 ne
3301 2354 3637 2408 abscondan-

2058 2454 2141 2497 tur
2165 2444 2231 2498 ab
2250 2445 2328 2498 cis
2357 2443 2601 2498 mandata
2633 2444 2744 2507 Dei,
2770 2459 2864 2513 per
2896 2459 3013 2514 quae
3032 2445 3100 2499 ab
3123 2445 3222 2499 hoc
3243 2443 3471 2498 incolatu
3502 2444 3638 2498 libe-

2054 2543 2259 2601 rentur,
2291 2534 2557 2605 diligendo
2589 2536 2769 2599 Deum,
2798 2548 2917 2590 cum
2944 2550 3050 2604 quo
3073 2534 3124 2588 in
3153 2542 3410 2589 :ctcrnum
3435 2543 3591 2588 erunt
3617 2549 3635 2598 ;

2055 2637 2106 2683 et
2134 2627 2400 2697 diligendo
2431 2626 2754 2697 proximum,
2778 2636 2833 2681 ut
2855 2626 2961 2681 illic
2994 2626 3062 2680 sit
3084 2628 3100 2658 ¹
3131 2626 3221 2681 ubi
3250 2636 3304 2680 et
3327 2626 3427 2695 ipsi
3455 2636 3633 2680 erunt.

2126 2720 2179 2774 5.
2222 2718 2390 2793 [rers.
2430 2717 2560 2791 20.]
2600 2718 2737 2785 Quid
2776 2726 2951 2773 autem
2983 2718 3249 2789 diligendo
3292 2718 3557 2788 diligitur,
3589 2719 3638 2772 si

2055 2810 2168 2880 ipsa
2203 2810 2418 2865 dilectio
2457 2825 2562 2866 non
2588 2808 2867 2881 diligitur?
2912 2808 3065 2866 Unde
3104 2820 3492 2879 consequenter
3532 2809 3638 2864 iste

2056 2901 2227 2955 incola
2256 2901 2306 2954 in
2339 2908 2497 2965 terra,
2542 2915 2663 2955 cum
2694 2899 2787 2954 Dei
2825 2900 3069 2954 mandata
3100 2914 3169 2954 ne
3207 2900 3306 2953 sibi
3336 2900 3637 2955 absconde-

1980 3003 1987 3012 '
2055 3000 2241 3047 rentur
2267 3001 2505 3055 orasset,
2539 2993 2590 3045 in
2627 2992 2815 3061 quibus
2840 2992 3053 3046 dilectio
3083 2991 3385 3061 praecipitur
3409 2990 3491 3046 vel
3517 2992 3636 3046 sola

2054 3083 2135 3138 vel
2167 3083 2435 3147 maxime;
2462 3090 2516 3137 et
2540 3081 2704 3151 ipsius
2728 3082 3027 3136 dilectionis
3052 3081 3389 3137 dilectionem
3414 3097 3471 3137 se
3494 3083 3637 3139 velle

2054 3172 2252 3227 habere
2302 3172 2631 3242 proclamat,
2680 3170 2863 3227 dicens
2908 3189 2921 3225 :
2966 3170 3261 3243 Concupivit
3306 3173 3476 3226 anima
3521 3189 3640 3227 mea

2055 3264 2340 3318 desiderare
2358 3264 2752 3335 justi/icationes
2775 3275 2888 3318 tuas
2916 3264 2969 3318 in
2990 3265 3127 3318 muni
3155 3273 3394 3335 tempore.
3427 3263 3640 3317 Lauda-

2052 3353 2175 3410 bilis
2204 3362 2286 3410 est
2316 3354 2414 3409 ista
2440 3355 2889 3424 concupiscentia,
2915 3370 3019 3409 non
3051 3355 3367 3411 damnabilis
3422 3355 3533 3410 Non
3563 3356 3635 3410 de

2018 3472 2029 3491 κ
2054 3444 2154 3499 hac
2177 3443 2378 3499 dictum
2404 3454 2505 3525 est,
2536 3444 2660 3499 Non
2686 3447 3007 3515 concupisces
3033 3446 3227 3517 (Exod.
3255 3464 3350 3513 xx,
3379 3447 3503 3517 i7);
3535 3447 3635 3502 sed

2052 3534 2122 3591 de
2147 3535 2234 3589 illa
2257 3551 2369 3605 qua.
2387 3550 2514 3590 caro
2536 3536 2862 3606 concupiscit
2883 3536 3141 3592 adversus
3166 3538 3408 3607 spiritum
3435 3536 3631 3608 (Galat.

2052 3642 2108 3694 ν,
2133 3627 2255 3695 17).
2290 3627 2363 3681 De
2402 3625 2502 3680 hac
2529 3637 2706 3682 autem
2751 3627 2887 3682 bona
2916 3628 3343 3699 concupiscentia
3371 3645 3471 3699 qua
3499 3644 3633 3683 con-

2052 3717 2276 3787 cupiscit
2304 3717 2519 3787 spiritus
2550 3718 2807 3773 adversus
2844 3734 3059 3775 carnem
3083 3761 3097 3785 ,
3140 3736 3320 3789 (puere
3366 3722 3452 3776 ubi
3496 3723 3634 3777 scri-

2054 3818 2203 3880 ptum
2233 3811 2339 3892 sit;
2372 3819 2426 3865 et
2456 3810 2716 3877 invenies,
2737 3808 3149 3888 concupiscentia
3179 3812 3346 3882 itaque
3371 3814 3634 3882 sapientis:

2054 3899 2252 3954 deducit
2280 3899 2348 3952 ad
2374 3916 2583 3971 regnum
2611 3900 2763 3971 (Sap.
2789 3916 2863 3967 vr,
2890 3901 2953 3955 2i
2981 3902 2999 3971 )
3029 3918 3043 3953 :
3076 3909 3128 3956 et
3154 3902 3318 3956 multa
3345 3902 3447 3957 alia
3475 3918 3633 3972 repe-

2053 3990 2267 4045 riuntur
2315 3990 2470 4046 bona:
2518 3991 2965 4060 concupiscentiae
3012 3992 3332 4047 testimonia.
3377 3991 3483 4048 Sed
3528 3993 3633 4048 hoc

2053 4096 2184 4138 sane
2213 4083 2463 4147 interest,
2496 4082 2637 4152 quod
2681 4098 2787 4136 non
2821 4090 3023 4139 tacetur
3049 4082 3175 4153 quid
3204 4082 3628 4154 concupiscatur,

2055 4172 2269 4242 quando
2316 4172 2452 4227 bona
2500 4180 2952 4228 commemoratur
2994 4174 3467 4244 concupiscentia:
3506 4189 3630 4230 cum

2055 4272 2231 4317 autem
2257 4278 2364 4317 non
2389 4262 2602 4317 additur
2625 4262 2750 4331 quid
2775 4264 3199 4333 concupiscatur,
3227 4264 3319 4319 sed
3341 4265 3450 4320 sola
3479 4267 3633 4335 poni-

2057 4361 2162 4416 tur,
2192 4351 2400 4407 nonnisi
2424 4351 2558 4405 mala
2588 4352 2913 4423 intelligitur.
2941 4353 3088 4409 Sicut
3113 4355 3167 4409 in
3193 4355 3292 4410 hoc
3315 4356 3453 4425 quod
3480 4372 3627 4411 com-

2055 4443 2370 4509 memoravi,
2403 4441 2818 4513 Concupiscentia
2841 4444 3007 4515 itaque
3033 4446 3293 4515 sapientia:
3328 4446 3525 4500 deducit
3561 4449 3634 4501 ad

2053 4549 2307 4607 regnum;
2344 4533 2388 4588 si
2420 4549 2524 4587 non
2556 4534 2774 4589 adderet
2801 4536 3105 4604 sapientia),
3134 4537 3280 4591 nullo
3305 4536 3463 4592 modo
3487 4537 3633 4593 dice-

2054 4636 2169 4693 ret,
2212 4624 2655 4696 Concupisceutia
2699 4627 2939 4697 perducit
2990 4628 3056 4683 ad
3101 4644 3343 4699 regnum.
3392 4632 3461 4688 At
3504 4647 3635 4687 vero

2054 4718 2340 4788 Apostolus
2381 4718 2520 4789 quod
2568 4719 2778 4788 posuit,
2820 4718 3286 4791 Concupiscentiam
3328 4723 3629 4791 nesciebam,

2056 4811 2154 4865 nisi
2188 4809 2295 4865 Lex
2323 4812 2527 4876 diceret,
2572 4809 2689 4865 Non
2715 4813 3031 4882 concupisces
3058 4811 3229 4884 (Rom.
3263 4828 3356 4878 vn,
3385 4815 3478 4885 7);
3525 4831 3635 4870 non

2057 4902 2236 4972 utique
2265 4900 2466 4955 addidit
2507 4901 2657 4971 cujus
2704 4902 2778 4955 rei
2824 4903 3304 4971 concupiscentiam
3330 4945 3345 4968 ,
3379 4904 3460 4957 vel
3503 4904 3637 4973 quid

2058 5007 2162 5045 non
2189 4992 2537 5061 concupisces
2563 5009 2576 5047 :
2604 5001 2804 5046 certum
2836 4999 2917 5047 est
2938 4993 3077 5046 enim
3107 5008 3209 5046 non
3241 4992 3480 5063 intelligi,
3508 5009 3634 5049 cum

2059 5084 2126 5136 ita
2157 5082 2382 5147 dicitur,
2430 5083 2529 5135 nisi
2564 5083 2754 5135 malam
2796 5084 3298 5152 concupiscentiam.
3330 5085 3465 5154 Quid
3504 5102 3638 5156 ergo

2059 5172 2215 5241 hujus
2240 5173 2415 5225 anima
2441 5173 2783 5241 concupivit?
2816 5173 3129 5237 Desiderare,
3159 5174 3357 5246 inquit,
3377 5176 3638 5246 justi/ica-

1964 5250 2026 5275 ³*
2057 5265 2213 5317 tiones
2243 5274 2355 5317 tuas
2382 5264 2431 5317 in
2462 5266 2597 5318 omni
2629 5275 2864 5336 tempore.
2908 5264 3081 5320 Credo
3111 5268 3343 5321 nondum
3371 5285 3462 5323 eas
3486 5269 3637 5324 desi-

2058 5356 2293 5419 dei-nbat,
2318 5356 2528 5425 quando
2548 5357 2846 5426 concupivit
2871 5356 3197 5415 desiderare.
3220 5360 3638 5417 Justilicatioues

2057 5457 2232 5501 autem
2274 5446 2407 5501 facta
2447 5457 2570 5502 sunt
2594 5448 2737 5517 justa
2758 5490 2773 5516 ,
2804 5448 2856 5502 id
2887 5460 2996 5514 est,
3044 5465 3202 5519 opera
3229 5451 3467 5521 justitiat‘.
3498 5452 3645 5508 Cum

2060 5541 2236 5609 itaque
2265 5539 2496 5593 nomium
2544 5540 2735 5596 habeat
2777 5551 2830 5596 et
2873 5540 2959 5611 qui
2999 5541 3109 5613 jam
3149 5543 3436 5610 desiderat,
3477 5562 3641 5615 quam

2126 5654 2141 5684 ³
2279 5687 2291 5711 ,
2319 5651 2428 5701 sint.

2848 5752 2851 5753 ν
2866 5724 2887 5756 I
