4026 6202
342 484 468 539 {Sil

340 599 491 664 longe
517 597 584 650 ab
611 595 694 650 his
718 603 833 650 erat
857 595 945 664 qui
975 593 1148 648 adhuc
1189 607 1279 647 eas
1315 591 1618 647 desiderare
1659 589 1912 656 concupi-

339 689 567 743 sicbat?
611 699 663 740 et
694 701 849 756 quam
899 684 1104 754 longius
1137 685 1202 738 ab
1230 684 1308 738 eis
1337 693 1459 737 sunt
1499 683 1585 752 qui
1618 699 1786 750 neque
1818 681 1915 735 hoc

341 782 514 834 adlmc
540 775 964 845 concupiscunt?

407 871 459 924 ι.
503 869 690 922 Mirum
720 878 800 922 est
826 877 1000 922 autem
1032 865 1298 934 quomodo
1336 863 1740 933 concupiscatur
1767 860 1914 916 desi-

338 964 566 1027 derimn,
615 975 715 1015 nec
761 961 829 1013 sit
874 959 926 1012 in
967 957 1119 1011 nobis
1156 957 1316 1024 cujus
1346 955 1769 1024 concupiscentia
1804 953 1914 1020 jam

336 1040 407 1110 sit
441 1055 694 1108 innubis.
729 1053 908 1122 Neque
951 1052 1091 1106 enim
1141 1049 1416 1119 pulchrum
1463 1047 1675 1116 aliquod
1721 1061 1916 1114 corpus

337 1158 439 1209 est,
468 1146 811 1210 sicutlaurum
832 1183 848 1207 ,
875 1144 956 1196 vel
985 1157 1109 1196 caro
1143 1142 1314 1210 aliqua
1343 1140 1604 1208 speciosa,
1631 1153 1784 1203 quam
1817 1152 1912 1204 po-

339 1247 439 1290 test
465 1236 624 1289 homo
648 1235 1047 1302 concupiscere,
1073 1248 1169 1286 nec
1190 1232 1406 1293 habere,
1429 1230 1550 1298 quia
1572 1237 1720 1286 extra
1743 1227 1912 1298 posita

335 1343 440 1382 non
471 1335 554 1381 est
581 1327 633 1379 in
667 1325 899 1378 homine.
929 1324 1057 1388 Quis
1087 1322 1282 1376 nesciat
1315 1322 1364 1374 in
1397 1320 1608 1374 homine
1637 1335 1757 1373 esse
1781 1333 1912 1371 con-

336 1416 735 1484 cupiscentiam,
767 1415 817 1468 in
850 1413 1062 1467 homine
1101 1427 1220 1467 esse
1243 1407 1608 1464 desiderium?
1645 1409 1754 1461 Cur
1785 1422 1913 1475 ergo

335 1503 727 1577 Concupiseitur
773 1517 829 1560 ut
879 1505 1167 1567 habeatur,
1201 1503 1346 1573 quasi
1392 1502 1682 1556 forinsecits
1713 1499 1911 1552 infera-

337 1602 465 1656 tur?
509 1601 613 1652 Aut
643 1597 906 1668 quomodo
955 1596 1138 1649 haberi
1172 1596 1287 1663 ejus
1332 1593 1757 1661 concupiscentia
1798 1591 1914 1645 sine

338 1693 451 1760 ipso
480 1699 673 1759 potest,
721 1704 840 1743 eum
887 1705 988 1740 non
1030 1687 1099 1741 sit
1142 1696 1196 1740 et
1237 1688 1405 1753 ipsum
1437 1683 1561 1750 quid
1586 1682 1725 1736 aliud
1755 1697 1910 1752 quam

335 1779 818 1850 concupiscentia?
880 1777 1011 1830 Nam
1062 1787 1114 1830 et
1163 1775 1470 1830 desiderare
1522 1773 1705 1842 procul
1754 1771 1914 1826 dubio

337 1871 717 1941 concupiscere
753 1877 855 1924 est.
886 1867 1014 1935 Quis
1053 1876 1136 1922 est
1167 1867 1266 1920 iste
1295 1864 1550 1918 mirabilis
1578 1870 1736 1932 atque
1761 1862 1910 1915 inex-

337 1962 599 2032 plicabilis
629 1960 895 2031 languor?
939 1960 1005 2012 Et
1047 1967 1221 2012 tamen
1263 1965 1364 2011 est.
1415 1955 1547 2010 Nam
1591 1965 1645 2010 et
1686 1965 1915 2024 a‘grotus

335 2053 424 2121 qui
451 2052 661 2107 fastidio
691 2051 914 2116 laborat,
944 2058 996 2105 et
1017 2050 1128 2103 vult
1158 2049 1385 2104 evadere
1411 2048 1512 2102 hoc
1539 2048 1756 2110 malum,
1785 2061 1916 2100 con-

335 2143 562 2212 cupiscit
592 2143 775 2211 utique
818 2140 1128 2195 desiderare
1171 2139 1368 2202 cibum,
1420 2137 1544 2191 dum
1590 2134 1914 2204 concupiscit

337 2250 440 2287 non
472 2232 674 2288 habere
699 2231 965 2286 fastidium
998 2247 1011 2284 :
1042 2229 1135 2285 sed
1169 2231 1268 2284 hoc
1297 2227 1558 2282 fastidium
1585 2226 1800 2280 morbus
1831 2233 1914 2280 est

335 2327 597 2394 corporis.
649 2322 1084 2392 Concupiscentia
1115 2337 1237 2374 vero
1281 2335 1380 2388 qua
1413 2317 1741 2386 concupiscit
1769 2315 1912 2370 desi-

337 2417 526 2470 derare
555 2415 754 2479 cibum,
785 2413 886 2468 hoc
927 2421 1010 2468 est
1047 2426 1228 2465 carere
1261 2409 1488 2475 fastidio,
1519 2409 1569 2462 in
1601 2410 1779 2461 animo
1808 2416 1909 2471 est,

338 2523 444 2562 non
473 2508 524 2561 in
556 2521 782 2575 corpore
812 2523 824 2559 :
854 2515 903 2560 ct
937 2505 1095 2558 habet
1139 2518 1256 2557 eam
1305 2518 1407 2554 non
1449 2500 1674 2570 gutturis
1700 2511 1753 2554 ct
1796 2497 1912 2552 fau-

335 2601 473 2653 cium
526 2598 850 2660 delectatio,
905 2611 1022 2665 qua:
1078 2593 1284 2647 fastidio
1347 2591 1765 2659 restringitur';
1818 2589 1911 2642 sed

336 2688 714 2758 recuperandae
764 2687 900 2742 ratio
950 2687 1228 2747 sanitatis,
1275 2698 1377 2753 qua
1431 2681 1731 2751 pellendum
1776 2694 1913 2734 esca:

337 2780 604 2835 fastidium
634 2778 957 2848 providetur.
984 2777 1051 2831 Et
1081 2777 1198 2831 ideo
1230 2791 1334 2829 non
1359 2766 1660 2828 mirum'est
1685 2773 1728 2827 si
1753 2786 1916 2842 appe-

337 2875 398 2928 tit
422 2875 633 2928 animus
663 2881 720 2925 ut
749 2879 964 2941 appetat
989 2884 1186 2938 corpus
1205 2908 1217 2929 ,
1246 2865 1458 2936 quando
1484 2865 1683 2936 appetit
1705 2865 1913 2917 animus

335 2982 434 3021 nec
461 2965 660 3037 appetit
691 2979 901 3033 corpus.
936 2963 1067 3018 Cum
1095 2968 1273 3015 autem
1312 2967 1590 3026 utrumque
1618 2955 1779 3010 animi
1808 2963 1909 3018 est,

331 3068 384 3110 et
409 3066 691 3124 utrumque
716 3052 1140 3122 concupiscentia
1167 3059 1266 3112 est,
1298 3064 1394 3103 cur
1419 3050 1438 3078 ¹
1472 3045 1790 3115 concupisco
1817 3044 1911 3098 dc-

331 3147 586 3202 siderium
628 3145 1064 3214 justificatioumn
1101 3141 1237 3195 Dei?
1275 3138 1552 3206 Quomodo
1583 3138 1634 3190 in
1676 3150 1783 3190 "no
1817 3150 1912 3188 co-

330 3239 560 3308 demque
585 3239 766 3290 animo
802 3251 919 3289 meo
951 3235 1118 3287 habeo
1148 3229 1628 3300 concupiscentiam
1659 3222 1910 3282 desiderii

333 3328 520 3398 hujus,
564 3337 619 3383 et
662 3328 832 3397 ipsum
865 3343 967 3380 non
1009 3324 1181 3379 habeo
1224 3320 1593 3377 desiderium?
1642 3328 1731 3374 aut
1773 3333 1906 3388 quo-

334 3419 496 3472 modo
528 3419 625 3473 ista
650 3418 757 3470 duo
783 3425 923 3480 sunt,
951 3424 1004 3470 et
1033 3431 1135 3468 non
1166 3414 1370 3467 unmn?
1401 3411 1592 3481 thuid
1621 3410 1758 3465 enim
1783 3413 1908 3463 eon-

330 3509 547 3578 copisco
576 3508 877 3562 desiderare
902 3505 1329 3575 justilicationes,
1359 3518 1420 3557 ac
1450 3517 1554 3556 non
1587 3497 1726 3570 ipSas
1749 3500 1907 3569 justi-

332 3600 606 3654 ticationes
635 3599 806 3667 potius
831 3613 984 3664 quam
1008 3611 1190 3648 eartun
1215 3593 1534 3647 desiderium
1557 3589 1908 3657 concupisco?

329 3699 426 3745 aut
473 3705 579 3760 quo
628 3696 784 3758 pacto
836 3703 1050 3758 possum
1099 3685 1536 3754 justiﬁcationum
1588 3680 1908 3736 desiderium

330 3779 732 3848 cencupiscere,
781 3787 833 3832 et
884 3778 1026 3846 ipsas
1066 3774 1470 3845 ju~-tilieationrs
1510 3787 1614 3824 non
1660 3769 1912 3835 concupi-

330 3886 524 3935 scere;
579 3885 698 3926 cum
749 3868 868 3922 ideo
913 3883 1098 3922 carum
1146 3865 1464 3920 desiderium
1513 3861 1902 3930 concupiscam,

328 3962 452 4028 quia
485 3962 626 4029 ipsas
660 3959 854 4012 habere
884 3957 1085 4027 cupio?
1113 3956 1264 4025 Quod
1301 3956 1343 4009 si
1390 3955 1457 4008 ita
1485 3963 1564 4010 est
1587 3995 1602 4018 ,
1636 3953 1738 4021 jam
1771 3952 1908 4020 ipS:tS

334 4053 514 4120 utique
557 4051 893 4119 concupisco.
940 4049 1075 4116 Quid
1126 4049 1284 4118 igitur
1327 4062 1459 4116 opus
1507 4053 1588 4099 est
1632 4053 1686 4097 ιιι
1724 4058 1907 4097 earum

328 4140 651 4194 desiderium
703 4140 1096 4207 concupiscam,
1143 4153 1262 4193 cmn
1304 4137 1412 4207 jam
1461 4136 1512 4190 id
1563 4135 1782 4189 habeam
1810 4175 1823 4196 ,
1857 4142 1909 4186 ct

329 4230 529 4285 habere
559 4246 642 4285 me
672 4231 936 4285 sentiam?
983 4230 1094 4284 Non
1123 4230 1261 4285 enim
1297 4244 1503 4299 pOSsem
1531 4226 1907 4293 concupiscere

325 4321 648 4376 desiderium
698 4321 957 4390 jos:iti:e,
1014 4323 1112 4376 nisi
1158 4319 1582 4390 concupiscendo
1627 4319 1903 4390 justitiam.

328 4416 414 4468 An
461 4413 560 4468 hoc
606 4423 686 4467 est
728 4414 867 4484 quod
913 4415 1154 4482 superius
1183 4399 1311 4478 disi,
1361 4411 1498 4482 quod
1531 4410 1793 4481 diligenda
1839 4411 1908 4464 sit

328 4505 490 4558 etiam
519 4507 630 4574 ipsa
659 4505 869 4559 dilectio
898 4520 999 4574 qua
1030 4505 1266 4573 diligitur
1303 4503 1442 4574 quod
1482 4503 1623 4572 diligi
1656 4509 1902 4572 oportet;

326 4596 465 4648 sicut
508 4596 630 4648 odio
675 4595 914 4650 habenda
959 4604 1038 4648 est
1089 4594 1302 4648 dilectio
1344 4610 1445 4663 qua
1487 4593 1718 4663 diligitur
1764 4593 1904 4662 quod

326 4686 472 4756 diligi
505 4703 608 4740 non
641 4686 892 4755 oportet?
940 4684 1073 4740 Odio
1118 4685 1310 4755 quippe
1355 4684 1610 4739 habemus
1651 4685 1904 4753 concupi-

325 4780 585 4832 scentiam
615 4788 848 4833 nostram
879 4794 976 4848 qua
1005 4793 1130 4832 caro
1162 4778 1486 4848 concupiscit
1514 4779 1768 4832 adversus
1793 4779 1903 4846 spi-

323 4870 485 4924 ritum
531 4887 545 4922 :
588 4878 642 4924 et
685 4869 811 4939 quid
856 4879 938 4924 est
980 4870 1076 4924 ista
1125 4871 1574 4938 concupiscentia,
1623 4870 1723 4923 nisi
1768 4871 1902 4924 mala

321 4961 586 5017 dilectio?
626 4961 692 5016 Et
722 4963 986 5032 diligimus
1013 4962 1498 5031 concupiscentiam
1538 4972 1771 5016 nostram
1800 4977 1902 5031 qua

320 5055 540 5122 Spiritus
587 5055 912 5122 concupiscit
958 5056 1213 5109 adversus
1259 5069 1514 5108 carnem:
1559 5065 1612 5107 ct
1652 5053 1774 5122 quid
1823 5062 1904 5107 est

320 5143 420 5196 ista
462 5143 924 5214 concupiscentia,
954 5143 1052 5196 nisi
1092 5144 1228 5198 bona
1269 5143 1529 5197 dilectio?
1569 5143 1696 5198 Cum
1725 5154 1900 5196 autem

319 5235 535 5299 dicitur,
566 5234 838 5304 Diligenda
867 5243 976 5300 est,
1005 5235 1129 5304 quid
1155 5235 1295 5288 aliud
1323 5235 1516 5290 dicitur
1547 5250 1702 5304 quam
1726 5277 1738 5294 .
1768 5249 1900 5287 con-

318 5324 640 5394 cupisccnda
681 5326 811 5380 est?
856 5325 1114 5392 Quocirca
1162 5327 1410 5395 quoniam
1459 5334 1604 5380 recte
1649 5327 1902 5394 ('OttCUpi-

317 5427 544 5473 scuutur
579 5419 987 5487 justificationes
1019 5420 1133 5484 Dei,
1167 5431 1310 5474 recte
1339 5420 1732 5488 concupiscitur
1770 5434 1900 5472 con-

317 5509 646 5578 cupiseentia
683 5509 1120 5588 justificationnm
1153 5511 1265 5564 Dei.
1300 5510 1411 5563 lloc
1439 5511 1580 5563 enim
1612 5511 1714 5562 alio
1745 5508 1900 5562 modo

317 5601 400 5653 sic
427 5609 603 5670 potest
626 5600 730 5654 dici
760 5619 773 5654 :
803 5601 848 5655 si
879 5609 1024 5656 recte
1047 5601 1336 5671 diliguntur
1355 5600 1762 5670 justiticatioues
1786 5599 1896 5664 Dei,

383 5776 399 5839 ξ
429 5773 613 5839 Aliquot
634 5781 764 5834 Mss,
787 5775 1114 5839 relinquitur.

311 5903 352 5943 ﬂ
383 5837 401 5867 ³
425 5837 572 5899 r1dil.,
613 5851 700 5887 cur
742 5850 833 5888 non
869 5837 1164 5900 conculcata.
1211 5837 1382 5899 Abest,
1415 5851 1534 5898 non,
1559 5850 1586 5886 a
1622 5839 1902 5890 melioribus

359 5911 420 5947 ss.

1399 475 1791 532 ENARitATIO
1823 473 1883 528 IN
1926 471 2240 530 PSALMUM
2269 479 2493 533 CXVlll.

3462 497 3482 544 ι
3493 496 3592 550 ΓΡὶὲ

2029 601 2171 645 recte
2211 595 2445 664 diligitur
2472 597 2682 651 dilectio
2709 598 3144 668 justificationum
3181 603 3288 658 Dei.
3341 605 3416 658 An
3456 605 3594 658 aliud

2024 693 2106 738 cst
2133 686 2528 754 concupiscere,
2575 688 2716 742 aliud
2762 689 3108 746 desiderare?
3149 692 3265 747 Non
3311 695 3450 764 quod
3491 711 3595 749 non

2023 773 2092 827 sit
2121 775 2549 843 concupiscentia
2595 777 2936 846 desiderium,
2987 782 3080 835 sed
3125 782 3248 852 quia
3293 798 3398 836 non
3425 784 3596 837 omnis

2021 869 2449 938 concupiscentia
2479 869 2795 924 desiderium
2824 880 2923 925 est.
2969 873 3430 943 Concupiscuntur
3454 876 3597 930 enim

2024 969 2077 1014 et
2103 975 2222 1028 qum
2249 959 2526 1022 habentur,
2558 969 2610 1015 et
2636 976 2753 1030 qua:
2782 977 2884 1014 non
2917 963 3176 1018 habentur
3205 981 3220 1018 :
3251 980 3370 1018 nam
3395 979 3593 1018 concu-

2024 1050 2294 1119 piscendo,
2345 1051 2536 1105 fruitur
2581 1052 2738 1106 homo
2780 1053 2938 1107 rebus
2981 1068 3112 1122 quas
3143 1054 3336 1119 habet;
3381 1055 3595 1110 deside-

2022 1141 2188 1193 rando
2216 1149 2414 1207 autem,
2456 1143 2690 1196 absentia
2732 1144 3078 1212 concupiscit.
3113 1145 3440 1200 Desidcrium
3468 1162 3594 1216 ergo

2021 1233 2145 1300 quid
2173 1242 2272 1293 est,
2308 1234 2405 1285 nisi
2440 1249 2614 1286 rerum
2645 1234 2943 1288 absentium
2975 1236 3448 1305 concupiscentia?
3489 1235 3593 1291 Sed

2021 1324 2113 1376 Dei
2153 1324 2559 1392 jusdlicatioucs
2595 1326 2841 1380 absentes
2885 1340 3004 1379 esse
3047 1327 3309 1394 quomodo
3355 1337 3592 1395 possunt,

2021 1416 2120 1469 nisi
2166 1415 2378 1484 quando
2425 1417 2774 1471 nesciuutur?
2819 1420 2896 1472 An
2938 1429 2993 1472 et
3021 1418 3236 1488 quando
3275 1420 3513 1473 sciuntur
3543 1429 3596 1472 ct

2021 1521 2122 1560 non
2161 1506 2320 1569 fittut,
2351 1505 2597 1561 absentes
2633 1507 2889 1560 habendae
2918 1509 3081 1563 sunt?
3133 1509 3262 1562 Nam
3309 1509 3431 1578 quid
3476 1519 3598 1562 sunt

2015 1597 2421 1666 justificatioues
2440 1637 2455 1660 ,
2487 1598 2586 1650 nisi
2613 1613 2772 1666 opera
2798 1597 2962 1666 justa,
3007 1614 3112 1652 non
3139 1599 3296 1652 verba
3323 1601 3345 1652 ?
3391 1601 3466 1653 Ae
3506 1615 3599 1668 per

2020 1686 2120 1740 hoc
2165 1695 2387 1756 possunt
2432 1686 2735 1742 infirmitate
2779 1688 2969 1742 animae
3017 1704 3122 1742 non
3165 1689 3498 1754 desiderari;
3545 1697 3598 1742 et

2019 1781 2226 1834 ratione
2268 1782 2485 1846 mentis,
2535 1780 2624 1834 ubi
2652 1779 2860 1834 videtur
2897 1796 3053 1850 quam
3100 1781 3206 1835 sint
3252 1782 3407 1835 utiles
3439 1792 3597 1852 atque

2020 1872 2282 1936 salubres,
2317 1879 2490 1940 potest
2518 1885 2700 1924 carum
2730 1871 3051 1925 desiderium
3079 1872 3402 1940 concupisci.
3445 1872 3598 1940 Swpe

2018 1964 2159 2016 enim
2191 1964 2314 2032 quid
2357 1962 2616 2032 ageudmn
2647 1964 2715 2016 sit
2742 1964 2978 2017 videmus
3002 2006 3015 2027 ,
3059 1980 3155 2018 nec
3181 1966 3422 2033 agimus;
3474 1966 3597 2034 quia

2020 2070 2124 2108 non
2147 2054 2378 2108 delectat
2402 2064 2458 2108 ut
2482 2069 2720 2123 agamus,
2751 2064 2802 2109 ct
2827 2055 3069 2124 cupimus
3098 2065 3153 2109 ut
3179 2057 3427 2110 delectet.
3459 2057 3599 2110 l‘rmo

2020 2146 2162 2200 volat
2193 2146 2489 2201 intellectus
2515 2163 2529 2211 ;
2558 2156 2611 2201 et
2637 2145 2784 2200 tarde
2809 2148 3066 2214 sequitur,
3096 2155 3150 2201 et
3176 2148 3460 2215 aliquando
3492 2164 3596 2201 non

2019 2237 2254 2306 sequitur
2293 2235 2554 2290 luunauus
2583 2248 2740 2305 atque
2772 2237 3010 2292 infirmus
3051 2238 3289 2294 alii-ctus.
3327 2237 3446 2292 ldeo
3472 2254 3595 2308 ergo

2017 2327 2323 2382 desiderare
2364 2327 2772 2395 concupiscebat
2816 2345 2932 2394 qttzt'
2973 2328 3109 2381 bona
3155 2344 3274 2382 esse
3323 2329 3594 2393 cernebat,

2016 2421 2240 2489 cupiens
2268 2436 2449 2472 eorum
2499 2418 2695 2472 habere
2736 2418 3144 2472 delectationem
3173 2435 3398 2487 quorum
3430 2422 3597 2488 potuit

2017 2510 2198 2564 videre
2235 2512 2516 2564 rationem.

2087 2603 2139 2656 5.
2170 2600 2286 2654 Non
2312 2611 2486 2654 autem
2515 2601 2611 2667 ait,
2633 2601 2991 2666 concupiscit;
3020 2600 3134 2663 sed,
3168 2599 3456 2670 Concupivit
3485 2602 3596 2654 ani-

2017 2711 2098 2746 ma
2125 2711 2234 2749 mea
2257 2695 2540 2748 desiderare
2554 2694 2942 2762 justi/iculiones
2964 2704 3094 2746 mas.
3131 2693 3378 2748 Fortasse
3404 2694 3595 2762 quippe

2017 2787 2138 2840 talis
2181 2795 2298 2840 erat
2326 2786 2425 2840 iste
2451 2785 2620 2840 incola
2651 2785 2700 2838 in
2726 2794 2863 2838 terra
2891 2827 2901 2845 ,
2931 2785 3017 2852 qui
3044 2783 3148 2852 jam
3192 2794 3506 2852 pervenerat
3531 2785 3594 2836 ad

2015 2877 2069 2931 id
2095 2878 2235 2946 quod
2256 2876 2648 2944 concupiverat,
2667 2875 2880 2943 jamque
2907 2873 3241 2928 desiderabat
3267 2889 3357 2928 cas
3377 2875 3595 2944 quarum

2015 2985 2073 3025 se
2115 2969 2434 3023 desiderium
2481 2967 2764 3036 aliquando
2823 2967 3133 3034 concupisse
3193 2978 3590 3019 commemorat.

2017 3060 2070 3139 _Si
2115 3070 2288 3114 autem
2333 3058 2440 3128 jam
2481 3057 2851 3120 desiderabat,
2881 3071 2976 3109 cur
3020 3070 3132 3130 non
3182 3055 3442 3109 habebat?
3480 3054 3593 3108 Non

2012 3154 2155 3208 enim
2203 3151 2398 3221 aliquid
2447 3149 2664 3219 impedit
2703 3149 2980 3216 quominus
3025 3147 3594 3215 habeanturjustifica-

2014 3246 2187 3301 tiones
2208 3245 2320 3307 Dei,
2345 3243 2442 3297 nisi
2463 3243 2583 3312 quia
2611 3258 2713 3295 non
2737 3240 3119 3304 desiderantur,
3145 3241 3271 3293 dum
3300 3255 3402 3293 non
3433 3239 3596 3293 ineas

2013 3335 2243 3390 charitas
2285 3334 2490 3400 fervet,
2522 3349 2744 3402 quarmn
2785 3332 3015 3386 charitas
3058 3332 3217 3384 lucet.
3246 3332 3328 3384 A'n
3373 3329 3596 3385 habebat

2013 3445 2121 3494 eas,
2150 3437 2307 3498 atque
2333 3428 2596 3482 faciebat?
2619 3426 2749 3480 Nam
2779 3427 2933 3494 paulo
2960 3433 3075 3494 post
3095 3425 3222 3479 dicit
3250 3443 3262 3477 :
3294 3425 3480 3478 Servus
3505 3443 3596 3477 aa-

2013 3533 2109 3576 tcm
2135 3531 2249 3575 tuus
2269 3519 2587 3573 exercebatur
2610 3520 2661 3570 in
2672 3516 3115 3587 justiﬁcationibus
3141 3516 3256 3569 tuis.
3281 3514 3383 3569 Sed
3407 3515 3594 3582 quibus

2012 3614 2159 3684 quasi
2188 3612 2438 3682 gradibus
2465 3610 2531 3664 ad
2554 3624 2644 3664 eas
2675 3609 3030 3677 perveniatur,
3059 3607 3310 3659 Ostendit.
3343 3607 3493 3660 Prius
3514 3618 3594 3659 e~t

2011 3707 2152 3761 enim
2183 3715 2241 3758 ut
2263 3704 2506 3758 videatur
2528 3715 2683 3770 quam
2710 3700 2817 3753 sint
2844 3699 2998 3752 utiles
3025 3707 3080 3752 et
3101 3698 3356 3760 honestzc;
3380 3698 3589 3760 deinde,

2012 3805 2070 3850 ut
2113 3809 2293 3850 carum
2337 3791 2659 3847 desiderium
2710 3789 3146 3856 concupiscatur;
3187 3796 3496 3856 postremo,
3539 3799 3594 3840 ut

2012 3886 2322 3957 proficiente
2370 3883 2568 3936 lumine
2609 3890 2767 3949 atque
2810 3879 3036 3933 sanitate
3061 3878 3287 3932 deleCIet
3331 3893 3510 3939 carum
3543 3887 3596 3932 ct

2011 3977 2296 4044 Operatio,
2348 3989 2570 4044 quarum
2634 3972 2744 4026 sola
2803 3972 2934 4025 ratio
2988 3969 3300 4024 delectabat.
3361 3969 3467 4024 Sed
3531 3987 3594 4025 ea

2011 4084 2129 4136 qua:
2175 4076 2468 4135 sequuntur
2500 4105 2515 4127 ,
2567 4064 2815 4133 quoniam
2864 4063 2974 4131 jam
3029 4062 3128 4116 iste
3180 4063 3412 4131 prolixus
3469 4074 3590 4128 est,

2011 4157 2116 4210 alio
2157 4171 2402 4210 sermone
2421 4196 2437 4221 ,
2465 4155 2747 4224 adjuvaute
2779 4153 3037 4218 Domino,
3063 4152 3394 4208 commodius
3420 4154 3588 4209 diSsc-

2012 4258 2214 4307 I‘Cllllll'.

2662 4351 2833 4393 SERIO
2871 4352 2944 4391 lx.

2084 4435 2134 4487 t.
2177 4431 2344 4504 [υιννδ.
2389 4431 2476 4485 21.
2502 4429 2523 4502 ]
2554 4430 2749 4484 Psalmi
2798 4427 2952 4498 hujus
2991 4443 3108 4496 qua:
3150 4426 3416 4481 tractanda
3463 4429 3584 4482 sub-

2010 4534 2336 4594 sequuntur,
2381 4522 2668 4576 admonent
2697 4535 2794 4574 nos
2835 4535 3048 4574 causam
3103 4528 3300 4572 nostrae
3364 4518 3594 4572 miseria:

2011 4616 2296 4670 recordari.
2329 4614 2539 4669 Etenim
2569 4628 2691 4667 cum
2711 4611 2951 4671 dixisset,
2983 4610 3263 4676 concupivit
3292 4610 3461 4662 anima
3484 4625 3593 4662 meo

2009 4708 2294 4761 desiderare
2317 4704 2706 4776 justiﬁcationcs
2756 4712 2867 4754 tuas
2900 4701 2952 4753 in
2999 4701 3135 4753 omni
3183 4710 3441 4768 tempore;
3479 4701 3592 4753 sive

2009 4800 2210 4855 scilicet
2238 4799 2290 4854 in
2315 4798 2472 4852 rebus
2492 4794 2780 4865 prosperis,
2803 4793 2913 4847 sive
2940 4792 2991 4846 in
3019 4792 3255 4847 adversis
3278 4832 3293 4855 ,
3320 4792 3439 4862 quia
3462 4800 3516 4845 et
3540 4795 3586 4845 in

2009 4892 2278 4947 laboribus
2307 4897 2362 4944 et
2388 4887 2663 4942 doloribus
2687 4885 2845 4940 debet
2870 4884 3134 4938 delectare
3159 4884 3380 4953 justitia,
3400 4899 3498 4937 nec
3519 4883 3587 4935 ita

2007 4995 2088 5039 est
2118 4994 2356 5052 tempore
2386 4979 2648 5050 diligenda
2681 4977 2992 5046 tranquillo,
3025 4985 3081 5030 ut
3107 4977 3406 5032 turbulento
3450 4987 3584 5030 tem-

2011 5090 2135 5143 pore
2153 5075 2445 5134 deseratur,
2472 5069 2564 5124 sed
2586 5069 2948 5138 amplectenda
2968 5078 3048 5122 cst
3067 5070 3114 5121 iu
3143 5069 3284 5121 omni
3309 5076 3545 5136 tempore
3575 5088 3584 5118 :

2007 5165 2256 5217 continuo
2303 5161 2564 5230 subjecit,
2593 5158 2872 5228 lncrepnsti
2913 5159 3187 5227 superbos;
3216 5156 3468 5209 maledicti
3503 5158 3588 5226 qui

2007 5257 2257 5309 declinant
2300 5253 2612 5306 a'mandalis
2651 5251 2768 5304 tuis.
2799 5251 3022 5319 Superbi
3069 5250 3207 5303 enim
3252 5249 3517 5304 declinant
3556 5268 3587 5305 τι

2008 5347 2268 5400 mandatis
2307 5345 2418 5398 Dei.
2445 5343 2599 5398 Aliud
2640 5354 2720 5398 est
2748 5344 2940 5413 quippe
2985 5342 3226 5397 mandata
3263 5341 3353 5396 Dei
3389 5358 3482 5412 per
3508 5345 3589 5398 in—

2010 5439 2305 5493 firmitatem
2342 5441 2421 5492 vel
2451 5439 2794 5507 ignorantiam
2825 5454 2928 5490 non
2952 5438 3170 5504 implere
3201 5455 3216 5492 :
3247 5438 3387 5492 aliud
3415 5440 3481 5494 ab
3509 5442 3588 5495 eis

2007 5540 2098 5592 per
2127 5525 2426 5592 superbiam
2458 5524 2757 5584 declinare;
2789 5523 2923 5576 sicut
2944 5521 3179 5575 fecerunt
3202 5522 3291 5591 qui
3321 5537 3419 5576 nos
3446 5539 3582 5578 mor-

2007 5618 2180 5670 talitir
2225 5619 2275 5669 in
2314 5617 2425 5670 hmc
2464 5616 2597 5668 mala
2626 5621 2938 5684 genuerunt.
2974 5613 3262 5668 Dclectavit
3286 5616 3426 5670 enim
3454 5633 3545 5670 eos
3571 5661 3584 5676 ,

2009 5706 2166 5762 Erilis
2197 5710 2320 5760 sicut
2351 5708 2459 5770 dii;
2485 5722 2548 5761 ac
2587 5707 2661 5760 sic
2687 5721 2716 5758 a
2744 5704 2988 5758 mandato
3019 5705 3138 5767 Dei,
3168 5705 3305 5774 quod
3335 5707 3432 5759 sibi
3465 5722 3587 5761 eum

2009 5798 2288 5852 mandasse
2311 5797 2564 5861 sciebant,
2586 5795 2795 5863 etquod
2828 5793 3090 5858 facillime,
3120 5796 3260 5848 nulla
3285 5795 3587 5848 infirmitarc

2011 5901 2322 5963 revocante,
2357 5891 2672 5964 impediente
2696 5932 2711 5959 ,
2743 5889 2981 5944 tardante
3000 5930 3014 5958 ,
3048 5889 3267 5958 implere
3296 5896 3538 5960 poterant
3568 5924 3586 5953 ,
