4026 6202
468 492 491 547 i
505 489 608 548 525

469 621 565 676 per
591 606 727 659 hanc
754 597 1051 669 superbiam
1074 591 1426 648 declinarunt.
1443 588 1512 644 Et
1530 599 1654 641 ecce
1676 594 1780 676 tota
1802 582 1901 676 ista
1923 581 2053 676 dura

468 672 525 754 et
551 696 726 752 infelix
757 704 989 747 (erumna
1019 683 1319 742 mortalium
1340 724 1355 747 ,
1384 678 1610 749 quodam
1638 675 1796 731 modo
1826 672 2054 729 Incredi-

470 788 604 841 taria
645 793 727 839 est
769 778 1057 849 increpatio
1087 775 1457 846 superborum.
1488 768 1708 837 Quando
1752 766 1893 822 enim
1922 763 2058 819 dixit

476 877 630 940 Deus,
651 873 833 936 Adam,
850 870 935 924 ubi
954 887 1006 924 es
1022 866 1172 939 (Gen.
1196 882 1274 930 ιιι,
1296 866 1352 931 5,
1370 863 1576 933 9)?non
1594 860 1681 915 ubi
1702 856 2057 924 essetignora-

470 964 579 1031 bat,
597 962 692 1019 sed
716 962 1002 1031 superbum
1025 956 1346 1026 increpabat;
1369 962 1423 1009 et
1449 951 1535 1007 ubi
1559 960 1683 1005 tunc
1704 957 1865 1012 esset,
1884 945 1936 1001 id
1952 952 2050 1009 est,

469 1053 536 1107 ad
555 1068 707 1121 quam
736 1050 1001 1105 miseriam
1028 1046 1372 1118 pervenisset,
1389 1058 1494 1097 non
1524 1040 1661 1097 scire
1675 1038 1937 1108 cupiebat,
1960 1032 2057 1090 sed

470 1142 846 1212 interrOgando
860 1140 1142 1209 increpans
1165 1135 1503 1190 admonebat.
1529 1131 1657 1185 Vide
1672 1139 1847 1185 autem
1873 1142 2058 1197 quem-

470 1232 789 1299 admodum,
810 1246 931 1286 cum
960 1229 1200 1294 dixisset,
1222 1224 1504 1296 Increpasti
1530 1220 1790 1291 superbos,
1831 1234 1935 1274 non
1959 1218 2051 1285 ait,

471 1324 737 1380 Maledicti
764 1323 854 1395 qui
901 1322 1299 1379 declinaverunt
1324 1334 1354 1372 a
1385 1317 1646 1372 mandatis
1672 1315 1814 1379 tuis;
1843 1322 1901 1369 ut
1926 1313 2056 1367 illud

476 1424 678 1470 tantum
706 1414 996 1484 primorum
1018 1411 1290 1467 hominum
1314 1416 1586 1479 peccatum
1610 1406 1815 1461 veniret
1835 1405 1885 1458 in
1908 1419 2059 1458 men-

473 1516 583 1561 tem
616 1523 632 1561 :
658 1505 753 1561 sed
783 1505 877 1571 ait,
908 1502 1165 1557 Maledicti
1190 1502 1276 1571 qui
1303 1498 1574 1553 declinant.
1606 1494 1894 1565 Oportebat
1917 1492 2057 1548 enim

477 1608 534 1651 ut
560 1610 745 1651 omnes
774 1595 863 1650 illo
894 1600 1218 1650 terrerentur
1231 1589 1478 1659 exemplo
1502 1604 1530 1641 a
1549 1587 1741 1642 divinis
1768 1598 1872 1639 non
1898 1583 2062 1639 decli-

476 1704 604 1742 nare
627 1685 904 1751 mandatis,
924 1696 977 1741 et
1001 1683 1271 1755 diligendo
1285 1680 1541 1752 justitiam
1564 1680 1616 1733 in
1633 1676 1775 1732 omni
1798 1686 2057 1745 tempore,

477 1778 531 1831 in
564 1776 719 1847 hujus
743 1776 923 1831 mundi
942 1776 1100 1830 etiam
1122 1774 1304 1830 labore
1334 1771 1573 1841 recipere
1594 1767 1738 1838 quod
1759 1766 1811 1821 in
1829 1764 2058 1837 paradisi

477 1870 752 1924 amisimus
780 1867 1068 1937 voluptate.

546 1960 602 2014 2.
632 1958 781 2032 [νει-ε.
801 1958 917 2032 22.]
946 1956 1052 2014 Sed
1079 1955 1327 2027 quoniam
1354 1951 1570 2024 superbi
1598 1964 1696 2006 nec
1721 1949 1773 2004 in
1799 1956 1941 2003 tanta
1961 1947 2061 2002 de-

479 2061 684 2118 ponunt
727 2048 1088 2118 increpatione
1126 2044 1388 2100 cervicem
1412 2084 1428 2109 ,
1459 2051 1515 2097 et
1559 2056 1680 2095 cum
1722 2038 1834 2094 sint
1867 2036 2060 2107 dejecti

480 2141 674 2194 laboris
737 2139 1029 2208 mortisque
1084 2135 1342 2206 supplicio
1371 2173 1388 2200 ,
1428 2130 1753 2188 extolluntur
1799 2126 2060 2197 superbia:

481 2231 668 2303 typho,
694 2230 959 2286 imitantes
986 2228 1266 2285 elationem
1296 2223 1618 2289 cadentium,
1646 2220 1926 2275 irridentes
1955 2220 2056 2272 hu-

478 2322 757 2375 militatem
804 2320 1164 2388 surgentium;
1199 2330 1297 2387 pro
1340 2317 1418 2371 eis
1455 2323 1574 2369 orat
1599 2326 1795 2382 corpus
1820 2308 2056 2376 Christi,

479 2429 601 2467 cum
631 2412 759 2467 dicit
786 2431 801 2468 :
827 2412 985 2482 Aufer
1005 2427 1039 2464 a
1059 2426 1137 2464 me
1161 2408 1483 2479 opprobrium
1502 2413 1547 2460 et
1568 2412 1924 2473 contemptum,
1945 2416 2063 2471 quo-

478 2506 619 2558 niam
652 2503 932 2557 testimonia
957 2512 1044 2555 tua
1066 2500 1329 2572 exquisivi.
1356 2494 1680 2552 Testimoaia
1717 2508 1890 2565 graece
1914 2506 2059 2546 mar-

481 2595 614 2666 tyvia
644 2602 1032 2664 nuncupantur,
1055 2607 1162 2663 quo
1188 2590 1350 2644 verbo
1373 2588 1482 2658 jam
1511 2588 1705 2641 utimur
1736 2600 1830 2655 pro
1860 2585 2057 2639 latino:

480 2686 622 2739 unde
661 2685 778 2738 illos
816 2684 905 2754 qui
954 2690 1167 2753 pr0pter
1214 2679 1571 2734 testimonium
1600 2675 1800 2732 Christi
1836 2674 2061 2731 diversis

480 2775 818 2847 passionibus
846 2772 1104 2828 humiliati
1143 2780 1266 2826 sum
1285 2811 1300 2835 ,
1330 2781 1384 2824 ct
1416 2784 1580 2839 usque
1616 2767 1682 2822 ad
1712 2775 1936 2821 mortem
1965 2780 2061 2834 pro

482 2869 704 2923 veritate
720 2875 1009 2930 certarunt,
1027 2879 1130 2918 non
1158 2871 1343 2931 testes,
1370 2861 1510 2931 quod
1536 2859 1698 2915 latine
1725 2859 1905 2928 utique
1935 2871 2059 2926 pos-

479 2974 680 3025 bemus,
709 2959 800 3014 scd
829 2973 1001 3029 grznce
1027 2969 1284 3029 martyres
1309 2954 1653 3025 appellamus.
1677 2951 1935 3019 Quoniam
1961 2949 2063 3005 hoc

480 3065 609 3119 ergo
638 3048 946 3103 laiiiiliarios
970 3046 1163 3101 auditis
1187 3056 1238 3100 et
1264 3044 1488 3110 dulcius,
1511 3044 1588 3098 sic
1607 3042 1928 3111 accipiamus
1950 3041 2063 3093 huic

479 3141 643 3193 verba
676 3150 920 3209 tanquam
947 3137 1144 3191 dictum
1172 3136 1267 3199 sit,
1298 3134 1458 3206 Aufer
1484 3149 1516 3186 a
1555 3148 1632 3186 me
1665 3129 1986 3201 opprobrium
2017 3139 2061 3183 et

482 3239 839 3299 contemptum,
866 3229 1101 3298 quoniam
1142 3226 1392 3296 martyria
1437 3234 1525 3277 tua
1571 3220 2062 3293 exquisivirChristi

481 3334 676 3390 corpus
700 3321 798 3374 ista
824 3334 946 3373 cum
972 3318 1098 3371 dicit
1117 3359 1131 3381 ,
1162 3314 1412 3384 numquid
1441 3316 1510 3369 ab
1539 3315 1714 3383 impiis
1743 3323 1795 3369 et
1819 3311 2060 3382 superbis

482 3414 669 3466 audire
710 3409 1053 3480 opprobrium
1082 3418 1242 3475 atque
1266 3415 1625 3477 contemptum
1657 3408 1817 3461 ullam
1845 3406 2064 3475 deputat

482 3518 696 3573 pinnam
716 3544 730 3567 ,
757 3516 877 3556 cum
907 3500 1081 3569 potius
1105 3498 1227 3555 inde
1258 3498 1528 3569 perveniat
1551 3497 1617 3551 ad
1641 3497 1933 3552 coronam?
1957 3497 2064 3552 Cur

482 3609 612 3662 ergo
648 3592 797 3663 quasi
845 3606 1004 3662 grave
1042 3589 1236 3660 aliquid
1281 3598 1335 3644 et
1376 3588 1704 3643 intolerabile
1745 3603 1774 3641 a
1805 3601 1864 3641 se
1891 3587 2065 3658 poscit

482 3685 700 3751 auferri,
731 3683 829 3738 nisi
855 3683 1000 3753 quia,
1029 3689 1085 3735 ut
1108 3681 1237 3744 dixi,
1264 3687 1382 3735 orat
1407 3679 1655 3749 proipsis
1676 3676 1902 3733 inimicis
1928 3677 2060 3745 suis,

482 3779 673 3847 quibus
693 3791 813 3832 esse
832 3775 1081 3845 perspicit
1106 3774 1338 3835 noxium,
1357 3772 1589 3841 objicere
1609 3780 1848 3826 sanctum
1870 3786 2065 3826 nomen

484 3869 684 3924 Christi
712 3880 955 3939 tanquam
983 3865 1323 3938 cpprobrium
1350 3864 1684 3928 Christianis,
1702 3871 1756 3917 et
1781 3862 1895 3933 ejus
1919 3878 1950 3917 a
1972 3862 2065 3918 Ju.

485 3963 616 4018 ἁλιεῖς
646 3963 852 4016 irrisam
878 3975 1089 4016 crucem
1122 3955 1392 4027 tutamque
1424 3957 1734 4011 lnunilitatis
1760 3955 2065 4009 christiana:

486 4056 837 4119 medicinam,
867 4067 970 4124 qua
1017 4051 1128 4106 sola
1174 4058 1351 4104 ltillltil‘
1396 4048 1485 4104 ille
1524 4056 1740 4101 sanatur
1767 4061 1873 4116 quo
1900 4044 2065 4100 inﬂati

484 4147 775 4204 cecidimus
818 4155 872 4201 et
912 4144 1149 4214 jacentes
1195 4142 1420 4212 amplius
1468 4139 1852 4204 intumuimus,
1880 4137 2064 4193 eadem

486 4238 735 4308 superbia
764 4246 1107 4307 permanente
1128 4243 1189 4288 et
1215 4242 1487 4288 crescente
1512 4230 1892 4285 contemnere?
1921 4229 2068 4282 Dicat

488 4331 665 4399 itaque
707 4343 900 4398 corpus
928 4326 1160 4389 Christi;
1184 4324 1293 4393 jam
1319 4322 1459 4377 enim
1499 4323 1719 4392 diligere
1753 4321 1936 4375 didicit
1962 4320 2062 4374 ini-

489 4420 657 4474 micos
700 4432 857 4481 suos;
880 4416 1017 4470 dicat
1059 4415 1287 4468 Domino
1316 4413 1422 4467 Deo
1447 4426 1545 4467 suo
1568 4453 1582 4474 ,
1616 4412 1773 4484 Aufer
1801 4428 1831 4464 a
1870 4427 1947 4464 me
1970 4427 2066 4480 op-

490 4509 746 4582 probrium
773 4517 820 4561 et
846 4515 1183 4577 contemptum
1203 4547 1218 4573 ,
1245 4505 1363 4575 quia
1393 4505 1642 4574 martyria
1670 4513 1755 4557 tua
1783 4503 2023 4573 exquisivi
2049 4519 2068 4556 :

489 4601 544 4656 id
569 4609 649 4654 est
673 4641 689 4665 ,
711 4598 1052 4668 opprobrium
1081 4595 1221 4666 quod
1257 4595 1377 4651 ideo
1406 4594 1563 4650 audio
1585 4636 1602 4661 ,
1629 4603 1685 4649 et
1707 4604 2067 4663 contemptum

491 4708 598 4761 quo
622 4691 742 4747 ideo
761 4698 1093 4751 contemnor,
1124 4690 1246 4758 quia
1268 4687 1517 4757 martyria
1550 4693 1635 4741 tua
1666 4686 1942 4756 exquisivi,
1970 4701 2068 4739 au-

490 4784 571 4837 fer
588 4797 617 4835 a
645 4797 749 4835 me.
779 4779 978 4834 inimici
999 4778 1141 4836 enim
1171 4778 1295 4845 mei,
1319 4793 1453 4849 quos
1472 4793 1502 4832 a
1525 4793 1609 4832 me
1637 4778 1877 4847 prmcipis
1897 4776 2067 4846 diligi,

490 4874 582 4945 qui
614 4872 781 4942 magis
806 4871 1077 4941 magisque
1097 4870 1394 4926 moriuntur
1413 4880 1466 4923 et
1496 4879 1716 4939 pereunt
1740 4910 1753 4934 ,
1776 4882 1896 4921 cum
1927 4883 2071 4920 mar.

493 4965 628 5036 tyria
659 4972 743 5019 tua
772 4971 1116 5018 contemnunt
1139 4972 1196 5018 et
1226 4962 1575 5017 criminantur
1604 4962 1653 5014 in
1685 4975 1802 5024 me,
1834 4958 2073 5029 proiecto

492 5057 813 5112 reviviscent
833 5062 887 5109 et
911 5054 1265 5119 invenientur,
1293 5053 1336 5107 si
1367 5054 1617 5124 martyr-ia
1646 5063 1731 5106 tua
1758 5060 2076 5107 venerentur

492 5147 548 5201 in
579 5163 683 5202 me.
710 5144 785 5202 ιω
812 5145 1008 5201 factum
1039 5154 1141 5210 est;
1171 5145 1273 5199 hoc
1290 5144 1548 5198 videmus.
1578 5143 1717 5199 Ecce
1763 5143 2073 5215 martyrium

492 5238 712 5306 Christi,
738 5248 792 5294 et
811 5237 952 5308 apud
976 5238 1218 5293 homines
1247 5245 1301 5292 et
1328 5237 1381 5291 in
1406 5236 1506 5292 hoc
1535 5237 1751 5301 mundo,
1772 5253 1877 5292 non
1904 5238 2076 5292 solmn

492 5346 597 5385 noa
612 5327 1167 5401 cstopprobrium,sed
1179 5343 1424 5399 magnum
1441 5338 1524 5384 est
1539 5337 1908 5384 ornamentum
1925 5348 1937 5383 :
1952 5344 2080 5385 cccc

493 5440 600 5478 non
612 5425 783 5479 solum
802 5424 853 5478 in
872 5432 1156 5492 conspectu
1176 5421 1402 5487 Domini,
1420 5436 1600 5476 verum
1617 5421 1777 5477 etiam
1794 5423 1845 5477 in
1856 5436 2081 5492 conspe—

494 5525 582 5569 ulti
613 5515 884 5570 innninum
920 5513 1029 5584 jam
1060 5512 1290 5583 pretiosa
1324 5521 1407 5567 est
1433 5528 1575 5567 mors
1624 5521 1925 5568 sanctorum
1966 5513 2081 5582 ejus

494 5603 669 5672 (Psal.
698 5605 967 5674 cxv,15);
999 5619 1124 5659 ecce
1164 5618 1268 5657 non
1309 5603 1480 5657 solum
1508 5617 1612 5657 non
1649 5612 2079 5666 contemnuntur,

493 5712 679 5752 verum
708 5697 866 5748 etiam
895 5698 1097 5766 magnis
1126 5696 1415 5750 honoribus
1439 5695 1792 5764 prmlcruntnr
1825 5706 2084 5764 martyres

496 5788 631 5855 ejus.
655 5786 791 5840 Ecce
812 5784 945 5838 ﬁlius
964 5786 1047 5838 ille
1064 5786 1237 5853 iunior
1258 5786 1345 5854 qui
1364 5800 1457 5855 pro
1475 5784 1648 5853 porcis
1667 5799 1799 5852 quos
1818 5785 2081 5851 pascebat,

499 5884 553 5944 ω
583 5890 662 5936 ωτι
681 5920 694 5945 ,
729 5893 824 5948 pro
852 5877 1129 5933 immundis
1175 5877 1503 5932 da-tnonilnts
1529 5892 1658 5947 quos
1687 5877 1891 5929 colebat
1914 5916 1927 5939 ,
1964 5894 2079 5943 par-

1700 468 1755 526 S.
1799 460 2163 524 AUGUSTiNl
2205 461 2506 519 EPISCOPI

3588 462 3723 520 1526

2163 574 2376 631 ticulam
2401 591 2551 632 suam
2577 577 2631 632 in
2660 575 2988 646 paucissimis
3014 574 3328 632 Christianis
3351 578 3729 647 prmeedentem

2164 670 2595 739 persequebatur;
2646 670 2755 737 jam
2803 684 2947 725 nunc
2984 668 3037 723 in
3082 678 3187 724 tam
3218 670 3395 724 multis
3439 678 3491 723 et
3535 672 3732 740 magnis

2164 760 2371 830 pupulis
2427 760 2661 831 gentium
2712 768 3013 831 martyres,
3061 760 3254 831 quibus
3313 761 3584 831 ingerebat
3643 777 3733 832 op-

2164 850 2432 918 probrium
2466 890 2481 911 .
2533 849 2932 920 religiosissime
2986 850 3320 919 praedicans,
3387 859 3443 905 et
3495 854 3733 908 maximis

2162 939 2404 995 laudibus
2426 956 2558 1010 quos
2583 941 2957 997 contemnebat
2981 942 3242 1006 exultans,
3276 952 3515 997 mortuus
3544 955 3657 999 erat
3684 955 3735 1001 et

2160 1030 2372 1095 revixit,
2397 1030 2696 1100 perieratet
2721 1030 2965 1087 inventus
2992 1043 3073 1087 est
3094 1032 3243 1101 (Luc.
3275 1050 3366 1099 xv,
3393 1034 3599 1106 ιε-ει).
3629 1018 3734 1092 Hoc

2154 1131 2269 1177 tam
2313 1138 2504 1193 magno
2555 1124 2703 1179 lucro
2749 1126 3094 1180 correctionis
3116 1166 3131 1188 ,
3162 1126 3531 1179 conversionis
3569 1135 3624 1181 et
3658 1143 3735 1183 re-

2161 1212 2480 1284 demptionis
2517 1215 2849 1270 inimicorum
2893 1232 3110 1271 suorum
3150 1232 3345 1287 corpus
3387 1217 3582 1272 Christi
3632 1220 3735 1275 Deo

2161 1302 2314 1367 dixit,
2342 1303 2499 1375 Aufer
2525 1321 2557 1358 a
2578 1321 2655 1358 me
2681 1304 3006 1376 opprobrium
3032 1317 3081 1360 et
3108 1316 3445 1376 contemptum
3476 1323 3496 1361 :
3518 1317 3574 1362 ct
3592 1309 3734 1377 quasi

2161 1405 2492 1466 quaereretur
2528 1396 2597 1452 de
2636 1412 2739 1468 qua
2779 1413 2840 1454 re
2876 1399 3217 1468 opprobrium
3238 1440 3256 1465 ,
3286 1399 3353 1454 de
3379 1414 3483 1469 qua
3521 1415 3580 1455 re
3614 1415 3735 1455 con-

2165 1494 2467 1557 temptum;
2515 1489 2784 1561 subjungit
2808 1530 2825 1558 ,
2879 1490 3131 1559 Quoniam
3182 1492 3437 1563 martyria
3500 1481 3735 1547 tua'es-

2162 1580 2358 1650 quisiui.

2234 1669 2287 1724 3.
2315 1669 2463 1743 [υεη.
2490 1670 2593 1736 i3,
2623 1671 2740 1745 2-5.]
2768 1671 2866 1729 Ubi
2911 1682 2995 1744 est
3035 1689 3174 1729 nunc
3200 1673 3329 1729 illud
3358 1673 3736 1744 opprobrium?

2167 1761 2253 1815 ubi
2298 1761 2388 1817 ille
2434 1765 2804 1834 contemptus?
2828 1764 3087 1821 Abierunt
3112 1775 3272 1835 atque
3303 1765 3659 1831 transierunt;
3687 1774 3736 1822 et

2164 1851 2287 1922 quia
2327 1852 2526 1909 inventi
2567 1864 2691 1909 sunt
2732 1855 2821 1925 qui
2870 1855 3171 1925 perierant,
3200 1857 3289 1909 illa
3321 1857 3611 1924 perierunt.
3640 1855 3736 1911 Sed

2165 1943 2376 2012 quando
2398 1944 2633 2001 Ecclesia
2656 1946 2777 2000 talia
2804 1948 3136 2016 precabatur,
3165 1947 3251 2002 illa
3279 1948 3598 2018 patiebatur.
3632 1946 3729 2003 Ete-

2164 2031 2268 2085 nim
2295 2032 2527 2087 sederunt
2551 2034 2800 2104 principes
2818 2077 2831 2101 ,
2857 2036 3058 2105 inquit,
3086 2046 3132 2090 et
3159 2037 3425 2092 adversum
3454 2053 3539 2090 me
3575 2038 3737 2107 loque-

2165 2125 2363 2179 bantur.
2387 2126 2512 2182 inde
2533 2129 2830 2196 persecutio
2847 2130 3021 2199 gravis
3040 2138 3173 2198 erat,
3192 2131 3310 2201 quia
3332 2146 3449 2186 eam
3473 2130 3734 2199 sedentes,

2166 2216 2270 2273 hoc
2292 2228 2375 2274 est
2391 2219 2680 2288 judiciariis
2695 2219 2910 2276 sedibus
2931 2221 3248 2289 eminentes,
3271 2222 3545 2293 principes
3567 2222 3735 2279 decer-

2165 2306 2382 2366 nebant.
2411 2311 2572 2367 Refer
2603 2311 2705 2368 hoc
2742 2313 2807 2367 ad
2850 2315 3018 2384 ipsum
3049 2324 3245 2384 caput;
3274 2315 3515 2369 invenies
3547 2314 3737 2370 sedisse

2166 2401 2431 2471 principes
2462 2402 2765 2458 Judzrorum
2788 2446 2802 2467 ,
2833 2405 3113 2460 consilium
3153 2416 3453 2476 qumrentes
3477 2407 3736 2477 quomodo

2166 2492 2429 2547 Christum
2475 2493 2755 2563 perderent
2781 2494 2801 2568 (
2824 2495 3009 2549 Matth.
3047 2513 3169 2551 xxv:
3190 2539 3205 2561 ,
3234 2497 3311 2568 5).
3345 2497 3503 2553 itel‘er
3552 2501 3646 2553 hoc
3676 2497 3736 2553 ad

2165 2600 2357 2655 corpus
2396 2586 2545 2657 ejus,
2572 2587 2624 2642 id
2664 2599 2742 2643 est
2783 2588 3112 2654 Ecclesiam;
3144 2590 3383 2646 invenies
3410 2605 3568 2662 reges
3597 2602 3736 2646 terra:

2166 2678 2493 2746 excogitasse
2508 2686 2667 2748 atque
2676 2678 3174 2751 jussisseqnomodo
3188 2681 3471 2736 Christiani
3484 2697 3735 2752 nusquam

2166 2779 2365 2824 essent.
2394 2768 2593 2824 Etenim
2619 2771 2849 2825 sederunt
2880 2773 3129 2842 principes
3152 2814 3167 2838 ,
3197 2783 3244 2827 et
3272 2774 3544 2828 adversum
3570 2791 3644 2828 me
3668 2775 3741 2829 lo-

2165 2859 2439 2929 quebantur
2463 2876 2482 2914 :
2505 2877 2674 2916 servus
2697 2871 2862 2917 autem
2886 2872 3000 2916 tuus
3022 2863 3345 2919 exercebatur
3361 2865 3412 2918 in
3442 2866 3549 2919 tuis
3561 2866 3737 2935 justiﬁ-

2167 2951 2462 3006 cationibus.
2495 2951 2675 3020 Qualis
2718 2955 3027 3010 exercitatio
3069 2955 3184 3010 haec
3226 2956 3421 3024 fuerit,
3448 2958 3545 3027 qui
3591 2973 3738 3014 nosse

2167 3042 2461 3109 desideras,
2493 3044 2634 3113 quod
2659 3044 2900 3115 adjunxit
2927 3046 3160 3117 intellige
3189 3065 3203 3102 :
3237 3046 3373 3102 Nam
3396 3060 3443 3103 et
3464 3050 3738 3103 testinwnia

2166 3142 2254 3187 tua
2280 3133 2537 3188 meditatio
2560 3151 2670 3189 mea
2695 3144 2784 3203 est,
2812 3146 2857 3190 et
2883 3138 3145 3191 consilium
3174 3154 3338 3193 meum
3355 3140 3738 3210 justiﬁcationes

2167 3234 2286 3279 tua.
2324 3224 2518 3279 Recole
2563 3225 2703 3295 quod
2744 3228 2986 3297 superius
3030 3228 3397 3284 commendavi
3444 3232 3737 3286 testimonia

2167 3330 2287 3371 esse
2336 3318 2610 3389 martyria.
2665 3318 2862 3376 Recole
2908 3321 2962 3375 in
3011 3320 3479 3391 justiﬁcationibus
3545 3324 3737 3380 Domini

2169 3407 2367 3462 nullam
2415 3423 2537 3463 esse
2571 3408 2924 3467 difﬁciliorem
2958 3421 3013 3466 et
3055 3412 3433 3469 mirabiliorem
3454 3455 3469 3478 ,
3500 3430 3660 3486 quam
3688 3424 3740 3469 ut

2168 3515 2296 3555 suos
2336 3503 2558 3571 quisque
2600 3501 2785 3573 diligat
2825 3503 3085 3559 inimicos.
3121 3504 3212 3559 Sic
3237 3520 3364 3576 ergo
3401 3507 3740 3563 exercebatur

2169 3607 2362 3662 corpus
2388 3591 2601 3658 Christi,
2625 3603 2754 3650 utet
2780 3596 3029 3666 martyris
3056 3596 3174 3667 ejus
3198 3599 3566 3666 meditaretur,
3593 3610 3641 3655 et
3663 3600 3738 3655 di-

2170 3683 2358 3761 ligeret
2377 3697 2469 3737 eos
2488 3698 2517 3737 a
2538 3684 2728 3754 quibus
2751 3686 3193 3755 opprobrautibus
3218 3698 3271 3744 et
3290 3693 3741 3748 contemnentibus

2170 3784 2387 3845 propter
2414 3776 2524 3843 ipsa
2565 3778 2815 3848 martyria
2859 3780 3255 3848 persecutiones
3282 3782 3606 3851 patiebatur.
3631 3782 3738 3839 Non

2170 3864 2311 3919 enim
2343 3880 2439 3933 pro
2466 3880 2542 3928 se,
2573 3866 2707 3920 sicut
2726 3867 2835 3937 jam
2856 3870 3363 3937 commendavimus,
3388 3874 3479 3929 sed
3503 3890 3602 3943 pro
3622 3875 3741 3944 ipsis

2174 3957 2346 4025 potius
2374 3955 2559 4010 orabat
2585 3956 2767 4012 dicens
2789 3999 2804 4024 ,
2832 3957 2989 4031 Aufer
3016 3976 3049 4013 a
3085 3976 3162 4015 me
3186 3962 3511 4032 opprobrium
3542 3974 3590 4020 et
3625 3981 3741 4018 con-

2172 4058 2432 4116 temptum.
2486 4048 2737 4103 Sederunt
2782 4063 2909 4120 ergo
2944 4051 3203 4121 principes
3222 4095 3237 4118 ,
3278 4063 3327 4108 et
3371 4056 3636 4110 adversum
3671 4071 3744 4110 me

2173 4139 2502 4208 loquebantur
2528 4155 2546 4192 :
2571 4155 2738 4194 servus
2763 4149 2928 4195 autem
2957 4150 3070 4196 tuus
3094 4143 3413 4199 exercebatur
3432 4146 3483 4199 in
3494 4148 3743 4219 justiﬁed-

2175 4230 2391 4283 tionibus
2430 4232 2547 4283 tuis.
2573 4230 2815 4297 Quonam
2843 4232 3044 4288 modo?
3072 4233 3210 4288 Nam
3251 4245 3299 4290 et
3339 4238 3620 4292 testimonia
3663 4248 3742 4291 tua

2176 4322 2429 4373 meditatio
2452 4336 2558 4373 meo
2582 4330 2674 4387 est,
2694 4331 2740 4375 et
2760 4322 3024 4384 consilium
3044 4340 3206 4378 meum
3221 4326 3346 4395 justi
3351 4327 3609 4395 [icationes
3630 4341 3740 4381 tuae.

2175 4411 2462 4463 Consilium
2508 4419 2689 4464 contra
2735 4411 3012 4466 consilium
3064 4430 3079 4467 :
3131 4414 3409 4468 consilium
3453 4415 3745 4471 sedentium

2178 4503 2472 4573 principum
2518 4502 2612 4556 luit
2639 4502 2882 4558 inventos
2910 4514 3167 4574 martyres
3195 4505 3439 4577 perdere;
3470 4507 3746 4562 consilium

2178 4594 2486 4663 patientium
2517 4602 2805 4666 martyrum
2834 4593 2933 4649 fuit
2961 4596 3204 4650 inimicos
3234 4598 3467 4666 perditos
3492 4598 3745 4654 invenire.

2179 4684 2493 4742 Reddebant
2522 4685 2595 4740 illi
2625 4684 2759 4739 tnala
2792 4702 2886 4755 pro
2928 4685 3115 4751 bonis;
3145 4688 3258 4754 isti,
3289 4689 3425 4744 bona
3452 4706 3549 4760 pro
3578 4690 3745 4746 malis.

2180 4778 2316 4845 Quid
2359 4794 2487 4848 ergo
2529 4780 2718 4832 mirum
2754 4779 2798 4833 si
2843 4779 2916 4834 illi
2955 4780 3244 4836 occidendo
3282 4781 3587 4839 defecerunt
3618 4824 3634 4850 ,
3667 4782 3747 4837 isti

2181 4870 2459 4925 moriendo
2484 4870 2765 4925 vicerunt?
2789 4869 2925 4936 Quid
2952 4912 2965 4934 ,
2995 4871 3207 4939 inquam
3229 4913 3243 4935 ,
3269 4872 3458 4926 mirum
3486 4875 3528 4928 si
3557 4883 3750 4944 marty-

2181 4979 2269 5019 res
2315 4962 2653 5017 szevientibus
2701 4960 2957 5017 Gentibus
2997 4965 3337 5032 temporalem
3388 4976 3611 5019 mortem
3666 4981 3751 5034 pa-

2186 5054 2501 5109 tientissime
2534 5053 2865 5123 pertulerunt
2887 5095 2903 5120 ,
2928 5061 2982 5108 et
3017 5052 3217 5109 Gentes
3254 5057 3573 5127 martyribus
3601 5071 3752 5110 onm-

2187 5148 2325 5202 tibus
2365 5146 2430 5200 ad
2462 5155 2715 5200 aeternam
2754 5145 2916 5199 vitam
2962 5147 3240 5215 pervenire
3283 5157 3602 5216 potuerunt;
3630 5146 3752 5200 dmn

2186 5253 2381 5309 corpus
2408 5237 2605 5292 Christi
2642 5237 2719 5291 sic
2746 5245 3055 5301 exercetur,
3089 5246 3144 5291 nt
3172 5245 3227 5291 et
3256 5244 3502 5310 Innrtyria
3534 5237 3753 5291 tundite-

2190 5341 2391 5398 tur,et
2433 5330 2585 5386 malis
2635 5339 2925 5400 martyrum
2977 5328 3407 5399 persecutoribus
3458 5331 3588 5384 bona
3643 5342 3757 5401 pre-

2189 5435 2338 5480 cetur
2356 5425 2385 5478 ’ἒ

2781 5645 3193 5714 mm
