4026 6202
966 557 1136 599 ςειιιο
1164 558 1220 596 Χ.

377 642 426 694 1.
457 637 604 712 [βενε.
634 634 752 708 9.5.]
782 634 1032 704 Sequitur
1058 635 1108 688 in
1141 633 1242 687 isto
1271 632 1473 702 psalmo
1498 630 1718 700 majore,
1745 627 1886 698 quod

309 732 668 791 considerare,
719 737 773 782 et
816 728 953 781 sicut
1001 727 1254 780 Dominus
1281 724 1508 788 dederit,
1563 729 1888 792 pertractare

308 823 561 876 debemus
579 861 596 885 ,
627 819 851 872 Adha’sit
879 816 1157 887 pavimento
1199 817 1370 869 anima
1406 832 1515 868 mea
1541 830 1560 878 ,'
1589 813 1782 881 viui/ica
1812 827 1891 865 me

308 910 804 966 secundumnerbum
844 917 1004 961 tuum.
1051 907 1185 973 Quid
1212 917 1314 972 est,
1359 905 1581 960 Adhaesit
1610 904 1888 974 pavimento

309 1002 478 1054 anima
505 1001 652 1054 mea?
677 999 806 1054 Nam
836 1014 956 1053 cum
1003 996 1237 1066 adjungit
1267 1006 1321 1050 et
1363 996 1510 1059 dicit,
1554 993 1766 1062 l’iviﬁca
1811 1009 1891 1046 me

309 1098 582 1147 secundum
627 1093 830 1145 verbum
872 1099 1052 1152 tuum;
1094 1103 1256 1158 quare
1282 1103 1340 1142 se
1387 1087 1636 1140 viviﬁcari
1683 1091 1887 1154 poscat,

313 1187 490 1255 utique
516 1197 730 1238 causam
761 1181 1031 1251 prmmisit,
1061 1178 1290 1243 dicendo
1313 1221 1328 1244 ,
1358 1178 1583 1231 Adhaesit
1609 1178 1890 1248 pavimento

311 1278 481 1330 anima
522 1291 654 1328 mea.
702 1274 841 1343 Ergo
887 1272 1006 1341 quia
1037 1280 1314 1341 prepterea
1346 1285 1405 1323 se
1449 1268 1698 1322 viviﬁcari
1739 1268 1887 1337 petit,

309 1371 430 1440 quia
458 1368 760 1439 pavimento
805 1365 1028 1418 adhwsit
1071 1363 1244 1417 anima
1272 1361 1424 1433 ejus;
1459 1361 1648 1414 mirum
1695 1360 1738 1414 si
1765 1359 1890 1414 boni

309 1464 504 1534 aliquid
537 1461 662 1515 hinc
691 1459 801 1513 vult
844 1457 1082 1527 intelligi.
1129 1455 1203 1510 lta
1247 1456 1441 1525 quippe
1487 1469 1546 1508 se
1597 1452 1754 1506 habet
1783 1459 1890 1506 tota

313 1558 410 1610 ista
451 1554 733 1619 sententia,
770 1562 1014 1622 tanquam
1042 1550 1242 1604 diceret
1270 1567 1282 1603 :
1311 1547 1543 1600 Mortuus
1571 1561 1688 1600 sum
1713 1561 1727 1610 ;
1758 1544 1890 1598 vivi-

315 1649 407 1702 lica
429 1662 534 1701 me.
557 1644 692 1713 Quid
715 1652 795 1698 est
820 1657 947 1713 ergo
967 1640 1368 1712 pavimentum?
1389 1636 1442 1692 Si
1467 1649 1712 1706 tanquam
1731 1649 1890 1688 uuam
1946 1629 1960 1639 ’

310 1735 592 1808 quamdam
635 1735 851 1790 domum
895 1747 1134 1803 magnam
1168 1730 1469 1784 universum
1505 1726 1757 1780 mundum
1797 1739 1891 1780 ve-

313 1829 467 1883 limus
496 1826 758 1895 accipere,
791 1823 1034 1878 videmus
1061 1821 1202 1876 velut
1229 1820 1346 1889 ejus
1373 1832 1636 1873 cameram
1657 1816 1848 1871 coelum
1874 1832 1888 1870 :

313 1929 452 1974 terra
502 1917 606 1971 erit
653 1916 809 1985 igitur
853 1915 1227 1984 pavimentum.
1279 1909 1402 1965 Vult
1449 1909 1624 1979 itaque
1669 1906 1893 1963 terrenis

310 2007 445 2071 erui,
485 2017 540 2060 et
578 2020 698 2060 cum
741 2003 997 2075 Apostolo
1022 2004 1222 2070 dicere,
1253 2000 1576 2056 Conversatio
1619 2007 1794 2052 nostra
1837 1997 1891 2051 in

311 2101 448 2155 caelis
476 2109 548 2153 est
571 2099 590 2171 (
617 2096 846 2167 Philipp.
899 2111 976 2161 tu,
1005 2094 1075 2150 20
1100 2095 1142 2165 ).
1187 2092 1415 2148 Proinde
1443 2091 1668 2146 terrenis
1715 2088 1896 2143 adita:-

314 2204 431 2245 rere
477 2203 625 2243 mors
663 2187 852 2241 animae
880 2196 998 2250 est;
1047 2183 1134 2239 cui
1165 2183 1307 2238 malo
1349 2181 1614 2238 contraria
1653 2179 1895 2256 poscitur

315 2281 440 2346 vita,
471 2294 592 2334 cum
627 2279 840 2344 dicitur,
882 2274 1096 2343 Viviﬁca
1119 2290 1218 2328 me.
1638 2265 1648 2280 ’

381 2371 438 2427 2.
465 2371 574 2426 Sed
597 2368 880 2424 videndum
909 2376 992 2422 est
1032 2375 1207 2421 utrum
1257 2373 1551 2436 congruant
1590 2364 1710 2418 huic
1736 2361 1892 2417 verba

315 2463 434 2527 ista,
465 2463 554 2532 qui
581 2455 825 2532 superius
852 2460 972 2514 talia
1001 2459 1224 2523 dixerat,
1265 2458 1458 2528 quibus
1487 2457 1654 2526 magis
1686 2457 1794 2510 Deo
1820 2454 1892 2509 ri~

311 2557 501 2612 deatur
542 2554 830 2610 adhmsisse
872 2568 1030 2623 quam
1081 2552 1402 2622 pavimento,
1451 2559 1508 2603 ut
1555 2546 1893 2603 conversatio

314 2649 430 2715 ejus
459 2661 560 2701 nou
607 2645 658 2699 in
707 2645 947 2709 terrenis,
993 2643 1088 2699 sed
1142 2645 1192 2697 in
1239 2639 1544 2696 coelestibus
1589 2639 1893 2693 haberetur.

315 2731 591 2805 Quoinodo
619 2736 759 2792 enim
789 2743 960 2805 potest
989 2733 1210 2806 intelligi
1241 2733 1468 2788 terrenis
1495 2730 1781 2798 adhzesisse
1807 2731 1895 2800 qui

316 2827 442 2882 dicit
472 2845 484 2880 :
521 2827 710 2882 Servus
735 2836 899 2878 autent
929 2834 1041 2878 tuus
1069 2823 1388 2878 exercebatur
1429 2822 1479 2876 in
1515 2821 1611 2875 tuis
1637 2821 1895 2893 justi/ica—

315 2918 576 2982 tionibus;
603 2933 719 2969 nam
755 2925 800 2968 et
841 2914 1120 2968 testimonia
1164 2924 1249 2967 tua
1276 2913 1531 2967 meditatio
1560 2928 1672 2966 mea
1719 2921 1811 2977 est,
1853 2920 1898 2965 et

315 3011 580 3063 consilium
623 3024 784 3060 meum
813 3007 1200 3076 justiﬁcationes
1245 3006 1384 3060 tum?
1419 3005 1543 3059 llaec
1589 3011 1712 3059 sunt
1755 3003 1896 3059 enim

317 3099 477 3154 verba
551 3097 666 3166 ejus
733 3095 1138 3160 antecedentia,
1194 3109 1418 3164 quorum
1472 3094 1898 3149 antecedentium

317 3190 415 3245 ista
466 3200 590 3244 sunt
639 3187 1051 3258 consequentia,
1117 3184 1341 3239 Adhazsit
1390 3185 1673 3255 pavimento
1727 3180 1900 3238 anima

317 3297 451 3336 mea.
478 3280 560 3335 An
609 3294 673 3334 ex
707 3277 807 3332 hoc
849 3277 1141 3347 intelligere
1191 3275 1480 3340 debemus,
1513 3276 1899 3346 quantumlibet

317 3374 540 3443 quisque
581 3370 820 3441 proﬁciat
848 3371 899 3424 in
939 3367 1402 3438 justiﬁcatiouibus
1433 3369 1661 3432 Domini,
1703 3368 1899 3424 habere

316 3481 437 3520 eum
466 3464 702 3517 inertalis
746 3461 920 3516 carnis
958 3460 1205 3514 allectum
1249 3459 1386 3514 circa
1438 3459 1537 3514 ista
1566 3468 1797 3524 terrena,
1846 3459 1897 3514 in

313 3555 506 3625 quibus
546 3554 652 3607 vita
686 3552 911 3606 humana
950 3550 1172 3605 tentatio
1216 3559 1298 3605 est
1344 3565 1503 3619 super
1535 3559 1727 3603 terram
1759 3548 1898 3617 (Job

316 3663 408 3711 vn,
440 3647 532 3713 l);
577 3653 631 3698 et
675 3643 742 3696 ab
772 3642 869 3696 hac
913 3651 1082 3696 morte
1119 3641 1165 3694 si
1213 3649 1616 3710 perseveranter
1667 3639 1894 3709 proﬁcit,

314 3736 547 3807 quotidie
561 3735 893 3797 reviviscere,
914 3733 1209 3805 viviﬁcante
1240 3733 1348 3796 illo,
1373 3733 1522 3802 cujus
1540 3732 1706 3800 gratia
1739 3731 1899 3785 homo

316 3839 497 3884 noster
524 3829 746 3882 interior
775 3834 1059 3881 renovatur
1088 3825 1155 3880 de
1177 3825 1262 3878 die
1291 3825 1342 3877 iu
1371 3824 1512 3878 diem
1544 3823 1648 3896 ((11
1677 3823 1794 3877 Cor.
1823 3840 1895 3890 iv,

318 3921 456 3992 lli)?
484 3921 614 3976 Nam
656 3929 710 3974 et
734 3919 857 3973 illud
891 3918 1172 3988 Apostolus
1201 3931 1320 3970 cum
1351 3915 1579 3978 diccbat,
1641 3916 1898 3983 Quamdiu

315 4029 487 4066 sumus
513 4012 566 4064 in
597 4026 822 4080 corpore,
849 4009 1227 4078 peregrinamur
1253 4024 1285 4060 a
1315 4005 1532 4060 Domino
1558 4005 1676 4071 (Id.
1700 4023 1751 4071 ν,
1783 4005 1854 4075 6)
1880 4048 1895 4073 ,

316 4113 371 4158 et
396 4101 806 4170 concupiscebat
844 4099 1082 4164 dissolvi,
1108 4107 1162 4153 et
1187 4112 1306 4152 esse
1334 4112 1453 4150 cum
1488 4096 1701 4150 Christo
1729 4095 1749 4168 (
1774 4097 1901 4150 Phi—

317 4197 444 4264 lipp.
476 4211 511 4259 ι,
542 4194 612 4247 25
639 4192 657 4262 )
685 4208 700 4256 ;
731 4191 1028 4246 adlueserat
1049 4190 1352 4260 pavimento
1373 4187 1548 4241 anima
1576 4187 1710 4256 ejus.
1746 4187 1899 4242 Unde

315 4296 370 4340 et
396 4298 588 4354 corpus
618 4284 810 4352 ipsum,
839 4281 958 4351 quia
988 4296 1051 4335 ex
1082 4292 1222 4334 terra
1251 4288 1352 4343 est,
1397 4294 1500 4332 non
1541 4278 1770 4333 absurde
1811 4279 1896 4333 in-

318 4376 568 4445 telligitur
593 4373 951 4442 pavimentum
977 4387 990 4436 ;
1024 4370 1163 4440 quod
1193 4370 1364 4423 adhuc
1391 4369 1510 4438 quia
1551 4369 1898 4438 corruptibile

314 4474 479 4522 estet
506 4469 756 4534 aggravat
781 4463 1008 4516 animam
1039 4460 1204 4530 (Sap.
1239 4475 1312 4521 ut,
1362 4459 1426 4512 15
1449 4459 1468 4528 )
1491 4500 1503 4520 ,
1537 4469 1681 4513 recte
1712 4461 1762 4513 in
1807 4460 1898 4514 illo

314 4553 726 4624 congemiscitur
740 4551 998 4605 etdicitur
1025 4549 1149 4612 Deo,
1180 4547 1402 4601 Adhwsit
1428 4548 1707 4616 pavimento
1727 4549 1898 4602 anima

315 4664 447 4707 mea,
473 4646 671 4715 viviﬁca
702 4660 779 4698 me
813 4639 1087 4696 secundum
1115 4641 1313 4696 verbum
1359 4650 1514 4692 tuum.
1544 4637 1724 4708 Neque
1752 4640 1895 4695 enim

315 4754 423 4792 non
449 4753 570 4791 cum
597 4733 906 4804 corporibus
930 4729 1129 4785 nostris
1151 4746 1364 4798 semper
1384 4746 1504 4784 eum
1538 4730 1762 4784 Domino
1791 4731 1898 4785 eri-

313 4845 435 4884 mus
464 4826 726 4900 (lThess.
758 4839 810 4879 iv
831 4866 845 4890 ,
881 4820 1051 4877 12—16
1079 4821 1138 4892 );
1168 4820 1261 4875 sed
1287 4829 1411 4875 tunc
1456 4821 1576 4891 quia
1607 4838 1710 4875 non
1739 4832 1898 4876 erunt

267 4967 274 4974 .
311 4920 679 4991 corruptibilia
723 4932 824 4974 nec
861 4917 1066 4970 animas
1106 4915 1478 4984 aggravabunt,
1523 4916 1566 4968 si
1616 4915 1897 4984 diligenter

311 5012 756 5075 consideremus,
809 5023 912 5062 non
965 5007 1044 5061 eis
1072 5021 1190 5071 nos,
1238 5005 1331 5060 sed
1361 5006 1472 5074 ipsa
1520 5006 1672 5060 nobis
1721 5006 1894 5075 potius

308 5104 682 5169 adlimrebunt,
728 5116 826 5155 nos
869 5109 1045 5156 autem
1091 5100 1221 5153 Deo.
1251 5097 1402 5154 Unde
1455 5099 1674 5153 alterius
1707 5100 1892 5166 psalmi

309 5199 471 5253 verba
503 5199 590 5253 illa
628 5205 770 5262 sunt,
806 5195 935 5249 Mihi
977 5203 1144 5248 autem
1168 5192 1426 5246 adhwrere
1461 5191 1565 5246 Deo
1614 5193 1796 5246 bonum
1823 5202 1894 5246 est

306 5289 500 5358 (Psal.
552 5303 722 5353 Lxxu,
751 5286 851 5342 ’28
880 5287 944 5356 ):
996 5295 1052 5340 ut
1104 5285 1282 5338 vivant
1328 5298 1549 5352 corpora
1601 5299 1666 5338 ex
1719 5283 1890 5348 nobis,

304 5383 632 5436 acilia-renuo
683 5380 869 5442 nobis;
901 5394 997 5434 nos
1019 5386 1195 5433 autem
1227 5377 1464 5430 vivamus
1493 5391 1560 5430 ex
1595 5377 1720 5438 Deo,
1766 5376 1891 5444 quia

306 5474 462 5528 nobis
491 5474 750 5526 adluerere
779 5471 882 5526 Deo
927 5473 1111 5524 bonunt
1148 5478 1241 5523 est.
1273 5467 1523 5541 Adita-sio
1570 5469 1762 5537 quippe
1793 5467 1890 5520 isti

306 5564 375 5618 de
405 5579 504 5633 qua
530 5564 730 5617 dictum
747 5573 848 5625 est,
878 5561 1101 5615 Adhaesit
1124 5560 1405 5628 pavimento
1427 5559 1598 5612 anima
1627 5576 1755 5624 mea,
1786 5574 1891 5611 non

305 5655 736 5725 eoi-juiictionein
765 5653 942 5707 carnis
990 5660 1045 5705 et
1085 5649 1298 5713 animat,
1348 5649 1588 5718 quamvis
1639 5657 1693 5703 et
1724 5650 1888 5719 ipsam

305 5746 518 5813 quidam
573 5745 968 5810 intellexerint;
1017 5742 1111 5796 sed
1169 5741 1434 5796 carnalem
1487 5742 1654 5810 magis
1701 5743 1910 5796 anima:-

303 5835 579 5905 alfectum,
628 5854 733 5909 quo
781 5853 908 5893 caro
963 5833 1292 5904 concupiscit
1339 5830 1594 5887 adversus
1645 5833 1884 5901 spiritum

1396 425 1793 485 ENARRATIO
1831 425 1898 482 IN
1936 425 2251 483 PSALMUM
2290 423 2520 479 CXVIII.

3439 433 3462 486 1
3476 431 3578 488 59.6

1993 535 2187 606 (Colat.
2217 551 2270 601 v,
2301 537 2363 589 17
2387 539 2404 605 )
2425 577 2439 600 ,
2472 535 2766 604 signiﬁcare
2812 537 2939 592 mihi
2971 539 3196 595 videtur.
3225 539 3377 610 Quod
3406 544 3448 597 si
3484 560 3577 597 re-

1990 637 2072 683 cte
2100 627 2373 697 accipitur,
2425 627 2666 695 profecto
2715 628 2800 697 qui
2833 629 2982 695 dicit,
3023 631 3250 686 Adhaesit
3297 633 3578 702 pavimento

1991 722 2162 774 anima
2190 736 2318 781 mea,
2351 719 2544 787 rivi/ica
2575 735 2650 772 me
2671 721 2942 774 secundant
2968 722 3166 776 verbum
3192 732 3352 790 tuum,
3395 740 3497 778 nun
3528 725 3579 778 id

1992 819 2131 876 orat,
2160 819 2216 862 ut
2242 809 2308 864 de
2351 825 2576 877 corpore
2625 811 2810 863 mortis
2839 811 3016 881 hujus,
3065 822 3235 867 morte
3266 814 3430 882 ipsius
3456 831 3579 868 cor-

1995 901 2137 969 poris
2166 900 2555 954 interveniente
2584 901 2856 965 solvatur;
2888 902 3028 969 quod
3073 903 3186 957 dies
3211 903 3430 958 ultimus
3457 904 3580 958 vita:

1997 992 2152 1060 hujus
2175 1033 2187 1054 ,
2239 993 2326 1061 qui
2370 1001 2585 1060 propter
2614 993 2730 1060 ejus
2758 993 3069 1050 brevitatem
3100 1011 3204 1050 non
3256 1005 3431 1065 potest
3460 1013 3582 1052 esse

1995 1083 2299 1148 diuturnus,
2349 1084 2664 1153 quandoque
2699 1083 2934 1138 facturus
2965 1095 3046 1140 est
3073 1101 3088 1141 :
3119 1086 3211 1142 sed
3245 1099 3299 1142 ut
3326 1089 3580 1160 concupi-

1994 1175 2196 1230 scentia
2236 1190 2338 1244 qua
2365 1176 2758 1244 concupiscitur
2803 1176 3058 1232 adversus
3101 1178 3342 1248 spiritum
3367 1222 3381 1246 ,
3416 1183 3580 1251 magis

1996 1267 2267 1336 magisque
2298 1266 2570 1321 minuatur
2601 1309 2614 1333 ,
2643 1276 2695 1322 et
2720 1269 3147 1339 concupiscentia
3188 1287 3289 1341 qua
3327 1273 3578 1341 concupiv

1995 1356 2161 1409 scitur
2192 1355 2447 1411 adversus
2491 1372 2728 1422 carnem,
2762 1360 2931 1428 magis
2971 1375 3032 1413 ac
3071 1361 3240 1430 magis
3291 1372 3580 1430 augeatur;

1995 1446 2167 1502 donec
2196 1448 2291 1502 ista
2323 1459 2663 1502 consumatur
2704 1450 2757 1502 in
2789 1450 2960 1513 nobis,
2990 1459 3044 1505 et
3071 1452 3158 1506 illa
3185 1461 3584 1507 consmumetur

1996 1553 2092 1608 per
2116 1537 2368 1607 Spiritum
2398 1548 2636 1594 sanctum
2666 1541 2755 1608 qui
2777 1531 2928 1595 datu‘s
2948 1551 3031 1595 est
3061 1542 3232 1595 nobis.

2065 1631 2123 1688 5.
2135 1628 2284 1703 [rem
2295 1630 2411 1704 26.]
2426 1632 2564 1688 Bene
2576 1641 2750 1687 autem
2765 1648 2866 1687 non
2879 1634 2971 1699 ait,
2991 1633 3197 1704 Viri/ica
3209 1653 3286 1689 me
3297 1636 3584 1692 secundum

1996 1722 2242 1776 meritum
2288 1737 2498 1788 meum;
2548 1722 2644 1791 sed
2683 1723 2790 1790 ait,
2836 1725 3108 1778 secundum
3155 1726 3357 1779 verbum
3398 1738 3539 1781 tnunt
3569 1744 3597 1782 τ».

1996 1811 2135 1882 quod
2155 1813 2282 1882 quid
2304 1823 2386 1867 est
2409 1811 2574 1878 aliud,
2601 1814 2720 1876 nisi,
2748 1814 3035 1868 secundum
3060 1816 3376 1886 promissum
3403 1818 3587 1871 tuum?

1998 1902 2165 1958 Filius
2213 1905 2583 1973 promissionis
2629 1905 2745 1959 vult
2787 1920 2928 1971 esse,
2972 1922 3078 1960 non
3123 1907 3261 1962 ﬁlius
3301 1908 3586 1975 elationis;

1997 2005 2054 2050 ut
2079 1996 2366 2051 secundum
2388 1996 2608 2066 gratiam
2633 1997 2782 2051 ﬁrma
2804 1999 2873 2051 sit
2893 2000 3174 2068 promissio
3196 2001 3340 2055 omni
3363 2003 3582 2059 semini.

1999 2086 2111 2142 lloe
2149 2097 2231 2142 est
2274 2087 2416 2141 enim
2464 2087 2681 2142 verbum
2712 2089 3082 2157 promissionis
3113 2108 3128 2145 :
3158 2088 3224 2144 In
3254 2090 3406 2145 Isaac
3434 2109 3589 2147 voca—

1996 2177 2128 2232 bitur
2156 2177 2246 2232 tibi
2285 2194 2450 2232 semen
2492 2192 2510 2232 :
2536 2178 2631 2232 hoc
2659 2189 2732 2233 est
2757 2219 2774 2244 ,
2804 2179 2925 2234 Non
2949 2181 3036 2250 qui
3059 2180 3156 2250 ﬁlii
3198 2183 3385 2249 carnis,
3414 2183 3465 2236 hi
3495 2185 3590 2252 ﬁlii

1998 2268 2115 2331 Dei,
2156 2271 2244 2324 sed
2283 2270 2380 2339 ﬁlii
2406 2271 2751 2340 promissionis
2775 2271 3081 2340 deputantur
3103 2275 3155 2328 in
3179 2275 3408 2344 semine(
3440 2276 3588 2330 Rom.

1998 2375 2071 2424 ix,
2104 2360 2156 2425 7,
2181 2363 2212 2414 8
2237 2363 2276 2430 ).
2298 2361 2428 2415 Nam
2456 2362 2579 2431 quid
2608 2371 2721 2417 erat
2742 2363 2854 2431 ipse
2878 2379 2973 2432 per
2991 2363 3248 2435 seipsum,
3276 2366 3325 2419 in
3357 2381 3422 2420 eo
3449 2367 3589 2436 quod

1998 2452 2256 2520 sequitur,
2286 2451 2567 2506 conﬁtetur
2595 2470 2610 2507 :
2641 2451 2760 2506 Vias
2799 2469 2934 2508 meas
2954 2456 3226 2520 enuntiari,
3259 2465 3305 2509 et
3339 2458 3588 2510 exaudiui

2001 2558 2099 2595 me.
2134 2541 2382 2596 Nonnulli
2413 2543 2624 2614 quidem
2655 2544 2868 2599 codices
2904 2544 3137 2608 habent,
3166 2547 3273 2600 vias
3313 2555 3460 2610 tuas;
3492 2549 3587 2603 sed

2010 2631 2210 2700 plures,
2243 2641 2296 2686 et
2322 2634 2553 2688 maxime
2579 2634 2786 2703 graecis,
2821 2635 2927 2688 vias
2951 2651 3106 2699 meas,
3136 2635 3237 2689 hoc
3263 2647 3363 2702 est,
3398 2640 3586 2692 malas.

2000 2722 2132 2777 Nam
2162 2723 2262 2779 hoc
2306 2726 2432 2779 mihi
2475 2725 2684 2780 videtur
2713 2726 2892 2782 dicere
2918 2770 2932 2794 ,
2986 2729 3203 2784 Peccata
3233 2746 3346 2784 mea
3377 2724 3586 2786 coales-

2001 2827 2093 2867 sus
2119 2828 2259 2881 sum,
2307 2823 2359 2870 et
2383 2816 2641 2870 exaudisti
2675 2833 2779 2884 me,
2811 2818 2910 2873 hoc
2941 2827 3022 2872 est
3045 2861 3060 2886 ,
3090 2831 3145 2873 ut
3172 2821 3469 2877 dimitteres
3500 2839 3589 2878 ea.

2004 2903 2141 2958 Doce
2161 2921 2240 2958 me
2248 2907 2640 2975 justiﬁcationes
2661 2917 2792 2962 tuas.
2821 2909 3107 2965 Confessus
3131 2926 3247 2965 sum
3281 2912 3391 2966 vias
3420 2929 3588 2981 meas,

2002 3001 2191 3055 delesti
2220 3017 2344 3067 eas;
2385 3003 2517 3059 doce
2559 3021 2644 3060 me
2687 3016 2822 3060 tuas.
2863 3007 2952 3063 Sic
2979 3009 3116 3064 doce
3145 3027 3251 3076 me,
3303 3021 3358 3066 ut
3402 3028 3588 3083 agam;

2004 3109 2110 3147 non
2142 3102 2197 3147 ut
2222 3095 2586 3150 tantummodo
2622 3097 2784 3152 sciam
2812 3098 2935 3167 quid
2983 3115 3140 3167 agere
3170 3102 3411 3161 debeam.
3442 3105 3586 3160 Sicut

2002 3187 2143 3241 enim
2171 3186 2367 3241 dictum
2396 3196 2477 3242 est
2503 3188 2569 3243 de
2602 3189 2824 3244 Domino
2853 3193 2992 3261 quod
3021 3210 3122 3246 non
3163 3207 3365 3249 noverat
3409 3215 3587 3268 pecca-

2004 3287 2107 3330 tum
2133 3278 2149 3349 (
2171 3277 2212 3330 II
2238 3279 2356 3333 Cor.
2390 3296 2444 3342 v,
2477 3280 2538 3334 21
2569 3281 2610 3351 ),
2644 3293 2699 3337 et
2742 3283 3076 3355 intelligitur,
3111 3304 3215 3340 non
3249 3289 3479 3356 fecerat;
3513 3292 3588 3351 sic

2003 3377 2057 3422 et
2092 3369 2354 3437 justitiam
2403 3371 2494 3426 ille
2534 3388 2658 3428 vere
2706 3374 2964 3430 dicendus
2989 3387 3070 3432 est
3115 3395 3294 3442 nosse,
3329 3383 3413 3452 qui
3444 3382 3587 3439 facit.

2003 3457 2336 3516 Proﬁcientis
2384 3461 2498 3517 hmc
2545 3465 2715 3519 oratio
2743 3474 2844 3520 est.
2886 3467 3017 3522 Nam
3052 3472 3232 3540 utique
3279 3475 3323 3526 si
3373 3475 3586 3528 omnino

2005 3565 2108 3604 non
2139 3552 2352 3618 faceret,
2382 3553 2619 3622 profecto
2643 3556 2725 3608 illa
2753 3559 3023 3626 superiora
3056 3576 3158 3614 non
3188 3563 3385 3617 diceret
3419 3581 3432 3617 :
3467 3565 3586 3619 Ser-

2001 3656 2094 3694 vus
2123 3651 2287 3695 autem
2314 3653 2428 3696 tuus
2447 3645 2769 3698 exercebatur
2789 3646 2839 3699 in
2868 3649 2964 3700 tuis
2984 3649 3448 3718 justi/icutimiibus.
3475 3653 3586 3708 Non

2004 3747 2131 3803 ergo
2152 3734 2204 3789 in
2226 3735 2415 3803 quibus
2432 3737 2798 3804 exercebatur,
2826 3738 2920 3791 has
2940 3741 3090 3792 vulta
3117 3741 3339 3795 Domino
3351 3743 3584 3810 discere;

2003 3822 2097 3876 sed
2123 3822 2190 3877 ab
2217 3823 2330 3877 istis
2356 3825 2421 3877 ad
2442 3825 2574 3880 alias
2595 3826 2942 3896 proﬁciendo,
2975 3829 3119 3883 velut
3146 3832 3460 3898 crescendo,
3489 3833 3587 3889 ded

2004 3914 2200 3968 siderat
2223 3917 2522 3984 pervenire.
3162 3923 3209 3965 ,με

2073 4005 2127 4058 4.
2155 4003 2301 4077 [vers
2324 4006 2414 4074 27,
2436 4007 2552 4080 28.]
2573 4006 2807 4079 Denique
2826 4009 3064 4081 adjungit
3085 4020 3137 4066 et
3155 4013 3300 4078 dicit,
3335 4013 3480 4068 Viam
3497 4019 3576 4086 jn-

2003 4096 2362 4164 stiﬁcationum
2405 4108 2607 4153 tuarum
2634 4100 2834 4154 insinua
2861 4101 3019 4166 mihi;
3054 4103 3154 4170 vel,
3188 4103 3324 4158 sicut
3350 4107 3588 4162 nonnulli
3643 4137 3646 4142 ·

2005 4187 2215 4242 codices
2236 4188 2452 4257 habent,
2477 4191 2668 4246 instrue
2691 4208 2770 4246 me
2799 4207 2818 4246 :
2842 4192 2981 4263 quod
3003 4195 3314 4263 expressius
3328 4195 3395 4250 de
3415 4212 3588 4264 germen

2003 4276 2216 4344 dicitur,
2246 4281 2328 4350 [ac
2359 4296 2436 4334 me
2457 4280 2734 4352 intelligere
2762 4278 2863 4355 (a).
2898 4282 2966 4336 Et
2993 4282 3257 4339 exercebar
3298 4285 3350 4339 in
3380 4287 3586 4340 mirabi-

2005 4367 2133 4425 libus
2159 4369 2276 4422 tuis.
2307 4369 2450 4439 lpsas
2472 4371 2880 4440 justiﬁcatioues
2909 4373 3198 4444 ampliores
3221 4417 3237 4443 ,
3267 4391 3398 4446 quas
3426 4380 3587 4446 proﬁ-

2003 4461 2194 4517 ciendo
2222 4465 2368 4533 cupit
2394 4465 2818 4534 apprehendere,
2846 4469 3106 4522 mirabilia
3130 4469 3224 4524 Dei
3256 4479 3426 4524 vocat.
3454 4470 3586 4527 Sunt

2005 4566 2134 4621 ergo
2162 4553 2404 4622 qumdam
2437 4555 2530 4608 Dei
2558 4555 2966 4625 justiﬁcationcs
2988 4560 3055 4612 ita
3083 4561 3371 4628 mirabiles,
3403 4571 3459 4615 ut
3489 4563 3588 4616 hu-

2005 4658 2159 4697 mana
2198 4643 2480 4700 inﬁrmitas
2507 4645 2573 4700 ab
2599 4647 2676 4701 eis
2704 4649 2794 4716 qui
2823 4649 3026 4718 experti
3063 4664 3168 4703 non
3199 4659 3355 4716 sunt,
3389 4667 3492 4707 nou
3523 4653 3586 4706 ad

2003 4747 2092 4788 eas
2118 4749 2274 4803 posse
2304 4736 2579 4803 pervenire
2603 4736 2868 4791 credatur.
2923 4737 3071 4793 Unde
3097 4739 3344 4796 laborans
3386 4743 3505 4807 iste,
3534 4751 3588 4796 et

2001 4839 2182 4878 earum
2211 4823 2522 4880 difﬁcultate
2563 4826 2790 4895 quodam
2817 4829 2974 4882 modo
3001 4831 3261 4900 fatigatus,
3292 4832 3532 4904 adjuugit
3566 4851 3579 4886 :

2002 4915 2488 4970 Dormitavitanima
2510 4933 2620 4972 mea
2638 4935 2745 4987 pra:
2767 4921 2953 4986 twdio;
2980 4923 3225 4992 conﬁrma
3244 4941 3322 4976 me
3348 4925 3397 4977 in
3425 4925 3585 4978 verbis

2002 5008 2120 5062 tuis.
2151 5007 2287 5074 Quid
2313 5017 2414 5073 est,
2443 5009 2748 5075 dormitavit,
2782 5012 2965 5066 nisiab
2985 5028 3080 5081 spe
3110 5014 3344 5084 refriguit
3366 5031 3465 5085 qua
3493 5031 3585 5070 eas

2002 5113 2062 5154 se
2083 5099 2530 5167 appreliensuram
2548 5116 2666 5156 esse
2691 5103 3030 5159 crediderat?
3051 5107 3177 5170 Sed,
3211 5109 3453 5174 conﬁrma
3482 5126 3584 5168 ηιμ,

2001 5190 2191 5260 inquit,
2221 5191 2272 5244 in
2307 5192 2466 5246 verbis
2495 5194 2614 5260 tuis,
2655 5209 2721 5249 ne
2762 5195 2830 5249 ab
2874 5197 2952 5252 eis
2977 5213 3184 5268 quoque
3213 5199 3276 5252 ad
3313 5215 3428 5268 qum
3463 5217 3585 5270 pcr-

1999 5281 2212 5336 venisse
2257 5297 2346 5336 me
2387 5282 2496 5352 jam
2531 5287 2724 5353 sentio,
2761 5287 3000 5341 dccidam
3044 5289 3380 5344 dormitaudo
3409 5307 3427 5347 :
3455 5306 3585 5347 con.

1998 5369 2149 5425 ﬁrma
2181 5371 2356 5441 itaque
2383 5389 2466 5426 me
2493 5375 2541 5426 iu
2569 5375 2648 5429 eis
2669 5377 2842 5431 verbis
2866 5377 2966 5430 tuis
2988 5393 3104 5448 qua:
3128 5378 3235 5448 jam
3269 5389 3442 5443 teneo,
3464 5398 3583 5450 quae

1993 5462 2103 5531 jam
2149 5462 2282 5516 facio
2307 5504 2320 5526 ,
2358 5474 2417 5517 ut
2455 5479 2517 5518 ex
2553 5465 2630 5520 eis
2659 5467 2722 5519 ad
2751 5466 2853 5520 alia
2883 5468 3075 5536 possim
3108 5469 3430 5538 proﬁciendo
3457 5487 3581 5541 per-

2001 5552 2236 5605 tendere.

2071 5643 2119 5696 5.
2151 5639 2318 5713 [vers.
2367 5641 2495 5715 ‘29.]
2527 5643 2595 5698 Et
2628 5645 2750 5714 quid
2802 5647 3016 5716 impedit
3043 5647 3093 5702 iu
3141 5650 3219 5704 via
3244 5651 3580 5719 justiﬁcatio-

1998 5749 2122 5788 num
2155 5734 2244 5788 Dci
2283 5735 2361 5790 sic
2405 5735 2680 5790 ambulare
2705 5780 2718 5805 ,
2760 5749 2816 5792 ut
2848 5741 3004 5794 beam
3025 5742 3173 5796 facile
3205 5743 3368 5813 possit
3396 5743 3460 5797 ad
3494 5749 3583 5802 ilia

2061 5845 2132 5908 (α)
2158 5855 2322 5910 (luce,
2344 5847 2581 5899 sanctiora
2599 5861 2692 5900 me.
