4026 6202
431 416 455 471 1
466 414 569 471 59.7

426 531 587 583 etiam
619 524 878 585 mirabilia
908 516 1229 592 pervenire?
1255 514 1389 585 Quid
1421 521 1664 584 putamus
1689 553 1706 577 ,
1737 511 1836 565 nisi
1866 511 2004 579 quod

426 636 454 673 a
486 635 546 675 se
572 614 806 673 amoveri
839 614 890 668 in
919 609 1364 679 consequentibus
1396 611 1544 674 rogat
1584 602 1771 657 dicens
1803 620 1815 652 :
1860 599 2009 656 Viam

427 709 704 779 iniquitatis
728 720 903 758 amove
920 718 952 755 a
976 717 1054 754 me
1073 701 1099 754 2
1124 699 1188 755 Et
1216 697 1338 767 quia
1359 697 1442 748 lea:
1472 694 1730 747 laetorum
1755 691 2009 745 subintro-

427 803 515 866 rit,
545 810 598 853 ut
627 796 903 852 abundaret
931 794 1163 848 delictum
1192 789 1382 861 (Rom.
1420 802 1471 853 v,
1499 786 1571 839 ‘20
1589 784 1644 855 );
1675 783 1935 852 sequitur,
1958 790 2011 836 et

426 892 573 954 dicit,
602 888 670 942 Et
703 889 720 921 ⁸
751 888 859 958 lege
888 896 974 938 tua
1012 884 1244 936 miserere
1281 877 1398 931 mei.
1444 876 1555 941 Qua
1586 875 1721 944 lege,
1750 871 1851 925 nisi
1895 870 2012 939 lege

426 981 594 1037 lidei?
623 979 759 1034 Audi
806 976 1117 1048 Apostolutn
1166 988 1180 1024 :
1222 969 1318 1024 Ubi
1361 977 1432 1022 est
1474 983 1591 1036 ergo
1623 963 1856 1036 gloriatio
1886 962 2013 1014 tua?

428 1075 652 1132 Exclusit
677 1085 769 1128 est.
803 1072 905 1126 Per
924 1085 1072 1140 quam
1093 1064 1297 1137 legem?
1327 1066 1571 1135 [actomm
1589 1061 1615 1113 ζ)
1638 1058 1791 1123 Νοη;
1817 1055 1906 1109 sed
1924 1071 2015 1125 per

426 1168 587 1238 legem
609 1165 729 1234 ﬁdei
757 1162 867 1235 (Id.
897 1177 974 1224 tu,
1005 1160 1137 1225 2'1).
1168 1156 1293 1210 llaec
1316 1162 1397 1208 est
1420 1153 1499 1206 lex
1530 1149 1680 1213 ﬁdei,
1711 1162 1813 1218 qua
1838 1144 2014 1201 credi-

428 1235 550 1315 mus
575 1267 630 1312 et
657 1270 869 1311 oramus
911 1267 1007 1324 per
1038 1248 1266 1319 gratiam
1307 1244 1460 1298 nobis
1504 1238 1713 1304 donari,
1755 1245 1813 1292 ut
1853 1235 2011 1290 iacia-

429 1364 551 1403 mus
573 1347 713 1418 quod
742 1361 835 1414 per
855 1341 1210 1408 nosmetipsos
1231 1336 1452 1406 implere
1473 1347 1577 1386 non
1608 1342 1889 1399 possumus
1913 1343 1927 1393 ;
1947 1341 2014 1381 ne

428 1446 738 1511 ignorantes
766 1436 860 1491 Dei
884 1434 1167 1505 justitiam,
1198 1438 1252 1485 et
1292 1436 1525 1482 nostram
1560 1423 1795 1477 volentes
1813 1420 1988 1475 constt

429 1510 601 1594 tuere,
648 1527 869 1598 justitize
902 1524 993 1579 Dei
1019 1537 1129 1578 non
1169 1520 1335 1575 simus
1363 1515 1585 1586 subjecti
1607 1511 1713 1584 (Id.
1761 1527 1814 1577 x,
1843 1510 1925 1579 ὅ).
1959 1510 2012 1563 In

431 1624 548 1693 lege
597 1623 773 1692 itaque
816 1618 1078 1673 factorum
1128 1622 1210 1669 est
1259 1610 1350 1666 Dei
1397 1607 1634 1679 jubentis
1674 1603 1914 1675 justitia;
1961 1602 2014 1653 in

430 1718 549 1787 lege
570 1724 750 1770 autem
782 1710 927 1775 ﬁdei,
956 1705 1320 1764 subvenich
1344 1698 1731 1757 misericordia.

502 1808 559 1863 6.
586 1803 737 1880 [να-ε.
768 1800 981 1875 δοεὸἓ]
1018 1801 1148 1856 Cum
1194 1807 1372 1854 autem
1411 1793 1653 1857 dixisset,
1686 1788 1749 1843 Et
1777 1789 1886 1858 lege
1929 1795 2016 1840 tua

429 1901 666 1953 miserere
691 1898 825 1960 mei;
866 1894 935 1950 de
963 1890 1238 1948 beneﬁciis
1262 1888 1377 1958 ejus
1421 1900 1539 1955 quae
1561 1883 1671 1953 jam
1697 1885 2016 1937 consecutus

431 2001 531 2057 est,
564 1987 977 2062 quodammodo,
1008 1984 1057 2039 si
1073 1984 1175 2038 dici
1202 1989 1398 2052 potest,
1421 1974 1736 2048 perscribit,
1767 1979 1827 2027 ut
1852 1971 2018 2039 impe-

432 2091 540 2137 tret
578 2090 768 2136 caetera
806 2093 925 2149 qua:
950 2074 1183 2130 nondum
1228 2079 1310 2127 est
1340 2076 1680 2125 consecutus.
1710 2064 1798 2118 Ait
1819 2062 1964 2141 enim
1998 2076 2014 2116 :

441 2173 589 2227 Viam
612 2168 972 2239 veritatiselegi
988 2185 1006 2228 ;
1023 2165 1222 2238 judicia
1252 2173 1338 2216 tua
1362 2178 1461 2217 non
1474 2175 1588 2213 sum
1606 2156 1807 2212 oblitus.
1831 2153 2019 2209 Adha-

431 2266 476 2318 si
517 2263 813 2319 testimoniis
836 2261 974 2324 tuis;
1003 2258 1233 2323 Domine,
1260 2255 1367 2309 noli
1396 2269 1473 2307 me
1501 2249 1828 2322 confundere.
1867 2245 2016 2300 Viam

432 2353 652 2408 veritatis
677 2352 823 2424 elegi,
861 2350 950 2406 ubi
977 2362 1248 2404 cunerem
1277 2362 1290 2397 :
1316 2343 1514 2416 judicia
1535 2354 1621 2395 tua
1646 2356 1747 2395 non
1765 2352 1878 2393 sum
1893 2336 2019 2391 obli-

435 2459 537 2516 tus,
568 2456 626 2501 ut
673 2458 967 2501 currerem.
1010 2440 1213 2496 Adhtesi
1248 2434 1543 2491 testimoniis
1578 2433 1699 2499 tuis,
1741 2446 1861 2486 cum
1892 2444 2019 2485 cur-

434 2551 652 2592 rerem':
686 2534 923 2596 Domine,
950 2530 1059 2585 noli
1086 2546 1164 2583 me
1187 2526 1529 2597 confundere;
1555 2536 1661 2592 quo
1689 2533 1851 2575 curro
1895 2534 2018 2588 per-

434 2626 647 2682 tendam
673 2666 689 2697 ,
721 2639 828 2694 quo
867 2621 1028 2678 tendo
1054 2617 1378 2689 perveniam.
1424 2614 1540 2669 Non
1582 2611 1724 2666 enim
1768 2608 2014 2671 volentis,

436 2733 611 2785 neque
634 2713 919 2780 currentis,
946 2712 1041 2768 sed
1080 2708 1383 2765 miscrentis
1408 2718 1493 2761 eSt
1522 2705 1613 2759 Dei
1640 2701 1750 2773 (Id.
1780 2717 1856 2766 ut,
1888 2699 2017 2770 l6).

437 2812 675 2880 Denique
689 2807 967 2878 sequitur:
1008 2803 1153 2858 Viam
1181 2801 1534 2856 nmdatorum
1568 2806 1766 2851 tuorum
1799 2794 2015 2857 cucurri,

436 2922 552 2958 cum
580 2901 806 2957 dilatasti
828 2916 917 2955 cor
934 2913 1122 2952 meum.
1147 2894 1261 2950 Non
1286 2904 1581 2955 currerent,
1612 2887 1715 2943 nisi
1744 2885 2022 2942 dilatasses

434 3011 531 3052 cor
553 3009 753 3050 meum.
774 2992 1009 3047 Prorsus
1035 2990 1137 3045 isto
1167 3001 1325 3042 versu
1353 2982 1638 3054 exponitur
1666 2977 2017 3051 quemadmo-

434 3089 562 3149 dum
587 3087 787 3143 dictum
817 3079 887 3138 sit
914 3122 930 3149 ,
980 3079 1125 3136 Viam
1152 3077 1371 3133 ueritatis
1397 3074 1544 3146 elegi,
1572 3073 1772 3143 judicia
1798 3079 1886 3124 tua
1920 3084 2023 3124 non

437 3196 551 3234 sum
576 3177 781 3239 oblitus,
802 3170 996 3227 adhaesi
1031 3168 1325 3224 testimoniis
1347 3166 1465 3220 tuis.
1492 3162 1692 3219 Cursus
1716 3169 1799 3217 εει
1825 3160 2024 3230 quippe

434 3272 540 3327 iste
567 3268 666 3322 viae
693 3264 1061 3320 mandatorum
1084 3258 1178 3314 Dei
1206 3259 1248 3309 ³.
1283 3255 1349 3310 Et
1365 3254 1486 3325 quia
1511 3253 1684 3323 potius
1705 3251 1825 3320 ejus
1853 3250 2021 3305 bene-

441 3359 562 3415 ﬁcia
597 3370 756 3426 quam
785 3367 880 3408 sua
910 3351 1097 3406 merita
1140 3346 1364 3403 Domino
1406 3344 1635 3413 allegat;
1667 3349 1915 3410 tanquam
1943 3338 2027 3394 di—

438 3457 656 3505 ceretur
698 3446 767 3510 ei,
814 3441 1092 3510 Quomodo
1141 3439 1296 3495 iatam
1346 3436 1486 3491 viam
1542 3432 1824 3489 cucurristi
1848 3436 1891 3497 ⁸,
1922 3430 2022 3486 eli-

442 3538 641 3609 gendo,
671 3545 727 3594 et
746 3535 840 3591 Dei
865 3533 1062 3604 judicia
1087 3534 1193 3586 no’u
1242 3525 1639 3590 obliviscendo,
1670 3532 1723 3580 et
1746 3523 1861 3592 ejus
1883 3522 2024 3578 testi-

439 3631 636 3688 moniis
658 3625 1005 3692 adhaerendo,
1035 3640 1100 3679 an
1127 3638 1222 3693 per
1244 3621 1467 3691 leipsunt
1485 3619 1581 3674 ista
1606 3616 1860 3688 potuisti?
1885 3615 2020 3680 Non,

444 3725 541 3780 ait.
568 3721 706 3790 Quid
731 3718 899 3791 ergo?
922 3717 1071 3779 Viam
1096 3714 1447 3769 mandatorum
1469 3723 1690 3776 tuorum,
1708 3708 1899 3777 inquit,
1930 3722 2023 3760 cu-

435 3816 574 3871 curri
599 3829 714 3869 cum
737 3810 961 3865 dilatasti
982 3823 1068 3862 cor
1089 3822 1275 3860 meum.
1304 3803 1417 3859 Non
1450 3815 1580 3872 ergo
1605 3814 1701 3870 per
1730 3797 2021 3869 proprium,

444 3918 496 3967 et
521 3907 671 3979 quasi
701 3904 895 3960 nullius
922 3912 1024 3957 tute
1052 3900 1170 3971 opis
1210 3897 1444 3965 indigum
1472 3892 1752 3948 arbitrium
1806 3903 2021 3953 meum;

439 3999 534 4055 sed
548 4015 661 4053 cum
678 3993 903 4051 dilatasti
923 4008 1009 4046 cor
1028 4006 1212 4045 meum.
1224 3986 1414 4044 Cordis
1437 3983 1693 4046 dilatatio,
1714 3980 1932 4052 justitia:
1945 3987 2027 4033 est

440 4088 744 4145 delectatio.
790 4085 919 4139 Hmc
956 4096 1147 4137 munus
1174 4091 1259 4135 est
1284 4076 1399 4144 Dei,
1438 4075 1576 4129 utin
1604 4070 1883 4143 prmceptis
1910 4068 2026 4137 ejus

441 4195 549 4235 non
585 4179 775 4234 timore
804 4188 979 4245 pana:
1005 4179 1367 4241 angustemur,
1395 4166 1491 4221 sed
1512 4163 1821 4227 dilectione,
1851 4167 1905 4215 et
1931 4158 2027 4214 de-

441 4268 727 4325 lectatione
752 4264 971 4336 justitiae
1006 4258 1309 4317 dilatemur.
1360 4257 1507 4312 Hane
1548 4254 1691 4309 enim
1716 4251 1874 4306 nobis
1904 4264 2026 4317 pro-

440 4360 603 4416 mittit
628 4354 959 4412 latitudinem
999 4351 1115 4421 ejus
1139 4350 1321 4405 dicens
1352 4365 1368 4402 :
1400 4345 1650 4400 llabitabo
1670 4343 1725 4397 in
1745 4342 1839 4409 eis,
1869 4348 1915 4395 et
1937 4340 2028 4395 de-

441 4448 707 4506 ambulatio
728 4445 793 4518 (ll
821 4444 937 4499 Cor.
967 4458 1019 4497 Vl
1038 4482 1053 4510 ,
1080 4440 1148 4497 l6
1169 4440 1210 4513 ).
1251 4438 1420 4505 Quam
1448 4436 1589 4490 enim
1639 4434 1801 4488 latum
1828 4438 1908 4488 est
1935 4429 2025 4485 ubi

440 4537 749 4598 deambulat
774 4536 955 4594 Deus!
989 4534 1041 4589 in
1078 4531 1182 4588 hac
1208 4527 1487 4585 latitudine
1511 4523 1821 4582 dill'unditur
1847 4521 2024 4579 chari-

441 4644 526 4689 tas
555 4633 609 4689 in
637 4629 886 4687 cordibus
915 4624 1112 4682 nostris
1140 4637 1236 4693 per
1256 4620 1508 4690 Spiritum
1535 4625 1776 4672 sanctum
1803 4614 1892 4685 qui
1923 4613 2023 4668 da-

442 4738 531 4783 tus
553 4735 637 4782 est
656 4724 810 4780 nobis
839 4723 858 4794 (
882 4721 1032 4777 Rom.
1055 4732 1110 4779 v.
1141 4717 1174 4774 ὕ
1193 4718 1231 4789 ).
1256 4706 1413 4771 Unde
1428 4712 1587 4767 etiam
1609 4709 1807 4765 dictum
1823 4718 1924 4773 est,
1959 4705 2024 4760 Et

440 4821 493 4874 in
519 4816 699 4890 plateis
718 4815 816 4869 tuis
836 4812 1121 4868 discurrant
1146 4822 1293 4879 aqua?
1313 4815 1412 4860 tua!
1437 4802 1619 4875 (Prov.
1651 4815 1704 4865 ν,
1738 4797 1827 4871 l6)
1860 4815 1875 4853 :
1906 4799 2022 4868 pla-

440 4924 525 4969 tea
550 4909 745 4982 quippe
768 4906 837 4962 de
856 4904 1018 4961 verbo
1040 4915 1215 4974 graeco
1234 4916 1261 4955 a
1281 4896 1554 4954 latitudine
1576 4906 1766 4950 nomen
1788 4890 2020 4982 accepit;

438 4978 689 5075 quoniam
710 5011 882 5070 grtcce
902 5001 1058 5051 πλατὺ
1073 4992 1267 5048 dicitur
1289 4990 1473 5044 latum.
1506 4985 1600 5041 lite
1629 4990 1753 5038 sunt
1781 4995 1930 5049 aqua:
1956 4978 2024 5032 de

439 5069 633 5165 quibus
656 5069 912 5145 Deminus
937 5086 1151 5147 clamat,
1185 5082 1285 5148 Qui
1330 5079 1435 5135 sitit
1475 5077 1639 5132 ueniat
1666 5073 1736 5127 ad
1779 5087 1876 5125 me.
1925 5069 2025 5137 Qui

436 5164 595 5240 credit
613 5184 668 5239 in
693 5199 791 5249 me,
817 5180 1031 5251 flumina
1057 5190 1202 5246 aqua
1236 5174 1361 5229 viva:
1379 5172 1539 5243 [hient
1581 5169 1643 5222 de
1669 5174 1836 5221 ventre
1863 5164 1981 5235 ejus
2004 5176 2023 5215 :

437 5288 493 5333 et
519 5290 794 5347 exponens
822 5268 1159 5340 Evangelista
1186 5264 1311 5336 quid
1337 5264 1551 5325 dixerit,
1580 5257 1691 5313 Hoc
1724 5265 1919 5322 atttem,
1943 5255 2023 5307 in-

435 5371 570 5438 quit,
596 5346 795 5421 dicebat
825 5363 888 5416 de
911 5360 1112 5431 Spiritu
1131 5370 1278 5428 quem
1302 5352 1555 5423 accepturi
1577 5358 1719 5406 eram
1736 5347 1833 5417 qui
1859 5346 2025 5400 credi-

410 5440 538 5514 ituri
576 5458 796 5514 erantin
827 5470 940 5509 eum
971 5452 1149 5525 (toan.
1176 5464 1268 5516 ui,
1297 5445 1469 5503 57-59
1493 5446 1535 5515 ).
1564 5442 1723 5498 Multa
1767 5439 1871 5495 dici
1904 5450 2022 5508 pes-

502 5630 519 5694 ξ
546 5629 620 5678 sic
642 5634 745 5677 Am.
769 5633 825 5677 et
840 5632 950 5676 Mss.
973 5621 1110 5694 juxta
1126 5626 1264 5694 _t._xx.
1293 5626 1348 5694 {tt
1369 5623 1455 5694 Er.
1472 5624 1523 5694 et
1544 5621 1677 5694 ιλογ.2
1694 5609 1935 5694 θέλξας(

498 5691 520 5722 ¹
544 5669 1223 5748 ξ’ὸῖἶᾶἷέιῖἷᾷξιῖιῖῂῖἱὲιω
1261 5679 1351 5732 vita
1387 5687 1501 5729 sunt
1530 5669 1879 5728 ntandutorum'
1891 5669 2021 5721 Dei:

437 5750 841 5800 dissentientibus
860 5745 1107 5794 Eddialiis
1131 5752 1182 5793 ct
1204 5750 1310 5791 Mss.
1404 5801 1411 5803 ν
1490 5798 1499 5803 ,
1732 5797 1742 5803 _
1938 5801 1945 5803 Α
1981 5794 1990 5803 ρ

442 5797 629 5927 “etiam
649 5810 799 5921 eqitio
824 5815 929 5855 Lor.
972 5806 1116 5863 addit,
1156 5804 1280 5853 riam
1312 5798 1526 5855 veritatis
1565 5812 1581 5848 :
1618 5797 1743 5860 quod
1783 5808 1808 5842 a
1846 5797 2023 5843 nostris

436 5883 545 5926 lists.
618 5883 730 5923 Ns.

1660 400 1718 453 S.
1760 395 2123 453 AUGUSTIN!
2162 393 2461 450 EPlSCOPl

3562 386 3702 444 1518

2114 516 2229 562 sent
2256 508 2321 563 de
2348 508 2445 562 ista
2473 505 2649 561 cordis
2679 506 2970 573 latitudine,
3000 505 3091 561 sed
3125 504 3280 574 ltujus
3302 505 3566 559 sermonis
3587 502 3704 573 jam

2115 598 2491 652 contradicitur
2518 595 2849 667 longitudini.

2766 723 2938 764 εειωο
2976 725 3048 763 XI.

2190 824 2240 876 l.
2285 821 2450 895 [υττε.
2480 818 2708 894 '55.]1u
2775 820 2982 890 psalmo
3044 821 3146 874 isto
3198 833 3391 889 mtgnu
3461 818 3708 887 sequitur

2118 913 2257 983 quod
2295 912 2447 966 nobis
2469 954 2483 976 ,
2526 911 2814 982 adjuvantc
2844 910 3073 965 Domino
3097 952 3112 978 ,
3140 908 3585 964 considerandum
3621 916 3705 963 at-

2117 1020 2219 1073 que
2263 1002 2591 1057 traCtandum
2635 1011 2718 1056 est.
2757 1018 2771 1056 :
2825 1000 3008 1072 Legem
3058 1016 3187 1070 pone
3232 1000 3394 1066 mihi,
3442 997 3703 1066 Domine,

2116 1095 2249 1148 viam
2271 1094 2694 1164 justiﬁeationum
2723 1102 2922 1145 tuarum
2945 1131 2961 1156 ,
2990 1099 3036 1144 et
3065 1090 3323 1160 exquiram
3344 1105 3455 1143 eum
3483 1104 3703 1159 semper.

2118 1185 2405 1255 Apostolus
2424 1184 2552 1239 dicit
2574 1225 2590 1251 ,
2612 1183 2762 1238 Iusto
2784 1183 2864 1237 lea:
2882 1199 2982 1236 non
3005 1188 3077 1235 est
3096 1180 3259 1251 posita
3283 1220 3297 1241 ,
3318 1180 3520 1249 injustis
3538 1189 3706 1233 autem

2118 1286 2164 1333 et
2184 1294 2284 1331 non
2307 1275 2519 1331 subditis
2540 1317 2557 1342 ,
2588 1282 2644 1330 et
2676 1284 2868 1330 caetera
2892 1316 2908 1339 ,
2952 1289 3072 1345 qua:
3112 1272 3184 1327 ibi
3221 1272 3545 1327 concludens
3588 1272 3662 1326 ait
3687 1313 3705 1338 ,

2119 1366 2233 1421 Etsi
2256 1366 2378 1435 quid
2402 1365 2543 1420 aliud
2561 1381 2701 1421 sane
2728 1364 2971 1419 doctrina:
2998 1364 3296 1418 adversatur
3316 1404 3331 1428 ,
3370 1377 3484 1432 quae
3517 1371 3593 1415 est
3619 1376 3709 1416 se-

2118 1459 2337 1513 cundum
2360 1456 2692 1529 Evangelium
2719 1446 2896 1529 gloria:
2939 1455 3070 1509 beati
3106 1452 3204 1508 Dei
3225 1495 3240 1517 ,
3289 1452 3422 1524 quod
3462 1451 3708 1506 creditum

2120 1559 2190 1604 est
2218 1550 2343 1602 niilu'
2389 1548 2602 1620 (ITim.
2634 1563 2650 1601 ι
2677 1590 2692 1615 ,
2722 1546 2853 1603 9-H
2880 1547 2922 1617 ).
2967 1544 3233 1615 Numquid
3266 1558 3395 1614 ergo
3430 1542 3550 1598 talis
3591 1551 3708 1598 erat

2121 1642 2220 1696 iste
2258 1640 2348 1711 qui
2388 1640 2549 1705 dicit,
2577 1638 2763 1710 Legem
2796 1654 2927 1709 pone
2962 1637 3123 1705 mihi,
3167 1635 3421 1700 Domine,
3462 1633 3711 1705 qualibus
3792 1654 3807 1662 -

2118 1731 2306 1787 beatus
2347 1730 2542 1786 Paulus
2581 1730 2712 1784 dicit
2752 1731 2980 1801 positam
3019 1727 3233 1799 legem?
3258 1726 3431 1783 Absit.
3461 1724 3519 1782 Si
3562 1726 3708 1782 enim

2121 1824 2241 1877 talis
2262 1831 2442 1888 esset,
2473 1837 2578 1877 non
2605 1821 2849 1891 superius
2873 1819 3100 1875 dixisset
3125 1859 3139 1883 ,
3184 1817 3324 1873 Viam
3349 1817 3710 1872 mandatorum

2123 1922 2322 1968 tuorum
2345 1914 2546 1967 cucurri
2566 1952 2582 1979 ,
2609 1925 2720 1965 cum
2747 1911 2971 1965 dilatasti
2999 1925 3088 1964 eor
3112 1924 3296 1967 meum.
3315 1908 3453 1977 Quid
3478 1917 3562 1964 est
3582 1921 3714 1978 ergo

2121 2004 2264 2075 quod
2294 2012 2413 2059 orat
2436 2012 2493 2057 ut
2520 2003 2622 2059 sibi
2645 2002 2729 2057 lex
2759 2016 2788 2055 a
2819 2001 3044 2055 Domino
3068 2007 3296 2070 ponatur
3317 2040 3333 2065 ,
3355 2000 3399 2052 si
3423 2012 3527 2053 non
3553 1998 3711 2067 poni-

2125 2105 2210 2152 tur
2228 2096 2417 2167 justo?
2443 2096 2524 2151 An
2550 2110 2615 2150 eo
2642 2093 2805 2149 modo
2829 2106 2933 2172 non
2972 2092 3187 2164 ponitur
3215 2091 3361 2162 juSto
3384 2133 3399 2155 ,
3443 2089 3715 2162 quomodo

2121 2187 2291 2257 posita
2329 2196 2411 2242 est
2475 2185 2673 2256 pepulo
2729 2184 3068 2251 contumaci,
3130 2184 3185 2237 in
3242 2182 3433 2238 tabulis
3488 2181 3715 2253 lapideis

2124 2276 2337 2342 (Exod.
2366 2293 2523 2344 XXXI,
2551 2276 2683 2347 18),
2729 2289 2834 2330 non
2881 2274 2934 2329 in
2973 2274 3166 2330 tabulis
3202 2273 3378 2329 cordis
3412 2274 3716 2329 carnalibus

2125 2370 2213 2440 (ll
2238 2368 2357 2425 Cor.
2409 2385 2465 2425 tu
2492 2412 2508 2437 ,
2550 2371 2585 2425 5
2610 2368 2653 2440 );
2696 2366 2988 2423 secundum
3032 2373 3408 2421 testamentum
3457 2375 3607 2420 vetus
3647 2380 3716 2422 ex

2126 2470 2307 2516 monte
2332 2460 2458 2515 Sina
2486 2501 2500 2525 ,
2529 2459 2670 2531 quod
2709 2461 2761 2513 in
2802 2459 3111 2513 servitutem
3151 2465 3371 2527 generat
3397 2456 3416 2528 (
3438 2454 3608 2511 Galat.
3636 2470 3713 2523 ιν,

2122 2549 2254 2621 24),
2287 2565 2391 2606 non
2416 2550 2706 2606 secundum
2733 2550 2750 2582 ¹
2802 2557 3174 2604 testamentum
3216 2562 3412 2602 novum
3434 2587 3450 2614 ,
3494 2548 3565 2602 de
3604 2562 3715 2617 quo

2125 2643 2379 2714 scriptum
2408 2652 2490 2698 est
2515 2657 2612 2712 per
2635 2640 2925 2697 Jeremiam
2951 2638 3270 2711 prophetam
3296 2679 3311 2703 ,
3343 2632 3478 2692 Ecce
3501 2638 3609 2692 dies
3632 2654 3716 2691 ve.

2126 2736 2271 2790 niunt
2296 2777 2310 2801 ,
2338 2734 2458 2789 dicit
2482 2733 2734 2788 Dominus
2754 2776 2767 2798 ,
2794 2743 2839 2788 et
2863 2732 3219 2787 consummabo
3260 2730 3431 2784 domui
3469 2729 3634 2785 Israel
3662 2740 3711 2785 et

2127 2827 2300 2882 domui
2325 2824 2467 2879 Juda
2492 2834 2838 2880 testamentum
2863 2838 3046 2877 novum
3071 2864 3086 2888 ,
3119 2839 3220 2876 non
3255 2821 3528 2876 secundum
3564 2830 3716 2876 testa.

2126 2929 2348 2975 mentum
2376 2917 2509 2986 quod
2536 2917 2761 2988 disposui
2788 2915 3013 2987 patribus
3057 2930 3231 2968 eorum
3264 2913 3319 2967 in
3360 2913 3441 2968 die
3480 2930 3580 2984 qua
3620 2930 3715 2983 ap-

2127 3010 2368 3082 prehendi
2412 3025 2617 3063 manum
2666 3019 2840 3061 eorum
2859 3047 2874 3071 ,
2927 3016 2982 3060 ut
3032 3006 3294 3059 educerem
3338 3020 3423 3058 eos
3467 3004 3529 3057 de
3584 3014 3721 3060 terra

2130 3099 2350 3172 Egypti
2373 3116 2392 3154 :
2438 3100 2673 3170 quoniam
2715 3098 2815 3167 ipsi
2861 3114 2963 3151 non
3011 3105 3397 3165 permanserant
3442 3096 3495 3149 in
3539 3094 3719 3149 Testa-

2128 3204 2294 3248 mento
2321 3209 2472 3257 meo;
2513 3202 2559 3246 et
2606 3207 2696 3263 ego
2739 3191 2934 3261 neglexi
2960 3206 3042 3243 eos
3064 3229 3080 3256 ,
3113 3188 3233 3242 dicit
3261 3187 3529 3242 Dominus.
3572 3187 3713 3254 Quo-

2128 3286 2264 3339 niam
2293 3285 2385 3339 Itoc
2414 3293 2483 3339 est
2528 3292 2875 3337 testamentum
2920 3281 3055 3352 quod
3098 3281 3397 3335 constituam
3423 3280 3596 3334 domui
3621 3278 3709 3335 Is-

2128 3379 2236 3432 rael
2257 3394 2277 3432 :
2311 3376 2431 3432 Post
2463 3378 2567 3431 dies
2588 3374 2725 3439 illos,
2749 3375 2870 3429 dicit
2894 3373 3165 3438 Dominus,
3195 3374 3323 3428 dabo
3351 3374 3483 3445 leges
3510 3390 3647 3428 meas
3664 3375 3719 3429 in

2128 3468 2377 3523 mentibus
2432 3484 2642 3532 eorum,
2693 3479 2739 3520 et
2783 3466 2835 3519 in
2877 3465 3110 3520 cordibus
3153 3481 3327 3519 eorum
3363 3465 3577 3519 scribam
3625 3483 3715 3521 eas

2130 3560 2367 3634 (Jerem.
2401 3576 2522 3615 xxx:
2548 3602 2564 3628 ,
2596 3560 2761 3614 51-55
2785 3558 2844 3631 )?
2885 3559 3020 3614 Ecce
3055 3557 3320 3628 quomodo
3351 3558 3464 3611 vult
3501 3557 3601 3613 iste
3641 3558 3718 3612 le-

2128 3667 2248 3723 gem
2278 3651 2375 3706 sibi
2404 3652 2526 3722 poni
2566 3666 2595 3705 a
2642 3652 2901 3716 Domino;
2942 3664 3049 3704 non
3092 3649 3225 3704 sicut
3264 3648 3475 3721 injustis
3512 3658 3567 3704 et
3608 3664 3719 3708 non

2133 3743 2359 3799 subditis
2383 3785 2398 3810 ,
2425 3743 2489 3797 ad
2519 3752 2671 3797 vetus
2707 3749 3079 3797 testamentum
3118 3739 3505 3810 pertinentibus
3543 3740 3718 3811 posita

2131 3844 2212 3889 est
2235 3875 2250 3900 ,
2283 3835 2337 3888 in
2367 3834 2555 3891 tabulis
2582 3832 2802 3903 lapideis
2829 3849 2842 3897 ;
2866 3830 2961 3886 sed
2983 3832 3119 3886 sicut
3139 3832 3336 3886 sanctis
3364 3830 3483 3885 ﬁliis
3511 3831 3713 3899 liberte,

2132 3927 2234 3984 hoc
2261 3919 2344 3983 est
2371 3944 2614 3998 superna:
2642 3927 2938 3982 Jerusalem
2960 3966 2974 3992 ,
3008 3924 3126 3979 ﬁliis
3155 3925 3523 3994 promissionis
3547 3966 3563 3991 ,
3597 3924 3720 3979 ﬁliis

2132 4019 2455 4075 lucreditatis
2502 4029 2716 4074 mternzu
2740 4058 2755 4086 ,
2807 4025 2990 4072 sancto
3029 4016 3231 4087 Spiritu
3269 4026 3515 4086 tanquam
3553 4015 3721 4086 digito

2132 4113 2224 4169 Dei
2253 4117 2307 4168 in
2335 4122 2512 4167 mente
2549 4111 2745 4178 datur,
2793 4119 2848 4165 et
2889 4110 2942 4165 in
2988 4109 3236 4166 cordibus
3273 4108 3562 4164 scribitur:
3610 4120 3721 4164 non

2131 4221 2287 4275 quam
2319 4204 2574 4261 memoria
2605 4212 2853 4269 teneant,
2883 4213 2938 4259 et
2965 4203 3070 4257 vita
3102 4201 3403 4272 negligant;
3435 4200 3526 4256 sed
3557 4214 3718 4271 quam

2131 4298 2301 4354 sciant
2343 4295 2720 4368 intelligendo,
2762 4293 2956 4350 faciant
2992 4292 3293 4364 diligendo,
3342 4292 3396 4347 in
3441 4291 3722 4348 latitudine

2130 4390 2363 4456 amoris,
2407 4404 2514 4443 non
2562 4388 2612 4442 in
2657 4386 2862 4441 timoris
2892 4385 3167 4456 angustiis.
3218 4383 3350 4438 Nam
3396 4385 3487 4453 qui
3528 4383 3723 4438 timore

2134 4494 2304 4550 ptente
2327 4520 2341 4545 ,
2375 4495 2479 4534 non
2506 4492 2688 4533 amore
2709 4477 2927 4546 jus'tilize
2952 4488 3086 4555 opus
3111 4474 3241 4544 legis
3270 4473 3394 4529 facit
3415 4515 3429 4539 ,
3474 4472 3723 4543 proiecto

2132 4573 2324 4628 invitus
2349 4572 2492 4626 facit.
2513 4568 2665 4638 Quod
2686 4578 2863 4622 autem
2891 4567 3087 4622 invitus
3116 4565 3237 4620 facit
3254 4607 3269 4631 ,
3299 4564 3345 4619 si
3369 4572 3545 4633 posset
3565 4564 3678 4617 ﬁeri
3700 4605 3716 4628 ,

2132 4663 2310 4718 mallet
2339 4663 2517 4733 utique
2545 4675 2647 4715 non
2686 4659 2860 4728 juberi
2896 4676 2909 4713 :
2959 4671 3022 4713 ac
3066 4673 3159 4727 per
3197 4655 3298 4710 hoc
3350 4655 3511 4725 legis,
3556 4669 3724 4724 quam

2130 4754 2293 4810 vellet
2320 4769 2426 4808 non
2455 4768 2576 4808 esse
2599 4792 2615 4817 ,
2646 4765 2749 4805 non
2790 4758 2873 4805 est
2909 4750 3111 4803 amicus
3135 4788 3149 4812 ,
3192 4744 3285 4800 sed
3326 4744 3502 4816 potius
3539 4744 3722 4800 inimi-

2131 4861 2261 4911 cus;
2289 4858 2388 4899 nec
2412 4842 2696 4897 mandatur
2718 4852 2879 4911 opere
2901 4879 2919 4905 ,
2946 4838 3033 4909 qui
3062 4835 3367 4890 immundus
3402 4845 3480 4889 cst
3524 4834 3720 4888 νυιιιη-

2130 4945 2238 4990 tatc
2261 4937 2303 4990 ².
2336 4933 2481 4989 Talis
2512 4947 2616 4986 non
2642 4938 2819 5002 potest
2846 4928 3025 4983 dicere
3053 4925 3193 4996 quod
3222 4926 3325 4980 iste
3372 4923 3503 4978 dixit
3532 4923 3584 4977 in
3623 4938 3722 4978 sn-

2131 5025 2429 5096 periuribus
2450 5023 2693 5080 versibus
2716 5063 2731 5088 ,
2763 5020 2910 5075 Viam
2937 5018 3291 5071 mandatorum
3312 5026 3508 5070 (uorum
3532 5026 3723 5067 cucur-

2130 5120 2213 5185 ri,
2241 5134 2354 5173 cum
2381 5116 2604 5172 dilatasti
2629 5131 2716 5168 cor
2744 5129 2909 5167 meum
2931 5128 2952 5176 ;
2972 5110 3092 5182 quia
3121 5110 3205 5164 illa
3228 5108 3465 5163 dilatatio
3486 5108 3724 5163 cliatita-

2133 5221 2236 5267 tem
2276 5210 2578 5282 signiﬁcat,
2623 5220 2742 5279 qtue
2779 5203 3070 5261 secundum
3106 5201 3423 5272 Apostolum
3458 5199 3592 5270 legis
3634 5210 3725 5255 cst

2131 5302 2401 5374 plenitudo
2433 5298 2453 5372 (
2483 5300 2629 5355 Rom.
2661 5312 2753 5353 xm
2776 5339 2790 5362 ,
2824 5294 2889 5352 l0
2915 5296 2953 5366 ).

2202 5395 2258 5449 ‘2.
2298 5394 2406 5449 Cur
2449 5408 2575 5463 ergo
2614 5391 2714 5446 iste
2759 5386 2930 5443 adhuc
2963 5384 3137 5455 poscit
3191 5382 3289 5438 sibi
3336 5382 3503 5451 legem
3548 5381 3720 5450 pOni;

2130 5500 2249 5555 quae
2276 5486 2456 5554 utique
2480 5484 2524 5538 si
2546 5498 2653 5537 non
2681 5481 2729 5536 ei
2760 5478 2934 5551 posita
2970 5475 3187 5540 luisset,
3235 5488 3339 5526 non
3377 5472 3513 5525 viam
3560 5487 3723 5524 Inan-

2193 5664 2212 5696 ¹
2236 5668 2308 5711 Fr.
2339 5669 2389 5711 et
2409 5666 2541 5721 tam,
2566 5658 2650 5709 sed
2675 5657 2951 5709 secundum.
2978 5650 3144 5701 Melius
3181 5657 3278 5697 Am.
3300 5655 3353 5698 ct
3375 5653 3502 5705 Mss,
3524 5656 3618 5695 non
3642 5657 3717 5694 se-

2466 5791 2518 5833 ct
2550 5790 2651 5832 Mss.
2697 5789 2747 5830 Al.
2779 5787 2851 5829 Er.
2889 5785 2940 5827 ot
2981 5784 3121 5836 ima,
3160 5770 3436 5836 cogitatione
3471 5775 3517 5819 et
3552 5770 3721 5819 acuun-

2134 5853 2245 5899 late.
