  <div class='ocr_page' id='page_1' title='image "/cluster/home/n/w/nwhite01/storage/ocr_20150623/37/hvd.32044096580592/260.png"; bbox 0 0 4026 6202; ppageno 0'>
   <div class='ocr_carea' id='block_1_1' title="bbox 295 422 440 482">
    <p class='ocr_par' dir='ltr' id='par_1_1' title="bbox 295 422 440 482">
     <span class='ocr_line' id='line_1_1' title="bbox 295 422 440 482; baseline -0.034 0"><span class='ocrx_word' id='word_1_1' title='bbox 295 425 326 482; x_wconf 77' lang='grc'><strong>1</strong></span> <span class='ocrx_word' id='word_1_2' title='bbox 340 422 440 479; x_wconf 70' lang='grc'><strong>329</strong></span> 
     </span>
    </p>
   </div>
   <div class='ocr_carea' id='block_1_2' title="bbox 289 523 1874 594">
    <p class='ocr_par' dir='ltr' id='par_1_2' title="bbox 289 523 1874 594">
     <span class='ocr_line' id='line_1_2' title="bbox 289 523 1874 594; baseline -0.012 0"><span class='ocrx_word' id='word_1_3' title='bbox 289 540 540 594; x_wconf 82' lang='lat' dir='ltr'><strong>datorum</strong></span> <span class='ocrx_word' id='word_1_4' title='bbox 587 535 679 590; x_wconf 85' lang='lat' dir='ltr'><strong>Dei</strong></span> <span class='ocrx_word' id='word_1_5' title='bbox 718 533 768 587; x_wconf 91' lang='lat' dir='ltr'><strong>in</strong></span> <span class='ocrx_word' id='word_1_6' title='bbox 813 530 989 589; x_wconf 87' lang='lat' dir='ltr'><strong>cordis</strong></span> <span class='ocrx_word' id='word_1_7' title='bbox 1038 529 1314 584; x_wconf 89' lang='lat' dir='ltr'><strong>latitudine</strong></span> <span class='ocrx_word' id='word_1_8' title='bbox 1361 525 1724 584; x_wconf 87' lang='lat' dir='ltr'><strong>cucurrisset?</strong></span> <span class='ocrx_word' id='word_1_9' title='bbox 1768 523 1874 577; x_wconf 86' lang='lat' dir='ltr'><strong>Sed</strong></span> 
     </span>
    </p>
   </div>
   <div class='ocr_carea' id='block_1_3' title="bbox 292 616 1877 698">
    <p class='ocr_par' dir='ltr' id='par_1_3' title="bbox 292 616 1877 698">
     <span class='ocr_line' id='line_1_3' title="bbox 292 616 1877 698; baseline -0.011 -14"><span class='ocrx_word' id='word_1_10' title='bbox 292 631 418 698; x_wconf 86' lang='lat' dir='ltr'><strong>quia</strong></span> <span class='ocrx_word' id='word_1_11' title='bbox 462 626 744 698; x_wconf 88' lang='lat' dir='ltr'><strong>proﬁciens</strong></span> <span class='ocrx_word' id='word_1_12' title='bbox 791 623 1058 693; x_wconf 91' lang='lat' dir='ltr'><strong>loquitur,</strong></span> <span class='ocrx_word' id='word_1_13' title='bbox 1100 631 1152 674; x_wconf 91' lang='lat' dir='ltr'><strong>et</strong></span> <span class='ocrx_word' id='word_1_14' title='bbox 1201 619 1289 673; x_wconf 84' lang='lat' dir='ltr'><strong>Dei</strong></span> <span class='ocrx_word' id='word_1_15' title='bbox 1332 618 1527 674; x_wconf 85' lang='lat' dir='ltr'>donum</span> <span class='ocrx_word' id='word_1_16' title='bbox 1572 616 1716 668; x_wconf 89' lang='lat' dir='ltr'><strong>novit</strong></span> <span class='ocrx_word' id='word_1_17' title='bbox 1757 626 1877 667; x_wconf 87' lang='lat' dir='ltr'><strong>esse</strong></span> 
     </span>
    </p>
   </div>
   <div class='ocr_carea' id='block_1_4' title="bbox 293 705 1877 791">
    <p class='ocr_par' dir='ltr' id='par_1_4' title="bbox 293 705 1877 791">
     <span class='ocr_line' id='line_1_4' title="bbox 293 705 1877 791; baseline -0.011 -17"><span class='ocrx_word' id='word_1_18' title='bbox 293 722 434 791; x_wconf 89' lang='lat' dir='ltr'><strong>quod</strong></span> <span class='ocrx_word' id='word_1_19' title='bbox 466 717 708 787; x_wconf 90' lang='lat' dir='ltr'><strong>proﬁcit;</strong></span> <span class='ocrx_word' id='word_1_20' title='bbox 736 714 859 784; x_wconf 92' lang='lat' dir='ltr'><strong>quid</strong></span> <span class='ocrx_word' id='word_1_21' title='bbox 888 713 1029 768; x_wconf 81' lang='lat' dir='ltr'><strong>aliud</strong></span> <span class='ocrx_word' id='word_1_22' title='bbox 1059 713 1220 782; x_wconf 86' lang='lat' dir='ltr'><strong>petit,</strong></span> <span class='ocrx_word' id='word_1_23' title='bbox 1260 725 1380 764; x_wconf 90' lang='lat' dir='ltr'><strong>cum</strong></span> <span class='ocrx_word' id='word_1_24' title='bbox 1417 709 1515 762; x_wconf 83' lang='lat' dir='ltr'><strong>sibi</strong></span> <span class='ocrx_word' id='word_1_25' title='bbox 1558 708 1724 777; x_wconf 82' lang='lat' dir='ltr'><strong>legem</strong></span> <span class='ocrx_word' id='word_1_26' title='bbox 1755 705 1877 774; x_wconf 91' lang='lat' dir='ltr'><strong>poni</strong></span> 
     </span>
    </p>
   </div>
   <div class='ocr_carea' id='block_1_5' title="bbox 293 799 1877 882">
    <p class='ocr_par' dir='ltr' id='par_1_5' title="bbox 293 799 1877 882">
     <span class='ocr_line' id='line_1_5' title="bbox 293 799 1877 882; baseline -0.011 -16"><span class='ocrx_word' id='word_1_27' title='bbox 293 812 465 882; x_wconf 86' lang='lat' dir='ltr'><strong>petit,</strong></span> <span class='ocrx_word' id='word_1_28' title='bbox 499 811 597 864; x_wconf 76' lang='lat' dir='ltr'><strong>nisi</strong></span> <span class='ocrx_word' id='word_1_29' title='bbox 628 817 684 863; x_wconf 90' lang='lat' dir='ltr'><strong>ut</strong></span> <span class='ocrx_word' id='word_1_30' title='bbox 712 810 760 860; x_wconf 92' lang='lat' dir='ltr'><strong>in</strong></span> <span class='ocrx_word' id='word_1_31' title='bbox 788 822 850 861; x_wconf 86' lang='lat' dir='ltr'><strong>ea</strong></span> <span class='ocrx_word' id='word_1_32' title='bbox 884 806 1047 876; x_wconf 83' lang='lat' dir='ltr'><strong>magis</strong></span> <span class='ocrx_word' id='word_1_33' title='bbox 1080 804 1352 872; x_wconf 88' lang='lat' dir='ltr'><strong>magisque</strong></span> <span class='ocrx_word' id='word_1_34' title='bbox 1395 800 1648 868; x_wconf 83' lang='lat' dir='ltr'><strong>proﬁciat.</strong></span> <span class='ocrx_word' id='word_1_35' title='bbox 1676 799 1877 864; x_wconf 89' lang='lat' dir='ltr'><strong>Quem-</strong></span> 
     </span>
    </p>
   </div>
   <div class='ocr_carea' id='block_1_6' title="bbox 293 886 1877 968">
    <p class='ocr_par' dir='ltr' id='par_1_6' title="bbox 293 886 1877 968">
     <span class='ocr_line' id='line_1_6' title="bbox 293 886 1877 968; baseline -0.013 -9"><span class='ocrx_word' id='word_1_36' title='bbox 293 903 581 959; x_wconf 83' lang='lat' dir='ltr'><strong>admodum</strong></span> <span class='ocrx_word' id='word_1_37' title='bbox 637 900 683 954; x_wconf 91' lang='lat' dir='ltr'><strong>si</strong></span> <span class='ocrx_word' id='word_1_38' title='bbox 729 897 979 968; x_wconf 86' lang='lat' dir='ltr'><strong>poculum</strong></span> <span class='ocrx_word' id='word_1_39' title='bbox 1038 895 1248 964; x_wconf 87' lang='lat' dir='ltr'><strong>plenum</strong></span> <span class='ocrx_word' id='word_1_40' title='bbox 1301 901 1513 956; x_wconf 89' lang='lat' dir='ltr'><strong>teneas,</strong></span> <span class='ocrx_word' id='word_1_41' title='bbox 1579 898 1628 943; x_wconf 88' lang='lat' dir='ltr'><strong>et</strong></span> <span class='ocrx_word' id='word_1_42' title='bbox 1680 886 1877 942; x_wconf 85' lang='lat' dir='ltr'><strong>sitienti</strong></span> 
     </span>
    </p>
   </div>
   <div class='ocr_carea' id='block_1_7' title="bbox 296 976 1880 1059">
    <p class='ocr_par' dir='ltr' id='par_1_7' title="bbox 296 976 1880 1059">
     <span class='ocr_line' id='line_1_7' title="bbox 296 976 1880 1059; baseline -0.014 -8"><span class='ocrx_word' id='word_1_43' title='bbox 296 996 426 1051; x_wconf 88' lang='lat' dir='ltr'><strong>dare</strong></span> <span class='ocrx_word' id='word_1_44' title='bbox 466 992 727 1059; x_wconf 78' lang='lat' dir='ltr'><strong>incipias;</strong></span> <span class='ocrx_word' id='word_1_45' title='bbox 769 997 822 1044; x_wconf 90' lang='lat' dir='ltr'><strong>et</strong></span> <span class='ocrx_word' id='word_1_46' title='bbox 861 987 1035 1040; x_wconf 87' lang='lat' dir='ltr'><strong>haurit</strong></span> <span class='ocrx_word' id='word_1_47' title='bbox 1070 983 1333 1048; x_wconf 84' lang='lat' dir='ltr'><strong>bibendo,</strong></span> <span class='ocrx_word' id='word_1_48' title='bbox 1375 991 1426 1036; x_wconf 90' lang='lat' dir='ltr'><strong>et</strong></span> <span class='ocrx_word' id='word_1_49' title='bbox 1468 979 1637 1050; x_wconf 89' lang='lat' dir='ltr'><strong>poscit</strong></span> <span class='ocrx_word' id='word_1_50' title='bbox 1670 976 1880 1032; x_wconf 87' lang='lat' dir='ltr'><strong>deside-</strong></span> 
     </span>
    </p>
   </div>
   <div class='ocr_carea' id='block_1_8' title="bbox 293 1068 1877 1153">
    <p class='ocr_par' dir='ltr' id='par_1_8' title="bbox 293 1068 1877 1153">
     <span class='ocr_line' id='line_1_8' title="bbox 293 1068 1877 1153; baseline -0.013 -11"><span class='ocrx_word' id='word_1_51' title='bbox 293 1086 482 1150; x_wconf 87' lang='lat' dir='ltr'><strong>rando.</strong></span> <span class='ocrx_word' id='word_1_52' title='bbox 511 1084 715 1153; x_wconf 89' lang='lat' dir='ltr'><strong>Quibus</strong></span> <span class='ocrx_word' id='word_1_53' title='bbox 741 1092 916 1136; x_wconf 89' lang='lat' dir='ltr'><strong>autem</strong></span> <span class='ocrx_word' id='word_1_54' title='bbox 959 1077 1166 1150; x_wconf 87' lang='lat' dir='ltr'><strong>iujustis</strong></span> <span class='ocrx_word' id='word_1_55' title='bbox 1205 1084 1258 1131; x_wconf 90' lang='lat' dir='ltr'><strong>et</strong></span> <span class='ocrx_word' id='word_1_56' title='bbox 1297 1089 1400 1129; x_wconf 91' lang='lat' dir='ltr'><strong>non</strong></span> <span class='ocrx_word' id='word_1_57' title='bbox 1435 1071 1659 1127; x_wconf 88' lang='lat' dir='ltr'><strong>subditis</strong></span> <span class='ocrx_word' id='word_1_58' title='bbox 1700 1069 1785 1124; x_wconf 87' lang='lat' dir='ltr'><strong>lex</strong></span> <span class='ocrx_word' id='word_1_59' title='bbox 1826 1068 1877 1122; x_wconf 92' lang='lat' dir='ltr'><strong>in</strong></span> 
     </span>
    </p>
   </div>
   <div class='ocr_carea' id='block_1_9' title="bbox 293 1163 1876 1250">
    <p class='ocr_par' dir='ltr' id='par_1_9' title="bbox 293 1163 1876 1250">
     <span class='ocr_line' id='line_1_9' title="bbox 293 1163 1876 1250; baseline -0.015 -14"><span class='ocrx_word' id='word_1_60' title='bbox 293 1177 519 1250; x_wconf 79' lang='lat' dir='ltr'><strong>lapideis</strong></span> <span class='ocrx_word' id='word_1_61' title='bbox 563 1173 755 1228; x_wconf 87' lang='lat' dir='ltr'><strong>tabulis</strong></span> <span class='ocrx_word' id='word_1_62' title='bbox 801 1171 1011 1241; x_wconf 85' lang='lat' dir='ltr'><strong>ponitur</strong></span> <span class='ocrx_word' id='word_1_63' title='bbox 1035 1210 1048 1233; x_wconf 95' lang='lat'><strong>,</strong></span> <span class='ocrx_word' id='word_1_64' title='bbox 1086 1163 1534 1237; x_wconf 67' lang='lat' dir='ltr'><strong>prmvaricationis</strong></span> <span class='ocrx_word' id='word_1_65' title='bbox 1568 1176 1728 1226; x_wconf 86' lang='lat' dir='ltr'><strong>reos,</strong></span> <span class='ocrx_word' id='word_1_66' title='bbox 1771 1174 1876 1214; x_wconf 93' lang='lat' dir='ltr'><strong>non</strong></span> 
     </span>
    </p>
   </div>
   <div class='ocr_carea' id='block_1_10' title="bbox 293 1250 1880 1340">
    <p class='ocr_par' dir='ltr' id='par_1_10' title="bbox 293 1250 1880 1340">
     <span class='ocr_line' id='line_1_10' title="bbox 293 1250 1880 1340; baseline -0.013 -17"><span class='ocrx_word' id='word_1_67' title='bbox 293 1265 666 1340; x_wconf 82' lang='lat' dir='ltr'><strong>promissionis</strong></span> <span class='ocrx_word' id='word_1_68' title='bbox 695 1262 856 1318; x_wconf 91' lang='lat' dir='ltr'><strong>efﬁcit</strong></span> <span class='ocrx_word' id='word_1_69' title='bbox 885 1260 1040 1314; x_wconf 89' lang='lat' dir='ltr'><strong>ﬁlios.</strong></span> <span class='ocrx_word' id='word_1_70' title='bbox 1066 1257 1167 1313; x_wconf 88' lang='lat' dir='ltr'><strong>Sed</strong></span> <span class='ocrx_word' id='word_1_71' title='bbox 1199 1265 1253 1310; x_wconf 87' lang='lat' dir='ltr'><strong>et</strong></span> <span class='ocrx_word' id='word_1_72' title='bbox 1279 1255 1366 1309; x_wconf 91' lang='lat' dir='ltr'><strong>ille</strong></span> <span class='ocrx_word' id='word_1_73' title='bbox 1405 1254 1492 1324; x_wconf 89' lang='lat' dir='ltr'><strong>qui</strong></span> <span class='ocrx_word' id='word_1_74' title='bbox 1532 1251 1646 1322; x_wconf 89' lang='lat' dir='ltr'><strong>ejus</strong></span> <span class='ocrx_word' id='word_1_75' title='bbox 1691 1250 1880 1306; x_wconf 90' lang='lat' dir='ltr'><strong>memi-</strong></span> 
     </span>
    </p>
   </div>
   <div class='ocr_carea' id='block_1_11' title="bbox 289 1345 1877 1424">
    <p class='ocr_par' dir='ltr' id='par_1_11' title="bbox 289 1345 1877 1424">
     <span class='ocr_line' id='line_1_11' title="bbox 289 1345 1877 1424; baseline -0.012 -9"><span class='ocrx_word' id='word_1_76' title='bbox 289 1363 371 1415; x_wconf 88' lang='lat' dir='ltr'><strong>nit</strong></span> <span class='ocrx_word' id='word_1_77' title='bbox 391 1400 407 1424; x_wconf 90' lang='lat'><strong>,</strong></span> <span class='ocrx_word' id='word_1_78' title='bbox 437 1372 537 1413; x_wconf 91' lang='lat' dir='ltr'><strong>nec</strong></span> <span class='ocrx_word' id='word_1_79' title='bbox 561 1370 678 1412; x_wconf 90' lang='lat' dir='ltr'><strong>eam</strong></span> <span class='ocrx_word' id='word_1_80' title='bbox 709 1353 913 1423; x_wconf 77' lang='lat' dir='ltr'><strong>diligit,</strong></span> <span class='ocrx_word' id='word_1_81' title='bbox 943 1365 1008 1405; x_wconf 92' lang='lat' dir='ltr'><strong>eo</strong></span> <span class='ocrx_word' id='word_1_82' title='bbox 1032 1348 1189 1404; x_wconf 81' lang='lat' dir='ltr'><strong>modo</strong></span> <span class='ocrx_word' id='word_1_83' title='bbox 1218 1363 1339 1402; x_wconf 91' lang='lat' dir='ltr'><strong>reus</strong></span> <span class='ocrx_word' id='word_1_84' title='bbox 1365 1356 1483 1410; x_wconf 91' lang='lat' dir='ltr'><strong>est;</strong></span> <span class='ocrx_word' id='word_1_85' title='bbox 1516 1345 1637 1414; x_wconf 84' lang='lat' dir='ltr'><strong>quia</strong></span> <span class='ocrx_word' id='word_1_86' title='bbox 1677 1358 1877 1399; x_wconf 87' lang='lat' dir='ltr'><strong>memo-</strong></span> 
     </span>
    </p>
   </div>
   <div class='ocr_carea' id='block_1_12' title="bbox 291 1437 1877 1517">
    <p class='ocr_par' dir='ltr' id='par_1_12' title="bbox 291 1437 1877 1517">
     <span class='ocr_line' id='line_1_12' title="bbox 291 1437 1877 1517; baseline -0.01 -14"><span class='ocrx_word' id='word_1_87' title='bbox 291 1452 367 1503; x_wconf 86' lang='lat' dir='ltr'><strong>ria</strong></span> <span class='ocrx_word' id='word_1_88' title='bbox 397 1448 510 1517; x_wconf 87' lang='lat' dir='ltr'><strong>ejus</strong></span> <span class='ocrx_word' id='word_1_89' title='bbox 540 1446 675 1514; x_wconf 85' lang='lat' dir='ltr'><strong>lapis</strong></span> <span class='ocrx_word' id='word_1_90' title='bbox 705 1444 778 1497; x_wconf 88' lang='lat' dir='ltr'><strong>illi</strong></span> <span class='ocrx_word' id='word_1_91' title='bbox 809 1451 890 1498; x_wconf 87' lang='lat' dir='ltr'><strong>cst</strong></span> <span class='ocrx_word' id='word_1_92' title='bbox 915 1437 1306 1511; x_wconf 83' lang='lat' dir='ltr'><strong>quodammodo</strong></span> <span class='ocrx_word' id='word_1_93' title='bbox 1336 1438 1563 1505; x_wconf 88' lang='lat' dir='ltr'><strong>scriptus</strong></span> <span class='ocrx_word' id='word_1_94' title='bbox 1585 1476 1602 1502; x_wconf 95' lang='lat'><strong>,</strong></span> <span class='ocrx_word' id='word_1_95' title='bbox 1631 1449 1738 1488; x_wconf 91' lang='lat' dir='ltr'><strong>non</strong></span> <span class='ocrx_word' id='word_1_96' title='bbox 1771 1448 1877 1503; x_wconf 89' lang='lat' dir='ltr'><strong>quo</strong></span> 
     </span>
    </p>
   </div>
   <div class='ocr_carea' id='block_1_13' title="bbox 291 1525 1876 1604">
    <p class='ocr_par' dir='ltr' id='par_1_13' title="bbox 291 1525 1876 1604">
     <span class='ocr_line' id='line_1_13' title="bbox 291 1525 1876 1604; baseline -0.012 -10"><span class='ocrx_word' id='word_1_97' title='bbox 291 1541 582 1594; x_wconf 84' lang='lat' dir='ltr'><strong>adornctur</strong></span> <span class='ocrx_word' id='word_1_98' title='bbox 605 1577 620 1600; x_wconf 90' lang='lat'><strong>,</strong></span> <span class='ocrx_word' id='word_1_99' title='bbox 650 1534 744 1591; x_wconf 88' lang='lat' dir='ltr'><strong>sed</strong></span> <span class='ocrx_word' id='word_1_100' title='bbox 769 1549 872 1604; x_wconf 88' lang='lat' dir='ltr'><strong>quo</strong></span> <span class='ocrx_word' id='word_1_101' title='bbox 907 1538 1214 1602; x_wconf 87' lang='lat' dir='ltr'><strong>prematur;</strong></span> <span class='ocrx_word' id='word_1_102' title='bbox 1262 1526 1469 1599; x_wconf 89' lang='lat' dir='ltr'><strong>pondus</strong></span> <span class='ocrx_word' id='word_1_103' title='bbox 1507 1525 1687 1581; x_wconf 87' lang='lat' dir='ltr'><strong>oneris</strong></span> <span class='ocrx_word' id='word_1_104' title='bbox 1711 1566 1725 1588; x_wconf 94' lang='lat'><strong>,</strong></span> <span class='ocrx_word' id='word_1_105' title='bbox 1771 1538 1876 1576; x_wconf 92' lang='lat' dir='ltr'><strong>non</strong></span> 
     </span>
    </p>
   </div>
   <div class='ocr_carea' id='block_1_14' title="bbox 293 1617 1877 1691">
    <p class='ocr_par' dir='ltr' id='par_1_14' title="bbox 293 1617 1877 1691">
     <span class='ocr_line' id='line_1_14' title="bbox 293 1617 1877 1691; baseline -0.011 -4"><span class='ocrx_word' id='word_1_106' title='bbox 293 1633 476 1687; x_wconf 85' lang='lat' dir='ltr'><strong>titulus</strong></span> <span class='ocrx_word' id='word_1_107' title='bbox 507 1629 746 1684; x_wconf 90' lang='lat' dir='ltr'><strong>honoris.</strong></span> <span class='ocrx_word' id='word_1_108' title='bbox 780 1627 925 1680; x_wconf 87' lang='lat' dir='ltr'><strong>llanc</strong></span> <span class='ocrx_word' id='word_1_109' title='bbox 944 1633 1120 1678; x_wconf 89' lang='lat' dir='ltr'><strong>autem</strong></span> <span class='ocrx_word' id='word_1_110' title='bbox 1147 1623 1314 1691; x_wconf 80' lang='lat' dir='ltr'><strong>legem</strong></span> <span class='ocrx_word' id='word_1_111' title='bbox 1343 1620 1441 1674; x_wconf 89' lang='lat' dir='ltr'><strong>istc</strong></span> <span class='ocrx_word' id='word_1_112' title='bbox 1462 1619 1598 1672; x_wconf 83' lang='lat' dir='ltr'><strong>viam</strong></span> <span class='ocrx_word' id='word_1_113' title='bbox 1619 1617 1877 1686; x_wconf 89' lang='lat' dir='ltr'><strong>justiﬁca-</strong></span> 
     </span>
    </p>
   </div>
   <div class='ocr_carea' id='block_1_15' title="bbox 289 1708 1875 1781">
    <p class='ocr_par' dir='ltr' id='par_1_15' title="bbox 289 1708 1875 1781">
     <span class='ocr_line' id='line_1_15' title="bbox 289 1708 1875 1781; baseline -0.011 -3"><span class='ocrx_word' id='word_1_114' title='bbox 289 1726 494 1778; x_wconf 83' lang='lat' dir='ltr'><strong>tiouunt</strong></span> <span class='ocrx_word' id='word_1_115' title='bbox 539 1720 629 1775; x_wconf 89' lang='lat' dir='ltr'><strong>Dei</strong></span> <span class='ocrx_word' id='word_1_116' title='bbox 668 1719 912 1781; x_wconf 82' lang='lat' dir='ltr'><strong>vocavit;</strong></span> <span class='ocrx_word' id='word_1_117' title='bbox 962 1729 1062 1770; x_wconf 89' lang='lat' dir='ltr'><strong>nec</strong></span> <span class='ocrx_word' id='word_1_118' title='bbox 1106 1713 1210 1768; x_wconf 86' lang='lat' dir='ltr'><strong>alia</strong></span> <span class='ocrx_word' id='word_1_119' title='bbox 1253 1711 1334 1767; x_wconf 86' lang='lat' dir='ltr'><strong>via</strong></span> <span class='ocrx_word' id='word_1_120' title='bbox 1380 1716 1462 1765; x_wconf 90' lang='lat' dir='ltr'><strong>est</strong></span> <span class='ocrx_word' id='word_1_121' title='bbox 1509 1708 1875 1762; x_wconf 87' lang='lat' dir='ltr'><strong>mandatorum</strong></span> 
     </span>
    </p>
   </div>
   <div class='ocr_carea' id='block_1_16' title="bbox 289 1796 1876 1884">
    <p class='ocr_par' dir='ltr' id='par_1_16' title="bbox 289 1796 1876 1884">
     <span class='ocr_line' id='line_1_16' title="bbox 289 1796 1876 1884; baseline -0.014 -15"><span class='ocrx_word' id='word_1_122' title='bbox 289 1813 409 1884; x_wconf 79' lang='lat' dir='ltr'><strong>ejus</strong></span> <span class='ocrx_word' id='word_1_123' title='bbox 431 1853 446 1878; x_wconf 91' lang='lat'><strong>,</strong></span> <span class='ocrx_word' id='word_1_124' title='bbox 476 1825 636 1881; x_wconf 91' lang='lat' dir='ltr'><strong>quam</strong></span> <span class='ocrx_word' id='word_1_125' title='bbox 669 1824 727 1863; x_wconf 90' lang='lat' dir='ltr'><strong>se</strong></span> <span class='ocrx_word' id='word_1_126' title='bbox 764 1805 1063 1862; x_wconf 89' lang='lat' dir='ltr'><strong>cucurrisse</strong></span> <span class='ocrx_word' id='word_1_127' title='bbox 1091 1803 1200 1873; x_wconf 89' lang='lat' dir='ltr'><strong>jam</strong></span> <span class='ocrx_word' id='word_1_128' title='bbox 1232 1797 1482 1865; x_wconf 88' lang='lat' dir='ltr'><strong>dixerat,</strong></span> <span class='ocrx_word' id='word_1_129' title='bbox 1529 1814 1647 1853; x_wconf 91' lang='lat' dir='ltr'><strong>cum</strong></span> <span class='ocrx_word' id='word_1_130' title='bbox 1691 1796 1876 1850; x_wconf 88' lang='lat' dir='ltr'><strong>dilata-</strong></span> 
     </span>
    </p>
   </div>
   <div class='ocr_carea' id='block_1_17' title="bbox 289 1886 1875 1968">
    <p class='ocr_par' dir='ltr' id='par_1_17' title="bbox 289 1886 1875 1968">
     <span class='ocr_line' id='line_1_17' title="bbox 289 1886 1875 1968; baseline -0.011 -10"><span class='ocrx_word' id='word_1_131' title='bbox 289 1913 404 1958; x_wconf 88' lang='lat' dir='ltr'><strong>tum</strong></span> <span class='ocrx_word' id='word_1_132' title='bbox 432 1912 515 1957; x_wconf 90' lang='lat' dir='ltr'><strong>est</strong></span> <span class='ocrx_word' id='word_1_133' title='bbox 542 1916 636 1956; x_wconf 92' lang='lat' dir='ltr'><strong>cor</strong></span> <span class='ocrx_word' id='word_1_134' title='bbox 661 1899 795 1968; x_wconf 89' lang='lat' dir='ltr'><strong>ejus.</strong></span> <span class='ocrx_word' id='word_1_135' title='bbox 831 1897 969 1966; x_wconf 84' lang='lat' dir='ltr'><strong>Ergo</strong></span> <span class='ocrx_word' id='word_1_136' title='bbox 997 1904 1050 1950; x_wconf 90' lang='lat' dir='ltr'><strong>et</strong></span> <span class='ocrx_word' id='word_1_137' title='bbox 1075 1891 1346 1957; x_wconf 90' lang='lat' dir='ltr'><strong>cucurrit,</strong></span> <span class='ocrx_word' id='word_1_138' title='bbox 1378 1899 1430 1944; x_wconf 91' lang='lat' dir='ltr'><strong>et</strong></span> <span class='ocrx_word' id='word_1_139' title='bbox 1457 1888 1662 1954; x_wconf 91' lang='lat' dir='ltr'><strong>currit,</strong></span> <span class='ocrx_word' id='word_1_140' title='bbox 1704 1886 1875 1941; x_wconf 88' lang='lat' dir='ltr'><strong>donec</strong></span> 
     </span>
    </p>
   </div>
   <div class='ocr_carea' id='block_1_18' title="bbox 189 1979 1873 2065">
    <p class='ocr_par' dir='ltr' id='par_1_18' title="bbox 189 1979 1873 2065">
     <span class='ocr_line' id='line_1_18' title="bbox 189 1979 1873 2065; baseline -0.008 -19"><span class='ocrx_word' id='word_1_141' title='bbox 189 2037 200 2046; x_wconf 91' lang='lat'><strong>.</strong></span> <span class='ocrx_word' id='word_1_142' title='bbox 287 1994 563 2065; x_wconf 70' lang='lat' dir='ltr'><strong>perveniat</strong></span> <span class='ocrx_word' id='word_1_143' title='bbox 586 1990 652 2045; x_wconf 89' lang='lat' dir='ltr'><strong>ad</strong></span> <span class='ocrx_word' id='word_1_144' title='bbox 679 1991 902 2060; x_wconf 84' lang='lat' dir='ltr'><strong>palmam</strong></span> <span class='ocrx_word' id='word_1_145' title='bbox 944 1999 1188 2054; x_wconf 67' lang='lat' dir='ltr'><strong>supemm</strong></span> <span class='ocrx_word' id='word_1_146' title='bbox 1222 1981 1514 2036; x_wconf 80' lang='lat' dir='ltr'><strong>vocationis</strong></span> <span class='ocrx_word' id='word_1_147' title='bbox 1557 1979 1670 2034; x_wconf 90' lang='lat' dir='ltr'><strong>Dei.</strong></span> <span class='ocrx_word' id='word_1_148' title='bbox 1713 1979 1873 2034; x_wconf 86' lang='lat' dir='ltr'><strong>Deni-</strong></span> 
     </span>
    </p>
   </div>
   <div class='ocr_carea' id='block_1_19' title="bbox 287 2069 1874 2154">
    <p class='ocr_par' dir='ltr' id='par_1_19' title="bbox 287 2069 1874 2154">
     <span class='ocr_line' id='line_1_19' title="bbox 287 2069 1874 2154; baseline -0.012 -14"><span class='ocrx_word' id='word_1_149' title='bbox 287 2101 398 2154; x_wconf 88' lang='lat' dir='ltr'><strong>que</strong></span> <span class='ocrx_word' id='word_1_150' title='bbox 420 2099 538 2138; x_wconf 91' lang='lat' dir='ltr'><strong>cum</strong></span> <span class='ocrx_word' id='word_1_151' title='bbox 564 2078 832 2144; x_wconf 85' lang='lat' dir='ltr'><strong>dixisset,</strong></span> <span class='ocrx_word' id='word_1_152' title='bbox 864 2076 1046 2148; x_wconf 87' lang='lat' dir='ltr'><strong>Legem</strong></span> <span class='ocrx_word' id='word_1_153' title='bbox 1084 2090 1212 2145; x_wconf 86' lang='lat' dir='ltr'><strong>pone</strong></span> <span class='ocrx_word' id='word_1_154' title='bbox 1250 2073 1408 2139; x_wconf 73' lang='lat' dir='ltr'><strong>milii,</strong></span> <span class='ocrx_word' id='word_1_155' title='bbox 1458 2069 1702 2134; x_wconf 82' lang='lat' dir='ltr'><strong>Domine,</strong></span> <span class='ocrx_word' id='word_1_156' title='bbox 1742 2069 1874 2122; x_wconf 85' lang='lat' dir='ltr'><strong>viam</strong></span> 
     </span>
    </p>
   </div>
   <div class='ocr_carea' id='block_1_20' title="bbox 285 2160 1874 2242">
    <p class='ocr_par' dir='ltr' id='par_1_20' title="bbox 285 2160 1874 2242">
     <span class='ocr_line' id='line_1_20' title="bbox 285 2160 1874 2242; baseline -0.009 -16"><span class='ocrx_word' id='word_1_157' title='bbox 285 2173 711 2242; x_wconf 82' lang='lat' dir='ltr'><strong>iustiﬁcationum</strong></span> <span class='ocrx_word' id='word_1_158' title='bbox 765 2180 998 2231; x_wconf 84' lang='lat' dir='ltr'><strong>tuarum;</strong></span> <span class='ocrx_word' id='word_1_159' title='bbox 1049 2164 1290 2224; x_wconf 81' lang='lat' dir='ltr'><strong>addidit,</strong></span> <span class='ocrx_word' id='word_1_160' title='bbox 1347 2171 1395 2215; x_wconf 83' lang='lat' dir='ltr'><strong>et</strong></span> <span class='ocrx_word' id='word_1_161' title='bbox 1451 2160 1710 2229; x_wconf 71' lang='lat' dir='ltr'><strong>exquiram</strong></span> <span class='ocrx_word' id='word_1_162' title='bbox 1763 2176 1874 2213; x_wconf 87' lang='lat' dir='ltr'><strong>eam</strong></span> 
     </span>
    </p>
   </div>
   <div class='ocr_carea' id='block_1_21' title="bbox 284 2251 1876 2333">
    <p class='ocr_par' dir='ltr' id='par_1_21' title="bbox 284 2251 1876 2333">
     <span class='ocr_line' id='line_1_21' title="bbox 284 2251 1876 2333; baseline -0.008 -16"><span class='ocrx_word' id='word_1_163' title='bbox 284 2280 502 2333; x_wconf 83' lang='lat' dir='ltr'><strong>semper.</strong></span> <span class='ocrx_word' id='word_1_164' title='bbox 531 2258 669 2328; x_wconf 86' lang='lat' dir='ltr'><strong>Quid</strong></span> <span class='ocrx_word' id='word_1_165' title='bbox 696 2259 836 2316; x_wconf 90' lang='lat' dir='ltr'><strong>enim</strong></span> <span class='ocrx_word' id='word_1_166' title='bbox 867 2257 1093 2326; x_wconf 75' lang='lat' dir='ltr'><strong>exquirit</strong></span> <span class='ocrx_word' id='word_1_167' title='bbox 1123 2253 1262 2324; x_wconf 90' lang='lat' dir='ltr'><strong>quod</strong></span> <span class='ocrx_word' id='word_1_168' title='bbox 1292 2251 1445 2306; x_wconf 87' lang='lat' dir='ltr'><strong>habet</strong></span> <span class='ocrx_word' id='word_1_169' title='bbox 1472 2293 1487 2318; x_wconf 90' lang='lat'><strong>,</strong></span> <span class='ocrx_word' id='word_1_170' title='bbox 1527 2251 1624 2306; x_wconf 90' lang='lat' dir='ltr'><strong>nisi</strong></span> <span class='ocrx_word' id='word_1_171' title='bbox 1663 2251 1784 2321; x_wconf 86' lang='lat' dir='ltr'><strong>quia</strong></span> <span class='ocrx_word' id='word_1_172' title='bbox 1821 2257 1876 2306; x_wconf 84' lang='lat' dir='ltr'><strong>et</strong></span> 
     </span>
    </p>
   </div>
   <div class='ocr_carea' id='block_1_22' title="bbox 285 2344 1452 2426">
    <p class='ocr_par' dir='ltr' id='par_1_22' title="bbox 285 2344 1452 2426">
     <span class='ocr_line' id='line_1_22' title="bbox 285 2344 1452 2426; baseline -0.011 -15"><span class='ocrx_word' id='word_1_173' title='bbox 285 2357 448 2412; x_wconf 84' lang='lat' dir='ltr'><strong>habet</strong></span> <span class='ocrx_word' id='word_1_174' title='bbox 473 2355 681 2426; x_wconf 87' lang='lat' dir='ltr'><strong>agendo</strong></span> <span class='ocrx_word' id='word_1_175' title='bbox 702 2397 716 2418; x_wconf 89' lang='lat'><strong>,</strong></span> <span class='ocrx_word' id='word_1_176' title='bbox 751 2361 806 2408; x_wconf 91' lang='lat' dir='ltr'><strong>ct</strong></span> <span class='ocrx_word' id='word_1_177' title='bbox 831 2350 1060 2422; x_wconf 76' lang='lat' dir='ltr'><strong>exquirit</strong></span> <span class='ocrx_word' id='word_1_178' title='bbox 1086 2344 1452 2417; x_wconf 86' lang='lat' dir='ltr'><strong>proﬁciendo?</strong></span> 
     </span>
    </p>
   </div>
   <div class='ocr_carea' id='block_1_23' title="bbox 359 2433 1870 2516">
    <p class='ocr_par' dir='ltr' id='par_1_23' title="bbox 359 2433 1870 2516">
     <span class='ocr_line' id='line_1_23' title="bbox 359 2433 1870 2516; baseline -0.011 -14"><span class='ocrx_word' id='word_1_179' title='bbox 359 2450 414 2502; x_wconf 78' lang='lat'><strong>5.</strong></span> <span class='ocrx_word' id='word_1_180' title='bbox 455 2447 558 2502; x_wconf 87' lang='lat' dir='ltr'><strong>Sed</strong></span> <span class='ocrx_word' id='word_1_181' title='bbox 586 2438 712 2516; x_wconf 86' lang='lat' dir='ltr'><strong>quid</strong></span> <span class='ocrx_word' id='word_1_182' title='bbox 743 2454 821 2499; x_wconf 69' lang='lat' dir='ltr'><strong>est</strong></span> <span class='ocrx_word' id='word_1_183' title='bbox 848 2485 862 2508; x_wconf 95' lang='lat'><strong>,</strong></span> <span class='ocrx_word' id='word_1_184' title='bbox 903 2439 1138 2512; x_wconf 82' lang='lat' dir='ltr'><strong>semper?</strong></span> <span class='ocrx_word' id='word_1_185' title='bbox 1179 2435 1368 2494; x_wconf 89' lang='lat' dir='ltr'><strong>Utrum</strong></span> <span class='ocrx_word' id='word_1_186' title='bbox 1408 2433 1716 2504; x_wconf 76' lang='lat' dir='ltr'><strong>exquirendi</strong></span> <span class='ocrx_word' id='word_1_187' title='bbox 1765 2448 1870 2487; x_wconf 90' lang='lat' dir='ltr'><strong>non</strong></span> 
     </span>
    </p>
   </div>
   <div class='ocr_carea' id='block_1_24' title="bbox 283 2523 1874 2604">
    <p class='ocr_par' dir='ltr' id='par_1_24' title="bbox 283 2523 1874 2604">
     <span class='ocr_line' id='line_1_24' title="bbox 283 2523 1874 2604; baseline -0.011 -10"><span class='ocrx_word' id='word_1_188' title='bbox 283 2540 391 2595; x_wconf 88' lang='lat' dir='ltr'><strong>erit</strong></span> <span class='ocrx_word' id='word_1_189' title='bbox 421 2538 580 2604; x_wconf 90' lang='lat' dir='ltr'><strong>ﬁnis;</strong></span> <span class='ocrx_word' id='word_1_190' title='bbox 607 2537 745 2590; x_wconf 86' lang='lat' dir='ltr'><strong>sicut</strong></span> <span class='ocrx_word' id='word_1_191' title='bbox 774 2535 969 2588; x_wconf 90' lang='lat' dir='ltr'><strong>dictum</strong></span> <span class='ocrx_word' id='word_1_192' title='bbox 997 2539 1080 2586; x_wconf 88' lang='lat' dir='ltr'><strong>est</strong></span> <span class='ocrx_word' id='word_1_193' title='bbox 1102 2571 1118 2596; x_wconf 94' lang='lat'><strong>,</strong></span> <span class='ocrx_word' id='word_1_194' title='bbox 1157 2527 1367 2598; x_wconf 84' lang='lat' dir='ltr'><strong>Semper</strong></span> <span class='ocrx_word' id='word_1_195' title='bbox 1408 2525 1519 2578; x_wconf 84' lang='lat' dir='ltr'><strong>laus</strong></span> <span class='ocrx_word' id='word_1_196' title='bbox 1548 2526 1656 2593; x_wconf 84' lang='lat' dir='ltr'><strong>ejus</strong></span> <span class='ocrx_word' id='word_1_197' title='bbox 1692 2523 1744 2577; x_wconf 87' lang='lat' dir='ltr'><strong>in</strong></span> <span class='ocrx_word' id='word_1_198' title='bbox 1789 2539 1874 2577; x_wconf 80' lang='lat' dir='ltr'><strong>ore</strong></span> 
     </span>
    </p>
   </div>
   <div class='ocr_carea' id='block_1_25' title="bbox 285 2613 1867 2699">
    <p class='ocr_par' dir='ltr' id='par_1_25' title="bbox 285 2613 1867 2699">
     <span class='ocr_line' id='line_1_25' title="bbox 285 2613 1867 2699; baseline -0.01 -17"><span class='ocrx_word' id='word_1_199' title='bbox 285 2646 398 2683; x_wconf 80' lang='lat' dir='ltr'><strong>meo</strong></span> <span class='ocrx_word' id='word_1_200' title='bbox 430 2629 449 2699; x_wconf 88' lang='lat'>(</span> <span class='ocrx_word' id='word_1_201' title='bbox 478 2626 622 2681; x_wconf 85' lang='lat' dir='ltr'><strong>Psal.</strong></span> <span class='ocrx_word' id='word_1_202' title='bbox 658 2640 830 2680; x_wconf 82' lang='lat' dir='ltr'><strong>xxxtn</strong></span> <span class='ocrx_word' id='word_1_203' title='bbox 857 2666 870 2690; x_wconf 92' lang='lat'><strong>,</strong></span> <span class='ocrx_word' id='word_1_204' title='bbox 896 2621 932 2675; x_wconf 78' lang='lat'><strong>‘2</strong></span> <span class='ocrx_word' id='word_1_205' title='bbox 956 2622 996 2692; x_wconf 92' lang='lat'><strong>);</strong></span> <span class='ocrx_word' id='word_1_206' title='bbox 1024 2621 1144 2690; x_wconf 89' lang='lat' dir='ltr'><strong>quia</strong></span> <span class='ocrx_word' id='word_1_207' title='bbox 1173 2616 1418 2671; x_wconf 81' lang='lat' dir='ltr'><strong>laudandi</strong></span> <span class='ocrx_word' id='word_1_208' title='bbox 1452 2630 1552 2668; x_wconf 91' lang='lat' dir='ltr'><strong>non</strong></span> <span class='ocrx_word' id='word_1_209' title='bbox 1581 2615 1682 2668; x_wconf 89' lang='lat' dir='ltr'><strong>crit</strong></span> <span class='ocrx_word' id='word_1_210' title='bbox 1711 2613 1867 2666; x_wconf 89' lang='lat' dir='ltr'><strong>ﬁnis:</strong></span> 
     </span>
    </p>
   </div>
   <div class='ocr_carea' id='block_1_26' title="bbox 285 2703 1870 2791">
    <p class='ocr_par' dir='ltr' id='par_1_26' title="bbox 285 2703 1870 2791">
     <span class='ocr_line' id='line_1_26' title="bbox 285 2703 1870 2791; baseline -0.011 -16"><span class='ocrx_word' id='word_1_211' title='bbox 285 2736 463 2791; x_wconf 83' lang='lat' dir='ltr'><strong>neque</strong></span> <span class='ocrx_word' id='word_1_212' title='bbox 483 2720 627 2775; x_wconf 89' lang='lat' dir='ltr'><strong>enim</strong></span> <span class='ocrx_word' id='word_1_213' title='bbox 659 2717 822 2771; x_wconf 90' lang='lat' dir='ltr'><strong>Deum</strong></span> <span class='ocrx_word' id='word_1_214' title='bbox 855 2729 956 2767; x_wconf 90' lang='lat' dir='ltr'><strong>non</strong></span> <span class='ocrx_word' id='word_1_215' title='bbox 986 2709 1313 2765; x_wconf 82' lang='lat' dir='ltr'><strong>laudabimus</strong></span> <span class='ocrx_word' id='word_1_216' title='bbox 1343 2748 1356 2770; x_wconf 94' lang='lat'><strong>,</strong></span> <span class='ocrx_word' id='word_1_217' title='bbox 1385 2721 1505 2758; x_wconf 90' lang='lat' dir='ltr'><strong>cum</strong></span> <span class='ocrx_word' id='word_1_218' title='bbox 1531 2703 1597 2758; x_wconf 87' lang='lat' dir='ltr'><strong>ad</strong></span> <span class='ocrx_word' id='word_1_219' title='bbox 1635 2703 1750 2773; x_wconf 91' lang='lat' dir='ltr'><strong>ejus</strong></span> <span class='ocrx_word' id='word_1_220' title='bbox 1783 2718 1870 2758; x_wconf 79' lang='lat' dir='ltr'><strong>re-</strong></span> 
     </span>
    </p>
   </div>
   <div class='ocr_carea' id='block_1_27' title="bbox 284 2792 1872 2883">
    <p class='ocr_par' dir='ltr' id='par_1_27' title="bbox 284 2792 1872 2883">
     <span class='ocr_line' id='line_1_27' title="bbox 284 2792 1872 2883; baseline -0.014 -15"><span class='ocrx_word' id='word_1_221' title='bbox 284 2829 452 2883; x_wconf 80' lang='lat' dir='ltr'><strong>gnum</strong></span> <span class='ocrx_word' id='word_1_222' title='bbox 482 2809 875 2882; x_wconf 82' lang='lat' dir='ltr'><strong>pervenerimus</strong></span> <span class='ocrx_word' id='word_1_223' title='bbox 909 2813 1166 2860; x_wconf 65' lang='lat' dir='ltr'><strong>aeternum</strong></span> <span class='ocrx_word' id='word_1_224' title='bbox 1195 2841 1210 2866; x_wconf 92' lang='lat'><strong>,</strong></span> <span class='ocrx_word' id='word_1_225' title='bbox 1251 2813 1372 2854; x_wconf 90' lang='lat' dir='ltr'><strong>cum</strong></span> <span class='ocrx_word' id='word_1_226' title='bbox 1416 2797 1649 2866; x_wconf 80' lang='lat' dir='ltr'><strong>legamus</strong></span> <span class='ocrx_word' id='word_1_227' title='bbox 1673 2837 1686 2859; x_wconf 92' lang='lat'><strong>,</strong></span> <span class='ocrx_word' id='word_1_228' title='bbox 1727 2792 1872 2847; x_wconf 80' lang='lat' dir='ltr'><strong>Beati</strong></span> 
     </span>
    </p>
   </div>
   <div class='ocr_carea' id='block_1_28' title="bbox 285 2886 1871 2976">
    <p class='ocr_par' dir='ltr' id='par_1_28' title="bbox 285 2886 1871 2976">
     <span class='ocr_line' id='line_1_28' title="bbox 285 2886 1871 2976; baseline -0.012 -19"><span class='ocrx_word' id='word_1_229' title='bbox 285 2907 378 2976; x_wconf 83' lang='lat' dir='ltr'><strong>qui</strong></span> <span class='ocrx_word' id='word_1_230' title='bbox 403 2904 627 2957; x_wconf 77' lang='lat' dir='ltr'><strong>habitant</strong></span> <span class='ocrx_word' id='word_1_231' title='bbox 656 2901 707 2955; x_wconf 86' lang='lat' dir='ltr'><strong>in</strong></span> <span class='ocrx_word' id='word_1_232' title='bbox 737 2900 884 2953; x_wconf 90' lang='lat' dir='ltr'><strong>domo</strong></span> <span class='ocrx_word' id='word_1_233' title='bbox 915 2907 1001 2950; x_wconf 87' lang='lat' dir='ltr'><strong>tua</strong></span> <span class='ocrx_word' id='word_1_234' title='bbox 1026 2938 1039 2957; x_wconf 90' lang='lat'><strong>,</strong></span> <span class='ocrx_word' id='word_1_235' title='bbox 1064 2894 1117 2946; x_wconf 87' lang='lat' dir='ltr'><strong>in</strong></span> <span class='ocrx_word' id='word_1_236' title='bbox 1145 2891 1329 2946; x_wconf 69' lang='lat' dir='ltr'><strong>swcula</strong></span> <span class='ocrx_word' id='word_1_237' title='bbox 1357 2888 1656 2943; x_wconf 78' lang='lat' dir='ltr'><strong>swculorum</strong></span> <span class='ocrx_word' id='word_1_238' title='bbox 1692 2886 1871 2939; x_wconf 84' lang='lat' dir='ltr'><strong>lauda-</strong></span> 
     </span>
    </p>
   </div>
   <div class='ocr_carea' id='block_1_29' title="bbox 285 2979 1868 3066">
    <p class='ocr_par' dir='ltr' id='par_1_29' title="bbox 285 2979 1868 3066">
     <span class='ocr_line' id='line_1_29' title="bbox 285 2979 1868 3066; baseline -0.014 -13"><span class='ocrx_word' id='word_1_239' title='bbox 285 2998 413 3052; x_wconf 77' lang='lat' dir='ltr'><strong>bunt</strong></span> <span class='ocrx_word' id='word_1_240' title='bbox 435 3006 482 3050; x_wconf 85' lang='lat' dir='ltr'><strong>te</strong></span> <span class='ocrx_word' id='word_1_241' title='bbox 513 2994 532 3066; x_wconf 92' lang='lat'>(</span> <span class='ocrx_word' id='word_1_242' title='bbox 567 2992 700 3047; x_wconf 25' lang='lat' dir='ltr'><strong>Psal.</strong></span> <span class='ocrx_word' id='word_1_243' title='bbox 737 3004 935 3045; x_wconf 81' lang='lat' dir='ltr'><strong>Lxxxnt</strong></span> <span class='ocrx_word' id='word_1_244' title='bbox 960 3028 975 3052; x_wconf 94' lang='lat'><strong>,</strong></span> <span class='ocrx_word' id='word_1_245' title='bbox 1003 2987 1036 3042; x_wconf 84' lang='lat'><strong>5</strong></span> <span class='ocrx_word' id='word_1_246' title='bbox 1062 2985 1116 3055; x_wconf 87' lang='lat'><strong>)?</strong></span> <span class='ocrx_word' id='word_1_247' title='bbox 1138 2986 1218 3039; x_wconf 89' lang='lat' dir='ltr'><strong>An</strong></span> <span class='ocrx_word' id='word_1_248' title='bbox 1244 3025 1258 3049; x_wconf 93' lang='lat'><strong>,</strong></span> <span class='ocrx_word' id='word_1_249' title='bbox 1281 2997 1504 3050; x_wconf 62' lang='lat' dir='ltr'><strong>sentper,</strong></span> <span class='ocrx_word' id='word_1_250' title='bbox 1535 2979 1730 3033; x_wconf 90' lang='lat' dir='ltr'><strong>dictum</strong></span> <span class='ocrx_word' id='word_1_251' title='bbox 1756 2987 1868 3045; x_wconf 87' lang='lat' dir='ltr'><strong>est,</strong></span> 
     </span>
    </p>
   </div>
   <div class='ocr_carea' id='block_1_30' title="bbox 284 3072 1872 3158">
    <p class='ocr_par' dir='ltr' id='par_1_30' title="bbox 284 3072 1872 3158">
     <span class='ocr_line' id='line_1_30' title="bbox 284 3072 1872 3158; baseline -0.013 -14"><span class='ocrx_word' id='word_1_252' title='bbox 284 3087 543 3158; x_wconf 76' lang='lat' dir='ltr'><strong>quamdiu</strong></span> <span class='ocrx_word' id='word_1_253' title='bbox 576 3085 660 3139; x_wconf 92' lang='lat' dir='ltr'><strong>hic</strong></span> <span class='ocrx_word' id='word_1_254' title='bbox 703 3083 900 3137; x_wconf 79' lang='lat' dir='ltr'><strong>vivitur</strong></span> <span class='ocrx_word' id='word_1_255' title='bbox 927 3121 940 3145; x_wconf 92' lang='lat'><strong>,</strong></span> <span class='ocrx_word' id='word_1_256' title='bbox 985 3079 1107 3148; x_wconf 89' lang='lat' dir='ltr'><strong>quia</strong></span> <span class='ocrx_word' id='word_1_257' title='bbox 1150 3075 1348 3130; x_wconf 87' lang='lat' dir='ltr'><strong>tamdiu</strong></span> <span class='ocrx_word' id='word_1_258' title='bbox 1395 3072 1702 3142; x_wconf 86' lang='lat' dir='ltr'><strong>proﬁcitur;</strong></span> <span class='ocrx_word' id='word_1_259' title='bbox 1755 3076 1872 3140; x_wconf 87' lang='lat' dir='ltr'><strong>post</strong></span> 
     </span>
    </p>
   </div>
   <div class='ocr_carea' id='block_1_31' title="bbox 285 3161 1870 3242">
    <p class='ocr_par' dir='ltr' id='par_1_31' title="bbox 285 3161 1870 3242">
     <span class='ocr_line' id='line_1_31' title="bbox 285 3161 1870 3242; baseline -0.016 -4"><span class='ocrx_word' id='word_1_260' title='bbox 285 3180 430 3238; x_wconf 83' lang='lat' dir='ltr'><strong>hanc</strong></span> <span class='ocrx_word' id='word_1_261' title='bbox 457 3186 632 3232; x_wconf 82' lang='lat' dir='ltr'><strong>autem</strong></span> <span class='ocrx_word' id='word_1_262' title='bbox 665 3177 822 3230; x_wconf 84' lang='lat' dir='ltr'><strong>vitam</strong></span> <span class='ocrx_word' id='word_1_263' title='bbox 852 3173 938 3242; x_wconf 88' lang='lat' dir='ltr'><strong>qui</strong></span> <span class='ocrx_word' id='word_1_264' title='bbox 965 3171 1100 3224; x_wconf 87' lang='lat' dir='ltr'><strong>bene</strong></span> <span class='ocrx_word' id='word_1_265' title='bbox 1120 3168 1214 3225; x_wconf 86' lang='lat' dir='ltr'><strong>hic</strong></span> <span class='ocrx_word' id='word_1_266' title='bbox 1240 3165 1586 3236; x_wconf 89' lang='lat' dir='ltr'><strong>proﬁciebat,</strong></span> <span class='ocrx_word' id='word_1_267' title='bbox 1619 3163 1686 3216; x_wconf 91' lang='lat' dir='ltr'><strong>ibi</strong></span> <span class='ocrx_word' id='word_1_268' title='bbox 1716 3161 1870 3231; x_wconf 87' lang='lat' dir='ltr'><strong>perﬁ-</strong></span> 
     </span>
    </p>
   </div>
   <div class='ocr_carea' id='block_1_32' title="bbox 285 3257 1869 3335">
    <p class='ocr_par' dir='ltr' id='par_1_32' title="bbox 285 3257 1869 3335">
     <span class='ocr_line' id='line_1_32' title="bbox 285 3257 1869 3335; baseline -0.015 -8"><span class='ocrx_word' id='word_1_269' title='bbox 285 3271 473 3327; x_wconf 77' lang='lat' dir='ltr'><strong>citur?</strong></span> <span class='ocrx_word' id='word_1_270' title='bbox 497 3269 644 3325; x_wconf 87' lang='lat' dir='ltr'><strong>Sicut</strong></span> <span class='ocrx_word' id='word_1_271' title='bbox 667 3267 734 3321; x_wconf 89' lang='lat' dir='ltr'><strong>de</strong></span> <span class='ocrx_word' id='word_1_272' title='bbox 759 3262 1071 3335; x_wconf 89' lang='lat' dir='ltr'><strong>quibusdam</strong></span> <span class='ocrx_word' id='word_1_273' title='bbox 1098 3259 1309 3315; x_wconf 81' lang='lat' dir='ltr'><strong>feminis</strong></span> <span class='ocrx_word' id='word_1_274' title='bbox 1347 3257 1543 3311; x_wconf 87' lang='lat' dir='ltr'><strong>dictum</strong></span> <span class='ocrx_word' id='word_1_275' title='bbox 1576 3263 1655 3308; x_wconf 85' lang='lat' dir='ltr'><strong>est</strong></span> <span class='ocrx_word' id='word_1_276' title='bbox 1680 3295 1696 3320; x_wconf 96' lang='lat'><strong>,</strong></span> <span class='ocrx_word' id='word_1_277' title='bbox 1736 3270 1869 3308; x_wconf 86' lang='lat' dir='ltr'><strong>sem-</strong></span> 
     </span>
    </p>
   </div>
   <div class='ocr_carea' id='block_1_33' title="bbox 287 3343 1868 3436">
    <p class='ocr_par' dir='ltr' id='par_1_33' title="bbox 287 3343 1868 3436">
     <span class='ocr_line' id='line_1_33' title="bbox 287 3343 1868 3436; baseline -0.014 -18"><span class='ocrx_word' id='word_1_278' title='bbox 287 3381 384 3436; x_wconf 79' lang='lat' dir='ltr'><strong>per</strong></span> <span class='ocrx_word' id='word_1_279' title='bbox 406 3363 648 3416; x_wconf 74' lang='lat' dir='ltr'><strong>discentes</strong></span> <span class='ocrx_word' id='word_1_280' title='bbox 671 3375 690 3412; x_wconf 91' lang='lat'><strong><em>:</em></strong></span> <span class='ocrx_word' id='word_1_281' title='bbox 719 3357 814 3413; x_wconf 91' lang='lat' dir='ltr'><strong>sed</strong></span> <span class='ocrx_word' id='word_1_282' title='bbox 842 3355 945 3410; x_wconf 57' lang='lat' dir='ltr'><strong>illa;</strong></span> <span class='ocrx_word' id='word_1_283' title='bbox 971 3353 1108 3408; x_wconf 91' lang='lat' dir='ltr'><strong>male</strong></span> <span class='ocrx_word' id='word_1_284' title='bbox 1132 3393 1147 3418; x_wconf 97' lang='lat'><strong>,</strong></span> <span class='ocrx_word' id='word_1_285' title='bbox 1188 3350 1308 3420; x_wconf 87' lang='lat' dir='ltr'><strong>quia</strong></span> <span class='ocrx_word' id='word_1_286' title='bbox 1341 3358 1554 3403; x_wconf 88' lang='lat' dir='ltr'><strong>secutus</strong></span> <span class='ocrx_word' id='word_1_287' title='bbox 1588 3343 1830 3430; x_wconf 67' lang='lat' dir='ltr'><strong>adjunxit</strong></span> <span class='ocrx_word' id='word_1_288' title='bbox 1852 3385 1868 3410; x_wconf 88' lang='lat'><strong>,</strong></span> 
     </span>
    </p>
   </div>
   <div class='ocr_carea' id='block_1_34' title="bbox 287 3423 1868 3513">
    <p class='ocr_par' dir='ltr' id='par_1_34' title="bbox 287 3423 1868 3513">
     <span class='ocr_line' id='line_1_34' title="bbox 287 3423 1868 3513; baseline -0.015 -3"><span class='ocrx_word' id='word_1_289' title='bbox 287 3456 363 3510; x_wconf 85' lang='lat' dir='ltr'><strong>Et</strong></span> <span class='ocrx_word' id='word_1_290' title='bbox 389 3455 456 3508; x_wconf 80' lang='lat' dir='ltr'><strong>ad</strong></span> <span class='ocrx_word' id='word_1_291' title='bbox 479 3452 696 3507; x_wconf 82' lang='lat' dir='ltr'><strong>ueritatis</strong></span> <span class='ocrx_word' id='word_1_292' title='bbox 715 3449 970 3505; x_wconf 78' lang='lat' dir='ltr'><strong>scientiam</strong></span> <span class='ocrx_word' id='word_1_293' title='bbox 993 3459 1250 3513; x_wconf 81' lang='lat' dir='ltr'><strong>nunquam</strong></span> <span class='ocrx_word' id='word_1_294' title='bbox 1271 3439 1603 3510; x_wconf 84' lang='lat' dir='ltr'><strong>pervenientes</strong></span> <span class='ocrx_word' id='word_1_295' title='bbox 1629 3435 1646 3507; x_wconf 96' lang='lat'>(</span> <span class='ocrx_word' id='word_1_296' title='bbox 1670 3434 1707 3488; x_wconf 92' lang='lat' dir='ltr'><strong>ll</strong></span> <span class='ocrx_word' id='word_1_297' title='bbox 1738 3423 1868 3487; x_wconf 78' lang='lat' dir='ltr'><strong>Tim.</strong></span> 
     </span>
    </p>
   </div>
   <div class='ocr_carea' id='block_1_35' title="bbox 287 3527 1872 3617">
    <p class='ocr_par' dir='ltr' id='par_1_35' title="bbox 287 3527 1872 3617">
     <span class='ocr_line' id='line_1_35' title="bbox 287 3527 1872 3617; baseline -0.016 -12"><span class='ocrx_word' id='word_1_298' title='bbox 287 3565 349 3604; x_wconf 82' lang='grc' dir='ltr'><strong>ιιι</strong></span> <span class='ocrx_word' id='word_1_299' title='bbox 374 3588 392 3615; x_wconf 85' lang='grc'><em>,</em></span> <span class='ocrx_word' id='word_1_300' title='bbox 420 3549 450 3602; x_wconf 84' lang='grc'>7</span> <span class='ocrx_word' id='word_1_301' title='bbox 475 3548 513 3617; x_wconf 91' lang='grc'><strong>).</strong></span> <span class='ocrx_word' id='word_1_302' title='bbox 547 3545 644 3614; x_wconf 92' lang='lat' dir='ltr'><strong>Qui</strong></span> <span class='ocrx_word' id='word_1_303' title='bbox 675 3559 804 3598; x_wconf 90' lang='lat' dir='ltr'><strong>vero</strong></span> <span class='ocrx_word' id='word_1_304' title='bbox 833 3542 884 3594; x_wconf 94' lang='lat' dir='ltr'><strong>in</strong></span> <span class='ocrx_word' id='word_1_305' title='bbox 913 3538 1100 3593; x_wconf 86' lang='lat' dir='ltr'><strong>melius</strong></span> <span class='ocrx_word' id='word_1_306' title='bbox 1129 3550 1339 3604; x_wconf 74' lang='lat' dir='ltr'><strong>semper</strong></span> <span class='ocrx_word' id='word_1_307' title='bbox 1365 3531 1450 3585; x_wconf 87' lang='lat' dir='ltr'><strong>hic</strong></span> <span class='ocrx_word' id='word_1_308' title='bbox 1481 3527 1726 3599; x_wconf 89' lang='lat' dir='ltr'><strong>proﬁcit,</strong></span> <span class='ocrx_word' id='word_1_309' title='bbox 1767 3540 1872 3596; x_wconf 91' lang='lat' dir='ltr'><strong>quo</strong></span> 
     </span>
    </p>
   </div>
   <div class='ocr_carea' id='block_1_36' title="bbox 287 3619 1869 3712">
    <p class='ocr_par' dir='ltr' id='par_1_36' title="bbox 287 3619 1869 3712">
     <span class='ocr_line' id='line_1_36' title="bbox 287 3619 1869 3712; baseline -0.015 -18"><span class='ocrx_word' id='word_1_310' title='bbox 287 3637 620 3712; x_wconf 88' lang='lat' dir='ltr'><strong>proﬁciendo</strong></span> <span class='ocrx_word' id='word_1_311' title='bbox 646 3635 830 3689; x_wconf 89' lang='lat' dir='ltr'><strong>nititur</strong></span> <span class='ocrx_word' id='word_1_312' title='bbox 853 3673 868 3696; x_wconf 91' lang='lat'><strong>,</strong></span> <span class='ocrx_word' id='word_1_313' title='bbox 899 3628 1141 3700; x_wconf 87' lang='lat' dir='ltr'><strong>pervenit</strong></span> <span class='ocrx_word' id='word_1_314' title='bbox 1164 3668 1179 3692; x_wconf 96' lang='lat'><strong>,</strong></span> <span class='ocrx_word' id='word_1_315' title='bbox 1213 3626 1299 3678; x_wconf 90' lang='lat' dir='ltr'><strong>ubi</strong></span> <span class='ocrx_word' id='word_1_316' title='bbox 1321 3625 1430 3694; x_wconf 85' lang='lat' dir='ltr'><strong>jam</strong></span> <span class='ocrx_word' id='word_1_317' title='bbox 1460 3639 1563 3676; x_wconf 84' lang='lat' dir='ltr'><strong>non</strong></span> <span class='ocrx_word' id='word_1_318' title='bbox 1593 3619 1869 3690; x_wconf 88' lang='lat' dir='ltr'><strong>proﬁciat,</strong></span> 
     </span>
    </p>
   </div>
   <div class='ocr_carea' id='block_1_37' title="bbox 286 3709 1868 3800">
    <p class='ocr_par' dir='ltr' id='par_1_37' title="bbox 286 3709 1868 3800">
     <span class='ocr_line' id='line_1_37' title="bbox 286 3709 1868 3800; baseline -0.016 -16"><span class='ocrx_word' id='word_1_319' title='bbox 286 3709 418 3800; x_wconf 72' lang='lat' dir='ltr'><strong>quia</strong></span> <span class='ocrx_word' id='word_1_320' title='bbox 444 3726 708 3798; x_wconf 86' lang='lat' dir='ltr'><strong>perfectus</strong></span> <span class='ocrx_word' id='word_1_321' title='bbox 735 3723 848 3776; x_wconf 87' lang='lat' dir='ltr'><strong>sine</strong></span> <span class='ocrx_word' id='word_1_322' title='bbox 874 3722 977 3774; x_wconf 88' lang='lat' dir='ltr'><strong>ﬁne</strong></span> <span class='ocrx_word' id='word_1_323' title='bbox 1003 3716 1266 3772; x_wconf 88' lang='lat' dir='ltr'><strong>consistit.</strong></span> <span class='ocrx_word' id='word_1_324' title='bbox 1295 3713 1400 3767; x_wconf 80' lang='lat' dir='ltr'><strong>Nec</strong></span> <span class='ocrx_word' id='word_1_325' title='bbox 1447 3711 1515 3766; x_wconf 90' lang='lat' dir='ltr'><strong>de</strong></span> <span class='ocrx_word' id='word_1_326' title='bbox 1549 3709 1656 3763; x_wconf 90' lang='lat' dir='ltr'><strong>illis</strong></span> <span class='ocrx_word' id='word_1_327' title='bbox 1697 3717 1868 3761; x_wconf 89' lang='lat' dir='ltr'><strong>tamen</strong></span> 
     </span>
    </p>
   </div>
   <div class='ocr_carea' id='block_1_38' title="bbox 287 3805 1870 3882">
    <p class='ocr_par' dir='ltr' id='par_1_38' title="bbox 287 3805 1870 3882">
     <span class='ocr_line' id='line_1_38' title="bbox 287 3805 1870 3882; baseline -0.017 -7"><span class='ocrx_word' id='word_1_328' title='bbox 287 3821 370 3876; x_wconf 86' lang='lat' dir='ltr'><strong>ita</strong></span> <span class='ocrx_word' id='word_1_329' title='bbox 397 3818 591 3873; x_wconf 86' lang='lat' dir='ltr'><strong>dictum</strong></span> <span class='ocrx_word' id='word_1_330' title='bbox 616 3823 698 3871; x_wconf 85' lang='lat' dir='ltr'><strong>est</strong></span> <span class='ocrx_word' id='word_1_331' title='bbox 721 3855 734 3880; x_wconf 91' lang='lat'><strong>,</strong></span> <span class='ocrx_word' id='word_1_332' title='bbox 767 3827 957 3882; x_wconf 86' lang='lat' dir='ltr'><strong>semper</strong></span> <span class='ocrx_word' id='word_1_333' title='bbox 982 3809 1224 3862; x_wconf 80' lang='lat' dir='ltr'><strong>discentes</strong></span> <span class='ocrx_word' id='word_1_334' title='bbox 1247 3843 1262 3870; x_wconf 91' lang='lat'><strong>,</strong></span> <span class='ocrx_word' id='word_1_335' title='bbox 1291 3812 1350 3858; x_wconf 91' lang='lat' dir='ltr'><strong>ut</strong></span> <span class='ocrx_word' id='word_1_336' title='bbox 1377 3811 1430 3857; x_wconf 91' lang='lat' dir='ltr'><strong>et</strong></span> <span class='ocrx_word' id='word_1_337' title='bbox 1479 3807 1601 3870; x_wconf 88' lang='lat' dir='ltr'><strong>post</strong></span> <span class='ocrx_word' id='word_1_338' title='bbox 1646 3805 1870 3853; x_wconf 87' lang='lat' dir='ltr'><strong>mortem</strong></span> 
     </span>
    </p>
   </div>
   <div class='ocr_carea' id='block_1_39' title="bbox 287 3887 1874 3981">
    <p class='ocr_par' dir='ltr' id='par_1_39' title="bbox 287 3887 1874 3981">
     <span class='ocr_line' id='line_1_39' title="bbox 287 3887 1874 3981; baseline -0.02 -9"><span class='ocrx_word' id='word_1_339' title='bbox 287 3915 502 3973; x_wconf 75' lang='lat' dir='ltr'><strong>discere</strong></span> <span class='ocrx_word' id='word_1_340' title='bbox 527 3915 868 3981; x_wconf 80' lang='lat' dir='ltr'><strong>perseverent</strong></span> <span class='ocrx_word' id='word_1_341' title='bbox 892 3918 1024 3957; x_wconf 89' lang='lat' dir='ltr'><strong>vana</strong></span> <span class='ocrx_word' id='word_1_342' title='bbox 1050 3910 1104 3955; x_wconf 89' lang='lat' dir='ltr'><strong>et</strong></span> <span class='ocrx_word' id='word_1_343' title='bbox 1130 3897 1451 3953; x_wconf 81' lang='lat' dir='ltr'><strong>infructuosa</strong></span> <span class='ocrx_word' id='word_1_344' title='bbox 1477 3910 1492 3959; x_wconf 93' lang='lat'><strong>;</strong></span> <span class='ocrx_word' id='word_1_345' title='bbox 1522 3906 1640 3947; x_wconf 91' lang='lat' dir='ltr'><strong>cum</strong></span> <span class='ocrx_word' id='word_1_346' title='bbox 1684 3887 1874 3944; x_wconf 88' lang='lat' dir='ltr'><strong>talibus</strong></span> 
     </span>
    </p>
   </div>
   <div class='ocr_carea' id='block_1_40' title="bbox 288 3981 1872 4062">
    <p class='ocr_par' dir='ltr' id='par_1_40' title="bbox 288 3981 1872 4062">
     <span class='ocr_line' id='line_1_40' title="bbox 288 3981 1872 4062; baseline -0.02 1"><span class='ocrx_word' id='word_1_347' title='bbox 288 4006 552 4062; x_wconf 81' lang='lat' dir='ltr'><strong>doctrinis</strong></span> <span class='ocrx_word' id='word_1_348' title='bbox 574 3998 927 4057; x_wconf 85' lang='lat' dir='ltr'><strong>successerint</strong></span> <span class='ocrx_word' id='word_1_349' title='bbox 953 4009 1057 4049; x_wconf 89' lang='lat' dir='ltr'><strong>non</strong></span> <span class='ocrx_word' id='word_1_350' title='bbox 1083 3990 1253 4046; x_wconf 88' lang='lat' dir='ltr'><strong>studia</strong></span> <span class='ocrx_word' id='word_1_351' title='bbox 1280 4029 1296 4053; x_wconf 95' lang='lat'><strong>,</strong></span> <span class='ocrx_word' id='word_1_352' title='bbox 1323 3986 1417 4040; x_wconf 83' lang='lat' dir='ltr'><strong>sed</strong></span> <span class='ocrx_word' id='word_1_353' title='bbox 1441 3981 1697 4054; x_wconf 84' lang='lat' dir='ltr'><strong>supplicia</strong></span> <span class='ocrx_word' id='word_1_354' title='bbox 1726 3994 1872 4036; x_wconf 87' lang='lat' dir='ltr'><strong>sem-</strong></span> 
     </span>
    </p>
   </div>
   <div class='ocr_carea' id='block_1_41' title="bbox 289 4071 1873 4169">
    <p class='ocr_par' dir='ltr' id='par_1_41' title="bbox 289 4071 1873 4169">
     <span class='ocr_line' id='line_1_41' title="bbox 289 4071 1873 4169; baseline -0.018 -16"><span class='ocrx_word' id='word_1_355' title='bbox 289 4099 522 4169; x_wconf 89' lang='lat' dir='ltr'><strong>piterna.</strong></span> <span class='ocrx_word' id='word_1_356' title='bbox 550 4093 648 4154; x_wconf 79' lang='lat' dir='ltr'><strong>Hic</strong></span> <span class='ocrx_word' id='word_1_357' title='bbox 671 4105 798 4162; x_wconf 84' lang='lat' dir='ltr'><strong>ergo</strong></span> <span class='ocrx_word' id='word_1_358' title='bbox 823 4087 1116 4158; x_wconf 80' lang='lat' dir='ltr'><strong>exquiritur</strong></span> <span class='ocrx_word' id='word_1_359' title='bbox 1147 4082 1240 4136; x_wconf 82' lang='lat' dir='ltr'><strong>Dei</strong></span> <span class='ocrx_word' id='word_1_360' title='bbox 1268 4079 1352 4133; x_wconf 81' lang='lat' dir='ltr'><strong>lex</strong></span> <span class='ocrx_word' id='word_1_361' title='bbox 1371 4115 1392 4146; x_wconf 85' lang='lat'><strong>,</strong></span> <span class='ocrx_word' id='word_1_362' title='bbox 1432 4073 1680 4145; x_wconf 88' lang='lat' dir='ltr'><strong>quamdiu</strong></span> <span class='ocrx_word' id='word_1_363' title='bbox 1725 4071 1774 4125; x_wconf 93' lang='lat' dir='ltr'><strong>in</strong></span> <span class='ocrx_word' id='word_1_364' title='bbox 1811 4086 1873 4126; x_wconf 88' lang='lat' dir='ltr'><strong>ea</strong></span> 
     </span>
    </p>
   </div>
   <div class='ocr_carea' id='block_1_42' title="bbox 287 4162 1876 4262">
    <p class='ocr_par' dir='ltr' id='par_1_42' title="bbox 287 4162 1876 4262">
     <span class='ocr_line' id='line_1_42' title="bbox 287 4162 1876 4262; baseline -0.019 -18"><span class='ocrx_word' id='word_1_365' title='bbox 287 4162 571 4262; x_wconf 66' lang='lat' dir='ltr'><strong>proﬁcitur</strong></span> <span class='ocrx_word' id='word_1_366' title='bbox 593 4226 608 4252; x_wconf 92' lang='lat'><strong>,</strong></span> <span class='ocrx_word' id='word_1_367' title='bbox 637 4193 694 4238; x_wconf 88' lang='lat' dir='ltr'><strong>et</strong></span> <span class='ocrx_word' id='word_1_368' title='bbox 715 4179 933 4236; x_wconf 88' lang='lat' dir='ltr'><strong>sciendo</strong></span> <span class='ocrx_word' id='word_1_369' title='bbox 956 4185 1012 4232; x_wconf 90' lang='lat' dir='ltr'><strong>et</strong></span> <span class='ocrx_word' id='word_1_370' title='bbox 1036 4170 1337 4243; x_wconf 88' lang='lat' dir='ltr'><strong>diligendo;</strong></span> <span class='ocrx_word' id='word_1_371' title='bbox 1385 4167 1454 4222; x_wconf 90' lang='lat' dir='ltr'><strong>ibi</strong></span> <span class='ocrx_word' id='word_1_372' title='bbox 1491 4174 1668 4218; x_wconf 90' lang='lat' dir='ltr'><strong>autem</strong></span> <span class='ocrx_word' id='word_1_373' title='bbox 1705 4162 1876 4232; x_wconf 84' lang='lat' dir='ltr'><strong>pleni-</strong></span> 
     </span>
    </p>
   </div>
   <div class='ocr_carea' id='block_1_43' title="bbox 287 4255 1874 4349">
    <p class='ocr_par' dir='ltr' id='par_1_43' title="bbox 287 4255 1874 4349">
     <span class='ocr_line' id='line_1_43' title="bbox 287 4255 1874 4349; baseline -0.019 -13"><span class='ocrx_word' id='word_1_374' title='bbox 287 4255 429 4337; x_wconf 67' lang='lat' dir='ltr'><strong>tudo</strong></span> <span class='ocrx_word' id='word_1_375' title='bbox 457 4278 569 4349; x_wconf 87' lang='lat' dir='ltr'><strong>ejus</strong></span> <span class='ocrx_word' id='word_1_376' title='bbox 592 4282 771 4330; x_wconf 87' lang='lat' dir='ltr'><strong>manet</strong></span> <span class='ocrx_word' id='word_1_377' title='bbox 793 4271 858 4326; x_wconf 88' lang='lat' dir='ltr'><strong>ad</strong></span> <span class='ocrx_word' id='word_1_378' title='bbox 890 4267 1168 4324; x_wconf 87' lang='lat' dir='ltr'><strong>fruendum</strong></span> <span class='ocrx_word' id='word_1_379' title='bbox 1197 4304 1212 4330; x_wconf 91' lang='lat'><strong>,</strong></span> <span class='ocrx_word' id='word_1_380' title='bbox 1243 4278 1346 4318; x_wconf 90' lang='lat' dir='ltr'><strong>non</strong></span> <span class='ocrx_word' id='word_1_381' title='bbox 1371 4264 1616 4314; x_wconf 85' lang='lat' dir='ltr'><strong>remanet</strong></span> <span class='ocrx_word' id='word_1_382' title='bbox 1640 4255 1704 4310; x_wconf 91' lang='lat' dir='ltr'><strong>ad</strong></span> <span class='ocrx_word' id='word_1_383' title='bbox 1727 4269 1874 4325; x_wconf 72' lang='lat' dir='ltr'><strong>qua:-</strong></span> 
     </span>
    </p>
   </div>
   <div class='ocr_carea' id='block_1_44' title="bbox 286 4348 1874 4437">
    <p class='ocr_par' dir='ltr' id='par_1_44' title="bbox 286 4348 1874 4437">
     <span class='ocr_line' id='line_1_44' title="bbox 286 4348 1874 4437; baseline -0.02 -8"><span class='ocrx_word' id='word_1_384' title='bbox 286 4348 547 4432; x_wconf 82' lang='lat' dir='ltr'><strong>rendum.</strong></span> <span class='ocrx_word' id='word_1_385' title='bbox 575 4370 664 4437; x_wconf 83' lang='lat' dir='ltr'><strong>Sic</strong></span> <span class='ocrx_word' id='word_1_386' title='bbox 687 4367 843 4421; x_wconf 90' lang='lat' dir='ltr'><strong>etiam</strong></span> <span class='ocrx_word' id='word_1_387' title='bbox 871 4362 993 4418; x_wconf 88' lang='lat' dir='ltr'><strong>illud</strong></span> <span class='ocrx_word' id='word_1_388' title='bbox 1023 4360 1222 4415; x_wconf 90' lang='lat' dir='ltr'><strong>dictum</strong></span> <span class='ocrx_word' id='word_1_389' title='bbox 1264 4363 1346 4411; x_wconf 90' lang='lat' dir='ltr'><strong>est</strong></span> <span class='ocrx_word' id='word_1_390' title='bbox 1365 4395 1380 4420; x_wconf 95' lang='lat'><strong>,</strong></span> <span class='ocrx_word' id='word_1_391' title='bbox 1432 4352 1652 4420; x_wconf 70' lang='lat' dir='ltr'><strong>Qum-ite</strong></span> <span class='ocrx_word' id='word_1_392' title='bbox 1694 4348 1874 4419; x_wconf 79' lang='lat' dir='ltr'><strong>facient</strong></span> 
     </span>
    </p>
   </div>
   <div class='ocr_carea' id='block_1_45' title="bbox 271 4438 1873 4535">
    <p class='ocr_par' dir='ltr' id='par_1_45' title="bbox 271 4438 1873 4535">
     <span class='ocr_line' id='line_1_45' title="bbox 271 4438 1873 4535; baseline -0.02 -13"><span class='ocrx_word' id='word_1_393' title='bbox 271 4465 411 4535; x_wconf 69' lang='lat' dir='ltr'><strong>ejus</strong></span> <span class='ocrx_word' id='word_1_394' title='bbox 434 4476 625 4532; x_wconf 76' lang='lat' dir='ltr'><strong>seraper</strong></span> <span class='ocrx_word' id='word_1_395' title='bbox 647 4459 667 4530; x_wconf 95' lang='lat'>(</span> <span class='ocrx_word' id='word_1_396' title='bbox 688 4457 832 4512; x_wconf 86' lang='lat' dir='ltr'><strong>Psal.</strong></span> <span class='ocrx_word' id='word_1_397' title='bbox 857 4470 960 4518; x_wconf 73' lang='grc' dir='ltr'>ειν,</span> <span class='ocrx_word' id='word_1_398' title='bbox 992 4453 1026 4506; x_wconf 70' lang='grc'><strong>4</strong></span> <span class='ocrx_word' id='word_1_399' title='bbox 1045 4451 1084 4521; x_wconf 91' lang='grc'><strong>).</strong></span> <span class='ocrx_word' id='word_1_400' title='bbox 1118 4448 1216 4505; x_wconf 89' lang='lat' dir='ltr'><strong>Ubi</strong></span> <span class='ocrx_word' id='word_1_401' title='bbox 1245 4461 1466 4515; x_wconf 83' lang='lat' dir='ltr'><strong>semper,</strong></span> <span class='ocrx_word' id='word_1_402' title='bbox 1495 4442 1592 4495; x_wconf 92' lang='lat' dir='ltr'><strong>nisi</strong></span> <span class='ocrx_word' id='word_1_403' title='bbox 1619 4441 1739 4494; x_wconf 90' lang='lat' dir='ltr'><strong>hic?</strong></span> <span class='ocrx_word' id='word_1_404' title='bbox 1760 4438 1873 4492; x_wconf 83' lang='lat' dir='ltr'><strong>Non</strong></span> 
     </span>
    </p>
   </div>
   <div class='ocr_carea' id='block_1_46' title="bbox 284 4527 1874 4621">
    <p class='ocr_par' dir='ltr' id='par_1_46' title="bbox 284 4527 1874 4621">
     <span class='ocr_line' id='line_1_46' title="bbox 284 4527 1874 4621; baseline -0.021 -6"><span class='ocrx_word' id='word_1_405' title='bbox 284 4527 445 4618; x_wconf 38' lang='lat' dir='ltr'><strong>evniat</strong></span> <span class='ocrx_word' id='word_1_406' title='bbox 471 4564 522 4610; x_wconf 91' lang='lat' dir='ltr'><strong>ct</strong></span> <span class='ocrx_word' id='word_1_407' title='bbox 538 4527 621 4608; x_wconf 82' lang='lat' dir='ltr'><strong>ibi</strong></span> <span class='ocrx_word' id='word_1_408' title='bbox 651 4527 949 4621; x_wconf 72' lang='lat' dir='ltr'><strong>qumremus</strong></span> <span class='ocrx_word' id='word_1_409' title='bbox 975 4543 1067 4598; x_wconf 90' lang='lat' dir='ltr'><strong>Dei</strong></span> <span class='ocrx_word' id='word_1_410' title='bbox 1098 4541 1280 4595; x_wconf 81' lang='lat' dir='ltr'><strong>faciem</strong></span> <span class='ocrx_word' id='word_1_411' title='bbox 1309 4578 1323 4602; x_wconf 96' lang='lat'><strong>,</strong></span> <span class='ocrx_word' id='word_1_412' title='bbox 1352 4537 1440 4591; x_wconf 92' lang='lat' dir='ltr'><strong>ubi</strong></span> <span class='ocrx_word' id='word_1_413' title='bbox 1471 4532 1769 4588; x_wconf 88' lang='lat' dir='ltr'><strong>videbimus</strong></span> <span class='ocrx_word' id='word_1_414' title='bbox 1793 4527 1874 4582; x_wconf 86' lang='lat' dir='ltr'><strong>fa-</strong></span> 
     </span>
    </p>
   </div>
   <div class='ocr_carea' id='block_1_47' title="bbox 286 4622 1878 4715">
    <p class='ocr_par' dir='ltr' id='par_1_47' title="bbox 286 4622 1878 4715">
     <span class='ocr_line' id='line_1_47' title="bbox 286 4622 1878 4715; baseline -0.019 -11"><span class='ocrx_word' id='word_1_415' title='bbox 286 4652 384 4704; x_wconf 88' lang='lat' dir='ltr'><strong>cie</strong></span> <span class='ocrx_word' id='word_1_416' title='bbox 409 4647 472 4701; x_wconf 89' lang='lat' dir='ltr'><strong>ad</strong></span> <span class='ocrx_word' id='word_1_417' title='bbox 500 4645 687 4700; x_wconf 88' lang='lat' dir='ltr'><strong>faciem</strong></span> <span class='ocrx_word' id='word_1_418' title='bbox 717 4643 774 4715; x_wconf 83' lang='lat' dir='ltr'><strong>(l</strong></span> <span class='ocrx_word' id='word_1_419' title='bbox 805 4639 921 4695; x_wconf 89' lang='lat' dir='ltr'><strong>Cor.</strong></span> <span class='ocrx_word' id='word_1_420' title='bbox 947 4651 1040 4690; x_wconf 82' lang='lat' dir='ltr'><strong>xm</strong></span> <span class='ocrx_word' id='word_1_421' title='bbox 1071 4676 1083 4698; x_wconf 93' lang='lat'><strong>,</strong></span> <span class='ocrx_word' id='word_1_422' title='bbox 1115 4632 1182 4685; x_wconf 67' lang='grc'><strong>12</strong></span> <span class='ocrx_word' id='word_1_423' title='bbox 1209 4633 1248 4700; x_wconf 91' lang='grc'><strong>).</strong></span> <span class='ocrx_word' id='word_1_424' title='bbox 1277 4631 1382 4683; x_wconf 84' lang='lat' dir='ltr'><strong>Aut</strong></span> <span class='ocrx_word' id='word_1_425' title='bbox 1419 4627 1462 4682; x_wconf 91' lang='lat' dir='ltr'><strong>si</strong></span> <span class='ocrx_word' id='word_1_426' title='bbox 1498 4635 1641 4680; x_wconf 89' lang='lat' dir='ltr'><strong>recte</strong></span> <span class='ocrx_word' id='word_1_427' title='bbox 1666 4622 1878 4715; x_wconf 90' lang='lat' dir='ltr'><strong>dicitur</strong></span> 
     </span>
    </p>
   </div>
   <div class='ocr_carea' id='block_1_48' title="bbox 205 4714 1878 4810">
    <p class='ocr_par' dir='ltr' id='par_1_48' title="bbox 205 4714 1878 4810">
     <span class='ocr_line' id='line_1_48' title="bbox 205 4714 1878 4810; baseline -0.02 -12"><span class='ocrx_word' id='word_1_428' title='bbox 205 4731 212 4740; x_wconf 65' lang='grc'><em>’</em></span> <span class='ocrx_word' id='word_1_429' title='bbox 290 4738 502 4810; x_wconf 74' lang='lat' dir='ltr'><strong>exquiri</strong></span> <span class='ocrx_word' id='word_1_430' title='bbox 525 4733 666 4806; x_wconf 91' lang='lat' dir='ltr'><strong>quod</strong></span> <span class='ocrx_word' id='word_1_431' title='bbox 694 4732 808 4788; x_wconf 89' lang='lat' dir='ltr'><strong>sine</strong></span> <span class='ocrx_word' id='word_1_432' title='bbox 845 4726 1058 4784; x_wconf 88' lang='lat' dir='ltr'><strong>fastidio</strong></span> <span class='ocrx_word' id='word_1_433' title='bbox 1097 4722 1328 4792; x_wconf 80' lang='lat' dir='ltr'><strong>diligitur</strong></span> <span class='ocrx_word' id='word_1_434' title='bbox 1353 4761 1366 4784; x_wconf 92' lang='lat'><strong>,</strong></span> <span class='ocrx_word' id='word_1_435' title='bbox 1407 4727 1459 4773; x_wconf 90' lang='lat' dir='ltr'><strong>et</strong></span> <span class='ocrx_word' id='word_1_436' title='bbox 1505 4715 1554 4770; x_wconf 93' lang='lat' dir='ltr'><strong>id</strong></span> <span class='ocrx_word' id='word_1_437' title='bbox 1595 4714 1766 4783; x_wconf 85' lang='lat' dir='ltr'><strong>agitur</strong></span> <span class='ocrx_word' id='word_1_438' title='bbox 1811 4725 1878 4765; x_wconf 90' lang='lat' dir='ltr'><strong>nc</strong></span> 
     </span>
    </p>
   </div>
   <div class='ocr_carea' id='block_1_49' title="bbox 291 4805 1875 4894">
    <p class='ocr_par' dir='ltr' id='par_1_49' title="bbox 291 4805 1875 4894">
     <span class='ocr_line' id='line_1_49' title="bbox 291 4805 1875 4894; baseline -0.021 -6"><span class='ocrx_word' id='word_1_439' title='bbox 291 4805 609 4894; x_wconf 79' lang='lat' dir='ltr'><strong>amittatur;</strong></span> <span class='ocrx_word' id='word_1_440' title='bbox 637 4839 846 4894; x_wconf 86' lang='lat' dir='ltr'><strong>semper</strong></span> <span class='ocrx_word' id='word_1_441' title='bbox 874 4820 1092 4874; x_wconf 89' lang='lat' dir='ltr'><strong>omnino</strong></span> <span class='ocrx_word' id='word_1_442' title='bbox 1115 4817 1230 4869; x_wconf 90' lang='lat' dir='ltr'><strong>sine</strong></span> <span class='ocrx_word' id='word_1_443' title='bbox 1259 4811 1362 4866; x_wconf 91' lang='lat' dir='ltr'><strong>ﬁne</strong></span> <span class='ocrx_word' id='word_1_444' title='bbox 1382 4823 1681 4881; x_wconf 79' lang='lat' dir='ltr'><strong>quaeremus</strong></span> <span class='ocrx_word' id='word_1_445' title='bbox 1709 4805 1875 4872; x_wconf 86' lang='lat' dir='ltr'><strong>legem</strong></span> 
     </span>
    </p>
   </div>
   <div class='ocr_carea' id='block_1_50' title="bbox 293 4893 1877 4989">
    <p class='ocr_par' dir='ltr' id='par_1_50' title="bbox 293 4893 1877 4989">
     <span class='ocr_line' id='line_1_50' title="bbox 293 4893 1877 4989; baseline -0.023 -6"><span class='ocrx_word' id='word_1_446' title='bbox 293 4921 396 4982; x_wconf 77' lang='lat' dir='ltr'><strong>Dei</strong></span> <span class='ocrx_word' id='word_1_447' title='bbox 422 4962 437 4989; x_wconf 94' lang='lat'><strong>,</strong></span> <span class='ocrx_word' id='word_1_448' title='bbox 463 4921 565 4975; x_wconf 88' lang='lat' dir='ltr'><strong>hoc</strong></span> <span class='ocrx_word' id='word_1_449' title='bbox 590 4893 675 4974; x_wconf 81' lang='lat' dir='ltr'><strong>est</strong></span> <span class='ocrx_word' id='word_1_450' title='bbox 701 4893 974 4969; x_wconf 76' lang='lat' dir='ltr'><strong>veritatem</strong></span> <span class='ocrx_word' id='word_1_451' title='bbox 1010 4907 1100 4962; x_wconf 90' lang='lat' dir='ltr'><strong>Dei</strong></span> <span class='ocrx_word' id='word_1_452' title='bbox 1131 4923 1145 4960; x_wconf 89' lang='lat'><strong>:</strong></span> <span class='ocrx_word' id='word_1_453' title='bbox 1173 4906 1222 4959; x_wconf 90' lang='lat' dir='ltr'><strong>in</strong></span> <span class='ocrx_word' id='word_1_454' title='bbox 1251 4903 1352 4956; x_wconf 90' lang='lat' dir='ltr'><strong>hoc</strong></span> <span class='ocrx_word' id='word_1_455' title='bbox 1382 4901 1575 4970; x_wconf 87' lang='lat' dir='ltr'><strong>quippe</strong></span> <span class='ocrx_word' id='word_1_456' title='bbox 1605 4897 1718 4966; x_wconf 87' lang='lat' dir='ltr'><strong>ipso</strong></span> <span class='ocrx_word' id='word_1_457' title='bbox 1744 4893 1877 4947; x_wconf 88' lang='lat' dir='ltr'><strong>dici-</strong></span> 
     </span>
    </p>
   </div>
   <div class='ocr_carea' id='block_1_51' title="bbox 291 4992 1880 5082">
    <p class='ocr_par' dir='ltr' id='par_1_51' title="bbox 291 4992 1880 5082">
     <span class='ocr_line' id='line_1_51' title="bbox 291 4992 1880 5082; baseline -0.021 -14"><span class='ocrx_word' id='word_1_458' title='bbox 291 5023 385 5067; x_wconf 80' lang='lat' dir='ltr'><strong>tur</strong></span> <span class='ocrx_word' id='word_1_459' title='bbox 420 5011 666 5082; x_wconf 83' lang='lat' dir='ltr'><strong>psalmo,</strong></span> <span class='ocrx_word' id='word_1_460' title='bbox 713 5002 777 5060; x_wconf 82' lang='lat' dir='ltr'><strong>Et</strong></span> <span class='ocrx_word' id='word_1_461' title='bbox 815 5007 896 5059; x_wconf 80' lang='lat' dir='ltr'><strong>lea:</strong></span> <span class='ocrx_word' id='word_1_462' title='bbox 933 5011 1020 5056; x_wconf 84' lang='lat' dir='ltr'><strong>tua</strong></span> <span class='ocrx_word' id='word_1_463' title='bbox 1063 4997 1260 5053; x_wconf 82' lang='lat' dir='ltr'><strong>veritas.</strong></span> <span class='ocrx_word' id='word_1_464' title='bbox 1300 4992 1563 5059; x_wconf 73' lang='lat' dir='ltr'><strong>Qttmritur</strong></span> <span class='ocrx_word' id='word_1_465' title='bbox 1607 5000 1783 5050; x_wconf 89' lang='lat' dir='ltr'><strong>nunc,</strong></span> <span class='ocrx_word' id='word_1_466' title='bbox 1824 4993 1880 5036; x_wconf 97' lang='grc' dir='ltr'><strong>ιιι</strong></span> 
     </span>
    </p>
   </div>
   <div class='ocr_carea' id='block_1_52' title="bbox 293 5074 1880 5166">
    <p class='ocr_par' dir='ltr' id='par_1_52' title="bbox 293 5074 1880 5166">
     <span class='ocr_line' id='line_1_52' title="bbox 293 5074 1880 5166; baseline -0.02 -6"><span class='ocrx_word' id='word_1_467' title='bbox 293 5074 578 5166; x_wconf 62' lang='lat' dir='ltr'><strong>teneatur;</strong></span> <span class='ocrx_word' id='word_1_468' title='bbox 613 5109 741 5153; x_wconf 90' lang='lat' dir='ltr'><strong>tunc</strong></span> <span class='ocrx_word' id='word_1_469' title='bbox 763 5094 1026 5150; x_wconf 85' lang='lat' dir='ltr'><strong>tenebitur</strong></span> <span class='ocrx_word' id='word_1_470' title='bbox 1052 5131 1067 5155; x_wconf 91' lang='lat'><strong>,</strong></span> <span class='ocrx_word' id='word_1_471' title='bbox 1097 5104 1164 5144; x_wconf 90' lang='lat' dir='ltr'><strong>ne</strong></span> <span class='ocrx_word' id='word_1_472' title='bbox 1191 5085 1584 5152; x_wconf 74' lang='lat' dir='ltr'><strong>derelinquatur</strong></span> <span class='ocrx_word' id='word_1_473' title='bbox 1613 5097 1625 5132; x_wconf 88' lang='lat'><strong>:</strong></span> <span class='ocrx_word' id='word_1_474' title='bbox 1655 5077 1788 5132; x_wconf 86' lang='lat' dir='ltr'><strong>sient</strong></span> <span class='ocrx_word' id='word_1_475' title='bbox 1813 5074 1880 5129; x_wconf 90' lang='lat' dir='ltr'><strong>de</strong></span> 
     </span>
    </p>
   </div>
   <div class='ocr_carea' id='block_1_53' title="bbox 289 5169 1878 5265">
    <p class='ocr_par' dir='ltr' id='par_1_53' title="bbox 289 5169 1878 5265">
     <span class='ocr_line' id='line_1_53' title="bbox 289 5169 1878 5265; baseline -0.021 -14"><span class='ocrx_word' id='word_1_476' title='bbox 289 5195 502 5265; x_wconf 84' lang='lat' dir='ltr'><strong>Spiritu</strong></span> <span class='ocrx_word' id='word_1_477' title='bbox 531 5192 623 5248; x_wconf 91' lang='lat' dir='ltr'><strong>Dei</strong></span> <span class='ocrx_word' id='word_1_478' title='bbox 649 5190 849 5246; x_wconf 85' lang='lat' dir='ltr'><strong>dictum</strong></span> <span class='ocrx_word' id='word_1_479' title='bbox 878 5195 960 5240; x_wconf 87' lang='lat' dir='ltr'><strong>est</strong></span> <span class='ocrx_word' id='word_1_480' title='bbox 989 5183 1129 5252; x_wconf 88' lang='lat' dir='ltr'><strong>quod</strong></span> <span class='ocrx_word' id='word_1_481' title='bbox 1157 5178 1333 5232; x_wconf 90' lang='lat' dir='ltr'><strong>omnia</strong></span> <span class='ocrx_word' id='word_1_482' title='bbox 1376 5180 1641 5228; x_wconf 90' lang='lat' dir='ltr'><strong>scrutetur</strong></span> <span class='ocrx_word' id='word_1_483' title='bbox 1664 5209 1678 5234; x_wconf 96' lang='lat'><strong>,</strong></span> <span class='ocrx_word' id='word_1_484' title='bbox 1719 5169 1878 5223; x_wconf 83' lang='lat' dir='ltr'><strong>etiam</strong></span> 
     </span>
    </p>
   </div>
   <div class='ocr_carea' id='block_1_54' title="bbox 289 5259 1882 5350">
    <p class='ocr_par' dir='ltr' id='par_1_54' title="bbox 289 5259 1882 5350">
     <span class='ocr_line' id='line_1_54' title="bbox 289 5259 1882 5350; baseline -0.02 -8"><span class='ocrx_word' id='word_1_485' title='bbox 289 5259 606 5344; x_wconf 77' lang='lat' dir='ltr'><strong>altitudines</strong></span> <span class='ocrx_word' id='word_1_486' title='bbox 633 5282 726 5337; x_wconf 89' lang='lat' dir='ltr'><strong>Dei</strong></span> <span class='ocrx_word' id='word_1_487' title='bbox 751 5280 881 5350; x_wconf 85' lang='lat' dir='ltr'><strong>(Id.</strong></span> <span class='ocrx_word' id='word_1_488' title='bbox 913 5294 945 5331; x_wconf 88' lang='grc' dir='ltr'><strong>ιι</strong></span> <span class='ocrx_word' id='word_1_489' title='bbox 971 5317 988 5343; x_wconf 89' lang='grc'><em>,</em></span> <span class='ocrx_word' id='word_1_490' title='bbox 1018 5274 1084 5329; x_wconf 81' lang='grc'><strong>10</strong></span> <span class='ocrx_word' id='word_1_491' title='bbox 1105 5273 1144 5344; x_wconf 90' lang='grc'><strong>);</strong></span> <span class='ocrx_word' id='word_1_492' title='bbox 1175 5285 1280 5325; x_wconf 90' lang='lat' dir='ltr'><strong>non</strong></span> <span class='ocrx_word' id='word_1_493' title='bbox 1314 5267 1493 5336; x_wconf 89' lang='lat' dir='ltr'><strong>utique</strong></span> <span class='ocrx_word' id='word_1_494' title='bbox 1531 5273 1589 5317; x_wconf 92' lang='lat' dir='ltr'><strong>ut</strong></span> <span class='ocrx_word' id='word_1_495' title='bbox 1615 5259 1752 5332; x_wconf 90' lang='lat' dir='ltr'><strong>quod</strong></span> <span class='ocrx_word' id='word_1_496' title='bbox 1788 5273 1882 5350; x_wconf 48' lang='lat' dir='ltr'><strong>ne:</strong></span> 
     </span>
    </p>
   </div>
   <div class='ocr_carea' id='block_1_55' title="bbox 291 5347 1881 5441">
    <p class='ocr_par' dir='ltr' id='par_1_55' title="bbox 291 5347 1881 5441">
     <span class='ocr_line' id='line_1_55' title="bbox 291 5347 1881 5441; baseline -0.023 -3"><span class='ocrx_word' id='word_1_497' title='bbox 291 5381 398 5438; x_wconf 69' lang='lat' dir='ltr'><strong>sttit</strong></span> <span class='ocrx_word' id='word_1_498' title='bbox 423 5377 700 5441; x_wconf 86' lang='lat' dir='ltr'><strong>inveniat,</strong></span> <span class='ocrx_word' id='word_1_499' title='bbox 729 5347 823 5428; x_wconf 81' lang='lat' dir='ltr'><strong>sed</strong></span> <span class='ocrx_word' id='word_1_500' title='bbox 851 5371 970 5441; x_wconf 88' lang='lat' dir='ltr'><strong>quia</strong></span> <span class='ocrx_word' id='word_1_501' title='bbox 1001 5367 1132 5422; x_wconf 86' lang='lat' dir='ltr'><strong>nihil</strong></span> <span class='ocrx_word' id='word_1_502' title='bbox 1175 5363 1438 5431; x_wconf 89' lang='lat' dir='ltr'><strong>relinquat</strong></span> <span class='ocrx_word' id='word_1_503' title='bbox 1482 5357 1697 5411; x_wconf 80' lang='lat' dir='ltr'><strong>omnino</strong></span> <span class='ocrx_word' id='word_1_504' title='bbox 1741 5347 1881 5421; x_wconf 87' lang='lat' dir='ltr'><strong>quod</strong></span> 
     </span>
    </p>
   </div>
   <div class='ocr_carea' id='block_1_56' title="bbox 287 5473 520 5530">
    <p class='ocr_par' dir='ltr' id='par_1_56' title="bbox 287 5473 520 5530">
     <span class='ocr_line' id='line_1_56' title="bbox 287 5473 520 5530; baseline -0.026 0"><span class='ocrx_word' id='word_1_505' title='bbox 287 5473 520 5530; x_wconf 78' lang='lat' dir='ltr'><strong>nesciat.</strong></span> 
     </span>
    </p>
   </div>
   <div class='ocr_carea' id='block_1_57' title="bbox 365 5535 1884 5635">
    <p class='ocr_par' dir='ltr' id='par_1_57' title="bbox 365 5535 1884 5635">
     <span class='ocr_line' id='line_1_57' title="bbox 365 5535 1884 5635; baseline -0.021 -15"><span class='ocrx_word' id='word_1_506' title='bbox 365 5565 422 5621; x_wconf 66' lang='grc' dir='ltr'><strong>ὁ.</strong></span> <span class='ocrx_word' id='word_1_507' title='bbox 464 5554 793 5635; x_wconf 64' lang='grc' dir='ltr'><strong>[νεη.54.]</strong></span> <span class='ocrx_word' id='word_1_508' title='bbox 831 5553 1010 5610; x_wconf 86' lang='lat' dir='ltr'><strong>Gratia</strong></span> <span class='ocrx_word' id='word_1_509' title='bbox 1055 5549 1233 5619; x_wconf 87' lang='lat' dir='ltr'><strong>itaque</strong></span> <span class='ocrx_word' id='word_1_510' title='bbox 1282 5543 1374 5599; x_wconf 89' lang='lat' dir='ltr'><strong>Dei</strong></span> <span class='ocrx_word' id='word_1_511' title='bbox 1423 5540 1576 5596; x_wconf 92' lang='lat' dir='ltr'><strong>nobis</strong></span> <span class='ocrx_word' id='word_1_512' title='bbox 1621 5535 1884 5635; x_wconf 82' lang='lat' dir='ltr'><strong>praecipue</strong></span> 
     </span>
    </p>
   </div>
   <div class='ocr_carea' id='block_1_58' title="bbox 293 5627 1884 5716">
    <p class='ocr_par' dir='ltr' id='par_1_58' title="bbox 293 5627 1884 5716">
     <span class='ocr_line' id='line_1_58' title="bbox 293 5627 1884 5716; baseline -0.021 -5"><span class='ocrx_word' id='word_1_513' title='bbox 293 5627 744 5714; x_wconf 52' lang='grc' dir='ltr'><strong>σοιηηιιιηάθων,</strong></span> <span class='ocrx_word' id='word_1_514' title='bbox 774 5627 1028 5716; x_wconf 64' lang='grc' dir='ltr'><strong>⁷(μιειιιιιο</strong></span> <span class='ocrx_word' id='word_1_515' title='bbox 1092 5639 1193 5694; x_wconf 87' lang='lat' dir='ltr'><strong>sibi</strong></span> <span class='ocrx_word' id='word_1_516' title='bbox 1243 5637 1410 5706; x_wconf 81' lang='lat' dir='ltr'><strong>legem</strong></span> <span class='ocrx_word' id='word_1_517' title='bbox 1469 5630 1589 5700; x_wconf 89' lang='lat' dir='ltr'><strong>poni</strong></span> <span class='ocrx_word' id='word_1_518' title='bbox 1647 5627 1814 5697; x_wconf 82' lang='lat' dir='ltr'><strong>poscit</strong></span> <span class='ocrx_word' id='word_1_519' title='bbox 1853 5639 1884 5678; x_wconf 88' lang='lat' dir='ltr'><strong>a</strong></span> 
     </span>
    </p>
   </div>
   <div class='ocr_carea' id='block_1_59' title="bbox 300 5718 1881 5810">
    <p class='ocr_par' dir='ltr' id='par_1_59' title="bbox 300 5718 1881 5810">
     <span class='ocr_line' id='line_1_59' title="bbox 300 5718 1881 5810; baseline -0.022 -9"><span class='ocrx_word' id='word_1_520' title='bbox 300 5743 567 5807; x_wconf 81' lang='lat' dir='ltr'><strong>Domino,</strong></span> <span class='ocrx_word' id='word_1_521' title='bbox 617 5739 718 5810; x_wconf 62' lang='lat' dir='ltr'><strong>qui.</strong></span> <span class='ocrx_word' id='word_1_522' title='bbox 745 5733 929 5806; x_wconf 86' lang='lat' dir='ltr'><strong>utique</strong></span> <span class='ocrx_word' id='word_1_523' title='bbox 973 5733 1080 5801; x_wconf 90' lang='lat' dir='ltr'><strong>jam</strong></span> <span class='ocrx_word' id='word_1_524' title='bbox 1112 5731 1281 5798; x_wconf 82' lang='lat' dir='ltr'><strong>legem</strong></span> <span class='ocrx_word' id='word_1_525' title='bbox 1321 5720 1610 5778; x_wconf 78' lang='lat' dir='ltr'><strong>secundum</strong></span> <span class='ocrx_word' id='word_1_526' title='bbox 1654 5718 1881 5771; x_wconf 79' lang='lat' dir='ltr'><strong>litteram</strong></span> 
     </span>
    </p>
   </div>
   <div class='ocr_carea' id='block_1_60' title="bbox 297 5812 1881 5898">
    <p class='ocr_par' dir='ltr' id='par_1_60' title="bbox 297 5812 1881 5898">
     <span class='ocr_line' id='line_1_60' title="bbox 297 5812 1881 5898; baseline -0.023 -5"><span class='ocrx_word' id='word_1_527' title='bbox 297 5841 541 5892; x_wconf 77' lang='lat' dir='ltr'><strong>noverat.</strong></span> <span class='ocrx_word' id='word_1_528' title='bbox 589 5828 695 5886; x_wconf 86' lang='lat' dir='ltr'><strong>Sed</strong></span> <span class='ocrx_word' id='word_1_529' title='bbox 750 5826 872 5898; x_wconf 85' lang='lat' dir='ltr'><strong>quia</strong></span> <span class='ocrx_word' id='word_1_530' title='bbox 925 5823 1101 5878; x_wconf 86' lang='lat' dir='ltr'><strong>littera</strong></span> <span class='ocrx_word' id='word_1_531' title='bbox 1147 5817 1376 5879; x_wconf 73' lang='lat' dir='ltr'><strong>occidit,</strong></span> <span class='ocrx_word' id='word_1_532' title='bbox 1438 5812 1653 5882; x_wconf 75' lang='lat' dir='ltr'><strong>spiritus</strong></span> <span class='ocrx_word' id='word_1_533' title='bbox 1705 5816 1881 5861; x_wconf 82' lang='lat' dir='ltr'><strong>autem</strong></span> 
     </span>
    </p>
   </div>
   <div class='ocr_carea' id='block_1_61' title="bbox 1361 406 2480 469">
    <p class='ocr_par' dir='ltr' id='par_1_61' title="bbox 1361 406 2480 469">
     <span class='ocr_line' id='line_1_61' title="bbox 1361 406 2480 469; baseline 0.001 -1"><span class='ocrx_word' id='word_1_534' title='bbox 1361 410 1754 468; x_wconf 72' lang='lat' dir='ltr'><strong>ENARRATIO</strong></span> <span class='ocrx_word' id='word_1_535' title='bbox 1791 409 1854 463; x_wconf 73' lang='grc' dir='ltr'><strong>ΙΝ</strong></span> <span class='ocrx_word' id='word_1_536' title='bbox 1895 406 2212 467; x_wconf 70' lang='lat' dir='ltr'><strong>PSALMUM</strong></span> <span class='ocrx_word' id='word_1_537' title='bbox 2249 414 2480 469; x_wconf 81' lang='lat' dir='ltr'><strong>CXVHI.</strong></span> 
     </span>
    </p>
   </div>
   <div class='ocr_carea' id='block_1_62' title="bbox 3426 423 3563 480">
    <p class='ocr_par' dir='ltr' id='par_1_62' title="bbox 3426 423 3563 480">
     <span class='ocr_line' id='line_1_62' title="bbox 3426 423 3563 480; baseline 0.022 -3"><span class='ocrx_word' id='word_1_538' title='bbox 3426 423 3563 480; x_wconf 62' lang='lat'><strong>£330</strong></span> 
     </span>
    </p>
   </div>
   <div class='ocr_carea' id='block_1_63' title="bbox 1985 525 3560 602">
    <p class='ocr_par' dir='ltr' id='par_1_63' title="bbox 1985 525 3560 602">
     <span class='ocr_line' id='line_1_63' title="bbox 1985 525 3560 602; baseline 0.008 -26"><span class='ocrx_word' id='word_1_539' title='bbox 1985 525 2211 580; x_wconf 86' lang='lat' dir='ltr'><strong>viviﬁcat</strong></span> <span class='ocrx_word' id='word_1_540' title='bbox 2257 526 2337 597; x_wconf 91' lang='lat' dir='ltr'><strong>(ll</strong></span> <span class='ocrx_word' id='word_1_541' title='bbox 2383 525 2499 582; x_wconf 86' lang='lat' dir='ltr'><strong>Cor.</strong></span> <span class='ocrx_word' id='word_1_542' title='bbox 2547 543 2640 591; x_wconf 86' lang='lat' dir='ltr'><strong>tn,</strong></span> <span class='ocrx_word' id='word_1_543' title='bbox 2681 527 2795 598; x_wconf 84' lang='lat'><strong>6);</strong></span> <span class='ocrx_word' id='word_1_544' title='bbox 2863 537 2978 584; x_wconf 83' lang='lat' dir='ltr'><strong>orat</strong></span> <span class='ocrx_word' id='word_1_545' title='bbox 3019 537 3076 584; x_wconf 89' lang='lat' dir='ltr'><strong>ut</strong></span> <span class='ocrx_word' id='word_1_546' title='bbox 3122 545 3218 600; x_wconf 85' lang='lat' dir='ltr'><strong>per</strong></span> <span class='ocrx_word' id='word_1_547' title='bbox 3265 531 3560 602; x_wconf 76' lang='lat' dir='ltr'><strong>Spiritum‘</strong></span> 
     </span>
    </p>
   </div>
   <div class='ocr_carea' id='block_1_64' title="bbox 1986 613 3558 691">
    <p class='ocr_par' dir='ltr' id='par_1_64' title="bbox 1986 613 3558 691">
     <span class='ocr_line' id='line_1_64' title="bbox 1986 613 3558 691; baseline 0.007 -23"><span class='ocrx_word' id='word_1_548' title='bbox 1986 613 2139 670; x_wconf 90' lang='lat' dir='ltr'><strong>faciat</strong></span> <span class='ocrx_word' id='word_1_549' title='bbox 2164 618 2304 686; x_wconf 81' lang='lat' dir='ltr'><strong>quod</strong></span> <span class='ocrx_word' id='word_1_550' title='bbox 2340 633 2433 688; x_wconf 91' lang='lat' dir='ltr'><strong>per</strong></span> <span class='ocrx_word' id='word_1_551' title='bbox 2481 618 2706 672; x_wconf 85' lang='lat' dir='ltr'><strong>litteram</strong></span> <span class='ocrx_word' id='word_1_552' title='bbox 2749 620 2986 685; x_wconf 86' lang='lat' dir='ltr'><strong>sciebat;</strong></span> <span class='ocrx_word' id='word_1_553' title='bbox 3039 638 3104 676; x_wconf 90' lang='lat' dir='ltr'><strong>ne</strong></span> <span class='ocrx_word' id='word_1_554' title='bbox 3149 638 3243 691; x_wconf 89' lang='lat' dir='ltr'><strong>per</strong></span> <span class='ocrx_word' id='word_1_555' title='bbox 3284 625 3558 680; x_wconf 85' lang='lat' dir='ltr'><strong>scientiam</strong></span> 
     </span>
    </p>
   </div>
   <div class='ocr_carea' id='block_1_65' title="bbox 1983 707 3562 782">
    <p class='ocr_par' dir='ltr' id='par_1_65' title="bbox 1983 707 3562 782">
     <span class='ocr_line' id='line_1_65' title="bbox 1983 707 3562 782; baseline 0.008 -23"><span class='ocrx_word' id='word_1_556' title='bbox 1983 707 2215 762; x_wconf 88' lang='lat' dir='ltr'><strong>mandati</strong></span> <span class='ocrx_word' id='word_1_557' title='bbox 2257 725 2362 762; x_wconf 91' lang='lat' dir='ltr'><strong>non</strong></span> <span class='ocrx_word' id='word_1_558' title='bbox 2400 710 2663 764; x_wconf 88' lang='lat' dir='ltr'><strong>observati</strong></span> <span class='ocrx_word' id='word_1_559' title='bbox 2705 712 2862 765; x_wconf 90' lang='lat' dir='ltr'><strong>etiam</strong></span> <span class='ocrx_word' id='word_1_560' title='bbox 2892 714 3338 782; x_wconf 59' lang='lat' dir='ltr'><strong>praevaricationis</strong></span> <span class='ocrx_word' id='word_1_561' title='bbox 3380 717 3428 772; x_wconf 94' lang='lat' dir='ltr'><strong>ci</strong></span> <span class='ocrx_word' id='word_1_562' title='bbox 3457 718 3562 772; x_wconf 89' lang='lat' dir='ltr'><strong>cri-</strong></span> 
     </span>
    </p>
   </div>
   <div class='ocr_carea' id='block_1_66' title="bbox 1985 799 3563 876">
    <p class='ocr_par' dir='ltr' id='par_1_66' title="bbox 1985 799 3563 876">
     <span class='ocr_line' id='line_1_66' title="bbox 1985 799 3563 876; baseline 0.006 -24"><span class='ocrx_word' id='word_1_563' title='bbox 1985 814 2106 853; x_wconf 91' lang='lat' dir='ltr'><strong>men</strong></span> <span class='ocrx_word' id='word_1_564' title='bbox 2137 799 2374 854; x_wconf 89' lang='lat' dir='ltr'><strong>accedat.</strong></span> <span class='ocrx_word' id='word_1_565' title='bbox 2407 799 2715 870; x_wconf 85' lang='lat' dir='ltr'><strong>Quanquam</strong></span> <span class='ocrx_word' id='word_1_566' title='bbox 2742 803 2898 856; x_wconf 88' lang='lat' dir='ltr'><strong>etiam</strong></span> <span class='ocrx_word' id='word_1_567' title='bbox 2929 813 2985 858; x_wconf 91' lang='lat' dir='ltr'><strong>ut</strong></span> <span class='ocrx_word' id='word_1_568' title='bbox 3009 806 3206 860; x_wconf 89' lang='lat' dir='ltr'><strong>sciatur</strong></span> <span class='ocrx_word' id='word_1_569' title='bbox 3228 806 3309 861; x_wconf 91' lang='lat' dir='ltr'><strong>lex</strong></span> <span class='ocrx_word' id='word_1_570' title='bbox 3341 822 3563 876; x_wconf 88' lang='lat' dir='ltr'><strong>quomo-</strong></span> 
     </span>
    </p>
   </div>
   <div class='ocr_carea' id='block_1_67' title="bbox 1985 889 3558 967">
    <p class='ocr_par' dir='ltr' id='par_1_67' title="bbox 1985 889 3558 967">
     <span class='ocr_line' id='line_1_67' title="bbox 1985 889 3558 967; baseline 0.006 -23"><span class='ocrx_word' id='word_1_571' title='bbox 1985 889 2054 944; x_wconf 90' lang='lat' dir='ltr'><strong>do</strong></span> <span class='ocrx_word' id='word_1_572' title='bbox 2079 890 2292 944; x_wconf 90' lang='lat' dir='ltr'><strong>scienda</strong></span> <span class='ocrx_word' id='word_1_573' title='bbox 2322 901 2404 946; x_wconf 90' lang='lat' dir='ltr'><strong>est</strong></span> <span class='ocrx_word' id='word_1_574' title='bbox 2427 931 2442 956; x_wconf 89' lang='lat'><strong>,</strong></span> <span class='ocrx_word' id='word_1_575' title='bbox 2474 891 2523 946; x_wconf 94' lang='lat' dir='ltr'><strong>id</strong></span> <span class='ocrx_word' id='word_1_576' title='bbox 2554 903 2635 946; x_wconf 83' lang='lat' dir='ltr'><strong>est</strong></span> <span class='ocrx_word' id='word_1_577' title='bbox 2659 933 2675 954; x_wconf 85' lang='lat'><strong>,</strong></span> <span class='ocrx_word' id='word_1_578' title='bbox 2704 901 2762 947; x_wconf 91' lang='lat' dir='ltr'><strong>ut</strong></span> <span class='ocrx_word' id='word_1_579' title='bbox 2787 895 3108 965; x_wconf 77' lang='lat' dir='ltr'><strong>intelligatur</strong></span> <span class='ocrx_word' id='word_1_580' title='bbox 3137 898 3259 966; x_wconf 90' lang='lat' dir='ltr'><strong>quid</strong></span> <span class='ocrx_word' id='word_1_581' title='bbox 3285 897 3384 952; x_wconf 89' lang='lat' dir='ltr'><strong>sibi</strong></span> <span class='ocrx_word' id='word_1_582' title='bbox 3411 901 3558 967; x_wconf 90' lang='lat' dir='ltr'><strong>velit,</strong></span> 
     </span>
    </p>
   </div>
   <div class='ocr_carea' id='block_1_68' title="bbox 1982 979 3555 1055">
    <p class='ocr_par' dir='ltr' id='par_1_68' title="bbox 1982 979 3555 1055">
     <span class='ocr_line' id='line_1_68' title="bbox 1982 979 3555 1055; baseline 0.007 -23"><span class='ocrx_word' id='word_1_583' title='bbox 1982 994 2147 1048; x_wconf 89' lang='lat' dir='ltr'><strong>quare</strong></span> <span class='ocrx_word' id='word_1_584' title='bbox 2173 980 2243 1033; x_wconf 91' lang='lat' dir='ltr'><strong>sit</strong></span> <span class='ocrx_word' id='word_1_585' title='bbox 2267 979 2344 1034; x_wconf 90' lang='lat' dir='ltr'><strong>eis</strong></span> <span class='ocrx_word' id='word_1_586' title='bbox 2387 982 2558 1049; x_wconf 77' lang='lat' dir='ltr'><strong>posita</strong></span> <span class='ocrx_word' id='word_1_587' title='bbox 2608 983 2696 1050; x_wconf 91' lang='lat' dir='ltr'><strong>qui</strong></span> <span class='ocrx_word' id='word_1_588' title='bbox 2745 997 2860 1036; x_wconf 89' lang='lat' dir='ltr'><strong>eam</strong></span> <span class='ocrx_word' id='word_1_589' title='bbox 2911 999 3015 1037; x_wconf 91' lang='lat' dir='ltr'><strong>nou</strong></span> <span class='ocrx_word' id='word_1_590' title='bbox 3065 996 3215 1040; x_wconf 88' lang='lat' dir='ltr'><strong>erant</strong></span> <span class='ocrx_word' id='word_1_591' title='bbox 3254 991 3555 1055; x_wconf 76' lang='lat' dir='ltr'><strong>servaturi,</strong></span> 
     </span>
    </p>
   </div>
   <div class='ocr_carea' id='block_1_69' title="bbox 1983 1071 3560 1146">
    <p class='ocr_par' dir='ltr' id='par_1_69' title="bbox 1983 1071 3560 1146">
     <span class='ocr_line' id='line_1_69' title="bbox 1983 1071 3560 1146; baseline 0.005 -21"><span class='ocrx_word' id='word_1_592' title='bbox 1983 1071 2108 1142; x_wconf 91' lang='lat' dir='ltr'><strong>quid</strong></span> <span class='ocrx_word' id='word_1_593' title='bbox 2138 1071 2332 1128; x_wconf 79' lang='lat' dir='ltr'><strong>habeat</strong></span> <span class='ocrx_word' id='word_1_594' title='bbox 2357 1072 2598 1128; x_wconf 90' lang='lat' dir='ltr'><strong>utilitatis</strong></span> <span class='ocrx_word' id='word_1_595' title='bbox 2617 1075 2775 1128; x_wconf 87' lang='lat' dir='ltr'><strong>etiam</strong></span> <span class='ocrx_word' id='word_1_596' title='bbox 2801 1073 2902 1127; x_wconf 90' lang='lat' dir='ltr'><strong>hoc</strong></span> <span class='ocrx_word' id='word_1_597' title='bbox 2927 1075 3096 1143; x_wconf 85' lang='lat' dir='ltr'><strong>ipsum</strong></span> <span class='ocrx_word' id='word_1_598' title='bbox 3124 1077 3264 1146; x_wconf 87' lang='lat' dir='ltr'><strong>quod</strong></span> <span class='ocrx_word' id='word_1_599' title='bbox 3291 1078 3370 1132; x_wconf 82' lang='lat' dir='ltr'><strong>(ea:</strong></span> <span class='ocrx_word' id='word_1_600' title='bbox 3389 1080 3560 1133; x_wconf 83' lang='lat' dir='ltr'><strong>subin-</strong></span> 
     </span>
    </p>
   </div>
   <div class='ocr_carea' id='block_1_70' title="bbox 1984 1162 3562 1238">
    <p class='ocr_par' dir='ltr' id='par_1_70' title="bbox 1984 1162 3562 1238">
     <span class='ocr_line' id='line_1_70' title="bbox 1984 1162 3562 1238; baseline 0.004 -22"><span class='ocrx_word' id='word_1_601' title='bbox 1984 1163 2169 1228; x_wconf 85' lang='lat' dir='ltr'><strong>travit,</strong></span> <span class='ocrx_word' id='word_1_602' title='bbox 2199 1173 2254 1217; x_wconf 85' lang='lat' dir='ltr'><strong>ut</strong></span> <span class='ocrx_word' id='word_1_603' title='bbox 2288 1163 2562 1218; x_wconf 83' lang='lat' dir='ltr'><strong>abundaret</strong></span> <span class='ocrx_word' id='word_1_604' title='bbox 2603 1162 2839 1217; x_wconf 81' lang='lat' dir='ltr'><strong>delictum</strong></span> <span class='ocrx_word' id='word_1_605' title='bbox 2885 1165 3081 1236; x_wconf 87' lang='lat' dir='ltr'><strong>(Rom.</strong></span> <span class='ocrx_word' id='word_1_606' title='bbox 3124 1182 3176 1232; x_wconf 94' lang='lat' dir='ltr'><strong>v,</strong></span> <span class='ocrx_word' id='word_1_607' title='bbox 3220 1166 3288 1221; x_wconf 72' lang='lat'><strong>20</strong></span> <span class='ocrx_word' id='word_1_608' title='bbox 3310 1165 3352 1238; x_wconf 90' lang='lat'><strong>),</strong></span> <span class='ocrx_word' id='word_1_609' title='bbox 3403 1184 3562 1223; x_wconf 85' lang='lat' dir='ltr'><strong>nemo</strong></span> 
     </span>
    </p>
   </div>
   <div class='ocr_carea' id='block_1_71' title="bbox 1982 1254 3558 1324">
    <p class='ocr_par' dir='ltr' id='par_1_71' title="bbox 1982 1254 3558 1324">
     <span class='ocr_line' id='line_1_71' title="bbox 1982 1254 3558 1324; baseline 0.004 -15"><span class='ocrx_word' id='word_1_610' title='bbox 1982 1254 2387 1322; x_wconf 89' lang='lat' dir='ltr'><strong>comprehendit</strong></span> <span class='ocrx_word' id='word_1_611' title='bbox 2411 1295 2426 1321; x_wconf 92' lang='lat'><strong>,</strong></span> <span class='ocrx_word' id='word_1_612' title='bbox 2461 1255 2558 1308; x_wconf 88' lang='lat' dir='ltr'><strong>nisi</strong></span> <span class='ocrx_word' id='word_1_613' title='bbox 2585 1270 2615 1308; x_wconf 90' lang='lat' dir='ltr'><strong>a</strong></span> <span class='ocrx_word' id='word_1_614' title='bbox 2650 1255 2876 1310; x_wconf 89' lang='lat' dir='ltr'><strong>Domino</strong></span> <span class='ocrx_word' id='word_1_615' title='bbox 2903 1257 3168 1324; x_wconf 83' lang='lat' dir='ltr'><strong>acceperit</strong></span> <span class='ocrx_word' id='word_1_616' title='bbox 3196 1257 3517 1314; x_wconf 82' lang='lat' dir='ltr'><strong>intellectum</strong></span> <span class='ocrx_word' id='word_1_617' title='bbox 3545 1277 3558 1314; x_wconf 93' lang='lat'><strong>:</strong></span> 
     </span>
    </p>
   </div>
   <div class='ocr_carea' id='block_1_72' title="bbox 1983 1345 3563 1416">
    <p class='ocr_par' dir='ltr' id='par_1_72' title="bbox 1983 1345 3563 1416">
     <span class='ocr_line' id='line_1_72' title="bbox 1983 1345 3563 1416; baseline 0.003 -16"><span class='ocrx_word' id='word_1_618' title='bbox 1983 1345 2122 1401; x_wconf 89' lang='lat' dir='ltr'><strong>unde</strong></span> <span class='ocrx_word' id='word_1_619' title='bbox 2150 1347 2252 1402; x_wconf 79' lang='lat' dir='ltr'><strong>iste</strong></span> <span class='ocrx_word' id='word_1_620' title='bbox 2273 1345 2514 1416; x_wconf 72' lang='lat' dir='ltr'><strong>adiungit</strong></span> <span class='ocrx_word' id='word_1_621' title='bbox 2539 1354 2593 1400; x_wconf 89' lang='lat' dir='ltr'><strong>et</strong></span> <span class='ocrx_word' id='word_1_622' title='bbox 2629 1345 2794 1411; x_wconf 91' lang='lat' dir='ltr'><strong>dicit,</strong></span> <span class='ocrx_word' id='word_1_623' title='bbox 2848 1345 2926 1398; x_wconf 85' lang='lat' dir='ltr'><strong>Da</strong></span> <span class='ocrx_word' id='word_1_624' title='bbox 2968 1346 3094 1399; x_wconf 82' lang='lat' dir='ltr'><strong>mihi</strong></span> <span class='ocrx_word' id='word_1_625' title='bbox 3135 1347 3473 1412; x_wconf 84' lang='lat' dir='ltr'><strong>intellectum,</strong></span> <span class='ocrx_word' id='word_1_626' title='bbox 3515 1359 3563 1404; x_wconf 83' lang='lat' dir='ltr'><strong>et</strong></span> 
     </span>
    </p>
   </div>
   <div class='ocr_carea' id='block_1_73' title="bbox 1980 1434 3563 1506">
    <p class='ocr_par' dir='ltr' id='par_1_73' title="bbox 1980 1434 3563 1506">
     <span class='ocr_line' id='line_1_73' title="bbox 1980 1434 3563 1506; baseline 0.003 -16"><span class='ocrx_word' id='word_1_627' title='bbox 1980 1435 2240 1490; x_wconf 72' lang='grc' dir='ltr'><strong>ωηααὸον</strong></span> <span class='ocrx_word' id='word_1_628' title='bbox 2267 1434 2424 1506; x_wconf 87' lang='lat' dir='ltr'><strong>legem</strong></span> <span class='ocrx_word' id='word_1_629' title='bbox 2453 1445 2590 1489; x_wconf 88' lang='lat' dir='ltr'><strong>tuam</strong></span> <span class='ocrx_word' id='word_1_630' title='bbox 2613 1477 2629 1502; x_wconf 92' lang='lat'><strong>,</strong></span> <span class='ocrx_word' id='word_1_631' title='bbox 2659 1444 2704 1488; x_wconf 87' lang='lat' dir='ltr'><strong>et</strong></span> <span class='ocrx_word' id='word_1_632' title='bbox 2732 1435 3011 1489; x_wconf 85' lang='lat' dir='ltr'><strong>custodiam</strong></span> <span class='ocrx_word' id='word_1_633' title='bbox 3038 1437 3179 1490; x_wconf 84' lang='lat' dir='ltr'><strong>illam</strong></span> <span class='ocrx_word' id='word_1_634' title='bbox 3207 1437 3259 1490; x_wconf 87' lang='lat' dir='ltr'><strong>in</strong></span> <span class='ocrx_word' id='word_1_635' title='bbox 3288 1446 3388 1492; x_wconf 82' lang='lat' dir='ltr'><strong>toto</strong></span> <span class='ocrx_word' id='word_1_636' title='bbox 3413 1440 3563 1495; x_wconf 83' lang='lat' dir='ltr'><strong>corde</strong></span> 
     </span>
    </p>
   </div>
   <div class='ocr_carea' id='block_1_74' title="bbox 1980 1523 3563 1596">
    <p class='ocr_par' dir='ltr' id='par_1_74' title="bbox 1980 1523 3563 1596">
     <span class='ocr_line' id='line_1_74' title="bbox 1980 1523 3563 1596; baseline 0.004 -18"><span class='ocrx_word' id='word_1_637' title='bbox 1980 1542 2108 1580; x_wconf 83' lang='lat' dir='ltr'><strong>meo.</strong></span> <span class='ocrx_word' id='word_1_638' title='bbox 2139 1523 2269 1580; x_wconf 85' lang='lat' dir='ltr'><strong>Cum</strong></span> <span class='ocrx_word' id='word_1_639' title='bbox 2295 1527 2434 1580; x_wconf 90' lang='lat' dir='ltr'><strong>enim</strong></span> <span class='ocrx_word' id='word_1_640' title='bbox 2459 1526 2682 1596; x_wconf 84' lang='lat' dir='ltr'><strong>quisque</strong></span> <span class='ocrx_word' id='word_1_641' title='bbox 2708 1525 2879 1595; x_wconf 82' lang='lat' dir='ltr'><strong>legem</strong></span> <span class='ocrx_word' id='word_1_642' title='bbox 2909 1536 3174 1581; x_wconf 87' lang='lat' dir='ltr'><strong>scrutatus</strong></span> <span class='ocrx_word' id='word_1_643' title='bbox 3197 1528 3389 1596; x_wconf 88' lang='lat' dir='ltr'><strong>fuerit,</strong></span> <span class='ocrx_word' id='word_1_644' title='bbox 3419 1539 3471 1584; x_wconf 89' lang='lat' dir='ltr'><strong>et</strong></span> <span class='ocrx_word' id='word_1_645' title='bbox 3497 1530 3563 1584; x_wconf 89' lang='lat' dir='ltr'><strong>ad</strong></span> 
     </span>
    </p>
   </div>
   <div class='ocr_carea' id='block_1_75' title="bbox 1979 1615 3566 1689">
    <p class='ocr_par' dir='ltr' id='par_1_75' title="bbox 1979 1615 3566 1689">
     <span class='ocr_line' id='line_1_75' title="bbox 1979 1615 3566 1689; baseline 0.003 -17"><span class='ocrx_word' id='word_1_646' title='bbox 1979 1615 2095 1686; x_wconf 87' lang='lat' dir='ltr'><strong>ejus</strong></span> <span class='ocrx_word' id='word_1_647' title='bbox 2122 1616 2226 1670; x_wconf 89' lang='lat' dir='ltr'><strong>alta</strong></span> <span class='ocrx_word' id='word_1_648' title='bbox 2256 1616 2593 1686; x_wconf 88' lang='lat' dir='ltr'><strong>pervenerit,</strong></span> <span class='ocrx_word' id='word_1_649' title='bbox 2629 1616 2680 1669; x_wconf 93' lang='lat' dir='ltr'><strong>in</strong></span> <span class='ocrx_word' id='word_1_650' title='bbox 2707 1616 2899 1686; x_wconf 87' lang='lat' dir='ltr'><strong>quibus</strong></span> <span class='ocrx_word' id='word_1_651' title='bbox 2921 1624 3031 1671; x_wconf 87' lang='lat' dir='ltr'><strong>tota</strong></span> <span class='ocrx_word' id='word_1_652' title='bbox 3062 1619 3255 1686; x_wconf 87' lang='lat' dir='ltr'><strong>pendet</strong></span> <span class='ocrx_word' id='word_1_653' title='bbox 3281 1637 3294 1684; x_wconf 92' lang='lat'><strong>;</strong></span> <span class='ocrx_word' id='word_1_654' title='bbox 3327 1619 3566 1689; x_wconf 81' lang='lat' dir='ltr'><strong>profecto</strong></span> 
     </span>
    </p>
   </div>
   <div class='ocr_carea' id='block_1_76' title="bbox 1980 1706 3562 1777">
    <p class='ocr_par' dir='ltr' id='par_1_76' title="bbox 1980 1706 3562 1777">
     <span class='ocr_line' id='line_1_76' title="bbox 1980 1706 3562 1777; baseline 0.001 -15"><span class='ocrx_word' id='word_1_655' title='bbox 1980 1706 2141 1762; x_wconf 90' lang='lat' dir='ltr'><strong>debet</strong></span> <span class='ocrx_word' id='word_1_656' title='bbox 2167 1708 2332 1761; x_wconf 91' lang='lat' dir='ltr'><strong>Deum</strong></span> <span class='ocrx_word' id='word_1_657' title='bbox 2363 1707 2582 1777; x_wconf 82' lang='lat' dir='ltr'><strong>diligere</strong></span> <span class='ocrx_word' id='word_1_658' title='bbox 2607 1721 2673 1761; x_wconf 83' lang='lat' dir='ltr'><strong>ex</strong></span> <span class='ocrx_word' id='word_1_659' title='bbox 2704 1715 2813 1761; x_wconf 92' lang='lat' dir='ltr'><strong>toto</strong></span> <span class='ocrx_word' id='word_1_660' title='bbox 2838 1707 3001 1761; x_wconf 91' lang='lat' dir='ltr'><strong>corde</strong></span> <span class='ocrx_word' id='word_1_661' title='bbox 3023 1749 3039 1774; x_wconf 94' lang='lat'><strong>,</strong></span> <span class='ocrx_word' id='word_1_662' title='bbox 3084 1723 3148 1763; x_wconf 79' lang='lat' dir='ltr'><strong>ex</strong></span> <span class='ocrx_word' id='word_1_663' title='bbox 3193 1719 3300 1763; x_wconf 87' lang='lat' dir='ltr'><strong>tota</strong></span> <span class='ocrx_word' id='word_1_664' title='bbox 3345 1711 3521 1764; x_wconf 84' lang='lat' dir='ltr'><strong>anima</strong></span> <span class='ocrx_word' id='word_1_665' title='bbox 3548 1752 3562 1776; x_wconf 89' lang='lat'><strong>,</strong></span> 
     </span>
    </p>
   </div>
   <div class='ocr_carea' id='block_1_77' title="bbox 1980 1796 3564 1868">
    <p class='ocr_par' dir='ltr' id='par_1_77' title="bbox 1980 1796 3564 1868">
     <span class='ocr_line' id='line_1_77' title="bbox 1980 1796 3564 1868; baseline 0.004 -18"><span class='ocrx_word' id='word_1_666' title='bbox 1980 1811 2046 1850; x_wconf 81' lang='lat' dir='ltr'><strong>ex</strong></span> <span class='ocrx_word' id='word_1_667' title='bbox 2077 1805 2185 1850; x_wconf 89' lang='lat' dir='ltr'><strong>tota</strong></span> <span class='ocrx_word' id='word_1_668' title='bbox 2212 1804 2426 1860; x_wconf 85' lang='lat' dir='ltr'><strong>mente;</strong></span> <span class='ocrx_word' id='word_1_669' title='bbox 2460 1806 2513 1850; x_wconf 87' lang='lat' dir='ltr'><strong>et</strong></span> <span class='ocrx_word' id='word_1_670' title='bbox 2539 1796 2835 1865; x_wconf 82' lang='lat' dir='ltr'><strong>proximum</strong></span> <span class='ocrx_word' id='word_1_671' title='bbox 2863 1811 3014 1852; x_wconf 89' lang='lat' dir='ltr'><strong>suum</strong></span> <span class='ocrx_word' id='word_1_672' title='bbox 3038 1807 3282 1867; x_wconf 89' lang='lat' dir='ltr'><strong>tanquam</strong></span> <span class='ocrx_word' id='word_1_673' title='bbox 3305 1799 3564 1868; x_wconf 87' lang='lat' dir='ltr'><strong>seipsum.</strong></span> 
     </span>
    </p>
   </div>
   <div class='ocr_carea' id='block_1_78' title="bbox 1979 1885 3566 1957">
    <p class='ocr_par' dir='ltr' id='par_1_78' title="bbox 1979 1885 3566 1957">
     <span class='ocr_line' id='line_1_78' title="bbox 1979 1885 3566 1957; baseline 0.003 -17"><span class='ocrx_word' id='word_1_674' title='bbox 1979 1885 2037 1940; x_wconf 92' lang='lat' dir='ltr'><strong>ln</strong></span> <span class='ocrx_word' id='word_1_675' title='bbox 2085 1885 2170 1942; x_wconf 88' lang='lat' dir='ltr'><strong>his</strong></span> <span class='ocrx_word' id='word_1_676' title='bbox 2213 1886 2354 1941; x_wconf 88' lang='lat' dir='ltr'><strong>enim</strong></span> <span class='ocrx_word' id='word_1_677' title='bbox 2395 1885 2602 1941; x_wconf 89' lang='lat' dir='ltr'><strong>duobus</strong></span> <span class='ocrx_word' id='word_1_678' title='bbox 2645 1887 2925 1956; x_wconf 65' lang='lat' dir='ltr'><strong>prteceptis</strong></span> <span class='ocrx_word' id='word_1_679' title='bbox 2971 1896 3078 1942; x_wconf 89' lang='lat' dir='ltr'><strong>tota</strong></span> <span class='ocrx_word' id='word_1_680' title='bbox 3130 1887 3236 1942; x_wconf 84' lang='lat' dir='ltr'><strong>Lex</strong></span> <span class='ocrx_word' id='word_1_681' title='bbox 3284 1889 3473 1957; x_wconf 88' lang='lat' dir='ltr'><strong>pendet</strong></span> <span class='ocrx_word' id='word_1_682' title='bbox 3512 1899 3566 1945; x_wconf 88' lang='lat' dir='ltr'><strong>et</strong></span> 
     </span>
    </p>
   </div>
   <div class='ocr_carea' id='block_1_79' title="bbox 1977 1964 3563 2048">
    <p class='ocr_par' dir='ltr' id='par_1_79' title="bbox 1977 1964 3563 2048">
     <span class='ocr_line' id='line_1_79' title="bbox 1977 1964 3563 2048; baseline 0 -14"><span class='ocrx_word' id='word_1_683' title='bbox 1977 1977 2258 2047; x_wconf 69' lang='lat' dir='ltr'><strong>Propheta:</strong></span> <span class='ocrx_word' id='word_1_684' title='bbox 2282 1977 2301 2047; x_wconf 95' lang='lat'><strong>(</strong></span> <span class='ocrx_word' id='word_1_685' title='bbox 2329 1975 2514 2031; x_wconf 78' lang='lat' dir='ltr'><strong>Matth.</strong></span> <span class='ocrx_word' id='word_1_686' title='bbox 2546 1992 2656 2030; x_wconf 73' lang='grc' dir='ltr'>χχιι</span> <span class='ocrx_word' id='word_1_687' title='bbox 2683 2018 2698 2042; x_wconf 85' lang='grc'><em>,</em></span> <span class='ocrx_word' id='word_1_688' title='bbox 2729 1977 2896 2032; x_wconf 57' lang='grc'><strong>5740</strong></span> <span class='ocrx_word' id='word_1_689' title='bbox 2921 1979 2938 2048; x_wconf 91' lang='grc'>)</span> <span class='ocrx_word' id='word_1_690' title='bbox 2965 1964 3100 2034; x_wconf 63' lang='grc'><strong>⁵1106</strong></span> <span class='ocrx_word' id='word_1_691' title='bbox 3123 1979 3330 2033; x_wconf 91' lang='lat' dir='ltr'><strong>videtur</strong></span> <span class='ocrx_word' id='word_1_692' title='bbox 3362 1981 3563 2048; x_wconf 88' lang='lat' dir='ltr'><strong>promi-</strong></span> 
     </span>
    </p>
   </div>
   <div class='ocr_carea' id='block_1_80' title="bbox 1977 2067 3561 2135">
    <p class='ocr_par' dir='ltr' id='par_1_80' title="bbox 1977 2067 3561 2135">
     <span class='ocr_line' id='line_1_80' title="bbox 1977 2067 3561 2135; baseline 0 -12"><span class='ocrx_word' id='word_1_693' title='bbox 1977 2069 2112 2124; x_wconf 88' lang='lat' dir='ltr'><strong>sisse</strong></span> <span class='ocrx_word' id='word_1_694' title='bbox 2130 2109 2148 2135; x_wconf 89' lang='lat'><strong>,</strong></span> <span class='ocrx_word' id='word_1_695' title='bbox 2169 2084 2290 2124; x_wconf 90' lang='lat' dir='ltr'><strong>cum</strong></span> <span class='ocrx_word' id='word_1_696' title='bbox 2313 2067 2445 2122; x_wconf 80' lang='lat' dir='ltr'><strong>dixit</strong></span> <span class='ocrx_word' id='word_1_697' title='bbox 2469 2109 2484 2133; x_wconf 92' lang='lat'><strong>,</strong></span> <span class='ocrx_word' id='word_1_698' title='bbox 2513 2067 2576 2120; x_wconf 88' lang='lat' dir='ltr'><strong>Et</strong></span> <span class='ocrx_word' id='word_1_699' title='bbox 2598 2069 2876 2122; x_wconf 79' lang='lat' dir='ltr'><strong>custodiam</strong></span> <span class='ocrx_word' id='word_1_700' title='bbox 2901 2068 3038 2122; x_wconf 81' lang='lat' dir='ltr'><strong>illam</strong></span> <span class='ocrx_word' id='word_1_701' title='bbox 3065 2069 3119 2121; x_wconf 87' lang='lat' dir='ltr'><strong>in</strong></span> <span class='ocrx_word' id='word_1_702' title='bbox 3147 2077 3247 2122; x_wconf 85' lang='lat' dir='ltr'><strong>toto</strong></span> <span class='ocrx_word' id='word_1_703' title='bbox 3264 2070 3412 2123; x_wconf 84' lang='lat' dir='ltr'><strong>corde</strong></span> <span class='ocrx_word' id='word_1_704' title='bbox 3432 2087 3561 2124; x_wconf 76' lang='lat' dir='ltr'><strong>meo.</strong></span> 
     </span>
    </p>
   </div>
   <div class='ocr_carea' id='block_1_81' title="bbox 2046 2157 3562 2231">
    <p class='ocr_par' dir='ltr' id='par_1_81' title="bbox 2046 2157 3562 2231">
     <span class='ocr_line' id='line_1_81' title="bbox 2046 2157 3562 2231; baseline 0 -17"><span class='ocrx_word' id='word_1_705' title='bbox 2046 2160 2101 2215; x_wconf 82' lang='lat'><strong>5.</strong></span> <span class='ocrx_word' id='word_1_706' title='bbox 2143 2158 2316 2231; x_wconf 75' lang='grc' dir='ltr'><strong>[υετδ.</strong></span> <span class='ocrx_word' id='word_1_707' title='bbox 2338 2157 2472 2230; x_wconf 80' lang='grc'><strong>55.]</strong></span> <span class='ocrx_word' id='word_1_708' title='bbox 2509 2158 2614 2214; x_wconf 87' lang='lat' dir='ltr'><strong>Sed</strong></span> <span class='ocrx_word' id='word_1_709' title='bbox 2643 2159 2765 2228; x_wconf 89' lang='lat' dir='ltr'><strong>quia</strong></span> <span class='ocrx_word' id='word_1_710' title='bbox 2797 2168 2851 2213; x_wconf 92' lang='lat' dir='ltr'><strong>et</strong></span> <span class='ocrx_word' id='word_1_711' title='bbox 2893 2159 2994 2213; x_wconf 85' lang='lat' dir='ltr'><strong>hoc</strong></span> <span class='ocrx_word' id='word_1_712' title='bbox 3035 2160 3209 2213; x_wconf 89' lang='lat' dir='ltr'><strong>minus</strong></span> <span class='ocrx_word' id='word_1_713' title='bbox 3244 2160 3384 2214; x_wconf 85' lang='lat' dir='ltr'><strong>valet</strong></span> <span class='ocrx_word' id='word_1_714' title='bbox 3431 2161 3562 2214; x_wconf 86' lang='lat' dir='ltr'><strong>viri-</strong></span> 
     </span>
    </p>
   </div>
   <div class='ocr_carea' id='block_1_82' title="bbox 1977 2249 3564 2320">
    <p class='ocr_par' dir='ltr' id='par_1_82' title="bbox 1977 2249 3564 2320">
     <span class='ocr_line' id='line_1_82' title="bbox 1977 2249 3564 2320; baseline 0.001 -16"><span class='ocrx_word' id='word_1_715' title='bbox 1977 2249 2078 2305; x_wconf 89' lang='lat' dir='ltr'><strong>bus</strong></span> <span class='ocrx_word' id='word_1_716' title='bbox 2125 2251 2390 2320; x_wconf 85' lang='lat' dir='ltr'><strong>pmpriis,</strong></span> <span class='ocrx_word' id='word_1_717' title='bbox 2440 2250 2538 2304; x_wconf 84' lang='lat' dir='ltr'><strong>nisi</strong></span> <span class='ocrx_word' id='word_1_718' title='bbox 2581 2250 2860 2320; x_wconf 84' lang='lat' dir='ltr'><strong>adjuvetur</strong></span> <span class='ocrx_word' id='word_1_719' title='bbox 2907 2250 2972 2305; x_wconf 87' lang='lat' dir='ltr'><strong>ab</strong></span> <span class='ocrx_word' id='word_1_720' title='bbox 3009 2251 3101 2304; x_wconf 90' lang='lat' dir='ltr'><strong>illo</strong></span> <span class='ocrx_word' id='word_1_721' title='bbox 3147 2251 3236 2319; x_wconf 91' lang='lat' dir='ltr'><strong>qui</strong></span> <span class='ocrx_word' id='word_1_722' title='bbox 3273 2251 3458 2318; x_wconf 90' lang='lat' dir='ltr'><strong>jubet,</strong></span> <span class='ocrx_word' id='word_1_723' title='bbox 3507 2262 3564 2305; x_wconf 93' lang='lat' dir='ltr'><strong>ut</strong></span> 
     </span>
    </p>
   </div>
   <div class='ocr_carea' id='block_1_83' title="bbox 1978 2339 3561 2411">
    <p class='ocr_par' dir='ltr' id='par_1_83' title="bbox 1978 2339 3561 2411">
     <span class='ocr_line' id='line_1_83' title="bbox 1978 2339 3561 2411; baseline -0.001 -16"><span class='ocrx_word' id='word_1_724' title='bbox 1978 2341 2135 2396; x_wconf 86' lang='lat' dir='ltr'><strong>faciat</strong></span> <span class='ocrx_word' id='word_1_725' title='bbox 2159 2341 2298 2411; x_wconf 82' lang='lat' dir='ltr'><strong>quod</strong></span> <span class='ocrx_word' id='word_1_726' title='bbox 2321 2340 2510 2410; x_wconf 82' lang='lat' dir='ltr'><strong>jubet,</strong></span> <span class='ocrx_word' id='word_1_727' title='bbox 2541 2339 2719 2393; x_wconf 74' lang='lat' dir='ltr'><strong>Deduc</strong></span> <span class='ocrx_word' id='word_1_728' title='bbox 2745 2357 2860 2408; x_wconf 48' lang='lat' dir='ltr'><strong>meq</strong></span> <span class='ocrx_word' id='word_1_729' title='bbox 2889 2341 3099 2409; x_wconf 77' lang='lat' dir='ltr'><strong>inquit,</strong></span> <span class='ocrx_word' id='word_1_730' title='bbox 3129 2341 3182 2394; x_wconf 88' lang='lat' dir='ltr'><strong>in</strong></span> <span class='ocrx_word' id='word_1_731' title='bbox 3209 2342 3385 2393; x_wconf 72' lang='lat' dir='ltr'><strong>semita</strong></span> <span class='ocrx_word' id='word_1_732' title='bbox 3415 2358 3561 2393; x_wconf 82' lang='lat' dir='ltr'><strong>man-</strong></span> 
     </span>
    </p>
   </div>
   <div class='ocr_carea' id='block_1_84' title="bbox 1977 2430 3562 2500">
    <p class='ocr_par' dir='ltr' id='par_1_84' title="bbox 1977 2430 3562 2500">
     <span class='ocr_line' id='line_1_84' title="bbox 1977 2430 3562 2500; baseline 0.001 -18"><span class='ocrx_word' id='word_1_733' title='bbox 1977 2430 2209 2483; x_wconf 87' lang='lat' dir='ltr'><strong>datorum</strong></span> <span class='ocrx_word' id='word_1_734' title='bbox 2240 2440 2438 2483; x_wconf 87' lang='lat' dir='ltr'><strong>tuorum</strong></span> <span class='ocrx_word' id='word_1_735' title='bbox 2463 2471 2479 2495; x_wconf 92' lang='lat'><strong>,</strong></span> <span class='ocrx_word' id='word_1_736' title='bbox 2515 2430 2645 2500; x_wconf 84' lang='lat' dir='ltr'><strong>.quia</strong></span> <span class='ocrx_word' id='word_1_737' title='bbox 2684 2431 2847 2500; x_wconf 85' lang='lat' dir='ltr'><strong>ipsam</strong></span> <span class='ocrx_word' id='word_1_738' title='bbox 2881 2431 3037 2484; x_wconf 83' lang='lat' dir='ltr'><strong>volui.</strong></span> <span class='ocrx_word' id='word_1_739' title='bbox 3085 2431 3277 2485; x_wconf 88' lang='lat' dir='ltr'><strong>Parum</strong></span> <span class='ocrx_word' id='word_1_740' title='bbox 3314 2441 3396 2484; x_wconf 88' lang='lat' dir='ltr'><strong>cst</strong></span> <span class='ocrx_word' id='word_1_741' title='bbox 3431 2431 3562 2484; x_wconf 88' lang='lat' dir='ltr'><strong>mihi</strong></span> 
     </span>
    </p>
   </div>
   <div class='ocr_carea' id='block_1_85' title="bbox 1975 2519 3561 2591">
    <p class='ocr_par' dir='ltr' id='par_1_85' title="bbox 1975 2519 3561 2591">
     <span class='ocr_line' id='line_1_85' title="bbox 1975 2519 3561 2591; baseline -0.001 -17"><span class='ocrx_word' id='word_1_742' title='bbox 1975 2521 2219 2576; x_wconf 82' lang='lat' dir='ltr'><strong>voluntas</strong></span> <span class='ocrx_word' id='word_1_743' title='bbox 2249 2535 2365 2576; x_wconf 89' lang='lat' dir='ltr'><strong>mea</strong></span> <span class='ocrx_word' id='word_1_744' title='bbox 2389 2562 2405 2587; x_wconf 95' lang='lat'><strong>,</strong></span> <span class='ocrx_word' id='word_1_745' title='bbox 2441 2521 2541 2574; x_wconf 86' lang='lat' dir='ltr'><strong>nisi</strong></span> <span class='ocrx_word' id='word_1_746' title='bbox 2573 2522 2624 2574; x_wconf 90' lang='lat' dir='ltr'><strong>in</strong></span> <span class='ocrx_word' id='word_1_747' title='bbox 2652 2537 2716 2575; x_wconf 89' lang='lat' dir='ltr'><strong>co</strong></span> <span class='ocrx_word' id='word_1_748' title='bbox 2741 2520 2880 2591; x_wconf 82' lang='lat' dir='ltr'><strong>quod</strong></span> <span class='ocrx_word' id='word_1_749' title='bbox 2907 2522 3043 2574; x_wconf 82' lang='lat' dir='ltr'><strong>volui</strong></span> <span class='ocrx_word' id='word_1_750' title='bbox 3069 2561 3084 2586; x_wconf 91' lang='lat'><strong>,</strong></span> <span class='ocrx_word' id='word_1_751' title='bbox 3126 2535 3212 2575; x_wconf 91' lang='lat' dir='ltr'><strong>me</strong></span> <span class='ocrx_word' id='word_1_752' title='bbox 3250 2521 3364 2590; x_wconf 90' lang='lat' dir='ltr'><strong>ipse</strong></span> <span class='ocrx_word' id='word_1_753' title='bbox 3393 2519 3561 2574; x_wconf 81' lang='lat' dir='ltr'><strong>dedu-</strong></span> 
     </span>
    </p>
   </div>
   <div class='ocr_carea' id='block_1_86' title="bbox 1975 2612 3562 2683">
    <p class='ocr_par' dir='ltr' id='par_1_86' title="bbox 1975 2612 3562 2683">
     <span class='ocr_line' id='line_1_86' title="bbox 1975 2612 3562 2683; baseline -0.004 -13"><span class='ocrx_word' id='word_1_754' title='bbox 1975 2628 2084 2670; x_wconf 85' lang='lat' dir='ltr'><strong>cas.</strong></span> <span class='ocrx_word' id='word_1_755' title='bbox 2112 2613 2182 2668; x_wconf 85' lang='lat' dir='ltr'><strong>Et</strong></span> <span class='ocrx_word' id='word_1_756' title='bbox 2209 2623 2353 2668; x_wconf 90' lang='lat' dir='ltr'><strong>certe</strong></span> <span class='ocrx_word' id='word_1_757' title='bbox 2379 2614 2490 2683; x_wconf 90' lang='lat' dir='ltr'><strong>ipsa</strong></span> <span class='ocrx_word' id='word_1_758' title='bbox 2507 2623 2594 2668; x_wconf 90' lang='lat' dir='ltr'><strong>est</strong></span> <span class='ocrx_word' id='word_1_759' title='bbox 2623 2614 2852 2678; x_wconf 90' lang='lat' dir='ltr'><strong>semita;</strong></span> <span class='ocrx_word' id='word_1_760' title='bbox 2898 2612 3001 2666; x_wconf 90' lang='lat' dir='ltr'><strong>hoc</strong></span> <span class='ocrx_word' id='word_1_761' title='bbox 3040 2621 3123 2666; x_wconf 88' lang='lat' dir='ltr'><strong>est</strong></span> <span class='ocrx_word' id='word_1_762' title='bbox 3161 2613 3244 2666; x_wconf 90' lang='lat' dir='ltr'><strong>via</strong></span> <span class='ocrx_word' id='word_1_763' title='bbox 3283 2612 3562 2666; x_wconf 84' lang='lat' dir='ltr'><strong>mandato-</strong></span> 
     </span>
    </p>
   </div>
   <div class='ocr_carea' id='block_1_87' title="bbox 1975 2703 3562 2774">
    <p class='ocr_par' dir='ltr' id='par_1_87' title="bbox 1975 2703 3562 2774">
     <span class='ocr_line' id='line_1_87' title="bbox 1975 2703 3562 2774; baseline -0.001 -15"><span class='ocrx_word' id='word_1_764' title='bbox 1975 2721 2092 2760; x_wconf 90' lang='lat' dir='ltr'><strong>rum</strong></span> <span class='ocrx_word' id='word_1_765' title='bbox 2123 2705 2216 2759; x_wconf 88' lang='lat' dir='ltr'><strong>Dei</strong></span> <span class='ocrx_word' id='word_1_766' title='bbox 2243 2745 2258 2771; x_wconf 91' lang='lat'><strong>,</strong></span> <span class='ocrx_word' id='word_1_767' title='bbox 2285 2719 2442 2774; x_wconf 91' lang='lat' dir='ltr'><strong>quam</strong></span> <span class='ocrx_word' id='word_1_768' title='bbox 2465 2719 2524 2757; x_wconf 87' lang='lat' dir='ltr'><strong>sc</strong></span> <span class='ocrx_word' id='word_1_769' title='bbox 2549 2745 2564 2771; x_wconf 94' lang='lat'><strong>,</strong></span> <span class='ocrx_word' id='word_1_770' title='bbox 2595 2703 2813 2757; x_wconf 79' lang='lat' dir='ltr'><strong>dilatato</strong></span> <span class='ocrx_word' id='word_1_771' title='bbox 2852 2703 2919 2758; x_wconf 86' lang='lat' dir='ltr'><strong>ab</strong></span> <span class='ocrx_word' id='word_1_772' title='bbox 2961 2703 3054 2757; x_wconf 93' lang='lat' dir='ltr'><strong>illo</strong></span> <span class='ocrx_word' id='word_1_773' title='bbox 3099 2703 3262 2758; x_wconf 88' lang='lat' dir='ltr'><strong>corde</strong></span> <span class='ocrx_word' id='word_1_774' title='bbox 3301 2718 3400 2758; x_wconf 92' lang='lat' dir='ltr'><strong>suo</strong></span> <span class='ocrx_word' id='word_1_775' title='bbox 3423 2744 3439 2770; x_wconf 92' lang='lat'><strong>,</strong></span> <span class='ocrx_word' id='word_1_776' title='bbox 3469 2718 3562 2758; x_wconf 84' lang='lat' dir='ltr'><strong>cu-</strong></span> 
     </span>
    </p>
   </div>
   <div class='ocr_carea' id='block_1_88' title="bbox 1964 2797 3560 2868">
    <p class='ocr_par' dir='ltr' id='par_1_88' title="bbox 1964 2797 3560 2868">
     <span class='ocr_line' id='line_1_88' title="bbox 1964 2797 3560 2868; baseline -0.001 -16"><span class='ocrx_word' id='word_1_777' title='bbox 1964 2798 2208 2853; x_wconf 83' lang='lat' dir='ltr'><strong>currisse</strong></span> <span class='ocrx_word' id='word_1_778' title='bbox 2225 2797 2334 2868; x_wconf 89' lang='lat' dir='ltr'><strong>jam</strong></span> <span class='ocrx_word' id='word_1_779' title='bbox 2361 2797 2583 2851; x_wconf 85' lang='lat' dir='ltr'><strong>dixerat.</strong></span> <span class='ocrx_word' id='word_1_780' title='bbox 2613 2797 2779 2864; x_wconf 82' lang='lat' dir='ltr'><strong>Quam</strong></span> <span class='ocrx_word' id='word_1_781' title='bbox 2805 2805 3082 2866; x_wconf 87' lang='lat' dir='ltr'><strong>propterea</strong></span> <span class='ocrx_word' id='word_1_782' title='bbox 3120 2797 3278 2852; x_wconf 90' lang='lat' dir='ltr'><strong>etiam</strong></span> <span class='ocrx_word' id='word_1_783' title='bbox 3315 2797 3560 2852; x_wconf 82' lang='lat' dir='ltr'><strong>semitam</strong></span> 
     </span>
    </p>
   </div>
   <div class='ocr_carea' id='block_1_89' title="bbox 1980 2887 3558 2961">
    <p class='ocr_par' dir='ltr' id='par_1_89' title="bbox 1980 2887 3558 2961">
     <span class='ocr_line' id='line_1_89' title="bbox 1980 2887 3558 2961; baseline -0.001 -19"><span class='ocrx_word' id='word_1_784' title='bbox 1980 2900 2132 2945; x_wconf 69' lang='lat' dir='ltr'><strong>vocat</strong></span> <span class='ocrx_word' id='word_1_785' title='bbox 2157 2929 2172 2953; x_wconf 93' lang='lat'><strong>,</strong></span> <span class='ocrx_word' id='word_1_786' title='bbox 2205 2890 2325 2958; x_wconf 90' lang='lat' dir='ltr'><strong>quia</strong></span> <span class='ocrx_word' id='word_1_787' title='bbox 2351 2897 2572 2959; x_wconf 88' lang='lat' dir='ltr'><strong>angusta</strong></span> <span class='ocrx_word' id='word_1_788' title='bbox 2600 2897 2681 2944; x_wconf 88' lang='lat' dir='ltr'><strong>est</strong></span> <span class='ocrx_word' id='word_1_789' title='bbox 2709 2889 2791 2942; x_wconf 82' lang='lat' dir='ltr'><strong>via</strong></span> <span class='ocrx_word' id='word_1_790' title='bbox 2816 2903 2934 2957; x_wconf 70' lang='lat' dir='ltr'><strong>qua:</strong></span> <span class='ocrx_word' id='word_1_791' title='bbox 2961 2888 3103 2943; x_wconf 83' lang='lat' dir='ltr'><strong>ducit</strong></span> <span class='ocrx_word' id='word_1_792' title='bbox 3127 2889 3196 2943; x_wconf 88' lang='lat' dir='ltr'><strong>ad</strong></span> <span class='ocrx_word' id='word_1_793' title='bbox 3223 2888 3380 2943; x_wconf 84' lang='lat' dir='ltr'><strong>vitam</strong></span> <span class='ocrx_word' id='word_1_794' title='bbox 3423 2888 3445 2961; x_wconf 96' lang='lat'><strong>(</strong></span> <span class='ocrx_word' id='word_1_795' title='bbox 3472 2887 3558 2942; x_wconf 89' lang='lat' dir='ltr'><strong>Id.</strong></span> 
     </span>
    </p>
   </div>
   <div class='ocr_carea' id='block_1_90' title="bbox 1976 2978 3560 3050">
    <p class='ocr_par' dir='ltr' id='par_1_90' title="bbox 1976 2978 3560 3050">
     <span class='ocr_line' id='line_1_90' title="bbox 1976 2978 3560 3050; baseline 0.001 -16"><span class='ocrx_word' id='word_1_796' title='bbox 1976 2996 2082 3047; x_wconf 86' lang='lat' dir='ltr'><strong>vn,</strong></span> <span class='ocrx_word' id='word_1_797' title='bbox 2119 2981 2183 3034; x_wconf 77' lang='lat' dir='ltr'><strong>M</strong></span> <span class='ocrx_word' id='word_1_798' title='bbox 2207 2979 2250 3050; x_wconf 87' lang='lat'><strong>);</strong></span> <span class='ocrx_word' id='word_1_799' title='bbox 2278 2988 2332 3036; x_wconf 90' lang='lat' dir='ltr'><strong>et</strong></span> <span class='ocrx_word' id='word_1_800' title='bbox 2357 2994 2478 3035; x_wconf 91' lang='lat' dir='ltr'><strong>cum</strong></span> <span class='ocrx_word' id='word_1_801' title='bbox 2505 2979 2574 3034; x_wconf 90' lang='lat' dir='ltr'><strong>sit</strong></span> <span class='ocrx_word' id='word_1_802' title='bbox 2600 2988 2820 3049; x_wconf 79' lang='lat' dir='ltr'><strong>angusta</strong></span> <span class='ocrx_word' id='word_1_803' title='bbox 2844 3018 2860 3044; x_wconf 92' lang='lat'><strong>,</strong></span> <span class='ocrx_word' id='word_1_804' title='bbox 2889 2978 2991 3032; x_wconf 86' lang='lat' dir='ltr'><strong>nisi</strong></span> <span class='ocrx_word' id='word_1_805' title='bbox 3019 2978 3238 3034; x_wconf 85' lang='lat' dir='ltr'><strong>dilatato</strong></span> <span class='ocrx_word' id='word_1_806' title='bbox 3264 2979 3425 3036; x_wconf 87' lang='lat' dir='ltr'><strong>corde</strong></span> <span class='ocrx_word' id='word_1_807' title='bbox 3452 2995 3560 3036; x_wconf 84' lang='lat' dir='ltr'><strong>non</strong></span> 
     </span>
    </p>
   </div>
   <div class='ocr_carea' id='block_1_91' title="bbox 1971 3077 2230 3134">
    <p class='ocr_par' dir='ltr' id='par_1_91' title="bbox 1971 3077 2230 3134">
     <span class='ocr_line' id='line_1_91' title="bbox 1971 3077 2230 3134; baseline -0.015 0"><span class='ocrx_word' id='word_1_808' title='bbox 1971 3077 2230 3134; x_wconf 86' lang='lat' dir='ltr'><strong>curritur.</strong></span> 
     </span>
    </p>
   </div>
   <div class='ocr_carea' id='block_1_92' title="bbox 2046 3164 3561 3243">
    <p class='ocr_par' dir='ltr' id='par_1_92' title="bbox 2046 3164 3561 3243">
     <span class='ocr_line' id='line_1_92' title="bbox 2046 3164 3561 3243; baseline -0.003 -19"><span class='ocrx_word' id='word_1_809' title='bbox 2046 3169 2099 3224; x_wconf 89' lang='lat'><strong>6.</strong></span> <span class='ocrx_word' id='word_1_810' title='bbox 2141 3168 2306 3243; x_wconf 56' lang='lat' dir='ltr'><strong>[vera</strong></span> <span class='ocrx_word' id='word_1_811' title='bbox 2332 3167 2466 3241; x_wconf 83' lang='lat'><strong>56.]</strong></span> <span class='ocrx_word' id='word_1_812' title='bbox 2507 3166 2612 3228; x_wconf 89' lang='lat' dir='ltr'><strong>Sed</strong></span> <span class='ocrx_word' id='word_1_813' title='bbox 2637 3166 2888 3237; x_wconf 90' lang='lat' dir='ltr'><strong>quoniam</strong></span> <span class='ocrx_word' id='word_1_814' title='bbox 2917 3164 3092 3220; x_wconf 84' lang='lat' dir='ltr'><strong>adhuc</strong></span> <span class='ocrx_word' id='word_1_815' title='bbox 3114 3165 3326 3235; x_wconf 86' lang='lat' dir='ltr'><strong>proﬁcit</strong></span> <span class='ocrx_word' id='word_1_816' title='bbox 3347 3207 3364 3230; x_wconf 85' lang='lat'><strong>,</strong></span> <span class='ocrx_word' id='word_1_817' title='bbox 3387 3164 3561 3220; x_wconf 89' lang='lat' dir='ltr'><strong>adhuc</strong></span> 
     </span>
    </p>
   </div>
   <div class='ocr_carea' id='block_1_93' title="bbox 1967 3257 3561 3326">
    <p class='ocr_par' dir='ltr' id='par_1_93' title="bbox 1967 3257 3561 3326">
     <span class='ocr_line' id='line_1_93' title="bbox 1967 3257 3561 3326; baseline -0.003 -10"><span class='ocrx_word' id='word_1_818' title='bbox 1967 3263 2178 3326; x_wconf 86' lang='lat' dir='ltr'><strong>currit;</strong></span> <span class='ocrx_word' id='word_1_819' title='bbox 2206 3271 2260 3315; x_wconf 88' lang='lat' dir='ltr'><strong>et</strong></span> <span class='ocrx_word' id='word_1_820' title='bbox 2290 3261 2409 3316; x_wconf 89' lang='lat' dir='ltr'><strong>ideo</strong></span> <span class='ocrx_word' id='word_1_821' title='bbox 2437 3259 2674 3314; x_wconf 81' lang='lat' dir='ltr'><strong>divinum</strong></span> <span class='ocrx_word' id='word_1_822' title='bbox 2717 3257 2969 3312; x_wconf 82' lang='lat' dir='ltr'><strong>auxilium</strong></span> <span class='ocrx_word' id='word_1_823' title='bbox 3011 3271 3116 3326; x_wconf 91' lang='lat' dir='ltr'><strong>quo</strong></span> <span class='ocrx_word' id='word_1_824' title='bbox 3151 3257 3444 3312; x_wconf 88' lang='lat' dir='ltr'><strong>deducatur</strong></span> <span class='ocrx_word' id='word_1_825' title='bbox 3482 3257 3561 3311; x_wconf 85' lang='lat' dir='ltr'><strong>in-</strong></span> 
     </span>
    </p>
   </div>
   <div class='ocr_carea' id='block_1_94' title="bbox 1973 3341 3556 3422">
    <p class='ocr_par' dir='ltr' id='par_1_94' title="bbox 1973 3341 3556 3422">
     <span class='ocr_line' id='line_1_94' title="bbox 1973 3341 3556 3422; baseline -0.004 -16"><span class='ocrx_word' id='word_1_826' title='bbox 1973 3353 2173 3422; x_wconf 84' lang='lat' dir='ltr'><strong>quirit,</strong></span> <span class='ocrx_word' id='word_1_827' title='bbox 2219 3351 2339 3420; x_wconf 88' lang='lat' dir='ltr'><strong>quia</strong></span> <span class='ocrx_word' id='word_1_828' title='bbox 2383 3365 2553 3420; x_wconf 89' lang='lat' dir='ltr'><strong>neque</strong></span> <span class='ocrx_word' id='word_1_829' title='bbox 2579 3341 2854 3414; x_wconf 84' lang='lat' dir='ltr'><strong>volentis,</strong></span> <span class='ocrx_word' id='word_1_830' title='bbox 2903 3363 3080 3417; x_wconf 86' lang='lat' dir='ltr'><strong>neque</strong></span> <span class='ocrx_word' id='word_1_831' title='bbox 3119 3347 3418 3413; x_wconf 78' lang='lat' dir='ltr'><strong>currentis,</strong></span> <span class='ocrx_word' id='word_1_832' title='bbox 3463 3345 3556 3401; x_wconf 88' lang='lat' dir='ltr'><strong>sed</strong></span> 
     </span>
    </p>
   </div>
   <div class='ocr_carea' id='block_1_95' title="bbox 1975 3438 3564 3510">
    <p class='ocr_par' dir='ltr' id='par_1_95' title="bbox 1975 3438 3564 3510">
     <span class='ocr_line' id='line_1_95' title="bbox 1975 3438 3564 3510; baseline -0.004 -13"><span class='ocrx_word' id='word_1_833' title='bbox 1975 3443 2278 3498; x_wconf 84' lang='lat' dir='ltr'><strong>miscrcutis</strong></span> <span class='ocrx_word' id='word_1_834' title='bbox 2302 3452 2382 3498; x_wconf 91' lang='lat' dir='ltr'><strong>est</strong></span> <span class='ocrx_word' id='word_1_835' title='bbox 2412 3441 2504 3496; x_wconf 86' lang='lat' dir='ltr'><strong>Dei</strong></span> <span class='ocrx_word' id='word_1_836' title='bbox 2531 3442 2548 3510; x_wconf 93' lang='lat'><strong>(</strong></span> <span class='ocrx_word' id='word_1_837' title='bbox 2573 3439 2724 3493; x_wconf 85' lang='lat' dir='ltr'><strong>Rom.</strong></span> <span class='ocrx_word' id='word_1_838' title='bbox 2751 3456 2804 3493; x_wconf 80' lang='lat' dir='ltr'><strong>Ix</strong></span> <span class='ocrx_word' id='word_1_839' title='bbox 2829 3479 2843 3502; x_wconf 90' lang='lat'><strong>,</strong></span> <span class='ocrx_word' id='word_1_840' title='bbox 2894 3438 2999 3510; x_wconf 84' lang='lat' dir='ltr'><strong>l6)</strong></span> <span class='ocrx_word' id='word_1_841' title='bbox 3027 3455 3039 3492; x_wconf 94' lang='lat'><strong>:</strong></span> <span class='ocrx_word' id='word_1_842' title='bbox 3085 3438 3315 3507; x_wconf 89' lang='lat' dir='ltr'><strong>denique</strong></span> <span class='ocrx_word' id='word_1_843' title='bbox 3351 3438 3474 3506; x_wconf 86' lang='lat' dir='ltr'><strong>quia</strong></span> <span class='ocrx_word' id='word_1_844' title='bbox 3510 3446 3564 3491; x_wconf 88' lang='lat' dir='ltr'><strong>et</strong></span> 
     </span>
    </p>
   </div>
   <div class='ocr_carea' id='block_1_96' title="bbox 1976 3527 3557 3604">
    <p class='ocr_par' dir='ltr' id='par_1_96' title="bbox 1976 3527 3557 3604">
     <span class='ocr_line' id='line_1_96' title="bbox 1976 3527 3557 3604; baseline -0.006 -16"><span class='ocrx_word' id='word_1_845' title='bbox 1976 3536 2148 3604; x_wconf 87' lang='lat' dir='ltr'><strong>ipsum</strong></span> <span class='ocrx_word' id='word_1_846' title='bbox 2173 3534 2307 3588; x_wconf 83' lang='lat' dir='ltr'><strong>velle</strong></span> <span class='ocrx_word' id='word_1_847' title='bbox 2330 3533 2467 3587; x_wconf 87' lang='lat' dir='ltr'><strong>Deus</strong></span> <span class='ocrx_word' id='word_1_848' title='bbox 2488 3540 2736 3600; x_wconf 80' lang='lat' dir='ltr'><strong>operatur</strong></span> <span class='ocrx_word' id='word_1_849' title='bbox 2763 3531 2813 3582; x_wconf 90' lang='lat' dir='ltr'><strong>in</strong></span> <span class='ocrx_word' id='word_1_850' title='bbox 2839 3529 3029 3583; x_wconf 66' lang='lat' dir='ltr'><strong>nobis”</strong></span> <span class='ocrx_word' id='word_1_851' title='bbox 3053 3527 3312 3599; x_wconf 77' lang='lat' dir='ltr'><strong>(Philipp.</strong></span> <span class='ocrx_word' id='word_1_852' title='bbox 3340 3543 3375 3582; x_wconf 89' lang='grc' dir='ltr'><strong>ιι</strong></span> <span class='ocrx_word' id='word_1_853' title='bbox 3403 3570 3414 3591; x_wconf 87' lang='grc'><em>,</em></span> <span class='ocrx_word' id='word_1_854' title='bbox 3443 3527 3557 3598; x_wconf 73' lang='grc'><strong>15),</strong></span> 
     </span>
    </p>
   </div>
   <div class='ocr_carea' id='block_1_97' title="bbox 1969 3618 3561 3696">
    <p class='ocr_par' dir='ltr' id='par_1_97' title="bbox 1969 3618 3561 3696">
     <span class='ocr_line' id='line_1_97' title="bbox 1969 3618 3561 3696; baseline -0.006 -15"><span class='ocrx_word' id='word_1_855' title='bbox 1969 3636 2305 3696; x_wconf 59' lang='lat' dir='ltr'><strong>praeparatur</strong></span> <span class='ocrx_word' id='word_1_856' title='bbox 2333 3625 2472 3678; x_wconf 90' lang='lat' dir='ltr'><strong>enim</strong></span> <span class='ocrx_word' id='word_1_857' title='bbox 2503 3622 2750 3676; x_wconf 84' lang='lat' dir='ltr'><strong>voluntas</strong></span> <span class='ocrx_word' id='word_1_858' title='bbox 2775 3637 2801 3673; x_wconf 90' lang='lat' dir='ltr'><strong>a</strong></span> <span class='ocrx_word' id='word_1_859' title='bbox 2835 3622 3056 3674; x_wconf 85' lang='lat' dir='ltr'><strong>Domino</strong></span> <span class='ocrx_word' id='word_1_860' title='bbox 3081 3637 3094 3680; x_wconf 91' lang='lat'><strong>;</strong></span> <span class='ocrx_word' id='word_1_861' title='bbox 3121 3621 3372 3696; x_wconf 82' lang='lat' dir='ltr'><strong>sequitur</strong></span> <span class='ocrx_word' id='word_1_862' title='bbox 3399 3627 3452 3672; x_wconf 91' lang='lat' dir='ltr'><strong>et</strong></span> <span class='ocrx_word' id='word_1_863' title='bbox 3477 3618 3561 3671; x_wconf 90' lang='lat' dir='ltr'><strong>di-</strong></span> 
     </span>
    </p>
   </div>
   <div class='ocr_carea' id='block_1_98' title="bbox 1960 3692 3562 3783">
    <p class='ocr_par' dir='ltr' id='par_1_98' title="bbox 1960 3710 3562 3783">
     <span class='ocr_line' id='line_1_98' title="bbox 1960 3710 3562 3783; baseline -0.006 -11"><span class='ocrx_word' id='word_1_864' title='bbox 1960 3720 2049 3772; x_wconf 87' lang='lat' dir='ltr'><strong>--cit</strong></span> <span class='ocrx_word' id='word_1_865' title='bbox 2074 3760 2088 3783; x_wconf 94' lang='lat'><strong>,</strong></span> <span class='ocrx_word' id='word_1_866' title='bbox 2122 3717 2324 3770; x_wconf 84' lang='lat' dir='ltr'><strong>lnclina</strong></span> <span class='ocrx_word' id='word_1_867' title='bbox 2359 3732 2446 3769; x_wconf 86' lang='lat' dir='ltr'><strong>cor</strong></span> <span class='ocrx_word' id='word_1_868' title='bbox 2485 3731 2648 3767; x_wconf 85' lang='lat' dir='ltr'><strong>meum</strong></span> <span class='ocrx_word' id='word_1_869' title='bbox 2686 3714 2737 3765; x_wconf 88' lang='lat' dir='ltr'><strong>iu</strong></span> <span class='ocrx_word' id='word_1_870' title='bbox 2787 3711 3069 3765; x_wconf 84' lang='lat' dir='ltr'><strong>testimonia</strong></span> <span class='ocrx_word' id='word_1_871' title='bbox 3109 3722 3230 3773; x_wconf 86' lang='lat' dir='ltr'><strong>tua,</strong></span> <span class='ocrx_word' id='word_1_872' title='bbox 3279 3717 3325 3762; x_wconf 83' lang='lat' dir='ltr'><strong>et</strong></span> <span class='ocrx_word' id='word_1_873' title='bbox 3366 3727 3465 3762; x_wconf 77' lang='lat' dir='ltr'><strong>non</strong></span> <span class='ocrx_word' id='word_1_874' title='bbox 3509 3710 3562 3762; x_wconf 80' lang='lat' dir='ltr'><strong>in</strong></span> 
     </span>
    </p>
   </div>
   <div class='ocr_carea' id='block_1_99' title="bbox 1976 3801 3558 3874">
    <p class='ocr_par' dir='ltr' id='par_1_99' title="bbox 1976 3801 3558 3874">
     <span class='ocr_line' id='line_1_99' title="bbox 1976 3801 3558 3874; baseline -0.004 -12"><span class='ocrx_word' id='word_1_875' title='bbox 1976 3810 2260 3862; x_wconf 80' lang='lat' dir='ltr'><strong>avaritiam.</strong></span> <span class='ocrx_word' id='word_1_876' title='bbox 2291 3806 2426 3874; x_wconf 83' lang='lat' dir='ltr'><strong>Quid</strong></span> <span class='ocrx_word' id='word_1_877' title='bbox 2449 3814 2530 3859; x_wconf 79' lang='lat' dir='ltr'><strong>est</strong></span> <span class='ocrx_word' id='word_1_878' title='bbox 2557 3804 2862 3859; x_wconf 88' lang='lat' dir='ltr'><strong>inclinatum</strong></span> <span class='ocrx_word' id='word_1_879' title='bbox 2891 3817 2987 3857; x_wconf 91' lang='lat' dir='ltr'><strong>cor</strong></span> <span class='ocrx_word' id='word_1_880' title='bbox 3007 3803 3070 3855; x_wconf 90' lang='lat' dir='ltr'><strong>ad</strong></span> <span class='ocrx_word' id='word_1_881' title='bbox 3097 3801 3294 3870; x_wconf 90' lang='lat' dir='ltr'><strong>aliquid</strong></span> <span class='ocrx_word' id='word_1_882' title='bbox 3326 3801 3522 3855; x_wconf 89' lang='lat' dir='ltr'><strong>habere</strong></span> <span class='ocrx_word' id='word_1_883' title='bbox 3543 3843 3558 3864; x_wconf 90' lang='lat'><strong>,</strong></span> 
     </span>
    </p>
   </div>
   <div class='ocr_carea' id='block_1_100' title="bbox 1977 3893 3559 3964">
    <p class='ocr_par' dir='ltr' id='par_1_100' title="bbox 1977 3893 3559 3964">
     <span class='ocr_line' id='line_1_100' title="bbox 1977 3893 3559 3964; baseline -0.003 -12"><span class='ocrx_word' id='word_1_884' title='bbox 1977 3900 2078 3953; x_wconf 91' lang='lat' dir='ltr'><strong>nisi</strong></span> <span class='ocrx_word' id='word_1_885' title='bbox 2107 3898 2209 3954; x_wconf 88' lang='lat' dir='ltr'><strong>hoc</strong></span> <span class='ocrx_word' id='word_1_886' title='bbox 2239 3896 2416 3954; x_wconf 82' lang='lat' dir='ltr'><strong>velle?</strong></span> <span class='ocrx_word' id='word_1_887' title='bbox 2445 3897 2512 3950; x_wconf 85' lang='lat' dir='ltr'><strong>Et</strong></span> <span class='ocrx_word' id='word_1_888' title='bbox 2539 3895 2703 3949; x_wconf 82' lang='lat' dir='ltr'><strong>voluit</strong></span> <span class='ocrx_word' id='word_1_889' title='bbox 2727 3909 2852 3964; x_wconf 85' lang='lat' dir='ltr'><strong>ergo</strong></span> <span class='ocrx_word' id='word_1_890' title='bbox 2877 3936 2892 3964; x_wconf 88' lang='lat'><strong>,</strong></span> <span class='ocrx_word' id='word_1_891' title='bbox 2927 3903 2981 3948; x_wconf 93' lang='lat' dir='ltr'><strong>et</strong></span> <span class='ocrx_word' id='word_1_892' title='bbox 3011 3902 3131 3947; x_wconf 91' lang='lat' dir='ltr'><strong>orat</strong></span> <span class='ocrx_word' id='word_1_893' title='bbox 3177 3902 3236 3946; x_wconf 91' lang='lat' dir='ltr'><strong>ut</strong></span> <span class='ocrx_word' id='word_1_894' title='bbox 3282 3893 3425 3946; x_wconf 70' lang='lat' dir='ltr'><strong>xelit.</strong></span> <span class='ocrx_word' id='word_1_895' title='bbox 3454 3893 3559 3948; x_wconf 83' lang='lat' dir='ltr'><strong>Vo-</strong></span> 
     </span>
    </p>
   </div>
   <div class='ocr_carea' id='block_1_101' title="bbox 1978 3963 3558 4053">
    <p class='ocr_par' dir='ltr' id='par_1_101' title="bbox 1978 3963 3558 4053">
     <span class='ocr_line' id='line_1_101' title="bbox 1978 3963 3558 4053; baseline -0.006 -9"><span class='ocrx_word' id='word_1_896' title='bbox 1978 3991 2074 4046; x_wconf 89' lang='lat' dir='ltr'><strong>luit</strong></span> <span class='ocrx_word' id='word_1_897' title='bbox 2098 4031 2112 4053; x_wconf 94' lang='lat'><strong>,</strong></span> <span class='ocrx_word' id='word_1_898' title='bbox 2141 4005 2259 4044; x_wconf 92' lang='lat' dir='ltr'><strong>cum</strong></span> <span class='ocrx_word' id='word_1_899' title='bbox 2287 3988 2452 4050; x_wconf 88' lang='lat' dir='ltr'><strong>dicit,</strong></span> <span class='ocrx_word' id='word_1_900' title='bbox 2484 3985 2660 4039; x_wconf 88' lang='lat' dir='ltr'><strong>Deduc</strong></span> <span class='ocrx_word' id='word_1_901' title='bbox 2691 4000 2769 4038; x_wconf 89' lang='lat' dir='ltr'><strong>me</strong></span> <span class='ocrx_word' id='word_1_902' title='bbox 2794 3986 2844 4037; x_wconf 86' lang='lat' dir='ltr'><strong>in</strong></span> <span class='ocrx_word' id='word_1_903' title='bbox 2870 3963 3046 4037; x_wconf 76' lang='lat' dir='ltr'><strong>semita</strong></span> <span class='ocrx_word' id='word_1_904' title='bbox 3072 3981 3422 4036; x_wconf 81' lang='lat' dir='ltr'><strong>mandatorum</strong></span> <span class='ocrx_word' id='word_1_905' title='bbox 3445 3994 3558 4034; x_wconf 83' lang='lat' dir='ltr'><strong>tuo-</strong></span> 
     </span>
    </p>
   </div>
   <div class='ocr_carea' id='block_1_102' title="bbox 1976 4071 3556 4151">
    <p class='ocr_par' dir='ltr' id='par_1_102' title="bbox 1976 4071 3556 4151">
     <span class='ocr_line' id='line_1_102' title="bbox 1976 4071 3556 4151; baseline -0.005 -17"><span class='ocrx_word' id='word_1_906' title='bbox 1976 4097 2127 4146; x_wconf 88' lang='lat' dir='ltr'><strong>rum,</strong></span> <span class='ocrx_word' id='word_1_907' title='bbox 2157 4081 2273 4151; x_wconf 87' lang='lat' dir='ltr'><strong>quia</strong></span> <span class='ocrx_word' id='word_1_908' title='bbox 2311 4079 2474 4148; x_wconf 86' lang='lat' dir='ltr'><strong>ipsant</strong></span> <span class='ocrx_word' id='word_1_909' title='bbox 2518 4075 2696 4130; x_wconf 83' lang='lat' dir='ltr'><strong>volui:</strong></span> <span class='ocrx_word' id='word_1_910' title='bbox 2745 4083 2862 4127; x_wconf 91' lang='lat' dir='ltr'><strong>orat</strong></span> <span class='ocrx_word' id='word_1_911' title='bbox 2905 4080 3078 4126; x_wconf 87' lang='lat' dir='ltr'><strong>autem</strong></span> <span class='ocrx_word' id='word_1_912' title='bbox 3127 4081 3185 4127; x_wconf 92' lang='lat' dir='ltr'><strong>ut</strong></span> <span class='ocrx_word' id='word_1_913' title='bbox 3227 4071 3389 4138; x_wconf 85' lang='lat' dir='ltr'><strong>velit,</strong></span> <span class='ocrx_word' id='word_1_914' title='bbox 3435 4086 3556 4126; x_wconf 88' lang='lat' dir='ltr'><strong>cum</strong></span> 
     </span>
    </p>
   </div>
   <div class='ocr_carea' id='block_1_103' title="bbox 1977 4163 3561 4238">
    <p class='ocr_par' dir='ltr' id='par_1_103' title="bbox 1977 4163 3561 4238">
     <span class='ocr_line' id='line_1_103' title="bbox 1977 4163 3561 4238; baseline -0.007 -11"><span class='ocrx_word' id='word_1_915' title='bbox 1977 4171 2144 4238; x_wconf 86' lang='lat' dir='ltr'><strong>dicit,</strong></span> <span class='ocrx_word' id='word_1_916' title='bbox 2168 4170 2369 4224; x_wconf 83' lang='lat' dir='ltr'><strong>lnclina</strong></span> <span class='ocrx_word' id='word_1_917' title='bbox 2393 4185 2480 4222; x_wconf 85' lang='lat' dir='ltr'><strong>cor</strong></span> <span class='ocrx_word' id='word_1_918' title='bbox 2508 4182 2669 4220; x_wconf 75' lang='lat' dir='ltr'><strong>meum</strong></span> <span class='ocrx_word' id='word_1_919' title='bbox 2695 4166 2749 4218; x_wconf 87' lang='lat' dir='ltr'><strong>in</strong></span> <span class='ocrx_word' id='word_1_920' title='bbox 2778 4164 3056 4218; x_wconf 81' lang='lat' dir='ltr'><strong>testimonia</strong></span> <span class='ocrx_word' id='word_1_921' title='bbox 3103 4173 3189 4216; x_wconf 89' lang='lat' dir='ltr'><strong>tua</strong></span> <span class='ocrx_word' id='word_1_922' title='bbox 3210 4204 3224 4226; x_wconf 94' lang='lat'><strong>,</strong></span> <span class='ocrx_word' id='word_1_923' title='bbox 3270 4171 3315 4216; x_wconf 81' lang='lat' dir='ltr'><strong>et</strong></span> <span class='ocrx_word' id='word_1_924' title='bbox 3361 4179 3462 4216; x_wconf 83' lang='lat' dir='ltr'><strong>non</strong></span> <span class='ocrx_word' id='word_1_925' title='bbox 3508 4163 3561 4216; x_wconf 85' lang='lat' dir='ltr'><strong>in</strong></span> 
     </span>
    </p>
   </div>
   <div class='ocr_carea' id='block_1_104' title="bbox 1978 4253 3563 4326">
    <p class='ocr_par' dir='ltr' id='par_1_104' title="bbox 1978 4253 3563 4326">
     <span class='ocr_line' id='line_1_104' title="bbox 1978 4253 3563 4326; baseline -0.009 -8"><span class='ocrx_word' id='word_1_926' title='bbox 1978 4263 2262 4318; x_wconf 81' lang='lat' dir='ltr'><strong>avaritiam.</strong></span> <span class='ocrx_word' id='word_1_927' title='bbox 2291 4261 2403 4313; x_wconf 92' lang='lat' dir='ltr'><strong>lloc</strong></span> <span class='ocrx_word' id='word_1_928' title='bbox 2430 4260 2610 4326; x_wconf 88' lang='lat' dir='ltr'><strong>itaque</strong></span> <span class='ocrx_word' id='word_1_929' title='bbox 2633 4264 2788 4321; x_wconf 87' lang='lat' dir='ltr'><strong>orat,</strong></span> <span class='ocrx_word' id='word_1_930' title='bbox 2821 4265 2879 4309; x_wconf 89' lang='lat' dir='ltr'><strong>ut</strong></span> <span class='ocrx_word' id='word_1_931' title='bbox 2913 4255 2963 4308; x_wconf 93' lang='lat' dir='ltr'><strong>in</strong></span> <span class='ocrx_word' id='word_1_932' title='bbox 2995 4255 3104 4322; x_wconf 87' lang='lat' dir='ltr'><strong>ipsa</strong></span> <span class='ocrx_word' id='word_1_933' title='bbox 3132 4253 3400 4306; x_wconf 82' lang='lat' dir='ltr'><strong>voluntate</strong></span> <span class='ocrx_word' id='word_1_934' title='bbox 3433 4265 3563 4321; x_wconf 88' lang='lat' dir='ltr'><strong>pro-</strong></span> 
     </span>
    </p>
   </div>
   <div class='ocr_carea' id='block_1_105' title="bbox 1974 4343 3563 4421">
    <p class='ocr_par' dir='ltr' id='par_1_105' title="bbox 1974 4343 3563 4421">
     <span class='ocr_line' id='line_1_105' title="bbox 1974 4343 3563 4421; baseline -0.008 -11"><span class='ocrx_word' id='word_1_935' title='bbox 1974 4357 2146 4411; x_wconf 83' lang='lat' dir='ltr'><strong>ﬁciat.</strong></span> <span class='ocrx_word' id='word_1_936' title='bbox 2175 4353 2305 4421; x_wconf 81' lang='lat' dir='ltr'><strong>Qua:</strong></span> <span class='ocrx_word' id='word_1_937' title='bbox 2331 4358 2456 4405; x_wconf 91' lang='lat' dir='ltr'><strong>sunt</strong></span> <span class='ocrx_word' id='word_1_938' title='bbox 2480 4358 2656 4403; x_wconf 88' lang='lat' dir='ltr'><strong>autem</strong></span> <span class='ocrx_word' id='word_1_939' title='bbox 2701 4347 2794 4402; x_wconf 86' lang='lat' dir='ltr'><strong>Dei</strong></span> <span class='ocrx_word' id='word_1_940' title='bbox 2837 4345 3137 4401; x_wconf 85' lang='lat' dir='ltr'><strong>testimonia</strong></span> <span class='ocrx_word' id='word_1_941' title='bbox 3166 4386 3180 4407; x_wconf 94' lang='lat'><strong>,</strong></span> <span class='ocrx_word' id='word_1_942' title='bbox 3226 4344 3325 4398; x_wconf 89' lang='lat' dir='ltr'><strong>nisi</strong></span> <span class='ocrx_word' id='word_1_943' title='bbox 3370 4343 3563 4412; x_wconf 85' lang='lat' dir='ltr'><strong>quibus</strong></span> 
     </span>
    </p>
   </div>
   <div class='ocr_carea' id='block_1_106' title="bbox 1981 4434 3562 4515">
    <p class='ocr_par' dir='ltr' id='par_1_106' title="bbox 1981 4434 3562 4515">
     <span class='ocr_line' id='line_1_106' title="bbox 1981 4434 3562 4515; baseline -0.011 -12"><span class='ocrx_word' id='word_1_944' title='bbox 1981 4449 2079 4503; x_wconf 91' lang='lat' dir='ltr'><strong>sibi</strong></span> <span class='ocrx_word' id='word_1_945' title='bbox 2112 4448 2223 4515; x_wconf 89' lang='lat' dir='ltr'><strong>ipse</strong></span> <span class='ocrx_word' id='word_1_946' title='bbox 2249 4442 2566 4499; x_wconf 87' lang='lat' dir='ltr'><strong>attestatur?</strong></span> <span class='ocrx_word' id='word_1_947' title='bbox 2604 4439 2949 4495; x_wconf 65' lang='lat' dir='ltr'><strong>TCslitIIOItliS</strong></span> <span class='ocrx_word' id='word_1_948' title='bbox 2972 4437 3114 4492; x_wconf 90' lang='lat' dir='ltr'><strong>enim</strong></span> <span class='ocrx_word' id='word_1_949' title='bbox 3144 4435 3337 4505; x_wconf 90' lang='lat' dir='ltr'><strong>aliquid</strong></span> <span class='ocrx_word' id='word_1_950' title='bbox 3369 4434 3562 4504; x_wconf 83' lang='lat' dir='ltr'><strong>proba-</strong></span> 
     </span>
    </p>
   </div>
   <div class='ocr_carea' id='block_1_107' title="bbox 1982 4526 3568 4609">
    <p class='ocr_par' dir='ltr' id='par_1_107' title="bbox 1982 4526 3568 4609">
     <span class='ocr_line' id='line_1_107' title="bbox 1982 4526 3568 4609; baseline -0.01 -13"><span class='ocrx_word' id='word_1_951' title='bbox 1982 4552 2106 4607; x_wconf 88' lang='lat' dir='ltr'><strong>tur;</strong></span> <span class='ocrx_word' id='word_1_952' title='bbox 2139 4554 2200 4594; x_wconf 90' lang='lat' dir='ltr'><strong>ac</strong></span> <span class='ocrx_word' id='word_1_953' title='bbox 2241 4553 2334 4609; x_wconf 90' lang='lat' dir='ltr'><strong>per</strong></span> <span class='ocrx_word' id='word_1_954' title='bbox 2371 4536 2474 4590; x_wconf 91' lang='lat' dir='ltr'><strong>hoc</strong></span> <span class='ocrx_word' id='word_1_955' title='bbox 2512 4532 2914 4605; x_wconf 79' lang='lat' dir='ltr'><strong>justiﬁcationes</strong></span> <span class='ocrx_word' id='word_1_956' title='bbox 2947 4529 3044 4584; x_wconf 91' lang='lat' dir='ltr'><strong>Dei</strong></span> <span class='ocrx_word' id='word_1_957' title='bbox 3087 4535 3140 4582; x_wconf 93' lang='lat' dir='ltr'><strong>et</strong></span> <span class='ocrx_word' id='word_1_958' title='bbox 3179 4527 3427 4582; x_wconf 85' lang='lat' dir='ltr'><strong>mandata</strong></span> <span class='ocrx_word' id='word_1_959' title='bbox 3473 4526 3568 4580; x_wconf 89' lang='lat' dir='ltr'><strong>Dci</strong></span> 
     </span>
    </p>
   </div>
   <div class='ocr_carea' id='block_1_108' title="bbox 1981 4617 3568 4697">
    <p class='ocr_par' dir='ltr' id='par_1_108' title="bbox 1981 4617 3568 4697">
     <span class='ocr_line' id='line_1_108' title="bbox 1981 4617 3568 4697; baseline -0.011 -9"><span class='ocrx_word' id='word_1_960' title='bbox 1981 4631 2301 4688; x_wconf 81' lang='lat' dir='ltr'><strong>testimoniis</strong></span> <span class='ocrx_word' id='word_1_961' title='bbox 2335 4628 2427 4683; x_wconf 93' lang='lat' dir='ltr'><strong>Dei</strong></span> <span class='ocrx_word' id='word_1_962' title='bbox 2457 4625 2788 4697; x_wconf 88' lang='lat' dir='ltr'><strong>probantur;</strong></span> <span class='ocrx_word' id='word_1_963' title='bbox 2815 4631 2866 4677; x_wconf 90' lang='lat' dir='ltr'><strong>et</strong></span> <span class='ocrx_word' id='word_1_964' title='bbox 2891 4618 3146 4690; x_wconf 90' lang='lat' dir='ltr'><strong>quidquid</strong></span> <span class='ocrx_word' id='word_1_965' title='bbox 3173 4617 3324 4672; x_wconf 90' lang='lat' dir='ltr'><strong>nobis</strong></span> <span class='ocrx_word' id='word_1_966' title='bbox 3351 4631 3568 4686; x_wconf 83' lang='lat' dir='ltr'><strong>persua-</strong></span> 
     </span>
    </p>
   </div>
   <div class='ocr_carea' id='block_1_109' title="bbox 1982 4709 3568 4787">
    <p class='ocr_par' dir='ltr' id='par_1_109' title="bbox 1982 4709 3568 4787">
     <span class='ocr_line' id='line_1_109' title="bbox 1982 4709 3568 4787; baseline -0.013 -5"><span class='ocrx_word' id='word_1_967' title='bbox 1982 4727 2110 4782; x_wconf 88' lang='lat' dir='ltr'><strong>dere</strong></span> <span class='ocrx_word' id='word_1_968' title='bbox 2134 4725 2249 4780; x_wconf 90' lang='lat' dir='ltr'><strong>vult</strong></span> <span class='ocrx_word' id='word_1_969' title='bbox 2279 4724 2414 4777; x_wconf 90' lang='lat' dir='ltr'><strong>Deus</strong></span> <span class='ocrx_word' id='word_1_970' title='bbox 2439 4761 2454 4787; x_wconf 90' lang='lat'><strong>,</strong></span> <span class='ocrx_word' id='word_1_971' title='bbox 2482 4719 2593 4774; x_wconf 90' lang='lat' dir='ltr'><strong>suis</strong></span> <span class='ocrx_word' id='word_1_972' title='bbox 2639 4715 2954 4772; x_wconf 87' lang='lat' dir='ltr'><strong>testimoniis</strong></span> <span class='ocrx_word' id='word_1_973' title='bbox 2985 4710 3267 4781; x_wconf 88' lang='lat' dir='ltr'><strong>persuadet</strong></span> <span class='ocrx_word' id='word_1_974' title='bbox 3298 4727 3310 4762; x_wconf 89' lang='lat'><strong>:</strong></span> <span class='ocrx_word' id='word_1_975' title='bbox 3357 4709 3407 4762; x_wconf 93' lang='lat' dir='ltr'><strong>in</strong></span> <span class='ocrx_word' id='word_1_976' title='bbox 3450 4724 3568 4777; x_wconf 75' lang='lat' dir='ltr'><strong>qua:</strong></span> 
     </span>
    </p>
   </div>
   <div class='ocr_carea' id='block_1_110' title="bbox 1982 4799 3566 4885">
    <p class='ocr_par' dir='ltr' id='par_1_110' title="bbox 1982 4799 3566 4885">
     <span class='ocr_line' id='line_1_110' title="bbox 1982 4799 3566 4885; baseline -0.015 -13"><span class='ocrx_word' id='word_1_977' title='bbox 1982 4817 2086 4872; x_wconf 80' lang='lat' dir='ltr'><strong>iste</strong></span> <span class='ocrx_word' id='word_1_978' title='bbox 2113 4816 2242 4885; x_wconf 89' lang='lat' dir='ltr'><strong>petit</strong></span> <span class='ocrx_word' id='word_1_979' title='bbox 2268 4810 2508 4867; x_wconf 89' lang='lat' dir='ltr'><strong>inclinari</strong></span> <span class='ocrx_word' id='word_1_980' title='bbox 2548 4823 2642 4864; x_wconf 91' lang='lat' dir='ltr'><strong>cor</strong></span> <span class='ocrx_word' id='word_1_981' title='bbox 2686 4819 2838 4860; x_wconf 90' lang='lat' dir='ltr'><strong>suum</strong></span> <span class='ocrx_word' id='word_1_982' title='bbox 2866 4844 2879 4868; x_wconf 87' lang='lat'><strong>,</strong></span> <span class='ocrx_word' id='word_1_983' title='bbox 2925 4811 2979 4857; x_wconf 90' lang='lat' dir='ltr'><strong>et</strong></span> <span class='ocrx_word' id='word_1_984' title='bbox 3025 4817 3129 4856; x_wconf 93' lang='lat' dir='ltr'><strong>nou</strong></span> <span class='ocrx_word' id='word_1_985' title='bbox 3175 4801 3227 4854; x_wconf 92' lang='lat' dir='ltr'><strong>in</strong></span> <span class='ocrx_word' id='word_1_986' title='bbox 3268 4799 3566 4854; x_wconf 88' lang='lat' dir='ltr'><strong>avaritiam.</strong></span> 
     </span>
    </p>
   </div>
   <div class='ocr_carea' id='block_1_111' title="bbox 1983 4890 3568 4970">
    <p class='ocr_par' dir='ltr' id='par_1_111' title="bbox 1983 4890 3568 4970">
     <span class='ocr_line' id='line_1_111' title="bbox 1983 4890 3568 4970; baseline -0.015 -8"><span class='ocrx_word' id='word_1_987' title='bbox 1983 4904 2326 4962; x_wconf 88' lang='lat' dir='ltr'><strong>Testimoniis</strong></span> <span class='ocrx_word' id='word_1_988' title='bbox 2385 4900 2580 4970; x_wconf 89' lang='lat' dir='ltr'><strong>quippe</strong></span> <span class='ocrx_word' id='word_1_989' title='bbox 2635 4895 2746 4950; x_wconf 91' lang='lat' dir='ltr'><strong>suis</strong></span> <span class='ocrx_word' id='word_1_990' title='bbox 2797 4894 2903 4963; x_wconf 84' lang='lat' dir='ltr'><strong>agit</strong></span> <span class='ocrx_word' id='word_1_991' title='bbox 2946 4892 3221 4946; x_wconf 80' lang='lat' dir='ltr'><strong>nobiscum</strong></span> <span class='ocrx_word' id='word_1_992' title='bbox 3286 4890 3465 4954; x_wconf 89' lang='lat' dir='ltr'><strong>Deus,</strong></span> <span class='ocrx_word' id='word_1_993' title='bbox 3511 4895 3568 4940; x_wconf 92' lang='lat' dir='ltr'><strong>ut</strong></span> 
     </span>
    </p>
   </div>
   <div class='ocr_carea' id='block_1_112' title="bbox 1985 4979 3569 5068">
    <p class='ocr_par' dir='ltr' id='par_1_112' title="bbox 1985 4979 3569 5068">
     <span class='ocr_line' id='line_1_112' title="bbox 1985 4979 3569 5068; baseline -0.016 -14"><span class='ocrx_word' id='word_1_994' title='bbox 1985 5014 2106 5054; x_wconf 86' lang='lat' dir='ltr'><strong>eum</strong></span> <span class='ocrx_word' id='word_1_995' title='bbox 2129 4996 2290 5068; x_wconf 86' lang='lat' dir='ltr'><strong>gratis</strong></span> <span class='ocrx_word' id='word_1_996' title='bbox 2317 4992 2596 5053; x_wconf 87' lang='lat' dir='ltr'><strong>colamus;</strong></span> <span class='ocrx_word' id='word_1_997' title='bbox 2624 4986 2763 5057; x_wconf 90' lang='lat' dir='ltr'><strong>quod</strong></span> <span class='ocrx_word' id='word_1_998' title='bbox 2790 4983 3009 5054; x_wconf 89' lang='lat' dir='ltr'><strong>impedit</strong></span> <span class='ocrx_word' id='word_1_999' title='bbox 3039 4981 3256 5037; x_wconf 84' lang='lat' dir='ltr'><strong>avaritia</strong></span> <span class='ocrx_word' id='word_1_1000' title='bbox 3283 4979 3430 5034; x_wconf 78' lang='lat' dir='ltr'><strong>radix</strong></span> <span class='ocrx_word' id='word_1_1001' title='bbox 3454 4991 3569 5030; x_wconf 89' lang='lat' dir='ltr'><strong>om-</strong></span> 
     </span>
    </p>
   </div>
   <div class='ocr_carea' id='block_1_113' title="bbox 1985 5067 3569 5144">
    <p class='ocr_par' dir='ltr' id='par_1_113' title="bbox 1985 5067 3569 5144">
     <span class='ocr_line' id='line_1_113' title="bbox 1985 5067 3569 5144; baseline -0.015 0"><span class='ocrx_word' id='word_1_1002' title='bbox 1985 5067 2147 5144; x_wconf 87' lang='lat' dir='ltr'><strong>nium</strong></span> <span class='ocrx_word' id='word_1_1003' title='bbox 2183 5086 2468 5141; x_wconf 77' lang='lat' dir='ltr'><strong>malorum.</strong></span> <span class='ocrx_word' id='word_1_1004' title='bbox 2518 5079 2631 5133; x_wconf 85' lang='lat' dir='ltr'><strong>Tali</strong></span> <span class='ocrx_word' id='word_1_1005' title='bbox 2671 5077 2836 5131; x_wconf 86' lang='lat' dir='ltr'><strong>verbo</strong></span> <span class='ocrx_word' id='word_1_1006' title='bbox 2875 5089 3049 5144; x_wconf 66' lang='lat' dir='ltr'><strong>graeco</strong></span> <span class='ocrx_word' id='word_1_1007' title='bbox 3094 5072 3179 5125; x_wconf 83' lang='lat' dir='ltr'><strong>hic</strong></span> <span class='ocrx_word' id='word_1_1008' title='bbox 3221 5067 3491 5138; x_wconf 87' lang='lat' dir='ltr'><strong>appellat,</strong></span> <span class='ocrx_word' id='word_1_1009' title='bbox 3537 5079 3569 5121; x_wconf 85' lang='lat' dir='ltr'><strong>a</strong></span> 
     </span>
    </p>
   </div>
   <div class='ocr_carea' id='block_1_114' title="bbox 1986 5162 3568 5252">
    <p class='ocr_par' dir='ltr' id='par_1_114' title="bbox 1986 5162 3568 5252">
     <span class='ocr_line' id='line_1_114' title="bbox 1986 5162 3568 5252; baseline -0.015 -17"><span class='ocrx_word' id='word_1_1010' title='bbox 1986 5177 2092 5252; x_wconf 87' lang='lat' dir='ltr'><strong>quo</strong></span> <span class='ocrx_word' id='word_1_1011' title='bbox 2125 5178 2289 5249; x_wconf 79' lang='lat' dir='ltr'><strong>possit</strong></span> <span class='ocrx_word' id='word_1_1012' title='bbox 2320 5173 2538 5242; x_wconf 73' lang='lat' dir='ltr'><strong>intelligi</strong></span> <span class='ocrx_word' id='word_1_1013' title='bbox 2566 5169 2830 5240; x_wconf 71' lang='lat' dir='ltr'><strong>generalis</strong></span> <span class='ocrx_word' id='word_1_1014' title='bbox 2856 5167 3076 5220; x_wconf 86' lang='lat' dir='ltr'><strong>avaritia</strong></span> <span class='ocrx_word' id='word_1_1015' title='bbox 3101 5206 3117 5227; x_wconf 88' lang='lat'><strong>,</strong></span> <span class='ocrx_word' id='word_1_1016' title='bbox 3143 5178 3244 5232; x_wconf 89' lang='lat' dir='ltr'><strong>qua</strong></span> <span class='ocrx_word' id='word_1_1017' title='bbox 3267 5162 3382 5230; x_wconf 90' lang='lat' dir='ltr'><strong>plus</strong></span> <span class='ocrx_word' id='word_1_1018' title='bbox 3404 5173 3568 5229; x_wconf 88' lang='lat' dir='ltr'><strong>appe-</strong></span> 
     </span>
    </p>
   </div>
   <div class='ocr_carea' id='block_1_115' title="bbox 1989 5251 3564 5340">
    <p class='ocr_par' dir='ltr' id='par_1_115' title="bbox 1989 5251 3564 5340">
     <span class='ocr_line' id='line_1_115' title="bbox 1989 5251 3564 5340; baseline -0.015 -15"><span class='ocrx_word' id='word_1_1019' title='bbox 1989 5251 2049 5325; x_wconf 90' lang='lat' dir='ltr'><strong>tit</strong></span> <span class='ocrx_word' id='word_1_1020' title='bbox 2077 5269 2300 5340; x_wconf 89' lang='lat' dir='ltr'><strong>quisque</strong></span> <span class='ocrx_word' id='word_1_1021' title='bbox 2327 5279 2482 5334; x_wconf 88' lang='lat' dir='ltr'><strong>quam</strong></span> <span class='ocrx_word' id='word_1_1022' title='bbox 2514 5270 2595 5315; x_wconf 87' lang='lat' dir='ltr'><strong>sat</strong></span> <span class='ocrx_word' id='word_1_1023' title='bbox 2621 5269 2701 5314; x_wconf 58' lang='lat' dir='ltr'><strong>est</strong></span> <span class='ocrx_word' id='word_1_1024' title='bbox 2728 5277 2741 5314; x_wconf 92' lang='lat'>:</span> <span class='ocrx_word' id='word_1_1025' title='bbox 2773 5267 2909 5313; x_wconf 70' lang='grc' dir='ltr'><strong>πλέον</strong></span> <span class='ocrx_word' id='word_1_1026' title='bbox 2935 5257 3077 5310; x_wconf 91' lang='lat' dir='ltr'><strong>enim</strong></span> <span class='ocrx_word' id='word_1_1027' title='bbox 3109 5255 3268 5307; x_wconf 87' lang='lat' dir='ltr'><strong>latine</strong></span> <span class='ocrx_word' id='word_1_1028' title='bbox 3299 5251 3412 5320; x_wconf 86' lang='lat' dir='ltr'><strong>plus</strong></span> <span class='ocrx_word' id='word_1_1029' title='bbox 3443 5259 3520 5304; x_wconf 89' lang='lat' dir='ltr'><strong>est</strong></span> <span class='ocrx_word' id='word_1_1030' title='bbox 3549 5267 3564 5308; x_wconf 88' lang='lat'><strong>;</strong></span> 
     </span>
    </p>
   </div>
   <div class='ocr_carea' id='block_1_116' title="bbox 1987 5343 3572 5430">
    <p class='ocr_par' dir='ltr' id='par_1_116' title="bbox 1987 5343 3572 5430">
     <span class='ocr_line' id='line_1_116' title="bbox 1987 5343 3572 5430; baseline -0.015 -12"><span class='ocrx_word' id='word_1_1031' title='bbox 1987 5373 2082 5430; x_wconf 57' lang='lat' dir='ltr'><strong>est;</strong></span> <span class='ocrx_word' id='word_1_1032' title='bbox 2111 5361 2318 5415; x_wconf 89' lang='lat' dir='ltr'><strong>habitus</strong></span> <span class='ocrx_word' id='word_1_1033' title='bbox 2344 5365 2426 5411; x_wconf 71' lang='lat' dir='ltr'><strong>est</strong></span> <span class='ocrx_word' id='word_1_1034' title='bbox 2448 5397 2463 5422; x_wconf 95' lang='lat'><strong>,</strong></span> <span class='ocrx_word' id='word_1_1035' title='bbox 2494 5355 2561 5408; x_wconf 90' lang='lat' dir='ltr'><strong>ab</strong></span> <span class='ocrx_word' id='word_1_1036' title='bbox 2585 5369 2649 5408; x_wconf 85' lang='lat' dir='ltr'><strong>eo</strong></span> <span class='ocrx_word' id='word_1_1037' title='bbox 2673 5351 2816 5430; x_wconf 81' lang='lat' dir='ltr'><strong>quod</strong></span> <span class='ocrx_word' id='word_1_1038' title='bbox 2845 5357 2927 5404; x_wconf 86' lang='lat' dir='ltr'><strong>est</strong></span> <span class='ocrx_word' id='word_1_1039' title='bbox 2946 5347 3166 5401; x_wconf 88' lang='lat' dir='ltr'><strong>habere.</strong></span> <span class='ocrx_word' id='word_1_1040' title='bbox 3201 5345 3342 5412; x_wconf 79' lang='lat' dir='ltr'><strong>Ergo</strong></span> <span class='ocrx_word' id='word_1_1041' title='bbox 3383 5359 3412 5396; x_wconf 88' lang='lat' dir='ltr'><strong>a</strong></span> <span class='ocrx_word' id='word_1_1042' title='bbox 3455 5343 3572 5411; x_wconf 86' lang='lat' dir='ltr'><strong>plus</strong></span> 
     </span>
    </p>
   </div>
   <div class='ocr_carea' id='block_1_117' title="bbox 1991 5423 3572 5520">
    <p class='ocr_par' dir='ltr' id='par_1_117' title="bbox 1991 5423 3572 5520">
     <span class='ocr_line' id='line_1_117' title="bbox 1991 5423 3572 5520; baseline -0.013 -10"><span class='ocrx_word' id='word_1_1043' title='bbox 1991 5423 2236 5510; x_wconf 68' lang='lat' dir='ltr'><strong>habendo</strong></span> <span class='ocrx_word' id='word_1_1044' title='bbox 2263 5449 2524 5520; x_wconf 84' lang='lat' dir='ltr'><strong>appellata</strong></span> <span class='ocrx_word' id='word_1_1045' title='bbox 2551 5454 2632 5500; x_wconf 90' lang='lat' dir='ltr'><strong>est</strong></span> <span class='ocrx_word' id='word_1_1046' title='bbox 2655 5423 2895 5508; x_wconf 67' lang='grc' dir='ltr'><strong>πλεονέξία</strong></span> <span class='ocrx_word' id='word_1_1047' title='bbox 2918 5483 2932 5506; x_wconf 89' lang='grc'><strong><em>,</em></strong></span> <span class='ocrx_word' id='word_1_1048' title='bbox 2957 5454 3112 5508; x_wconf 87' lang='lat' dir='ltr'><strong>quam</strong></span> <span class='ocrx_word' id='word_1_1049' title='bbox 3138 5436 3284 5490; x_wconf 89' lang='lat' dir='ltr'><strong>latini</strong></span> <span class='ocrx_word' id='word_1_1050' title='bbox 3311 5436 3572 5504; x_wconf 82' lang='lat' dir='ltr'><strong>interpre-</strong></span> 
     </span>
    </p>
   </div>
   <div class='ocr_carea' id='block_1_118' title="bbox 1988 5524 3573 5603">
    <p class='ocr_par' dir='ltr' id='par_1_118' title="bbox 1988 5524 3573 5603">
     <span class='ocr_line' id='line_1_118' title="bbox 1988 5524 3573 5603; baseline -0.016 0"><span class='ocrx_word' id='word_1_1051' title='bbox 1988 5557 2070 5603; x_wconf 87' lang='lat' dir='ltr'><strong>tes</strong></span> <span class='ocrx_word' id='word_1_1052' title='bbox 2101 5547 2154 5600; x_wconf 92' lang='lat' dir='ltr'><strong>in</strong></span> <span class='ocrx_word' id='word_1_1053' title='bbox 2183 5545 2284 5598; x_wconf 91' lang='lat' dir='ltr'><strong>hoc</strong></span> <span class='ocrx_word' id='word_1_1054' title='bbox 2309 5542 2428 5595; x_wconf 91' lang='lat' dir='ltr'><strong>loco</strong></span> <span class='ocrx_word' id='word_1_1055' title='bbox 2457 5535 2696 5592; x_wconf 88' lang='lat' dir='ltr'><strong>nonnulli</strong></span> <span class='ocrx_word' id='word_1_1056' title='bbox 2727 5529 3059 5600; x_wconf 87' lang='lat' dir='ltr'><strong>interpretati</strong></span> <span class='ocrx_word' id='word_1_1057' title='bbox 3103 5535 3228 5581; x_wconf 84' lang='lat' dir='ltr'><strong>sunt</strong></span> <span class='ocrx_word' id='word_1_1058' title='bbox 3259 5524 3573 5579; x_wconf 82' lang='lat' dir='ltr'><strong>emolumen-</strong></span> 
     </span>
    </p>
   </div>
   <div class='ocr_carea' id='block_1_119' title="bbox 2055 5652 3476 5741">
    <p class='ocr_par' dir='ltr' id='par_1_119' title="bbox 2055 5652 3476 5741">
     <span class='ocr_line' id='line_1_119' title="bbox 2055 5652 3476 5741; baseline -0.02 -13"><span class='ocrx_word' id='word_1_1059' title='bbox 2055 5683 2070 5714; x_wconf 76' lang='grc' dir='ltr'><strong>ι</strong></span> <span class='ocrx_word' id='word_1_1060' title='bbox 2100 5678 2230 5736; x_wconf 59' lang='grc' dir='ltr'>ιλιι,</span> <span class='ocrx_word' id='word_1_1061' title='bbox 2256 5687 2343 5741; x_wconf 81' lang='lat' dir='ltr'><strong>per</strong></span> <span class='ocrx_word' id='word_1_1062' title='bbox 2365 5652 3476 5741; x_wconf 28' lang='grc' dir='ltr'><strong>.ςρίγ·ίιιιιιιἐιιηιοιιιιιιέ..ιιιιιιὲἱ</strong></span> 
     </span>
    </p>
   </div>
   <div class='ocr_carea' id='block_1_120' title="bbox 2055 5716 3575 5791">
    <p class='ocr_par' dir='ltr' id='par_1_120' title="bbox 2055 5716 3575 5791">
     <span class='ocr_line' id='line_1_120' title="bbox 2055 5716 3575 5791; baseline -0.018 2"><span class='ocrx_word' id='word_1_1063' title='bbox 2055 5745 2074 5774; x_wconf 80' lang='grc'>²</span> <span class='ocrx_word' id='word_1_1064' title='bbox 2099 5716 2589 5791; x_wconf 45' lang='grc' dir='ltr'><strong>ὲῖξξυῖιιῗίιδῖξιεεξλι</strong></span> <span class='ocrx_word' id='word_1_1065' title='bbox 2607 5716 2678 5779; x_wconf 62' lang='lat' dir='ltr'><strong>Er.</strong></span> <span class='ocrx_word' id='word_1_1066' title='bbox 2708 5735 2761 5779; x_wconf 87' lang='lat' dir='ltr'><strong>et</strong></span> <span class='ocrx_word' id='word_1_1067' title='bbox 2782 5735 2912 5786; x_wconf 74' lang='lat' dir='ltr'><strong>Lov.,</strong></span> <span class='ocrx_word' id='word_1_1068' title='bbox 2940 5716 3163 5788; x_wconf 77' lang='lat' dir='ltr'><strong>operatur</strong></span> <span class='ocrx_word' id='word_1_1069' title='bbox 3185 5718 3236 5772; x_wconf 83' lang='lat' dir='ltr'><strong>in</strong></span> <span class='ocrx_word' id='word_1_1070' title='bbox 3259 5716 3475 5769; x_wconf 84' lang='lat' dir='ltr'><strong>omnibus</strong></span> <span class='ocrx_word' id='word_1_1071' title='bbox 3495 5716 3575 5766; x_wconf 82' lang='lat' dir='ltr'><strong>bo-</strong></span> 
     </span>
    </p>
   </div>
   <div class='ocr_carea' id='block_1_121' title="bbox 1991 5805 2083 5856">
    <p class='ocr_par' dir='ltr' id='par_1_121' title="bbox 1991 5805 2083 5856">
     <span class='ocr_line' id='line_1_121' title="bbox 1991 5805 2083 5856; baseline -0.022 0"><span class='ocrx_word' id='word_1_1072' title='bbox 1991 5805 2083 5856; x_wconf 69' lang='lat' dir='ltr'><strong>nis.</strong></span> 
     </span>
    </p>
   </div>
  </div>
