4026 6202
454 425 587 482 1531

458 552 589 605 tum,
618 537 836 610 quidam
867 550 997 592 vero
1028 534 1352 605 utilitatem;
1381 532 1477 589 sed
1523 533 1717 590 melius
1743 533 1837 604 qui
1862 533 2040 588 avari-

459 636 612 689 tiam.
653 630 793 686 Dicit
835 636 1015 684 autem
1054 628 1350 698 Apostolus
1383 642 1397 679 :
1428 624 1607 681 Radix
1634 626 1775 681 enim
1806 626 2045 679 omnium

457 726 720 778 malarum
759 722 989 776 auaritia
1028 728 1106 773 est
1139 720 1179 790 (1
1208 719 1340 776 Tim.
1367 734 1442 780 vt.
1478 717 1587 788 10).
1617 716 1723 773 Sed
1754 717 1806 770 in
1841 731 2037 788 grmco,

458 819 600 873 unde
632 818 682 871 in
711 824 954 872 nostram
985 815 1223 884 linguam
1254 813 1416 868 verba
1448 814 1564 881 ipsa
1603 811 1865 867 translata
1886 816 2037 874 sunt,

458 925 569 964 non
610 908 807 980 legitur
838 907 981 975 apud
1009 904 1328 976 Apostolum
1355 905 1633 969 πλεονιξὶα,
1660 901 1804 972 quod
1836 901 1889 955 in
1919 902 2040 956 loco

458 1002 566 1057 isto
589 999 785 1072 psalmi.
809 998 1003 1067 hujus;
1037 997 1132 1053 sed
1160 996 1489 1072 φιλαργυρία,
1518 1010 1627 1065 quo
1648 993 1816 1050 verbo
1836 991 2040 1063 signifi-

453 1097 608 1140 catur
631 1099 779 1139 amor
804 1082 1065 1154 pecuniaa.
1108 1080 1302 1134 Verum
1334 1077 1621 1146 Apostolus
1660 1072 2031 1143 intelligendus

453 1187 539 1231 est
576 1175 680 1231 isto
723 1172 940 1228 nomine
977 1185 1144 1241 genus
1183 1167 1507 1239 significasse
1542 1180 1637 1235 per
1673 1162 1904 1233 speciem
1930 1201 1945 1226 ,
1979 1159 2031 1214 id

455 1274 542 1321 est
563 1305 578 1329 ,
609 1279 706 1334 per
728 1276 965 1318 amorem
988 1260 1224 1331 pecuniae
1248 1257 1598 1311 universalem
1624 1252 2033 1325 generalemque

455 1357 728 1411 avaritiam
754 1396 770 1421 ,
816 1368 934 1424 qua:
977 1367 1107 1407 vere
1151 1349 1302 1405 radix
1347 1357 1429 1404 est
1470 1347 1729 1402 malorum
1765 1344 2027 1399 omnium.

456 1448 589 1505 Nam
630 1448 731 1517 ipsi
773 1445 931 1518 primi
973 1443 1216 1499 homines
1264 1457 1358 1512 per
1395 1448 1698 1510 serpentem
1735 1436 1943 1505 decepti
1981 1442 2037 1490 et

457 1538 653 1610 dejecti
679 1552 781 1592 non
810 1536 1070 1601 fuissent,
1100 1534 1200 1590 nisi
1237 1533 1356 1604 plus
1396 1545 1553 1602 quam
1597 1536 1914 1598 acceperant
1941 1526 2020 1578 ha-

410 1650 417 1657 ·
460 1630 588 1686 bere
608 1670 624 1695 ,
654 1637 709 1683 et
734 1629 851 1698 plus
876 1641 1033 1698 quam
1064 1624 1188 1680 facti
1210 1618 1417 1679 fuerant
1441 1636 1560 1677 esse
1585 1620 1896 1674 voluissent.
1926 1617 2039 1671 Hoc

459 1722 657 1792 quippe
682 1720 769 1775 ille
795 1719 1114 1790 promiserat
1136 1717 1322 1772 dicens
1347 1732 1361 1767 τ
1392 1713 1550 1769 Erilis
1594 1713 1721 1768 sicut
1760 1711 1833 1765 dii
1859 1708 1878 1783 (
1906 1707 2035 1764 Gen.

461 1828 556 1876 ιιι,
589 1811 686 1882 5).
720 1812 859 1881 Ergo
888 1810 986 1865 ista
1012 1817 1249 1875 πλιονεεια
1275 1805 1517 1862 subversi
1546 1814 1689 1859 sunt.
1726 1801 1852 1856 Plus
1894 1799 2037 1855 enim

461 1905 705 1960 volentes
730 1902 926 1957 habere
955 1916 1119 1971 quam
1143 1906 1461 1968 acceperant
1481 1938 1495 1962 ,
1544 1906 1599 1952 et
1632 1892 1773 1966 quod
1821 1907 2043 1961 accepe-

463 2002 584 2050 rant
610 1992 921 2047 amiserunt.
943 1988 1108 2059 Cujus
1134 1987 1410 2057 vestigium
1440 1984 1678 2040 veritatis
1705 1997 1822 2052 qua:
1848 1981 2042 2051 ubique

464 2083 706 2154 dispersa
730 2090 813 2136 est
838 2083 880 2149 ⁸,
930 2089 984 2135 ει
1012 2080 1065 2135 in
1107 2079 1306 2134 forensi
1346 2076 1468 2146 jure
1501 2074 1894 2146 deprehensum
1914 2080 2000 2128 est
2023 2113 2040 2139 ,

465 2188 573 2244 quo
599 2170 900 2226 institutum
927 2176 1011 2225 est
1048 2175 1107 2223 ut
1144 2166 1264 2237 plus
1305 2165 1535 2237 petendo
1571 2178 1729 2220 causa
1769 2162 1961 2218 cadat:
1990 2160 2044 2216 id

467 2272 553 2320 est
573 2306 589 2332 ,
616 2273 674 2319 ut
696 2264 785 2333 qui
809 2262 929 2333 plus
959 2252 1169 2331 petierit
1192 2274 1352 2329 quam
1374 2258 1423 2313 ei
1449 2257 1672 2313 debetur
1693 2297 1709 2324 ,
1744 2262 1800 2311 et
1829 2253 1971 2325 quod
1994 2252 2045 2309 ei

468 2354 767 2411 debebatur
788 2354 1015 2409 amittat.
1041 2351 1225 2407 Omnis
1247 2360 1426 2406 autem
1451 2364 1482 2402 a
1524 2346 1676 2403 nobis
1715 2342 2050 2402 circumcidi-

469 2455 557 2500 tur
580 2445 799 2500 avaritia
824 2486 840 2511 ,
868 2444 914 2499 si
937 2444 1102 2515 gratis
1126 2443 1332 2498 colatur
1356 2442 1515 2496 Deus.
1539 2439 1618 2495 Ad
1641 2437 1780 2509 quod
1806 2446 2047 2493 sanetum

469 2534 572 2592 Job
594 2535 646 2589 in
672 2548 842 2604 agone
867 2532 1174 2589 tentationis
1201 2532 1315 2601 ipse
1336 2536 1588 2600 provocat
1614 2526 1860 2581 inimicus
1880 2567 1895 2590 ,
1924 2540 2046 2580 eum

470 2627 540 2683 de
570 2628 659 2683 illo
684 2627 809 2681 dicit
838 2645 854 2683 :
900 2624 1168 2696 Numquid
1208 2625 1367 2696 gratis
1407 2623 1524 2677 colit
1560 2621 1658 2675 Job
1696 2620 1855 2674 Deum
1885 2618 2045 2692 (Iob.

470 2733 490 2774 ι
515 2717 540 2784 ,⁸
561 2720 595 2775 9
616 2718 681 2791 )‘I
709 2718 934 2773 Putabat
960 2717 1101 2771 enim
1131 2715 1382 2770 Diabolus
1406 2712 1548 2784 quod
1589 2713 1641 2767 in
1674 2712 1786 2767 Deo
1824 2709 2051 2767 colendo

473 2809 556 2864 vir
576 2808 752 2879 justus
796 2822 891 2863 eor
934 2807 1240 2862 inclinatum
1279 2803 1503 2860 haberet
1542 2803 1595 2858 in
1638 2799 1951 2865 avaritiam,
1996 2808 2051 2856 et

473 2916 635 2956 causa
674 2900 1020 2956 emolumenti
1051 2898 1135 2955 vel
1170 2897 1413 2954 utilitatis
1453 2911 1631 2951 rerum
1679 2893 2049 2965 temporalium

473 2992 669 3064 quibus
694 3007 815 3047 eum
841 2992 1101 3047 ditaverat
1131 2990 1388 3047 Dominus
1410 3032 1425 3057 ,
1448 2989 1593 3045 velut
1614 2987 1975 3044 mercenarius
2000 2986 2051 3041 ei

472 3098 572 3155 pro
619 3083 706 3139 tali
758 3083 1005 3140 mercede
1041 3083 1300 3139 serviret:
1339 3081 1434 3138 sed
1481 3096 1638 3151 quam
1676 3079 1840 3151 gratis
1885 3079 2051 3134 Deum

472 3175 676 3230 coleret
697 3217 713 3240 ,
741 3182 975 3229 tentatus
999 3174 1264 3243 apparuit.
1281 3172 1337 3227 Si
1362 3186 1497 3241 ergo
1517 3185 1612 3226 cor
1634 3185 1738 3225 non
1760 3169 2052 3224 habeamus

476 3264 785 3319 inclinatum
836 3264 891 3318 in
938 3262 1255 3329 avaritiam,
1311 3262 1476 3317 Deum
1528 3276 1633 3315 non
1682 3260 1904 3315 colimus
1947 3259 2052 3316 nisi

474 3365 697 3423 propter
722 3354 884 3411 Deum
912 3395 928 3420 ,
960 3364 1017 3408 ut
1039 3354 1122 3410 sui
1149 3355 1323 3408 cultus
1348 3353 1460 3423 ipse
1500 3354 1569 3408 sit
1610 3367 1836 3408 merces.
1871 3351 2047 3424 Ipsum

474 3441 758 3514 diligamus
778 3442 830 3497 in
858 3443 1037 3512 seipse
1060 3485 1075 3509 ,
1099 3444 1270 3512 ipsum
1290 3442 1569 3514 diligamus
1589 3445 1640 3499 in
1662 3442 1817 3498 nobis
1840 3486 1853 3509 ,
1878 3443 2051 3513 ipsum

478 3533 532 3587 in
559 3533 815 3603 proximis
837 3533 1033 3588 nostris
1058 3548 1191 3603 quos
1214 3532 1481 3604 diligimus
1502 3534 1637 3588 sicut
1665 3534 2019 3605 nosmetipsos
2035 3577 2051 3602 ,

476 3625 590 3680 sive
619 3624 849 3680 habeant
873 3641 994 3681 eum
1020 3666 1034 3689 ,
1076 3626 1189 3681 sive
1222 3633 1281 3681 ut
1300 3627 1321 3657 ‘
1354 3626 1582 3681 habeant
1609 3642 1752 3681 eum.
1782 3626 1933 3695 Quod
1958 3641 2056 3682 no-

480 3716 565 3771 bis
591 3717 839 3787 quoniam
865 3716 981 3787 ipso
1003 3717 1235 3772 donante
1260 3717 1530 3772 confertur
1552 3758 1566 3782 ,
1601 3716 1719 3771 ideo
1741 3717 1813 3772 illi
1840 3717 2052 3773 dicitur;

480 3808 684 3863 lnclina
711 3826 797 3863 cor
822 3826 987 3863 meum
1013 3808 1065 3863 in
1093 3809 1376 3863 testimonia
1411 3818 1498 3861 tua
1521 3850 1534 3875 ,
1568 3817 1613 3862 et
1656 3825 1757 3862 non
1796 3808 1849 3861 in
1886 3809 2055 3861 avari-

479 3902 622 3955 tiam.
666 3900 769 3957 Sed
804 3916 922 3972 qua:
967 3910 1300 3972 sequuntur,
1347 3900 1452 3955 alio
1493 3913 1740 3954 sermone
1785 3897 2055 3953 tractanda

478 4002 620 4047 sunt.

1116 4116 1287 4159 SERIO
1324 4118 1417 4157 XII.

552 4216 604 4271 i.
633 4216 782 4291 [vers.
811 4214 926 4289 37.]
963 4216 1210 4288 Sequitur
1237 4217 1288 4271 in
1319 4216 1520 4285 psalmo
1543 4230 1699 4285 quem
1729 4214 2059 4283 suscepimus

482 4307 873 4371 disserendum,
893 4308 1073 4361 Averte
1095 4308 1265 4361 oculos
1287 4323 1437 4371 meos,
1460 4323 1520 4360 ne
1539 4307 1737 4362 videant
1756 4307 2058 4372 vanitatem;

479 4402 534 4455 in
564 4402 643 4455 via
686 4410 771 4455 tua
796 4400 989 4469 vivi/ica
1015 4415 1112 4453 me.
1144 4399 1190 4454 A
1233 4400 1500 4453 contrario
1528 4398 1776 4454 dill‘erunt
1818 4399 1957 4453 inter
2000 4413 2058 4454 se

481 4491 688 4545 vanitas
713 4500 767 4546 et
794 4492 1004 4545 veritas.
1035 4489 1201 4559 llujus
1230 4499 1404 4545 autem
1434 4490 1612 4543 mundi
1652 4492 1935 4560 cupiditas,
1966 4505 2059 4544 va-

482 4583 621 4637 nitas
647 4599 660 4635 :
689 4580 783 4636 sed
821 4581 1083 4645 Christus,
1115 4581 1203 4650 qui
1229 4596 1290 4636 ex
1321 4580 1422 4636 hoc
1450 4581 1646 4636 mundo
1672 4581 1882 4649 liberat,
1916 4564 2059 4637 veri-

482 4683 583 4729 tas.
614 4674 730 4743 Ipse
756 4684 838 4729 est
866 4683 920 4729 et
944 4676 1026 4729 via
1053 4673 1104 4728 in
1134 4689 1237 4743 qua
1266 4690 1325 4728 se
1356 4673 1466 4728 vult
1503 4674 1603 4727 iste
1631 4673 1906 4740 viviﬁcari,
1935 4674 2058 4746 quia

483 4769 597 4840 ipse
619 4777 702 4823 est
725 4779 779 4824 et
810 4770 953 4835 vita;
986 4768 1097 4838 ipsc
1124 4768 1319 4839 quippe
1341 4767 1419 4822 ait
1444 4785 1458 4821 :
1490 4765 1602 4839 Ego
1627 4785 1738 4822 sum
1760 4767 1858 4831 uia,
1881 4768 2061 4822 veritas

481 4871 529 4915 et
552 4861 654 4914 vita
680 4858 853 4934 (Joan.
878 4877 983 4925 xtv,
1009 4861 1084 4929 6).
1112 4859 1217 4916 Sed
1238 4861 1361 4931 quid
1382 4870 1485 4927 est,
1513 4861 1691 4914 Averte
1709 4858 1883 4916 oculos
1903 4877 2058 4930 meos,

482 4967 545 5006 ne
567 4951 764 5006 uideant
784 4952 1048 5007 vanitatem
1068 4952 1093 5006 l’
1115 4950 1377 5022 Numquid
1403 4950 1655 5021 quamdiu
1671 4964 1859 5005 sumus
1882 4950 1934 5005 in
1960 4951 2062 5007 huc

481 5044 701 5111 mundo,
731 5059 1010 5115 possumus
1038 5061 1142 5099 non
1167 5044 1347 5123 videre
1375 5044 1701 5099 vanitatem?
1731 5042 1905 5098 Omnis
1929 5045 2061 5099 enim

481 5149 711 5192 creatura
738 5138 945 5192 vanitati
979 5136 1204 5208 subjecta
1240 5146 1332 5204 cst,
1376 5153 1495 5208 qum
1524 5138 1832 5209 intelligitur
1858 5153 1977 5193 esse
2007 5139 2060 5192 in

486 5229 734 5290 homine;
763 5239 836 5295 et,
872 5228 1059 5283 Omnia
1097 5229 1291 5283 vanitas
1319 5244 1339 5283 :
1366 5245 1481 5299 qum
1507 5228 1817 5283 abundantia
1844 5228 2061 5283 heminis

480 5322 533 5373 in
562 5320 700 5374 omni
729 5318 899 5373 labore
923 5335 1037 5385 suo,
1067 5335 1165 5389 quo
1189 5320 1297 5387 ipse
1333 5318 1527 5374 laborat
1555 5319 1643 5374 sub
1666 5320 1772 5374 sole
1797 5319 1989 5386 (Eccle.
2023 5335 2057 5383 ι,

481 5411 691 5485 Selii)?
718 5412 798 5466 An
822 5411 920 5465 iste
949 5408 1189 5465 fortassis
1216 5408 1316 5465 hoc
1341 5420 1476 5472 orat,
1508 5420 1563 5465 ut
1592 5428 1695 5465 non
1722 5410 1790 5465 sit
1812 5410 1926 5479 ejus
1956 5411 2059 5463 vita

481 5506 579 5560 sub
600 5505 732 5571 solo,
762 5504 851 5560 ubi
877 5503 1054 5560 omnia
1085 5503 1322 5569 vanitas;
1350 5504 1444 5560 sed
1468 5506 1519 5558 iu
1551 5504 1643 5559 illo
1671 5504 1760 5569 sit,
1794 5503 1847 5557 in
1875 5519 1978 5572 quo
2001 5518 2060 5557 se

548 5660 561 5690 ι
588 5659 660 5708 sic
682 5658 878 5724 aliquot
899 5667 1007 5710 Mss.
1032 5661 1239 5720 Att-11¢,
1269 5659 1448 5724 legibus
1483 5673 1592 5722 qua:
1623 5659 1796 5721 ubique
1826 5657 2061 5721 dispersa:

480 5728 607 5786 sunt.
619 5727 750 5786 _t‘ox.
767 5721 965 5786 legibus,
984 5723 1123 5772 abest
1138 5724 1199 5771 ab
1220 5721 1442 5786 omnibus
1458 5729 1563 5786 Mss.

548 5783 566 5811 ³
589 5768 672 5845 ste
691 5768 876 5832 θριίιῖὖῐ
888 5768 1194 5845 mare:
1210 5768 1561 5834 suauitas:
1577 5782 1799 5834 habeant.
1817 5788 1945 5841 ων..
1961 5778 2059 5832 sive
2090 5768 2117 5783 ”

480 5853 573 5892 twn
590 5840 809 5892 habeam.

1712 415 1771 471 S.
1802 409 2184 471 λυευετιιιι
2227 412 2526 471 EPlSCOPl

3576 424 3720 479 {532

2130 529 2379 584 vivilicari
2414 531 2584 601 petit?
2609 529 2702 586 ille
2728 531 2923 603 quippe
2965 532 3186 588 ascendit
3214 547 3322 592 non
3359 548 3519 606 super
3545 540 3718 593 solens

2129 632 2355 689 tantum,
2392 622 2484 676 sed
2523 639 2674 693 super
2697 638 2868 677 omnes
2894 621 3065 691 mlas,
3108 634 3163 679 ut
3203 624 3503 695 adimpleret
3545 629 3722 682 omnia

2130 714 2346 785 (Ephes.
2375 730 2447 779 tv,
2480 712 2590 786 10).
2623 713 2687 768 Et
2706 712 2759 768 in
2791 713 2885 768 illo
2911 713 3077 784 magis
3096 729 3256 784 quam
3282 714 3382 771 sub
3401 716 3517 773 sole
3534 717 3724 773 vivunt

2129 808 2215 876 qui
2241 821 2348 860 non
2372 805 2602 860 inaniter
2625 803 2846 860 audiunt
2871 804 3013 874 quod
3037 803 3174 859 dixit
3193 806 3515 874 Apostolus:
3539 825 3559 859 ι
3585 806 3725 875 Qum

2130 911 2340 951 sursum
2369 904 2493 951 sunt
2519 896 2758 966 quaerite,
2787 896 2875 950 ubi
2898 895 3143 951 Christus
3170 906 3253 952 est
3278 897 3330 952 in
3372 897 3592 954 dextera
3622 898 3722 955 Dei

2131 985 2356 1047 sedens;
2383 1000 2502 1056 quae
2534 1000 2744 1041 sursum
2773 994 2898 1042 sunt
2924 986 3114 1056 sapite,
3145 1001 3250 1041 non
3275 1003 3394 1058 qua:
3417 1003 3579 1059 super
3605 996 3725 1044 ter-

2132 1094 2266 1133 ram.
2295 1077 2481 1132 Mortui
2525 1079 2669 1133 enim
2696 1078 2847 1144 estis,
2878 1087 2933 1134 et
2960 1078 3065 1134 vita
3093 1088 3270 1135 vestra
3300 1079 3607 1136 abscondita
3636 1089 3728 1137 est

2131 1185 2251 1225 eum
2280 1168 2494 1226 Christo
2536 1169 2589 1225 in
2619 1170 2727 1226 Deo
2757 1188 2778 1223 s
2827 1169 3057 1239 (Coloss.
3089 1186 3168 1238 nt,
3201 1169 3345 1243 1-5).
3377 1173 3455 1227 Ac
3481 1188 3579 1244 per
3614 1172 3730 1230 hoc

2133 1262 2179 1317 si
2210 1263 2315 1317 vita
2343 1271 2523 1317 nostra
2554 1262 2624 1316 ibi
2661 1269 2747 1318 est
2786 1263 2874 1318 ubi
2905 1264 3122 1329 veritas,
3163 1278 3270 1319 non
3297 1272 3379 1320 est
3403 1265 3509 1320 vita
3539 1274 3728 1321 nostra

2134 1354 2234 1408 sub
2274 1354 2387 1409 Sole
2433 1353 2521 1407 ubi
2544 1353 2775 1410 vanitas.
2820 1352 2927 1409 Sed
2960 1354 3063 1410 hoc
3089 1361 3196 1408 tam
3228 1369 3477 1425 magnum
3522 1354 3727 1410 bonum

2137 1443 2302 1513 magis
2332 1441 2590 1497 habemus
2618 1442 2669 1496 in
2691 1458 2806 1515 spe,
2834 1459 2939 1499 non
2968 1453 3206 1499 tenemus
3226 1444 3278 1500 in
3307 1461 3366 1500 re
3395 1461 3412 1500 :
3444 1453 3500 1501 et
3527 1459 3729 1502 secun-

2135 1531 2260 1587 dum
2283 1546 2431 1602 spem
2454 1541 2689 1587 nostram
2716 1534 2901 1589 beatus
2928 1535 3218 1605 Apostolus
3245 1536 3346 1591 ista
3370 1536 3582 1592 locutus
3600 1546 3683 1593 est
3706 1552 3727 1603 ;

2137 1616 2261 1698 quia
2284 1636 2338 1681 et
2367 1626 2496 1682 illud
2534 1642 2655 1682 cum
2698 1627 2940 1695 dixisset,
2985 1627 3207 1684 Vanitati
3230 1639 3464 1684 creatura
3504 1630 3731 1702 subjecta

2138 1728 2231 1784 est,
2262 1718 2455 1789 adjecit
2483 1727 2641 1790 atque
2667 1720 2761 1784 ait,
2794 1718 2914 1774 Non
2940 1728 3138 1789 sponte,
3166 1721 3254 1776 sed
3279 1731 3484 1793 propter
3508 1739 3620 1779 eum
3641 1721 3733 1793 qui

2138 1811 2346 1881 subjecit
2371 1811 2423 1864 in
2450 1826 2556 1880 spe.
2590 1811 2730 1881 Ergo
2756 1811 2809 1866 in
2835 1825 2949 1881 spe,
2979 1827 3080 1881 qua
3121 1826 3397 1882 speramus
3424 1826 3524 1868 nos
3548 1811 3736 1868 adhic.

2141 1916 2296 1959 suros
2323 1902 2743 1972 contemplanda:
2783 1902 3013 1969 veritati,
3046 1903 3271 1973 subjecti
3301 1919 3486 1959 sumus
3514 1904 3733 1961 interim

2140 1991 2379 2046 vanitati.
2421 1990 2677 2048 Creatura
2720 1993 2914 2064 quippe
2943 1993 3040 2048 ista
3084 1993 3373 2063 spiritualis
3395 2035 3412 2061 ,
3442 1995 3689 2050 animalis
3710 2036 3735 2064 ,

2143 2084 2539 2155 corporalisque
2581 2084 2755 2141 omnis
2801 2086 2853 2139 in
2895 2084 3113 2141 homine
3139 2094 3259 2153 est;
3292 2086 3400 2141 imo
3423 2085 3588 2142 homo
3626 2094 3735 2142 est.

2143 2175 2346 2245 Sponte
2380 2174 2639 2246 peccavit,
2667 2184 2722 2231 et
2750 2174 2959 2230 inimica
2988 2174 3124 2232 facta
3153 2184 3238 2232 est
3275 2176 3484 2233 veritati
3515 2194 3531 2233 :
3557 2176 3652 2232 sed
3674 2186 3740 2232 ut

2147 2265 2339 2321 merito
2386 2266 2679 2336 puniretur,
2721 2281 2828 2320 non
2870 2276 3062 2337 sponte
3107 2267 3345 2338 subjecta
3381 2276 3465 2323 est
3492 2268 3741 2324 vanitati.

2146 2358 2383 2428 Denique
2416 2366 2533 2427 post
2575 2372 2761 2427 pauca,
2808 2355 2929 2413 Non
2952 2358 3116 2412 solum
3143 2367 3331 2425 autem,
3361 2358 3549 2429 inquit,
3573 2359 3665 2414 sed
3685 2367 3740 2412 et

2148 2464 2240 2503 nos
2263 2449 2362 2519 ipsi
2390 2448 2636 2519 primitias
2660 2447 2865 2516 spiritus
2893 2448 3146 2514 habentes,
3174 2447 3226 2503 id
3252 2455 3353 2512 est,
3376 2449 3466 2519 qui
3496 2449 3737 2504 nondum

2148 2536 2361 2607 quidem
2386 2552 2450 2591 ex
2477 2545 2589 2591 toto
2615 2536 2754 2606 quod
2783 2551 2987 2601 sumus,
3015 2536 3107 2592 sed
3136 2552 3203 2593 ex
3232 2552 3294 2592 ea
3322 2548 3472 2608 parte
3505 2554 3606 2608 qua
3648 2543 3741 2608 pe-

2149 2627 2363 2685 coribus
2405 2627 2653 2682 meliores
2698 2640 2902 2694 sumus,
2943 2627 3076 2694 Deo,
3124 2641 3232 2681 non
3279 2628 3492 2682 vanitati
3542 2628 3741 2683 subditi

2149 2734 2353 2785 sumus,
2383 2718 2485 2773 hoc
2521 2726 2623 2784 est,
2668 2732 2764 2787 per
2803 2716 3059 2786 primitias
3100 2717 3360 2788 spiritus:
3399 2736 3419 2770 ι
3451 2726 3504 2774 ει
3542 2719 3640 2788 ipsi
3683 2720 3739 2774 in

2151 2809 2547 2879 nobismetipsis
2567 2807 2983 2879 ingemiseimus,
3002 2807 3342 2878 adoptionem
3362 2817 3744 2880 exspectantes

2153 2901 2576 2973 redemptionem
2621 2900 2861 2970 corporis
2906 2900 3094 2955 nostri.
3141 2898 3249 2970 Spe
3289 2901 3429 2956 enim
3459 2901 3589 2957 salvi
3618 2901 3744 2958 facti

2152 3007 2357 3048 sumus.
2386 2993 2520 3062 Spes
2549 2997 2726 3046 autem
2756 3005 2873 3061 qua:
2901 2989 3125 3055 videtur,
3161 3005 3266 3046 non
3292 3000 3374 3046 est
3406 3005 3531 3061 spes
3558 3010 3571 3046 :
3598 2992 3747 3063 quod

2152 3087 2295 3141 enim
2323 3083 2465 3138 videt
2492 3083 2631 3153 quis,
2660 3080 2785 3152 quid
2816 3081 3037 3151 sperat?
3064 3078 3120 3137 Si
3150 3090 3327 3137 autem
3354 3082 3497 3153 quod
3526 3098 3631 3137 non
3660 3083 3747 3139 vi-

2154 3175 2342 3231 demus
2357 3189 2653 3249 speramus,
2673 3188 2769 3243 per
2786 3173 3090 3243 patientiam
3106 3182 3530 3242 exspectamus.»
3552 3175 3749 3241 Quam-

2152 3267 2243 3323 diu
2286 3267 2463 3337 itaque
2507 3265 2593 3320 hie
2623 3265 2914 3320 secundum
2953 3279 3169 3320 carnem
3195 3279 3400 3334 sumus,
3426 3265 3581 3336 cujus
3608 3266 3749 3323 ado-

2154 3351 2390 3430 ptionem
2416 3364 2472 3412 et
2513 3354 2939 3426 redemptionem
2968 3370 3065 3425 per
3088 3354 3397 3425 patientiam
3426 3357 3541 3426 spei
3569 3356 3750 3412 adhuc

2154 3457 2566 3518 exSpectamus;
2596 3446 2794 3500 tamdiu
2818 3446 3108 3501 secundum
3134 3446 3188 3501 id
3214 3462 3308 3516 per
3333 3446 3474 3517 quod
3503 3447 3603 3502 sub
3629 3447 3747 3503 sole

2155 3554 2360 3604 sumus,
2395 3537 2612 3592 vanitati
2656 3536 2881 3606 subjecti
2927 3550 3130 3591 sumus.
3178 3536 3442 3605 Quamdiu
3484 3537 3647 3608 igitur
3673 3538 3747 3593 ita

2157 3643 2361 3693 sumus,
2408 3627 2547 3683 unde
2592 3640 2872 3696 possumus
2917 3640 3023 3681 non
3074 3625 3258 3680 videre
3300 3626 3612 3693 vanitatem,
3659 3627 3748 3682 cui

2156 3720 2314 3774 etiam
2339 3718 2562 3789 subjecti
2588 3731 2771 3772 sumus
2798 3716 2848 3771 in
2877 3715 3015 3786 spe?
3041 3714 3177 3783 Quid
3203 3724 3287 3771 est
3310 3730 3438 3786 ergo
3478 3716 3619 3787 quod
3648 3717 3750 3773 istc

2157 3812 2305 3878 dicit,
2337 3810 2514 3865 Averte
2539 3811 2708 3864 oculos
2729 3825 2882 3870 meos.
2909 3825 2971 3863 ne
2986 3808 3182 3862 videant
3202 3808 3469 3862 vanitatem
3488 3808 3514 3862 f
3538 3808 3620 3863 Au
3645 3808 3751 3863 hoc

2160 3902 2311 3973 petit,
2344 3908 2400 3955 ut
2428 3915 2531 3955 nou
2559 3898 2772 3969 quidem
2801 3896 2853 3952 in
2882 3896 2982 3951 hac
3006 3897 3111 3950 vita
3137 3895 3276 3967 quod
3308 3897 3360 3951 in
3388 3912 3483 3967 spe
3512 3898 3749 3967 gerimus

2159 3992 2461 4063 impleatur,
2490 3990 2586 4049 sed
2618 3998 2673 4044 ut
2701 3990 2751 4043 in
2782 4004 2845 4044 ea
2876 3997 3021 4043 sorte
3045 3988 3134 4051 sit,
3166 4002 3285 4057 quae
3312 3987 3365 4042 in
3392 3988 3484 4042 illo
3511 3988 3753 4057 quando-

2160 4102 2265 4158 que
2294 4084 2459 4155 possit
2490 4082 2719 4153 impleri,
2750 4096 2873 4137 cum
2914 4079 3207 4135 liberabitur
3234 4096 3267 4133 a
3292 4081 3528 4134 servitute
3567 4096 3751 4135 corru-

2161 4176 2366 4249 ptionis,
2414 4183 2468 4229 et
2495 4173 2681 4243 spiritu
2708 4181 2763 4227 et
2803 4171 2981 4225 anima
3008 4179 3063 4225 et
3089 4184 3333 4238 corpore,
3374 4171 3429 4223 in
3474 4169 3755 4225 libertatem

2160 4267 2340 4340 gloria:
2367 4267 2589 4337 ﬁliorum
2629 4262 2727 4318 Dei
2754 4261 2927 4333 (Rom.
2977 4276 3090 4330 vnt,
3115 4259 3331 4332 20-25),
3370 4260 3459 4316 ubi
3485 4261 3596 4331 jam
3643 4276 3755 4317 non

2162 4361 2340 4415 videat
2369 4358 2655 4413 vanitatem
2677 4356 2702 4408 Ῥ

2231 4453 2287 4507 2.
2335 4451 2563 4506 Possunt
2608 4445 2820 4518 quidem
2867 4445 3028 4500 verba
3076 4443 3177 4498 ista
3228 4444 3307 4500 sic
3350 4442 3594 4512 intelligi,
3644 4457 3757 4498 non

2167 4555 2359 4618 prmtcr
2400 4542 2635 4611 regulam
2664 4540 2786 4595 fidei
2812 4555 2827 4606 ;
2855 4537 2950 4595 sed
2980 4547 3064 4594 est
3090 4537 3176 4592 hic
3203 4537 3339 4592 alius
3371 4551 3564 4592 sensus
3592 4553 3763 4607 quem

2165 4641 2291 4697 mihi
2322 4639 2491 4695 fateor
2515 4638 2633 4709 plus
2656 4635 2885 4707 placere.
2919 4633 3172 4687 Dominus
3198 4631 3249 4685 in
3280 4630 3571 4700 Evangelia
3589 4629 3753 4686 dicit:

2172 4752 2191 4787 ι
2222 4733 2275 4787 Si
2305 4730 2460 4786 luerit
2500 4728 2686 4784 oculus
2713 4736 2833 4781 tuus
2871 4722 3119 4792 simplex,
3169 4730 3336 4776 totum
3382 4735 3578 4791 corpus
3606 4733 3755 4773 tuum

2166 4824 2400 4881 lucidum
2427 4821 2547 4877 erit.
2593 4819 2649 4875 Si
2690 4828 2864 4873 autem
2895 4815 3081 4871 oculus
3125 4823 3246 4868 tuus
3276 4812 3436 4869 fuerit
3480 4826 3709 4881 nequam
3734 4852 3753 4878 ,

2168 4925 2334 4970 totum
2376 4926 2567 4982 corpus
2596 4918 2744 4964 tuum
2774 4906 3109 4963 tenebrosum
3152 4903 3273 4959 erit.
3318 4902 3377 4959 Si
3399 4917 3528 4973 ergo
3573 4902 3755 4956 lumen

2165 5006 2305 5079 quod
2349 5006 2402 5059 in
2445 5014 2494 5059 te
2522 5010 2605 5057 est
2649 4999 2881 5055 tenebrae
2909 5003 3055 5063 sunt,
3101 4995 3230 5064 ipsa:
3276 4993 3514 5049 tenebras
3539 5001 3758 5062 quanta:

2167 5098 2360 5156 erunt?
2393 5115 2413 5150 s
2447 5092 2678 5151 Proinde
2718 5088 2892 5160 magni
2938 5088 3182 5152 interest,
3225 5099 3348 5140 cum
3392 5083 3592 5154 aliquid
3628 5083 3757 5139 boni

2166 5188 2408 5254 facimus,
2438 5184 2589 5255 cujus
2615 5182 2689 5238 rei
2720 5178 3168 5249 contemplatione
3199 5174 3477 5231 faciamus.
3507 5173 3756 5230 Ol‘llcium

2167 5281 2361 5353 quippe
2386 5287 2645 5341 nostrum,
2673 5287 2779 5328 non
2799 5269 2998 5337 oftlcio,
3025 5267 3120 5326 sed
3148 5268 3252 5323 line
3275 5265 3605 5338 pensandum
3631 5272 3753 5330 est;

2169 5382 2224 5426 ut
2252 5370 2453 5426 scilicet
2475 5382 2582 5422 non
2606 5373 2808 5420 tantum
2835 5362 2879 5417 si
2903 5362 3098 5416 bonum
3124 5369 3207 5415 est
3224 5357 3368 5430 quod
3389 5357 3633 5422 facimus,
3657 5355 3755 5412 sed

2170 5461 2437 5532 praecipue
2460 5458 2505 5513 si
2531 5458 2726 5512 bonum
2754 5462 2837 5509 est
2866 5460 3082 5523 propter
3106 5449 3248 5521 quod
3278 5448 3523 5513 facimus,
3553 5446 3762 5516 cogite-

2168 5569 2306 5608 mus.
2340 5551 2445 5607 llos
2464 5546 2648 5605 oculos
2671 5544 2860 5617 quibus
2879 5541 3304 5613 contemplamur
3315 5554 3479 5609 quare
3498 5537 3760 5593 faciamus

2168 5645 2308 5717 quod
2336 5642 2580 5706 facimus,
2611 5637 2776 5693 averti
2802 5634 2977 5707 poscit
3006 5648 3071 5688 ne
3101 5629 3316 5687 videant
3342 5630 3633 5683 vanitatem
3657 5643 3671 5693 ;
3700 5625 3753 5682 id

2167 5745 2270 5799 est,
2295 5750 2365 5787 ne
2392 5735 2529 5790 hanc
2553 5727 2809 5794 attendat,
2838 5732 3057 5797 propter
3084 5738 3242 5795 quam
3268 5720 3447 5787 faciat,
3473 5734 3595 5774 cum
3629 5717 3755 5773 boni

2170 5826 2367 5896 aliquid
2390 5823 2530 5879 facit.
2552 5821 2606 5876 ln
2631 5836 2732 5892 qua
2748 5819 2978 5874 vanitate
3005 5815 3326 5888 pr:reipumu
3351 5813 3525 5867 locum
3549 5808 3757 5866 obtinet
