3964 6204
161 461 293 518 173'»

157 586 303 626 amor
326 564 492 620 laudis
519 564 783 624 humanm,
817 563 1028 626 propter
1059 567 1212 622 quam
1246 548 1405 602 multa
1435 559 1618 612 magna
1651 541 1726 594 fe-

159 667 343 716 wrunt
368 655 458 722 qui
488 652 658 721 magni
689 652 738 702 in
780 648 879 700 hac
906 645 1099 699 smculo
1131 638 1385 695 nominati
1410 645 1553 698 sunt,
1596 632 1731 686 mul-

161 761 374 816 tumque
401 742 593 798 laudati
621 742 673 794 in
703 736 1000 792 civitatibus
1023 731 1280 802 gentium,
1307 736 1609 797 qumrentes
1628 735 1732 774 non

163 839 297 908 apud
343 838 530 896 Deum,
576 831 668 885 sed
697 827 832 898 apud
878 825 1119 878 homines
1162 820 1404 890 gloriam,
1436 825 1488 868 et
1519 820 1736 882 propter

165 904 299 982 hanc
327 926 467 980 velut
497 922 804 992 prudenter,
837 915 1060 975 fortiter,
1093 915 1470 977 temperanter,
1493 904 1738 972 justeque

165 1023 436 1079 viventes;
469 1015 532 1069 ad
563 1028 716 1083 quam
757 1005 1123 1078 pervenientes
1150 1005 1504 1072 perceperunt
1533 1006 1737 1046 merce-

171 1112 284 1168 dem
315 1122 486 1172 suam,
521 1104 635 1156 vani
667 1114 878 1155 vanam.
907 1097 986 1150 Ab
1032 1096 1128 1148 hac
1155 1094 1385 1144 vanitate
1426 1086 1608 1138 volens
1641 1083 1744 1134 Do-

170 1201 340 1258 minus
365 1206 604 1252 avertere
627 1192 806 1246 oculos
831 1201 1047 1242 suorum
1079 1201 1092 1236 :
1129 1201 1148 1234 t
1182 1177 1470 1241 Attendite,
1507 1194 1526 1225 ι
1553 1172 1718 1239 inquit

175 1313 192 1344 ι
226 1309 291 1347 ηε
332 1288 588 1360 justitiam
631 1293 860 1337 vestram
891 1276 1092 1332 faciatis
1120 1285 1296 1328 coram
1337 1265 1658 1326 hominibus,
1689 1272 1745 1313 ut

173 1381 452 1438 videamini
490 1377 556 1432 ab
581 1378 690 1436 eis;
722 1370 954 1440 alioquin
998 1364 1297 1421 mercedem
1340 1375 1443 1414 non
1486 1354 1746 1410 habebitis

175 1474 308 1544 apud
337 1474 546 1526 Patrem
565 1475 820 1526 vestrum,
850 1461 937 1531 qui
970 1460 1021 1512 in
1048 1457 1199 1512 cretis
1218 1463 1319 1510 est.
1351 1471 1370 1505 i
1408 1449 1605 1505 Deinde
1625 1461 1745 1500 cum

178 1540 336 1639 ipsius
375 1563 589 1634 justitia:
627 1555 888 1628 quasdam
927 1560 1103 1623 partes
1129 1553 1530 1632 exsequeretur,
1563 1540 1748 1610 pneci-

179 1661 322 1728 piens
348 1655 414 1711 de
439 1648 812 1719 eleemosynis,
840 1645 904 1700 de
929 1644 1189 1706 oratione,
1219 1622 1292 1694 de.
1306 1634 1530 1708 jejunio,
1553 1633 1748 1700 uhiqne

178 1722 226 1806 id
252 1745 548 1810 admonuit,
579 1757 647 1796 ne
687 1737 884 1808 aliquid
933 1749 1115 1789 eorum
1147 1738 1366 1800 propter
1394 1726 1612 1795 gloriam
1655 1722 1748 1774 ho-

178 1843 379 1897 minum
406 1837 515 1899 liat,
543 1841 596 1889 et
620 1831 814 1899 ubique
834 1826 960 1881 dicit
990 1839 1082 1879 eos
1104 1821 1195 1891 qui
1227 1826 1504 1889 propterea
1531 1813 1749 1875 faciunt,

180 1929 478 2004 percepisse
507 1920 809 1980 mercedem
838 1932 986 1972 suam
1030 1912 1238 1985 (Matth.
1272 1925 1343 1972 vt,
1377 1906 1556 1972 1-25),
1591 1903 1640 1956 id
1671 1910 1754 1956 est

181 1995 282 2079 itan
322 1995 576 2075 reternam
607 2027 723 2084 qua:
749 2008 944 2065 sanctis
971 2003 1201 2074 reposita
1228 2008 1308 2056 est
1334 1997 1472 2066 apud
1503 1995 1711 2048 Patrem
1735 2031 1750 2056 ,

182 2113 268 2168 sed
299 2083 643 2178 temporalem
684 2114 841 2170 quam
871 2103 1112 2167 quaerunt
1140 2091 1228 2161 qui
1252 2086 1677 2154 contemplantur
1704 2083 1754 2134 in

184 2200 290 2258 suis
318 2198 570 2271 operibus
592 2193 874 2248 vanitatem
907 2205 921 2244 :
948 2201 1052 2241 non
1078 2183 1200 2254 quia
1228 2182 1342 2250 ipsa
1383 2178 1497 2231 laus
1526 2175 1755 2228 humana

184 2265 440 2364 culpanda
467 2298 549 2346 est
576 2287 720 2357 (nam
748 2281 871 2353 quid
893 2291 997 2334 tam
1019 2273 1310 2345 optandum
1333 2279 1412 2325 est
1436 2265 1756 2329 hominibus,

187 2355 342 2455 quam
370 2391 427 2436 ut
449 2381 527 2434 eis
554 2355 793 2448 placeant
815 2387 931 2442 qua:
953 2367 1182 2424 debeant
1207 2361 1399 2416 imitari
1420 2359 1490 2426 Υ),
1521 2355 1612 2410 sed
1643 2367 1763 2423 pro-

187 2484 305 2544 pter
335 2473 500 2540 ipsam
532 2465 738 2521 laudem
765 2463 899 2517 bene
930 2455 1156 2528 operari,
1182 2453 1282 2505 hoc
1305 2460 1386 2504 est
1408 2447 1687 2500 vanitatem
1709 2443 1760 2496 in

188 2565 294 2618 suis
321 2557 570 2628 operibus
594 2553 802 2609 intueri.
830 2543 1270 2617 Quandoquidem
1293 2549 1343 2592 et
1367 2539 1475 2606 ipsa
1498 2536 1565 2589 ah
1589 2532 1764 2586 homi-

191 2655 346 2709 nibus
366 2652 481 2705 laus
503 2645 701 2701 homini
719 2643 861 2712 justo
877 2646 1295 2708 quantacumque
1319 2626 1636 2698 provenerit,
1661 2637 1764 2676 non

191 2745 259 2799 ibi
284 2757 404 2797 esse
431 2740 587 2794 debet
631 2735 744 2805 ejus
773 2731 894 2786 linis
922 2729 1066 2793 boni,
1092 2725 1182 2780 sed
1213 2725 1368 2778 etiam
1398 2722 1505 2787 ipsa
1534 2717 1769 2770 referen-

192 2835 254 2888 da
275 2841 366 2887 est
384 2829 449 2884 ad
477 2826 685 2883 laudem
718 2823 829 2886 Dei,
850 2828 1064 2890 propter
1089 2831 1242 2886 quem
1274 2813 1405 2866 bona
1435 2809 1768 2863 faciuntvere

194 2923 313 2977 boni
338 2939 352 2984 ;
381 2918 626 2989 quoniam
647 2931 748 2968 non
765 2927 793 2966 a
809 2909 1016 2978 scipsis,
1036 2906 1129 2960 sed
1149 2904 1214 2958 ab
1236 2901 1323 2957 illo
1343 2901 1470 2953 fiunt
1491 2897 1634 2953 boni.
1664 2897 1768 2948 De-

195 3016 356 3082 niqne
385 3012 437 3064 in
467 3007 651 3064 eodem
695 3015 942 3058 sermone
969 2997 1222 3052 Dominus
1259 2994 1367 3060 jam
1406 2989 1619 3044 dixerat
1646 2986 1724 3040 eis
1753 3001 1768 3039 ε

198 3104 382 3157 aneat
425 3101 588 3153 lumen
641 3103 856 3148 vestrum
897 3104 1064 3144 coram
1113 3081 1428 3147 hominibus,
1475 3087 1526 3131 ut
1572 3077 1771 3130 videant

197 3205 356 3248 vestra
378 3206 530 3260 opera
559 3189 706 3250 bona,
735 3195 781 3237 et
810 3181 1086 3252 gloriﬁcent
1117 3175 1321 3228 Patrem
1351 3180 1586 3233 vestrum,
1617 3167 1700 3236 qui
1723 3165 1774 3217 in

198 3289 335 3344 uelis
378 3257 448 3340 est
481 3282 588 3352 (Id.
636 3294 704 3344 v,
751 3277 859 3346 16).
894 3273 991 3328 Ubi
1023 3270 1178 3322 liuent
1209 3265 1403 3334 posuit,
1453 3264 1552 3315 hoc
1596 3267 1677 3313 est
1721 3257 1772 3310 in

199 3379 367 3450 gloria
396 3376 511 3439 Dei,
540 3375 638 3427 hoc
665 3368 919 3423 debemus
940 3359 1150 3433 quando
1177 3354 1370 3426 aliquid
1402 3353 1523 3407 boni
1553 3351 1777 3406 facimus

201 3469 416 3530 intueri,
441 3467 483 3519 si
510 3468 814 3517 avertuntur
836 3471 865 3510 a
889 3454 1117 3507 vanitate
1143 3448 1280 3504 oculi
1300 3445 1485 3499 nostri.
1515 3441 1628 3496 Non
1652 3455 1778 3509 ergo

201 3565 269 3617 sit
303 3560 421 3613 linis
450 3556 572 3609 boni
604 3551 782 3620 cpt-ris
814 3548 863 3600 in
895 3543 1141 3598 laudibus
1189 3538 1480 3595 hominum,
1513 3532 1605 3586 sed
1639 3532 1778 3600 ipsas

205 3651 387 3706 laudes
418 3645 689 3699 hominum
719 3639 1066 3704 corrigamus,
1095 3639 1149 3685 et
1176 3629 1241 3682 ad
1275 3627 1364 3680 Dei
1394 3623 1574 3677 laudes
1603 3620 1780 3672 omnia

204 3743 517 3804 referamus,
543 3750 570 3787 a
595 3747 701 3803 quo
729 3728 881 3784 nobis
926 3725 1081 3779 datur
1108 3718 1358 3790 quidquid
1393 3716 1444 3769 in
1478 3715 1628 3768 nobis
1671 3714 1783 3764 sine

208 3831 470 3890 laudantis
498 3840 678 3883 errore
723 3820 985 3877 laudatur.
1015 3815 1180 3869 Porro
1223 3812 1267 3864 si
1311 3824 1500 3861 vanum
1547 3815 1623 3858 cst
1659 3818 1785 3871 pro-

209 3937 331 3997 pter
354 3921 626 3978 hominum
653 3912 832 3969 laudes
860 3910 993 3964 bona
1022 3905 1217 3969 facere,
1240 3910 1438 3969 quanto
1460 3897 1648 3950 vanius
1677 3909 1789 3962 pro.

210 4028 334 4087 pter
371 4006 762 4080 adipiscendam
813 3999 1121 4071 pecunianr,
1167 3994 1248 4048 vel
1297 3988 1626 4058 augendam,
1676 3984 1788 4036 sive

213 4077 566 4165 retinendam,
594 4106 648 4153 et
671 4096 717 4150 si
744 4092 868 4164 quid
895 4085 1193 4158 hujusmodi
1223 4091 1304 4138 est
1345 4077 1607 4134 commodi
1653 4083 1789 4128 tem-

213 4197 436 4268 poralis,
479 4190 620 4262 quod
663 4186 814 4241 nobis
843 4180 1045 4237 accedit
1073 4172 1439 4233 extrinsecus?
1467 4169 1596 4238 Quia
1625 4167 1793 4220 omnia

213 4287 414 4340 vanitas
441 4297 457 4335 :
484 4295 594 4349 quis
635 4273 942 4330 abundantia
967 4268 1180 4323 hominis
1207 4265 1258 4318 in
1287 4262 1421 4317 omni
1465 4259 1633 4314 labore
1657 4273 1748 4310 suo
1777 4296 1792 4320 ,

215 4392 320 4448 quo
345 4375 451 4443 ipse
470 4371 660 4425 laborat
685 4367 775 4420 sub
803 4361 951 4419 sole?
980 4360 1202 4427 Pr0pter
1223 4356 1390 4424 ipsam
1417 4352 1646 4420 denique
1667 4358 1799 4402 tem-

218 4465 464 4538 poralem
505 4461 725 4515 salutem
772 4469 876 4509 non
932 4451 1186 4506 debemus
1229 4446 1402 4500 facere
1448 4443 1584 4496 bona
1636 4453 1796 4508 opera

221 4567 432 4621 nostra,
457 4553 548 4608 sed
571 4551 744 4622 potius
765 4554 980 4618 propter
1006 4543 1146 4596 illam
1169 4553 1323 4609 quam
1347 4547 1621 4606 Speramus
1645 4541 1802 4586 aiter.

223 4665 373 4714 nam,
416 4645 504 4700 ubi
547 4621 688 4696 bono
732 4635 1040 4694 immutabili
1089 4626 1435 4701 perfruamur,
1481 4623 1619 4694 quod
1653 4621 1804 4676 nobis

224 4742 334 4797 erit
361 4712 430 4793 ex
471 4737 602 4798 Deo,
633 4734 740 4786 imo
766 4727 906 4800 quod
937 4724 1087 4780 nobis
1115 4730 1198 4776 est
1241 4721 1351 4789 ipse
1380 4718 1542 4772 Deus.
1575 4714 1633 4768 Si
1662 4712 1802 4768 enim

227 4829 402 4886 sinet!
433 4827 524 4882 Dei
570 4830 786 4893 propter
831 4819 968 4872 banc
1014 4811 1356 4882 temporalem
1402 4807 1625 4860 salutem
1670 4804 1807 4857 bona

229 4935 399 4992 Opera
436 4919 708 4978 facerent,
758 4922 1023 4979 nunquam
1071 4910 1333 4972 martyres
1375 4898 1567 4954 Christi
1613 4897 1809 4950 bonum

231 5030 372 5086 opus
400 5005 750 5067 confessionis
791 5005 841 5057 in
870 4998 1109 5070 ejusdem
1151 4994 1337 5049 salutis
1365 4991 1649 5044 amissione
1696 5001 1813 5054 per-

235 5081 479 5164 ficerent.
508 5101 612 5156 Sed
633 5101 950 5165 acceperunt
973 5088 1222 5144 auxilium
1241 5084 1308 5139 de
1327 5081 1680 5139 tribulatione,
1708 5092 1812 5129 non

237 5203 510 5254 intuentes
535 5191 841 5252 vanitatem,
879 5182 1002 5253 quia
1033 5193 1161 5231 vana
1201 5175 1343 5228 salus
1387 5169 1617 5225 hominis
1645 5165 1810 5234 (Ps-ul.

239 5305 353 5354 LIX,
379 5287 468 5350 15)
493 5301 508 5350 ;
534 5291 586 5338 ει
608 5280 747 5334 diem
771 5274 1041 5329 hominum
1070 5283 1174 5322 non
1195 5263 1577 5332 concupierunt
1603 5257 1814 5328 (Jercm.

239 5350 374 5444 xui,
409 5377 517 5445 16),
561 5374 681 5443 quia
713 5369 872 5424 homo
902 5362 1118 5416 vanitati
1147 5357 1407 5413 similatus
1433 5364 1534 5420 est,
1567 5353 1678 5407 dies
1703 5350 1818 5419 ejus

240 5443 386 5527 sicut
414 5443 595 5522 umbra
622 5464 941 5532 praetereunt
968 5452 1138 5525 (Psal,
1169 5463 1346 5512 cxuu,
1379 5443 1452 5516 4).

322 5564 375 5617 '5.
405 5559 554 5632 (vers.
577 5553 692 5628 58.]
721 5554 852 5608 Cum
879 5559 1056 5604 autem
1090 5545 1227 5597 Deus
1257 5547 1471 5607 rogatur
1490 5577 1504 5601 ,
1535 5543 1594 5588 ut
1619 5550 1677 5587 ea
1704 5549 1822 5603 qua:

248 5652 531 5710 videntur‘
561 5626 690 5702 esse.
709 5647 760 5699 in
791 5649 967 5698 nostra
998 5641 1280 5708 potestate,
1313 5630 1363 5684 id
1399 5637 1479 5683 est
1498 5669 1512 5692 ,
1552 5626 1824 5679 oculorum

251 5744 463 5805 aversio
492 5756 522 5794 a
553 5736 772 5792 videnda
805 5733 1032 5786 vanitate
1065 5726 1131 5781 ab
1168 5723 1258 5778 illo
1287 5721 1438 5775 nobis
1467 5717 1788 5773 concedatur
1810 5755 1824 5780 ,

321 5858 338 5897 ⁸
366 5862 459 5914 ΕΓ..
489 5849 692 5904 videtur.
822 5853 877 5894 at.

1209 432 1600 494 ΕΝΧῐίῐῖᾹΤΙΟ
1643 428 1704 483 ΙΝ
1745 425 2063 481 Ρδέιωῐυὶὶ
2103 424 2328 480 CXVIII.

3284 428 3421 484 15M

1841 537 1964 604 quid
1996 538 2093 589 nisi
2119 536 2232 604 ejus
2253 536 2416 604 gratia
2446 534 2883 590 commendatur?
2917 535 3162 592 Nonnulli
3191 540 3330 593 enim
3357 544 3425 596 ab

1839 641 1902 678 ea
1939 628 2164 678 vanitate
2195 640 2296 678 non
2324 634 2633 678 averterunt
2664 626 2847 680 oculos
2873 641 3031 689 suos,
3055 631 3176 698 quia
3210 643 3422 699 putave-

1843 730 1963 768 runt
2001 731 2031 767 a
2069 715 2260 782 seipsis
2289 729 2347 768 se
2374 712 2487 768 fieri
2512 714 2683 783 justos
2723 725 2775 770 et
2815 717 2979 770 bonos
2999 760 3012 782 ,
3044 727 3097 772 et
3125 719 3424 776 dilexerunt

1842 805 2064 874 gloriam
2096 805 2368 858 hominum
2414 807 2579 873 magis
2609 821 2762 873 quam
2801 807 2891 860 Dei
2928 807 3119 877 (Joan.
3156 825 3252 874 xu,
3280 812 3424 880 45);

1846 897 1968 964 quia
1994 906 2045 948 et
2068 894 2165 962 ipsi
2189 893 2432 947 homines
2451 904 2594 959 sunt,
2617 895 2705 962 qui
2731 894 2829 948 sibi
2849 896 3065 948 nimium
3091 898 3422 965 placuerunt,

1844 994 1896 1038 et
1939 985 2005 1038 de
2047 985 2126 1037 sui
2165 983 2366 1036 arbitrii
2406 984 2602 1038 viribus
2631 997 3078 1054 prmsumpserunt
3103 1006 3114 1040 :
3144 988 3236 1042 sed
3261 990 3421 1044 etiam

1851 1077 1964 1129 lnee
1991 1076 2197 1130 vanitas
2219 1086 2270 1129 et
2302 1077 2642 1144 praesumptio
2670 1077 2884 1142 spiritus
2913 1089 2993 1132 est
3021 1077 3210 1148 (Eccle.
3243 1097 3312 1144 vt,
3345 1082 3435 1137 9‘s:

1846 1165 1980 1224 Cum
2006 1182 2132 1235 ergo
2162 1167 2403 1232 dixisset,
2437 1169 2613 1220 Averte
2641 1168 2811 1222 oculos
2843 1185 2999 1236 meos,
3029 1186 3092 1223 ne
3122 1172 3318 1226 videant
3343 1188 3438 1228 va.

1848 1257 2085 1319 nitatem;
2121 1257 2175 1308 in
2207 1257 2282 1308 via
2311 1266 2398 1308 tua
2433 1257 2628 1323 vivi/ica
2665 1273 2744 1309 me
2755 1273 2775 1321 ,°
2807 1272 2924 1326 qua:
2953 1258 3033 1310 via
3066 1275 3168 1313 non
3194 1265 3424 1326 vanitas,

1849 1345 1944 1401 sed
1971 1347 2164 1399 veritas
2193 1354 2314 1399 est:
2345 1345 2537 1400 deinde
2584 1347 2890 1415 subjunxit,
2935 1346 3115 1402 Statue
3159 1366 3300 1402 servo
3345 1361 3430 1404 tuo

1851 1436 2100 1505 eloquium
2120 1445 2257 1486 tuum
2286 1435 2339 1488 in
2375 1435 2599 1488 timorem
2627 1445 2765 1488 tuum
2789 1437 2830 1491 ¹.
2858 1436 3008 1501 Quod
3032 1436 3158 1506 quid
3185 1448 3265 1492 est
3292 1439 3431 1494 aliud

1851 1543 2030 1597 quam,
2059 1527 2128 1579 Da
2157 1526 2285 1578 mihi
2309 1534 2361 1579 ut
2384 1525 2570 1580 faciam
2595 1526 2734 1595 quod
2761 1527 3057 1596 eloqueris?
3085 1507 3269 1597 Neque
3290 1529 3430 1583 enim

1854 1627 2106 1672 statutum
2136 1627 2217 1671 est
2245 1615 2511 1686 eloquium
2540 1617 2629 1670 Dei
2661 1616 2742 1670 his
2775 1617 2864 1685 qui
2892 1617 2944 1672 in
2975 1633 3032 1672 se
3062 1629 3274 1672 moveut
3305 1619 3430 1674 illud

1854 1719 2036 1763 contra
2063 1707 2330 1772 faciendo;
2366 1707 2442 1763 eis
2461 1715 2640 1760 autem
2672 1715 2922 1761 statutum
2944 1719 3022 1762 est
3042 1709 3092 1761 in
3115 1709 3305 1777 quibus
3334 1710 3431 1762 im.
3492 1703 3499 1718 ⁸

1859 1800 2055 1854 mobile
2083 1809 2182 1855 est.
2229 1800 2426 1855 Statuit
2453 1802 2627 1870 itaque
2649 1801 2787 1854 Deus
2815 1799 3078 1868 eloquium
3106 1816 3256 1854 suum
3286 1802 3334 1854 in
3368 1801 3434 1854 ti-

1858 1905 2062 1945 morem
2101 1905 2252 1944 sunm
2290 1891 2367 1946 eis
2405 1891 2596 1960 quibus
2643 1891 2732 1944 dat
2775 1891 3016 1960 spiritum
3065 1891 3267 1946 timoris
3310 1891 3432 1946 sui:

1861 1984 2066 2038 timoris
2088 1992 2262 2038 autem
2293 1998 2397 2037 non
2427 1982 2566 2037 illius
2594 1982 2660 2036 de
2687 1998 2790 2052 quo
2815 1982 2942 2037 dicit
2975 1984 3276 2052 Apostolus.
3313 1983 3435 2038 Non

1860 2075 1992 2128 enim
2047 2075 2308 2143 accepistis
2358 2075 2587 2143 spiritum
2638 2075 2886 2128 servitutis
2936 2074 3113 2128 iterum
3161 2075 3214 2128 in
3263 2075 3440 2128 timore

1863 2164 2052 2236 (Rom.
2081 2181 2191 2229 νιιι,
2218 2165 2350 2235 15);
2385 2165 2523 2219 hunc
2553 2165 2692 2218 enim
2721 2174 3080 2218 consummata
3102 2165 3331 2218 charitas
3359 2165 3439 2220 fo-

1864 2269 1951 2308 ras
1978 2255 2134 2308 mittit
2167 2255 2407 2308 timorem
2437 2253 2475 2324 (l
2503 2254 2660 2307 Joan.
2692 2270 2765 2319 tv,
2797 2253 2889 2322 l8)
2915 2272 2928 2306 :
2951 2253 3043 2308 sed
3077 2254 3214 2308 illius
3237 2255 3440 2309 timoris

1864 2359 2019 2413 quem
2059 2344 2185 2399 dicit
2232 2344 2483 2413 pmpheta
2524 2345 2764 2412 spiritum
2791 2344 2996 2397 timoris
3026 2345 3118 2398 Dei
3159 2344 3322 2411 (lsai.
3360 2361 3437 2410 xi,

1867 2434 1970 2505 '5);
2017 2434 2218 2489 timoris
2264 2435 2442 2502 utique
2482 2434 2650 2498 casti,
2695 2434 3051 2502 permanentis
3096 2434 3147 2486 in
3187 2433 3437 2487 saeculum

1867 2524 2045 2579 saeculi
2076 2522 2263 2594 (Psal.
2296 2539 2444 2587 xvm,
2477 2523 2597 2591 l0),
2633 2523 2837 2576 timoris
2869 2537 2973 2591 quo
3003 2523 3214 2577 timetur
3247 2521 3440 2576 offendi

1868 2617 1956 2686 qui
1977 2625 2199 2669 amatur.
2235 2614 2401 2668 Aliter
2420 2613 2611 2683 quippe
2634 2614 2782 2666 timet
2806 2613 3042 2666 adultera
3066 2612 3231 2664 virum
3260 2626 3436 2676 suum,

1868 2708 2021 2762 aliter
2063 2715 2205 2762 casta
2242 2723 2254 2757 :
2283 2705 2549 2771 adultera,
2579 2719 2646 2759 ne
2674 2704 2877 2768 veniat;
2908 2714 3050 2756 casta
3072 2743 3086 2765 ,
3118 2718 3184 2756 ne
3213 2701 3440 2756 deserat.

1943 2799 1997 2853 4.
2037 2797 2182 2868 [vers.
2213 2793 2324 2866 '59.]
2364 2795 2612 2864 Amputa,
2661 2795 2861 2863 inquit,
2909 2792 3232 2862 opprobrium
3282 2808 3444 2845 meum

1871 2889 2003 2959 quod
2047 2887 2327 2956 suspicatus
2371 2903 2499 2949 sum,
2545 2887 2661 2954 quia
2698 2884 2896 2955 judicia
2944 2892 3030 2937 tua
3076 2884 3267 2936 suavia.
3319 2881 3447 2949 Quis

1873 2988 1955 3034 est
2003 2979 2088 3047 qui
2131 2994 2282 3030 sutnn
2321 2975 2660 3046 Opprobrium
2714 2975 3041 3043 suspicatur,
3089 2983 3141 3028 et
3185 2990 3288 3027 non
3332 2989 3448 3028 ma-

1875 3071 1955 3139 gis
2008 3071 2152 3123 novit
2210 3085 2361 3122 suam
2416 3069 2636 3137 quisque
2673 3067 3033 3136 opprobrimu,
3081 3082 3233 3135 quam
3274 3066 3450 3134 cujus-

1878 3161 2005 3213 libet
2049 3159 2325 3214 alienum?
2366 3158 2631 3228 SItSpicari
2683 3158 2821 3212 enim
2869 3156 3043 3226 potius
3083 3157 3311 3210 alienum
3359 3169 3452 3224 p0-

1881 3259 1981 3303 test
2019 3250 2211 3311 homo,
2255 3263 2357 3302 non
2409 3263 2592 3311 suum;
2637 3247 2884 3317 quoniam
2925 3246 3063 3316 quod
3116 3246 3450 3314 suspicatur,

1877 3340 2086 3411 ignorat
2119 3359 2130 3394 :
2166 3342 2218 3394 in
2260 3356 2356 3394 suo
2397 3348 2572 3394 autem
2612 3339 2898 3408 opprobrio
2933 3353 3036 3390 non
3085 3345 3164 3390 est
3199 3335 3456 3404 cujusque

1881 3434 2112 3502 ειιενὶεἰο
2133 3474 2148 3498 ,
2185 3431 2276 3486 sed
2316 3431 2555 3495 scicntia,
2580 3429 2666 3483 ubi
2695 3429 2926 3498 loquitur
2954 3426 3293 3481 conscientia.
3323 3424 3454 3491 Quid

1884 3535 1966 3579 est
1995 3538 2121 3592 ergo
2149 3521 2286 3591 quod
2314 3521 2406 3585 ait,
2445 3518 2787 3590 Opprobriutn
2818 3533 2983 3570 meum
3011 3515 3146 3586 quod
3170 3517 3454 3584 suspicatus

1885 3615 2036 3668 simi?
2073 3613 2329 3667 Nimirum
2355 3611 2422 3665 de
2453 3610 2723 3679 superiore
2750 3624 2908 3662 sensu
2939 3609 3096 3661 etiam
3129 3609 3226 3660 iste
3266 3605 3460 3660 ducen-

1887 3708 1986 3760 dus
2014 3715 2094 3759 est
2127 3722 2138 3753 :
2171 3703 2418 3772 quoniam
2446 3700 2695 3770 quamdiu
2722 3713 2825 3751 non
2861 3698 3055 3750 avertit
3092 3696 3253 3748 homo
3278 3695 3463 3749 oculos

1889 3811 2014 3850 suos
2040 3812 2106 3849 ne
2133 3794 2341 3846 videant
2363 3793 2665 3850 vanitatem,
2689 3788 2828 3857 quod
2858 3787 2908 3839 iu
2937 3787 3112 3853 seipse
3141 3785 3329 3852 agitur,
3363 3783 3464 3836 hoc

1891 3889 1956 3943 de
1985 3887 2101 3940 aliis
2129 3886 2454 3952 SUSpicalttl';
2478 3891 2533 3934 ut
2565 3889 2775 3948 propter
2799 3876 2939 3945 quod
2969 3878 3078 3944 ipse
3101 3876 3226 3927 colit
3263 3874 3423 3927 Deum
3447 3912 3462 3936 ,

1892 3979 1974 4032 vel
2001 3985 2210 4046 propter
2239 3973 2379 4043 quod
2411 3973 2543 4025 bona
2571 3985 2730 4038 Opera
2762 3967 2901 4030 facit,
2927 3975 3142 4035 propter
3163 3965 3263 4018 hoc
3286 3963 3468 4017 credat

1896 4079 1951 4123 et
1997 4067 2221 4120 alterum
2262 4061 2458 4117 facere.
2507 4062 2730 4115 Possunt
2775 4058 2969 4126 quippe
3009 4056 3247 4108 homines
3291 4053 3470 4106 videre

1898 4158 2036 4228 quod
2058 4159 2288 4226 agimus;
2317 4154 2464 4223 cujus
2490 4162 2665 4206 autem
2695 4149 2768 4203 rei
2787 4147 3231 4215 contemplatione
3252 4159 3470 4214 agamus

1899 4251 2162 4305 occultum
2191 4256 2270 4302 est
2303 4263 2316 4298 :
2345 4255 2396 4298 et
2438 4244 2557 4296 ideo
2593 4241 2750 4295 datur
2783 4237 3169 4307 suspicionibus
3206 4238 3368 4298 locus,
3415 4243 3473 4288 ut

1902 4341 2090 4396 audeat
2133 4339 2291 4393 homo
2326 4337 2564 4406 judicare
2598 4335 2663 4388 de
2692 4332 2911 4386 occultis
2942 4331 3234 4394 hominum,
3263 4337 3315 4382 et
3345 4327 3473 4381 falsa

1904 4434 2234 4503 plerumque,
2266 4439 2338 4492 et,
2372 4428 2414 4481 si
2468 4440 2611 4486 vera,
2651 4432 2827 4476 tamen
2865 4419 3126 4489 incognita
3161 4427 3358 4471 temere
3389 4431 3479 4470 sn-

1907 4521 2117 4591 Spicari.
2146 4519 2426 4588 Propterea
2459 4515 2710 4569 Dominus
2738 4511 2938 4566 cumde
2971 4510 3084 4577 ipso
3115 4509 3218 4562 fine
3240 4508 3482 4575 loquere-

1911 4622 1994 4667 tur
2027 4621 2241 4682 propter
2265 4624 2422 4678 quem
2444 4605 2700 4676 justitiam
2726 4603 2896 4655 facere
2923 4600 3196 4657 debemus.
3219 4607 3275 4650 ut
3302 4598 3483 4651 oculos

1912 4717 2122 4760 nostros
2148 4719 2176 4755 a
2212 4698 2654 4767 contemplatione
2682 4700 2943 4747 averteret
2982 4689 3254 4750 vanitatis,
3284 4689 3488 4739 monuit

1913 4813 1980 4851 ne
2003 4804 2215 4865 propter
2239 4791 2420 4846 laudes
2443 4787 2713 4841 hominum
2744 4783 2878 4836 bona
2910 4795 3070 4849 opera
3102 4772 3375 4841 faciamus,
3407 4775 3488 4828 di-

1913 4901 2041 4941 cens
2069 4903 2082 4939 :
2110 4883 2357 4936 Attendile
2384 4896 2445 4932 ne
2473 4876 2672 4948 faciatis
2686 4874 2936 4944 justitiam
2967 4879 3178 4924 vestram
3205 4883 3373 4921 coram
3399 4866 3490 4916 Ito-

1918 4978 2147 5041 minibus,
2171 4984 2224 5026 ut
2251 4970 2518 5027 videamini
2543 4969 2605 5021 ab
2633 4967 2723 5020 eis.
2756 4964 2976 5029 Monuit,
3001 4977 3066 5016 ne
3095 4969 3308 5030 propter
3335 4971 3481 5024 pecus

1919 5071 2057 5123 niam
2083 5109 2098 5131 ,
2137 5066 2318 5119 dicens
2352 5079 2365 5115 :
2394 5060 2547 5113 nolite
2581 5057 2716 5110 vobis
2761 5053 3095 5108 tltesaurizare
3133 5051 3185 5102 in
3227 5059 3390 5109 terra;
3415 5053 3489 5108 et,

1921 5161 2042 5215 Non
2074 5157 2275 5229 potestis
2316 5153 2421 5206 Deo
2469 5150 2651 5204 servire
2692 5156 2737 5201 et
2786 5157 3101 5199 inatmnome.
3156 5139 3375 5202 Monuit,
3427 5150 3495 5189 ne

1921 5261 2138 5322 promer
2181 5249 2350 5316 ipsum
2395 5241 2752 5296 necessarium
2801 5239 2993 5291 victum
3031 5243 3190 5301 atque
3225 5229 3495 5307 vestitum,

1923 5347 2103 5400 dicens
2129 5360 2142 5395 :
2172 5339 2252 5392 Ne
2270 5336 2471 5392 solliciti
2492 5335 2596 5387 sitis
2620 5333 2802 5385 anima:
2820 5338 2991 5382 vestra:
3018 5325 3139 5394 quid
3165 5320 3497 5384 manducetis,

1925 5453 2080 5508 neque
2099 5432 2295 5502 corpori
2325 5439 2482 5481 vestro
2507 5425 2628 5497 quid
2656 5421 2937 5478 induamini
2963 5415 3188 5487 (Matth.
3211 5429 3281 5476 vt,
3317 5413 3342 5466 i
3366 5453 3378 5475 ,
3412 5411 3499 5474 19,

1927 5507 2017 5591 247,
2047 5526 2162 5596 9.5).
2195 5525 2257 5576 Et
2282 5536 2400 5575 cum
2423 5518 2535 5571 haec
2561 5515 2733 5570 oumia
2752 5511 3062 5574 monuisset,
3085 5507 3205 5576 quia
3228 5517 3506 5574 possumus

1932 5615 2187 5688 suspicari
2235 5627 2326 5667 eos
2365 5623 2498 5677 quos
2536 5607 2678 5675 juste
2705 5604 2879 5656 vivere
2904 5599 3161 5663 videmus,
3191 5605 3245 5652 et
3270 5610 3374 5664 quo
3405 5592 3509 5646 fine

1933 5685 2127 5766 faciant
2150 5720 2251 5758 non
2280 5700 2538 5762 videmus,
2565 5703 2775 5764 propter
2798 5688 2992 5761 aliquid
3024 5686 3322 5756 hujusmodi
3347 5685 3513 5740 bene-

2005 5824 2021 5856 ί
2045 5823 2116 5871 Sic
2140 5825 2245 5866 uss.
2269 5815 2405 5877 juxta
2421 5819 2569 5861 Grzee.
2589 5815 2717 5858 LXX.
2744 5813 2798 5857 At
2820 5805 2951 5865 Edd.,
2967 5801 3018 5853 in
3042 5801 3208 5852 timore
3229 5805 3328 5851 tuo.
