4026 6202
508 423 647 482 1555

505 539 717 599 facere;
745 533 995 590 continuo
1021 525 1248 601 subjecit
1277 544 1290 582 :
1328 524 1498 581 Nolite
1522 523 1776 597 judicare,
1800 539 1864 577 ne
1881 521 2085 592 judice-

506 629 631 682 mini
660 629 677 692 ί
701 624 785 678 ld.
815 639 906 688 vn,
941 624 963 676 i
993 622 1031 689 ).
1063 619 1215 677 Unde
1242 627 1295 673 et
1323 616 1409 672 hic
1434 630 1555 671 cum
1582 614 1829 678 dixisset,
1867 613 2088 680 Amputa

509 715 835 785 approbrium
864 728 1026 766 meum
1050 712 1181 781 quod
1210 708 1492 778 suspicatus
1518 720 1666 770 sum;
1708 701 1940 764 addidit,
1970 700 2088 768 quia

498 807 695 878 judicia
735 814 821 859 tua
858 803 1067 867 suauia,
1109 801 1161 855 id
1205 810 1305 863 est,
1332 797 1528 868 judicia
1556 804 1643 850 tua
1660 809 1812 849 πει-ιι.
1836 789 2087 847 Veritatis

502 897 643 951 enim
673 905 881 950 amator
908 908 1071 948 suave
1104 891 1296 946 clamat
1322 903 1442 945 esse
1467 887 1609 959 quod
1633 900 1819 941 verum
1843 893 1946 939 est.
1976 883 2087 937 llo-

411 1008 416 1021 ι
502 986 708 1042 minnm
733 996 908 1041 autem
934 982 1131 1053 judicia
1158 981 1226 1035 de
1254 978 1477 1034 occultis
1502 975 1803 1041 hominum,
1832 990 1939 1028 non
1966 987 2087 1027 sua-

503 1075 605 1139 via,
635 1076 757 1146 quia
785 1072 1086 1130 temeraria.
1134 1067 1202 1125 Et
1236 1069 1353 1124 ideo
1392 1082 1546 1123 suum
1582 1065 1715 1120 dixit
1741 1062 2085 1135 opprobrium

504 1166 647 1235 quod
669 1165 735 1221 de
758 1164 882 1221 aliis
908 1171 992 1220 est
1018 1162 1342 1231 suspicatus;
1371 1159 1491 1229 quia
1516 1167 1570 1214 et
1598 1157 1702 1211 hoc
1727 1154 1868 1225 quod
1890 1154 1906 1186 ¹
1938 1155 2083 1222 Apo-

504 1256 674 1311 stolus
718 1256 812 1323 ait,
838 1253 1198 1324 Cornparontes
1216 1252 1508 1317 sernelipsos
1535 1248 1852 1318 sibimetipsis
1874 1245 1940 1317 (ll
1963 1245 2082 1301 Cor.

506 1361 562 1412 x,
594 1346 659 1400 i2
680 1345 729 1415 ),
773 1358 876 1399 non
916 1345 1215 1414 intelligunt
1245 1361 1260 1398 :
1290 1342 1393 1397 hoc
1418 1341 1559 1397 enim
1594 1338 1882 1409 proclivius
1923 1337 2086 1393 homo

507 1436 810 1505 suspicatur
839 1436 892 1490 in
920 1428 1046 1503 alio,
1074 1434 1215 1505 quod
1243 1434 1406 1489 sentit
1434 1433 1485 1487 in
1515 1431 1712 1502 seipso.
1758 1430 1871 1485 Hoc
1909 1430 2087 1499 itaque

505 1527 846 1596 opprobrium
874 1541 1027 1581 suum
1058 1526 1270 1596 petebat
1293 1524 1510 1589 auferri,
1541 1522 1684 1594 quod
1719 1521 1772 1576 in
1809 1535 1872 1577 se
1905 1534 2088 1575 sense-

508 1626 610 1685 rat,
636 1625 691 1672 et
716 1617 767 1672 in
792 1617 910 1672 aliis
940 1618 1111 1673 fuerat
1134 1616 1466 1686 suspicatus;
1498 1621 1683 1670 utnon
1710 1618 1854 1669 esset
1874 1609 2086 1666 diabolo

506 1708 710 1772 similis,
738 1711 827 1779 qui
850 1708 916 1763 de
936 1707 1157 1763 occultis
1181 1706 1349 1762 sancti
1386 1705 1485 1761 Job
1512 1705 1809 1775 suspicatus
1838 1709 1924 1758 est
1943 1700 2085 1771 quod

505 1812 611 1852 non
635 1798 797 1867 gratis
826 1796 992 1853 Deum
1027 1799 1247 1865 coleret,
1275 1812 1431 1867 quem
1472 1795 1714 1867 poposcit
1751 1792 2081 1858 tentandum,

503 1895 565 1944 ut
591 1889 795 1944 crimen
820 1889 962 1961 quod
981 1889 1239 1958 objiceret
1265 1888 1526 1943 inveniret
1552 1886 1674 1956 (Job
1696 1900 1736 1950 ι.
1766 1883 1941 1955 9-H).

576 1981 628 2037 Β.
663 1979 811 2053 [vers
836 1979 951 2053 ια]
981 1981 1085 2047 Sed
1110 1996 1230 2035 cum
1260 1981 1486 2035 libenter
1504 1979 1720 2033 alterius
1739 1974 2084 2048 opprobrium

503 2071 715 2129 nonnisi
757 2073 1022 2129 aemulatio
1048 2074 1378 2143 suspicetur,
1421 2072 1547 2128 dum
1585 2072 1783 2127 bonum
1829 2084 1964 2141 opus
2001 2084 2088 2125 re-

506 2162 764 2233 prehendi
790 2178 894 2218 non
920 2171 1115 2234 potest,
1149 2163 1273 2235 quia
1307 2178 1367 2219 se
1392 2162 1625 2218 asserit'
1662 2161 1804 2233 quod
1841 2168 2084 2232 apertum

504 2264 621 2320 est;
656 2264 711 2309 et
737 2270 842 2326 quo
871 2255 975 2310 (ine
994 2255 1085 2310 lia’t
1111 2254 1535 2326 reprehenditur,
1561 2255 1685 2324 quia
1706 2269 1811 2309 non
1835 2268 1898 2309 se
1926 2267 2087 2308 exse-

506 2345 577 2400 rit
596 2343 736 2416 quod
757 2346 1023 2401 occultum
1046 2353 1161 2410 cst;
1203 2353 1361 2414 atque
1402 2345 1473 2400 ita
1512 2345 1648 2400 male
1684 2343 1939 2414 suspicari
1962 2357 2084 2398 eum

503 2436 636 2493 libet
661 2437 748 2492 cui
773 2437 920 2503 libet,
951 2452 1061 2493 non
1087 2436 1316 2492 videndo
1342 2436 1483 2507 quod
1522 2436 1671 2500 latet,
1713 2442 1768 2491 et
1800 2433 2095 2491 invidendo

503 2527 644 2598 quod
671 2528 871 2585 eminet
892 2529 914 2560 ³
938 2546 952 2583 :
982 2530 1220 2599 profecto
1239 2536 1424 2583 contra
1452 2526 1552 2581 hoc
1575 2526 1793 2593 malum,
1817 2540 1921 2596 quo
1947 2524 2085 2595 quis-

502 2634 606 2689 que
645 2619 873 2675 libenter
910 2619 977 2675 de
1014 2619 1231 2674 homine
1273 2618 1469 2673 malum
1512 2616 1651 2687 quod
1690 2631 1795 2671 non
1833 2615 2086 2686 perspicit

502 2709 820 2779 suspicatur,
847 2708 1077 2765 charitas
1105 2707 1348 2764 habenda
1384 2715 1487 2774 est,
1517 2722 1635 2778 qua:
1660 2721 1767 2761 non
1805 2706 2084 2761 tumulatur

503 2798 546 2871 (l
574 2798 691 2854 Cor.
721 2814 835 2867 xm,
858 2799 945 2871 l);
973 2815 1131 2869 quam
1161 2799 1415 2855 Dominus
1435 2799 1700 2869 praecipue
1719 2794 2079 2865 commendat,

503 2889 688 2946 dicens
706 2932 722 2958 ,
763 2890 1064 2944 Mandatum
1088 2906 1270 2944 novum
1295 2890 1361 2944 do
1388 2890 1543 2954 vobis,
1570 2897 1625 2942 ut
1649 2904 1734 2941 vos
1762 2888 1971 2942 invicem
1999 2887 2081 2940 di-

501 2982 669 3052 ligatis
687 3000 706 3048 ;
724 2982 804 3048 'et,
837 2982 901 3036 In
924 2983 1017 3037 hoc
1036 2984 1193 3037 scient
1216 2997 1389 3036 omnes
1410 2981 1529 3051 quia
1556 2980 1795 3052 discipuli
1819 2980 1913 3033 mei
1940 2980 2078 3045 estis,

498 3073 546 3129 si
564 3073 876 3128 dilectionem
902 3073 1171 3128 habueritis
1193 3073 1247 3126 in
1271 3073 1479 3126 invicem
1501 3070 1678 3139 (Joan.
1702 3086 1817 3135 xm,
1841 3071 1933 3136 '54,
1952 3069 2078 3141 55):

498 3172 557 3220 ct
593 3163 663 3221 de
701 3163 986 3219 dilectione
1030 3162 1124 3218 Dei
1151 3170 1205 3217 et
1235 3162 1458 3232 proximi
1499 3161 1751 3232 loquens,
1783 3159 1847 3214 In
1877 3162 1976 3226 his,
2002 3163 2085 3215 in-

498 3253 647 3325 quit,
679 3253 872 3308 duobus
908 3253 1160 3306 mandatis
1205 3261 1307 3306 tota
1344 3250 1453 3306 Lex
1498 3251 1677 3321 pendet
1717 3263 1764 3304 et
1812 3248 2085 3319 Propheta:

500 3342 715 3414 (Matth.
743 3359 872 3408 xxn,
894 3341 1007 3413 40).
1033 3342 1186 3398 Unde
1213 3350 1269 3397 et
1295 3343 1395 3397 iste
1421 3350 1604 3398 contra
1628 3356 1740 3397 sua:
1763 3334 2082 3411 suspicionis

500 3430 844 3503 opprobrium
892 3432 1030 3502 quod
1076 3430 1343 3487 desiderat
1383 3432 1663 3501 amputari,
1709 3430 1860 3497 Ecce,
1891 3432 2077 3501 inquit,

499 3523 766 3594 concupiui
825 3522 1066 3576 mandata
1110 3531 1231 3586 tua;
1276 3523 1330 3576 in
1380 3530 1466 3575 tua
1498 3522 1701 3593 jnstitia
1744 3522 1940 3591 viuiﬁca
1981 3538 2077 3575 me.

502 3614 643 3672 Ecce
680 3614 957 3685 concupivi
985 3628 1048 3669 ex
1080 3621 1190 3668 toto
1216 3612 1397 3676 corde.
1428 3628 1496 3668 ex
1523 3621 1628 3667 tota
1653 3613 1849 3678 anima,
1880 3628 1946 3668 ex
1972 3622 2079 3667 tota

500 3717 681 3764 mente
716 3706 937 3778 diligere
981 3717 1061 3772 te,
1106 3714 1162 3760 et
1202 3705 1502 3776 proximum
1543 3706 1681 3760 sicut
1718 3719 1804 3759 me
1829 3723 1844 3759 :
1874 3718 1983 3760 non
2026 3705 2079 3758 in

499 3815 641 3866 mea,
671 3799 764 3855 sed
792 3800 848 3855 in
878 3809 964 3854 tua
974 3799 1174 3871 justitia
1198 3799 1392 3867 vivi/ica
1419 3814 1517 3866 me,
1554 3797 1656 3852 hoc
1693 3805 1791 3864 est,
1821 3798 1920 3853 ista
1949 3796 2083 3852 chaJ

495 3889 654 3945 ritate
680 3904 836 3960 quam
868 3889 1140 3959 concupivi
1164 3932 1179 3957 ,
1212 3888 1373 3959 imple
1416 3905 1520 3945 me.
1567 3888 1768 3959 Adjuva
1804 3897 1860 3943 ut
1893 3888 2079 3942 faciam

499 3980 640 4052 quod
665 3982 1027 4048 commendas,
1069 3981 1208 4037 dona
1255 3983 1367 4053 ipse
1405 3981 1547 4054 quod
1587 3980 1829 4037 mandas.
1883 3980 1949 4035 In
1992 3991 2081 4035 tua

501 4071 697 4137 iustitia
729 4071 928 4142 vivi/ica
952 4088 1032 4127 me
1060 4087 1079 4126 :
1106 4072 1230 4142 quia
1254 4070 1308 4126 in
1336 4086 1423 4127 me
1448 4071 1588 4126 unde
1614 4085 1853 4126 morerer
1877 4070 2035 4125 habui
2060 4087 2075 4136 ;

498 4162 647 4219 unde
673 4173 851 4219 autem
878 4163 1050 4218 vivam
1076 4179 1181 4218 non
1211 4165 1421 4219 invenio
1443 4164 1543 4218 nisi
1576 4163 1627 4217 in
1660 4172 1731 4218 te.
1758 4162 1968 4218 Justitia
1992 4171 2078 4216 tua

498 4255 744 4313 Christus
775 4264 888 4320 est,
923 4268 945 4308 ι
966 4256 1054 4325 qui
1090 4254 1259 4311 factus
1294 4263 1377 4310 est
1410 4255 1562 4311 nobis
1599 4254 1855 4325 sapientia
1885 4267 1914 4307 a
1942 4250 2076 4319 Deo,

499 4360 555 4406 ct
577 4349 799 4420 justitia,
822 4357 876 4402 et
899 4348 1266 4411 sanctiﬁcatio,
1297 4357 1351 4404 et
1374 4348 1697 4417 redemptio;
1730 4355 1805 4413 ut,
1828 4344 2081 4417 quemad-

500 4437 718 4494 modum
758 4438 1013 4506 scripturn
1059 4445 1161 4503 est,
1200 4437 1299 4504 Qui
1324 4437 1598 4506 gloriatur,
1623 4436 1674 4491 in
1710 4437 1933 4491 Domino
1960 4436 2078 4507 glo-

501 4531 669 4586 rietur
698 4548 716 4581 ι
753 4526 796 4601 (l
825 4527 942 4584 Cor.
969 4544 1008 4591 ι,
1036 4528 1126 4593 30,
1155 4528 1268 4600 5i).
1307 4527 1372 4583 Et
1397 4527 1451 4581 in
1479 4527 1567 4581 illo
1593 4526 1805 4583 invenio
1832 4527 2077 4582 mandata

503 4630 589 4674 tua
617 4635 734 4688 qua:
759 4619 1057 4690 concupivi,
1090 4628 1148 4673 ut
1186 4619 1237 4673 in
1280 4627 1365 4672 tua
1401 4617 1624 4687 jnstitia,
1648 4615 1749 4671 hoc
1780 4627 1860 4672 est
1887 4618 1938 4671 in
1963 4618 2074 4684 illo,

500 4708 734 4764 viviliccs
762 4722 864 4763 me.
894 4709 1011 4778 Ipse
1038 4717 1120 4762 est
1144 4708 1282 4764 cnim
1306 4706 1537 4763 Verbum
1568 4707 1733 4772 Dens;
1764 4716 1818 4761 et
1842 4704 2075 4762 Verbum

499 4814 627 4856 caro
640 4798 830 4855 factum
848 4809 946 4866 est,
968 4809 1024 4854 ut
1039 4798 1524 4869 essetetpt‘oximus
1537 4812 1686 4853 mens
1710 4794 1886 4869 (Joan.
1906 4814 1943 4864 ι,
1966 4794 2073 4870 ll).

1136 4907 1307 4948 εειιιιο
1330 4907 1439 4946 χιιι.

575 4986 628 5042 l.
672 4983 822 5059 [vers.
854 4983 964 5057 Η.)
1004 4983 1245 5040 Sermoni
1287 4983 1525 5052 pristino,
1568 4997 1727 5055 quem
1769 4980 1836 5037 de
1873 4982 2078 5052 psalmo

499 5076 591 5150 qui
629 5084 715 5130 est
750 5076 986 5130 omnium
1018 5075 1435 5145 prolixissimus,
1477 5088 1647 5144 nuper
1684 5073 1983 5138 habuimus,
2012 5072 2079 5129 de

500 5166 679 5224 verbis
700 5167 816 5237 ejus
841 5182 960 5237 qua:
988 5174 1283 5234 sequuntur
1322 5164 1422 5219 iste
1465 5163 1761 5234 iungendus
1802 5172 1903 5218 est.
1954 5163 2079 5217 limo

500 5259 662 5316 verba
690 5266 814 5314 sunt
842 5275 857 5312 :
892 5255 957 5312 Et
983 5256 1146 5311 veniat
1169 5272 1321 5325 super
1350 5271 1428 5309 me
1454 5255 1795 5315 misericordia
1819 5264 1937 5322 tua,
1967 5254 2076 5309 Do-

502 5393 781 5503 ‘
802 5392 951 5457 Lugd.
976 5398 1096 5442 Ven.
1124 5398 1179 5442 et
1207 5397 1319 5441 ιον.
1350 5396 1401 5440 ιιι
1432 5396 1505 5452 8.,
1547 5391 1663 5457 quia
1704 5391 1793 5443 Itoc
1819 5398 1866 5443 et
1892 5398 2079 5458 aposto—

522 5454 913 5569 ut-tta‘lltocloeo
934 5523 1033 5565 Am.
1060 5521 1114 5564 et
1132 5523 1237 5565 uss.
1264 5520 1318 5564 Αι
1338 5520 1413 5562 Er.
1439 5520 1491 5564 et
1507 5522 1638 5572 Lov.,
1663 5514 1860 5566 exserit.

569 5576 591 5608 ³
612 5578 687 5627 sic
705 5576 887 5640 aliquot
924 5584 1029 5627 Mss.
1047 5577 1303 5640 raiiivero,
1327 5574 1565 5640 suspicati
1576 5576 1708 5640 “licet
1731 5576 1952 5640 cuilibet,
1979 5585 2075 5640 etc.
2141 5611 2155 5619 ν

503 5642 560 5687 Al
582 5641 732 5701 Er._et
754 5636 885 5697 ιλιι,
924 5637 1167 5701 suspicari
1189 5650 1281 5701 non
1315 5636 1458 5701 debet
1486 5637 1696 5701 quilibet,
1742 5652 1837 5701 non
1875 5638 2079 5689 ridendo

502 5697 631 5757 quod
664 5697 807 5756 latet,
838 5706 883 5748 et
913 5697 1015 5748 non
1037 5697 1294 5771 invidendo
1332 5698 1459 5807 quod
1490 5697 1689 5769 cminetx
1713 5700 1842 5769 Apud
1887 5712 1986 5748 Am.
2026 5708 2078 5750 et

502 5769 675 5807 omnes
855 5761 1038 5807 absone
1062 5768 1325 5807 negatione
1369 5767 1555 5807 emtur.
1596 5767 1639 5807 et
1672 5760 1928 5807 invidendo
1950 5760 2077 5807 quod

501 5769 676 5870 21ιέἓῆ
855 5761 1038 5821 absque
1062 5761 1325 5822 negatione
1346 5760 1555 5822 legitur,
1596 5767 1639 5810 et
1672 5760 1928 5812 invidendo
1950 5760 2077 5829 quod

615 5831 658 5867 te
681 5853 693 5866 .

1741 411 1799 468 8.
1841 404 2202 466 AUGUSTINI
2242 401 2545 464 EPISCOPI

3295 380 3399 433 κε)

3638 399 3785 462 ἰὸῧῦ

2195 520 2348 575 mine.
2396 519 2527 587 Qum
2559 519 2820 575 sententia
2855 518 3113 591 superiori
3144 518 3351 575 videtur
3387 534 3594 576 annexa
3623 539 3638 575 :
3667 538 3780 577 non

2194 610 2337 666 enim
2362 612 2455 675 ait,
2492 608 2669 664 Veniat
2696 627 2849 680 super
2876 627 2954 663 me
2965 628 2985 676 ;
3009 609 3102 665 sed
3129 610 3225 676 ait,
3255 609 3320 663 Et
3347 612 3533 665 veniat.
3564 611 3658 667 Est
3680 626 3782 666 au-

2195 710 2301 756 tem
2331 702 2419 756 illa
2442 702 2705 769 superior,
2735 700 2867 756 Ecce
2891 702 3157 771 concupiui
3184 701 3424 755 mandata
3452 710 3541 756 tua
3562 718 3583 765 ;
3607 703 3660 756 in
3685 712 3785 755 tua

2186 790 2395 861 justitia
2439 792 2635 860 vivi/ica
2674 808 2753 846 me
2780 806 2799 846 :
2825 790 3018 846 deinde
3055 792 3313 861 sequitur,
3342 792 3407 845 Et
3436 794 3600 848 ueniat
3625 810 3782 861 super

2191 897 2271 935 me
2298 882 2639 937 misericordia
2675 893 2783 948 tua,
2812 881 3043 936 Domine.
3085 881 3221 949 Quid
3263 881 3350 938 hic
3370 865 3514 952 ergo
3561 885 3730 951 poscit
3758 923 3778 943 .

2191 974 2294 1029 nisi
2333 983 2389 1029 ut
2426 975 2671 1031 mandata
2705 991 2824 1046 quzc
2851 975 3175 1044 concupivit,
3203 990 3298 1044 per
3324 975 3443 1045 ejus
3466 975 3776 1031 miserimro

2193 1064 2330 1119 diam
2358 1064 2509 1121 faciat
2531 1067 2547 1099 ¹
2567 1109 2583 1132 ,
2612 1067 2701 1136 qui
2730 1067 3038 1122 mandavit?
3082 1067 3316 1137 Exponit
3345 1068 3486 1122 enim
3516 1068 3777 1139 quodam.

2191 1155 2351 1210 modo
2380 1156 2506 1226 quid
2533 1155 2759 1223 dixerit,
2806 1157 2876 1211 In
2918 1166 3006 1212 tua
3041 1158 3239 1229 iustitia
3281 1159 3477 1227 vivi/ica
3507 1174 3625 1223 me;
3649 1174 3778 1213 eum

2154 1240 2161 1247 κ
2190 1246 2479 1318 snbjnngit,
2500 1248 2564 1302 Et
2587 1250 2750 1320 vestiat
2771 1265 2924 1319 super
2942 1266 3021 1304 me
3037 1249 3381 1304 misericordia
3402 1260 3509 1314 tua,
3536 1248 3776 1315 Domine,

2190 1339 2412 1395 salutare
2455 1350 2597 1395 tuum
2638 1342 2912 1396 secundum
2948 1341 3202 1413 eloquium
3239 1352 3378 1396 tuum
3407 1358 3427 1396 :
3456 1341 3556 1398 hoc
3577 1351 3662 1398 est
3686 1357 3780 1397 se-

2189 1429 2420 1485 cundum
2447 1432 2856 1501 promissionem
2889 1441 3055 1487 tuam.
3104 1432 3257 1489 Unde
3283 1449 3380 1488 nos
3408 1435 3521 1489 vult
3546 1436 3781 1504 Aposto-

2190 1520 2275 1575 lus
2319 1522 2456 1578 filios
2504 1524 2871 1594 promissionis
2920 1526 3141 1596 intelligi
3181 1526 3369 1595 (Rom.
3413 1542 3498 1592 rx,
3539 1525 3642 1598 8);
3701 1543 3779 1583 ne

2189 1611 2510 1667 arbitremur
2568 1624 2807 1669 nostrum
2871 1628 2992 1670 esse
3057 1614 3200 1686 quod
3258 1629 3444 1671 sumus
3469 1658 3486 1681 ,
3539 1616 3633 1672 sed
3681 1626 3779 1674 to-

2191 1710 2300 1756 tum
2350 1702 2443 1757 Dci
2485 1704 2671 1774 gratia:
2709 1705 3082 1761 retribuamns.
3129 1704 3323 1762 Factus
3358 1716 3431 1763 est
3459 1707 3602 1764 enim
3627 1707 3782 1763 nobis

2189 1793 2432 1849 Christus
2455 1796 2703 1866 sapientia
2729 1813 2762 1850 a
2787 1796 2916 1863 Deo,
2939 1806 2987 1851 et
3002 1799 3236 1868 justitia,
3267 1806 3315 1854 et
3340 1800 3691 1868 sanctiﬁcatio,
3722 1811 3778 1856 et

2188 1887 2496 1956 redemptio;
2520 1897 2593 1955 ut,
2622 1889 3044 1960 quemadmodum
3069 1890 3312 1961 scriptum
3336 1900 3432 1956 est,
3459 1891 3560 1956 Qui
3580 1891 3778 1963 gloria-

2190 1985 2289 2043 tur,
2321 1978 2374 2031 in
2390 1976 2609 2033 Domino
2631 1978 2874 2050 glorietur
2889 1979 2931 2051 (Ι
2953 1979 3070 2034 Cor.
3096 1995 3136 2047 ι,
3161 1981 3231 2035 30
3250 1990 3299 2035 et
3321 1979 3433 2052 51).
3460 1980 3617 2049 Quod
3643 1996 3778 2053 ergo

2189 2067 2283 2133 ait,
2315 2066 2377 2123 In
2411 2078 2501 2122 tua
2517 2070 2722 2141 justitia
2749 2071 2945 2138 vivi/ica
2968 2088 3078 2136 me;
3106 2071 3160 2126 in
3186 2071 3400 2129 Christo
3428 2073 3606 2145 utique
3631 2074 3776 2129 vivi-

2190 2157 2335 2213 ficari
2362 2159 2528 2230 cupit,
2552 2169 2611 2216 et
2648 2161 2761 2231 ipsa
2799 2169 2883 2217 est
2916 2162 3280 2219 misericordia
3319 2180 3478 2235 quam
3518 2180 3677 2236 super
3706 2181 3778 2223 se

2190 2251 2360 2320 poscit
2385 2251 2584 2307 venire.
2638 2252 2754 2323 Ipse
2789 2252 3034 2309 Christus
3058 2262 3141 2310 est
3166 2264 3220 2310 et
3247 2257 3471 2312 salutare
3498 2256 3625 2322 Dei;
3663 2273 3777 2324 quo

2187 2340 2354 2395 verbo
2390 2343 2635 2411 exposuit
2668 2359 2827 2414 quam
2857 2343 3277 2401 misericordiam
3304 2346 3505 2402 diceret
3545 2346 3634 2401 ubi
3671 2348 3772 2412 ait,

2189 2431 2258 2486 Et
2283 2434 2445 2488 ueniat
2471 2451 2623 2505 super
2645 2451 2724 2490 me
2746 2436 3091 2491 misericordia
3127 2446 3236 2505 tua,
3279 2435 3515 2493 Domine.
3556 2438 3613 2495 Si
3641 2454 3776 2510 ergo

2188 2525 2477 2594 quaerimus
2513 2541 2633 2596 qua:
2672 2527 2743 2581 sit
2775 2527 2873 2581 ista
2912 2528 3296 2594 misericordia,
3326 2529 3604 2584 audiamus
3626 2530 3774 2600 quod

2186 2619 2427 2688 sequitur
2459 2608 2744 2674 {Salutare
2770 2628 2908 2674 tuum
2932 2622 3207 2676 secundum
3226 2622 3476 2694 eloquium
3494 2634 3653 2677 tuum.
3684 2624 3773 2682 Ab

2187 2721 2254 2763 eo
2281 2707 2476 2778 quippe
2515 2708 2615 2764 hoc
2652 2710 2970 2779 promissum
2999 2720 3103 2778 est,
3134 2712 3223 2782 qui
3253 2718 3397 2766 uocat
3437 2728 3497 2766 ea
3531 2728 3646 2782 quc
3667 2730 3775 2768 non

2186 2807 2323 2863 sunt,
2348 2808 2585 2870 tanquam
2608 2802 2709 2856 sint
2731 2800 2903 2871 (Rom.
2936 2819 3008 2865 tv,
3040 2802 3153 2871 l7).
3181 2802 3424 2859 Nondum
3452 2804 3592 2859 enim
3616 2817 3775 2861 erant

2186 2888 2379 2957 quibus
2396 2892 2822 2961 promitteretnr,
2848 2908 2917 2947 ne
2944 2892 3223 2963 quisquam
3245 2893 3312 2949 de
3341 2895 3543 2949 meritis
3572 2895 3773 2966 gloria-

2186 2987 2354 3034 retur.
2398 2981 2462 3035 Ει
2499 2981 2692 3051 quibus
2727 2983 3045 3051 promissum
3075 2992 3178 3048 est,
3208 2984 3368 3039 etiam
3395 2985 3493 3056 ipsi
3520 2986 3770 3055 promissi

2184 3079 2341 3138 sunt;
2370 3079 2430 3126 ut
2454 3079 2620 3127 totum
2641 3087 2835 3144 corpus
2862 3074 3060 3130 Christi
3084 3073 3245 3140 dicat,
3267 3076 3432 3147 gratia
3457 3075 3554 3131 Dei
3581 3093 3692 3131 sum
3713 3069 3777 3131 id

2184 3163 2322 3233 quod
2343 3179 2454 3217 sum
2480 3164 2523 3236 (l
2548 3162 2667 3219 Cor.
2695 3180 2783 3232 xv,
2811 3164 2921 3237 10).
3474 3216 3483 3227 .

2255 3252 2312 3307 2.
2357 3252 2504 3326 [vers
2533 3250 2648 3327 ιλ]
2688 3254 2755 3309 Et
2776 3255 3108 3326 respondebo,
3136 3255 3326 3327 inquit,
3354 3258 3773 3328 exprobrantibus

2184 3346 2311 3400 mihi
2333 3346 2557 3402 verbum.
2591 3347 2801 3415 Utrum,
2827 3350 3030 3403 verbum
3057 3351 3509 3421 asprobrantibus;
3538 3368 3627 3419 an,
3652 3368 3771 3407 eer-

2185 3438 2301 3492 bum
2323 3439 2652 3510 respondebo,
2684 3441 2985 3513 ambiguum
3015 3452 3098 3497 est
3121 3460 3135 3497 :
3163 3443 3260 3499 sed
3284 3443 3557 3514 quodlibet
3581 3459 3769 3500 eorum

2183 3529 2451 3586 Christum
2478 3542 2633 3586 sonat
2653 3534 2693 3583 ³.
2722 3532 2900 3601 ipsum
2927 3533 3069 3587 enim
3101 3532 3255 3589 nobis
3278 3534 3619 3603 exprobrant,
3646 3536 3767 3605 qui-

2183 3619 2285 3675 bus
2312 3631 2393 3676 est
2417 3622 2703 3678 crucifixus
2722 3624 2807 3677 vel
2831 3623 3161 3689 scandalum,
3189 3625 3270 3680 vel
3298 3625 3520 3682 stultitia
3541 3626 3563 3658 ³
3583 3624 3692 3698 (Id.
3722 3644 3765 3692 I,

2183 3709 2280 3782 25)
2333 3728 2346 3763 :
2400 3710 2706 3781 ignorantes
2746 3712 2869 3782 quia
2913 3712 3143 3768 Verbum
3187 3728 3315 3769 caro
3356 3715 3550 3770 factum
3577 3725 3680 3781 est,
3709 3726 3771 3771 et

2185 3800 2442 3857 habitavit
2466 3802 2521 3857 in
2550 3802 2732 3867 nobis;
2759 3803 2899 3872 quod
2927 3802 3158 3858 Verbum
3188 3803 3241 3859 in
3270 3805 3529 3875 principio
3548 3816 3683 3869 erat,
3709 3816 3770 3862 et

2184 3894 2323 3963 apud
2362 3894 2529 3951 Deum
2556 3904 2691 3962 erat,
2721 3904 2774 3951 et
2805 3897 2942 3951 Deus
2980 3907 3095 3953 erat
3127 3897 3322 3969 (Joan.
3354 3915 3391 3966 t,
3424 3901 3511 3964 14,
3538 3901 3561 3956 l
3584 3902 3630 3972 ).
3658 3901 3765 3956 Sed

2184 3987 2284 4041 etsi
2313 4002 2416 4041 non
2448 3987 2543 4057 ipsi
2573 3987 2803 4044 Verbum
2832 3990 3153 4059 exprobrent
3174 3991 3315 4060 quod
3345 4007 3439 4047 eos
3466 3992 3616 4056 latet,
3642 3994 3767 4063 quia

2182 4074 2431 4131 divinitas
2472 4077 2586 4147 ejus
2630 4077 2699 4132 ab
2743 4077 2822 4133 eis
2858 4094 2962 4131 non
3005 4081 3344 4150 cognoscitur
3368 4096 3398 4135 a
3428 4082 3623 4152 quibus
3649 4082 3769 4151 ejus

2183 4166 2463 4223 infirmitas
2505 4170 2555 4222 in
2592 4184 2750 4224 cruce
2775 4173 3163 4235 contemnitur;
3193 4186 3293 4226 nos
3324 4182 3498 4228 tamen
3529 4172 3766 4229 Verbum

2182 4258 2621 4327 resnondcamus,
2646 4274 2745 4314 nec
2767 4261 3178 4329 exprobratione
3198 4268 3495 4317 terreamur
3520 4274 3615 4318 aut
3637 4279 3769 4319 con-

2182 4349 2485 4404 fundantur.
2514 4350 2743 4405 Verbum
2775 4353 2916 4407 enim
2954 4354 2997 4407 si
3036 4355 3448 4424 cognovissent,
3493 4370 3767 4425 nunquam

2184 4440 2463 4496 Dominum
2494 4442 2677 4512 gloria:
2703 4445 3095 4501 crttcilixissent
3125 4446 3169 4515 (l
3200 4447 3317 4501 Cor.
3347 4462 3405 4513 ιι,
3437 4448 3517 4515 8).
3549 4449 3641 4504 Ille
3665 4464 3768 4503 an-

2184 4543 2289 4591 tcm
2328 4536 2615 4605 respondet
2654 4536 2885 4593 Verbum
2927 4539 3388 4609 exprobrantibus,
3416 4556 3581 4610 super
3604 4557 3765 4613 quem

2183 4628 2326 4683 venit
2357 4629 2714 4686 misericordia
2749 4631 2870 4695 Dei;
2919 4631 3019 4688 hoc
3051 4641 3152 4697 est,
3182 4633 3353 4702 ipsum
3388 4634 3623 4690 salutare
3648 4636 3770 4703 ejus

2182 4719 2328 4775 venit
2349 4730 2404 4774 nt
2434 4728 2688 4790 protegat,
2714 4737 2819 4775 non
2854 4732 2910 4776 ut
2935 4731 3192 4777 conterat.
3237 4721 3370 4778 Nam
3407 4737 3568 4793 super
3597 4740 3767 4793 quos-

2182 4810 2303 4865 dam
2331 4811 2681 4865 contcrcndos
2703 4820 2958 4866 venturus
2978 4822 3078 4879 est,
3106 4811 3196 4883 qui
3224 4828 3363 4868 nunc
3388 4815 3439 4867 iu
3468 4830 3617 4881 eum,
3639 4816 3769 4869 dum

2183 4912 2437 4971 Spernunt
2485 4903 2601 4971 ejus
2646 4902 3015 4968 humilitatem,
3060 4903 3379 4959 offendendo
3420 4916 3768 4975 quassantur.

2182 4993 2271 5050 Sic
2297 4995 2436 5050 enim
2465 4994 2593 5049 dicit
2623 4996 2675 5049 in
2705 4995 2993 5066 Evangelia
3022 5013 3037 5051 :
3066 4995 3167 5062 Qui
3199 4997 3431 5051 ceciderit
3449 5014 3605 5067 super
3626 4997 3753 5067 lapi-

2183 5085 2296 5140 dem
2322 5087 2490 5149 istum,
2523 5088 2969 5156 conquassabitur;
2995 5103 3147 5155 super
3174 5103 3319 5155 quem
3345 5103 3459 5141 vero
3487 5088 3724 5142 ceciderit
3747 5129 3766 5153 ,

2183 5190 2401 5234 conteret
2426 5196 2537 5233 eum
2565 5179 2581 5247 (
2607 5179 2731 5232 Luc.
2764 5195 2852 5244 xx,
2885 5178 3007 5249 18).
3054 5180 3153 5247 Qui
3201 5195 3332 5251 ergo
3380 5180 3533 5235 nobis
3572 5196 3758 5250 expro-

2184 5270 2373 5333 brant,
2417 5269 2720 5334 oll'endunt,
2754 5280 2808 5325 ct
2849 5271 3042 5325 cadunt
3082 5271 3133 5324 in
3172 5287 3313 5325 cum.
3360 5270 3467 5326 Nos
3491 5280 3670 5327 autent
3700 5287 3773 5329 ne

2183 5361 2533 5424 oll‘endamus,
2564 5370 2618 5415 ct
2642 5362 2913 5423 cadamus.
2950 5363 3234 5431 opprobria
3261 5377 3444 5418 eorum
3474 5379 3540 5417 ne
3571 5365 3769 5419 time1-

2183 5471 2323 5519 mus,
2353 5456 2444 5510 sed
2475 5453 2892 5525 respondeamus
2920 5456 2999 5510 eis
3029 5457 3273 5511 verbum.
3326 5475 3343 5507 ι
3375 5456 3485 5510 Hoc
3524 5466 3607 5511 est
3644 5473 3773 5512 ver-

2184 5546 2309 5601 bum
2338 5547 2455 5601 fidei
2483 5546 2620 5616 quod
2651 5545 3017 5615 pra-dicamus.
3064 5547 3195 5616 Quia
3218 5550 3262 5602 si
3284 5549 3602 5616 credideris,
3630 5569 3649 5600 ι
3684 5551 3772 5604 in-

2248 5640 2264 5671 ¹
2290 5645 2405 5688 Octo
2428 5645 2549 5693 Mss,
2576 5634 2713 5698 fiant.

2246 5700 2269 5731 ⁸
2295 5708 2418 5753 Mss,
2445 5704 2590 5746 SOllt‘l.

2250 5762 2270 5791 ³
2294 5762 2366 5809 sic
2385 5761 2604 5826 potiores
2614 5765 2717 5826 Mss.
2752 5766 2801 5806 Αι
2821 5757 3261 5826 Ρριιηρῃινοϋταηι
3278 5775 3307 5811 a
3330 5759 3496 5826 quibus
3515 5767 3586 5811 est
3609 5760 3779 5811 cruci-

2185 5820 2336 5884 ﬁsus,
2363 5818 2434 5870 uel
2457 5818 2758 5880 scandalum,
2783 5818 2854 5870 ecl
2877 5820 3142 5874 stultitiam.
