3964 6204
181 292 324 350 1557

178 405 318 475 quit,
356 421 373 452 ‹
404 401 455 456 in
486 396 644 452 corde
674 404 763 450 tuo
793 394 912 464 quia
946 391 1198 445 Dominus
1231 399 1311 444 est
1353 389 1527 450 Jesus,
1557 397 1610 440 et
1637 401 1766 440 con-

178 495 358 548 fessus
398 489 564 544 fueris
600 488 650 541 in
693 501 785 539 ore
827 493 916 538 tuo
949 484 1071 553 quia
1103 481 1244 536 Deus
1266 481 1409 534 illum
1439 477 1707 532 suscitavit
1736 490 1766 528 a

177 581 443 646 mortuis;
488 578 663 631 salvus
703 575 826 628 eris.
870 572 1042 628 Corde
1085 572 1226 626 enim
1265 569 1499 624 creditur
1524 567 1588 620 ad
1609 565 1768 635 justi-

179 676 341 738 tiam,
369 686 462 726 ore
486 680 663 724 autem
695 665 960 722 confessio
985 665 1041 718 lit
1071 664 1121 717 in
1149 663 1374 716 salutem
1407 659 1425 729 (
1450 660 1594 712 Rom.
1625 674 1676 722 ε,
1708 657 1769 711 8-

178 765 254 820 10
283 767 322 832 ).
374 763 564 818 Parum
609 767 689 813 est
734 771 862 828 ergo
892 756 945 809 in
973 755 1133 808 corde
1164 754 1358 806 habere
1399 751 1690 811 Christum,
1717 757 1774 802 et

180 856 332 909 nolle
369 852 611 906 conﬁteri
646 849 772 904 dum
803 848 1017 901 timetur
1041 843 1420 914 Opprobrium:
1455 841 1546 895 sed
1578 853 1770 908 expro-

181 944 467 999 brantibus
495 939 920 1010 respondendum
952 945 1034 991 est
1062 935 1302 990 verbum.
1350 932 1418 988 Ut
1465 943 1637 985 autem
1674 931 1775 984 hoc

180 1046 452 1109 martyres
489 1043 738 1106 possent,
791 1031 1108 1102 promissum
1158 1037 1238 1082 est
1291 1027 1402 1090 eis,
1453 1035 1505 1080 et
1553 1025 1770 1090 dictum,

186 1127 318 1184 Non
359 1129 489 1181 enim
525 1143 611 1180 vos
647 1125 764 1178 estis
793 1123 879 1194 qui
906 1121 1201 1191 loquimini,
1231 1119 1317 1172 sed
1345 1118 1571 1187 Spiritus
1602 1115 1776 1170 Patris

186 1222 362 1287 vestri,
385 1220 466 1290 qui
493 1219 716 1290 loquitur
740 1218 790 1270 in
814 1216 948 1269 vobis
979 1214 1189 1287 (Matth.
1223 1229 1276 1274 Χ,
1303 1211 1416 1280 9.0).
1445 1209 1570 1266 Ideo
1595 1218 1648 1264 et
1677 1212 1776 1265 iste

185 1328 315 1367 cum
342 1311 578 1374 dixisset,
606 1308 937 1378 Respondebo
954 1303 1370 1374 exprobrantibus
1397 1303 1520 1354 milii
1545 1302 1776 1364 verbum;

189 1403 448 1456 continuo
495 1400 752 1469 sequitur,
808 1398 1059 1462 Quoniam
1101 1395 1298 1463 speravi
1335 1395 1386 1446 in
1435 1393 1591 1446 verbis
1632 1391 1729 1446 tuis
1759 1407 1777 1444 :

187 1493 332 1562 quod
360 1501 442 1546 est
467 1491 668 1560 utique,
703 1490 752 1542 in
779 1487 1051 1558 promissis
1082 1487 1202 1538 tuis.

266 1582 318 1635 5.
360 1579 518 1652 [εει-ε.
562 1577 685 1650 43.]
733 1577 837 1632 Sed
878 1575 1126 1646 quoniam
1171 1572 1381 1644 plurimi
1423 1571 1664 1642 quamvis
1710 1569 1775 1624 ad

191 1670 368 1740 ipsum
413 1685 637 1739 corpus,
679 1667 826 1737 cujus
867 1666 982 1721 haec
1020 1664 1181 1719 verba
1223 1672 1377 1729 sunt,
1414 1663 1773 1732 pertinentes,

189 1760 341 1829 gravi
381 1759 614 1829 pondere
653 1755 1040 1827 persecutionis
1083 1765 1302 1824 urgente
1349 1769 1454 1806 non
1499 1754 1779 1808 valuerunt

187 1852 457 1905 sustinere
487 1847 966 1918 exprobrationem,
990 1855 1043 1899 et
1071 1844 1340 1899 Christum
1368 1843 1660 1897 deliciendo
1687 1858 1779 1898 ne-

187 1931 484 2010 gaverunt;
510 1939 631 1994 ideo
655 1937 910 2007 sequitur,
941 1935 1007 1988 Et
1029 1952 1094 1989 ne
1117 1935 1321 2003 auferas
1345 1935 1406 1986 de
1431 1949 1516 1986 ore
1540 1949 1647 1986 meo
1672 1948 1779 1985 ver-

190 2035 310 2086 bum
335 2032 555 2086 veritatis
575 2046 728 2101 usque
749 2029 913 2083 valde.
941 2029 1014 2082 Ex
1039 2042 1131 2082 ore
1151 2043 1248 2081 suo
1272 2026 1466 2096 quippe
1485 2026 1631 2091 dicit,
1656 2026 1778 2095 quia

190 2126 370 2178 unitas
397 2122 636 2192 corporis
668 2121 926 2191 loquitur,
959 2119 1010 2173 in
1039 2121 1190 2187 cujus
1229 2117 1481 2172 membris
1516 2117 1674 2171 etiam
1707 2115 1780 2170 illi

188 2217 517 2284 deputantur
557 2213 646 2282 qui
689 2212 996 2267 defecerunt
1034 2211 1099 2264 ad
1141 2211 1324 2263 horam
1373 2209 1644 2280 negando,
1685 2207 1779 2263 sed

187 2304 504 2378 paenitendo
536 2313 717 2373 postea
747 2303 1079 2366 revixerunt,
1104 2300 1186 2354 vel
1212 2299 1370 2354 etiam
1397 2300 1636 2370 martyrii
1668 2299 1783 2367 pal-

189 2413 334 2451 mam
365 2411 524 2466 quam
564 2393 939 2465 perdiderant,
980 2401 1221 2461 reparata
1258 2391 1592 2446 confessione
1634 2405 1782 2446 sum-

188 2496 436 2558 pserunt.
478 2487 592 2540 Non
635 2485 794 2556 igitur
830 2501 988 2554 usque
1027 2483 1199 2548 valde,
1235 2483 1353 2549 vel,
1393 2483 1530 2538 sicut
1566 2483 1779 2554 quidam

187 2580 407 2634 codices
433 2578 656 2645 habent,
687 2592 789 2632 non
816 2592 1193 2646 usquequaque,
1225 2575 1325 2630 hoc
1355 2586 1436 2630 est
1469 2590 1575 2630 non
1606 2577 1779 2631 omni-

189 2671 379 2736 modo,
411 2686 475 2724 ex
501 2685 594 2724 ore
623 2668 787 2732 Petri,
821 2669 872 2722 in
900 2683 1004 2738 quo
1028 2677 1140 2722 erat
1169 2677 1322 2739 typus
1351 2666 1623 2733 Ecclesia,
1657 2683 1781 2723 ver-

187 2762 322 2816 bum
353 2761 591 2816 veritatis
627 2759 859 2813 ablatum
889 2769 971 2814 est
999 2775 1012 2811 :
1041 2759 1160 2828 quia
1187 2758 1285 2813 etsi
1315 2758 1380 2812 ad
1409 2759 1592 2812 horam
1622 2774 1782 2828 nega-

188 2855 273 2906 vit
301 2853 485 2906 timore
517 2851 788 2916 turbatus,
822 2859 996 2904 tamen
1029 2848 1202 2904 ﬂendo
1232 2860 1312 2903 est
1352 2859 1625 2918 reparatus
1656 2849 1776 2919 (Id.

186 2958 346 3008 xxvn,
377 2941 559 3012 70-75)
587 2982 602 3007 ,
624 2952 678 2994 et
700 2940 1004 2994 confitendo
1033 2950 1113 2995 cst
1141 2949 1323 3010 postea
1351 2948 1654 2994 coronatus.
1679 2939 1783 2993 To-

187 3043 304 3087 tum
346 3033 519 3102 itaque
553 3046 748 3100 corpus
776 3029 972 3084 Christi
1007 3030 1270 3099 loquitur,
1301 3029 1352 3083 id
1383 3039 1463 3083 est
1483 3071 1498 3096 ,
1529 3029 1782 3084 Ecclesia:

184 3135 394 3180 sanctae
429 3124 785 3178 universitas:
820 3123 870 3177 in
907 3137 1012 3192 quo
1053 3130 1164 3177 toto
1203 3136 1426 3191 corpore
1465 3121 1576 3176 sive
1620 3121 1777 3191 quia,

185 3214 509 3284 negantibus
555 3213 830 3282 plurimis,
873 3221 1245 3266 remanserunt
1285 3209 1450 3265 fortes
1484 3211 1572 3280 qui
1614 3226 1784 3280 usque

185 3304 260 3359 ad
287 3313 512 3358 mortem
543 3318 640 3373 pro
667 3301 887 3356 veritate
922 3309 1223 3366 certarent,
1255 3299 1366 3354 sive
1397 3299 1521 3370 quia
1549 3309 1601 3354 et
1623 3316 1689 3355 ex
1720 3299 1784 3356 iis

185 3396 285 3467 qui
313 3403 638 3466 negaverant
673 3395 823 3448 multi
862 3393 1092 3462 reparati
1121 3400 1278 3459 sunt,
1309 3407 1413 3447 non
1442 3402 1522 3448 est
1549 3393 1782 3448 ablatum

185 3502 259 3541 ex
287 3486 404 3555 ejus
429 3501 522 3540 ore
548 3486 766 3539 verbum
796 3485 1029 3538 veritatis
1054 3501 1210 3554 usque
1233 3484 1396 3538 valde.
1428 3483 1577 3550 Quod
1605 3495 1781 3540 autem

187 3580 300 3643 ait,
330 3593 392 3630 ne
417 3576 652 3646 auferas,
681 3574 1078 3644 intelligendum
1117 3584 1233 3638 est,
1266 3590 1332 3628 ne
1370 3575 1562 3629 auferri
1601 3576 1779 3642 sinas;

188 3679 414 3746 promer
440 3669 581 3739 quod
611 3668 814 3723 orando
841 3669 1098 3731 dicimus,
1132 3667 1216 3721 Ne
1252 3684 1342 3722 nos
1377 3668 1564 3738 inferas
1593 3669 1644 3720 in
1673 3677 1781 3722 ten-

188 3765 432 3816 tationem
459 3760 576 3829 (Id.
608 3777 692 3826 vt,
728 3758 846 3832 15).
889 3759 954 3813 Ει
989 3760 1101 3829 ipse
1141 3759 1396 3814 Dominus
1430 3759 1494 3813 ad
1532 3761 1779 3827 Petrum,

188 3853 411 3926 Rogavi,
445 3853 634 3924 inquit,
665 3870 757 3923 pro
785 3862 850 3917 te,
881 3868 941 3905 ne
969 3852 1169 3920 deficiat
1197 3852 1322 3920 ﬁdes
1351 3861 1434 3904 tua
1466 3843 1619 3923 (Luc.
1651 3867 1780 3918 χιιι,

188 3944 325 4015 52);
359 3945 461 3999 hoc
487 3952 589 4008 est,
621 3959 688 3998 ne
715 3942 982 3997 auferatur
1009 3957 1074 3996 ex
1103 3956 1197 3996 ore
1226 3949 1315 3995 tuo
1343 3941 1563 3996 verbum
1592 3941 1786 3996 verita-

185 4039 263 4092 tis
288 4053 441 4106 usque
466 4036 626 4090 valde.
657 4034 922 4105 Sequitur,
957 4033 1088 4099 Quia
1115 4033 1168 4085 in
1195 4032 1405 4103 judiciis
1432 4033 1528 4085 tuis
1557 4031 1784 4101 speravi;

186 4126 300 4192 vel,
333 4126 469 4182 sicut
497 4125 564 4180 de
593 4140 768 4195 επιξεο
796 4123 1006 4192 quidam
1045 4122 1347 4192 diligentius
1377 4130 1779 4192 expresserunt,

184 4216 541 4286 supersperavi
557 4215 633 4285 (a)
663 4233 676 4269 :
703 4214 843 4284 quod
865 4214 1081 4268 verbum
1105 4213 1204 4268 etsi
1232 4213 1404 4266 minus
1425 4214 1614 4267 usitate
1639 4228 1784 4267 com-

182 4307 425 4378 positum
456 4314 556 4372 est,
581 4314 754 4359 tamen
783 4304 964 4374 implet
989 4302 1233 4358 veritatis
1259 4302 1666 4371 interpretanda
1689 4319 1783 4360 ne-

183 4399 518 4453 cessitatem.
548 4397 814 4452 Attentius
843 4411 968 4466 ergo
999 4395 1151 4450 nobis
1189 4395 1289 4450 loci
1327 4394 1483 4465 hujus
1511 4395 1782 4452 rimandus

183 4499 277 4546 est
303 4505 528 4556 sensus,
559 4500 616 4546 ut
654 4490 1038 4560 intelligamus,
1073 4496 1324 4560 quantum
1356 4490 1497 4544 Deus
1537 4490 1778 4559 adjuvat,

184 4585 320 4654 quid
353 4585 452 4639 sibi
489 4586 646 4650 velit,
680 4583 746 4638 In
775 4584 932 4638 verbis
961 4583 1058 4637 tuis
1094 4583 1287 4651 Speraui
1305 4623 1320 4648 ,
1351 4580 1416 4635 In
1447 4583 1658 4652 judiciis
1686 4583 1782 4639 tuis

185 4676 560 4746 supersperari.
594 4675 920 4745 Respondebo
941 4715 954 4736 ,
989 4673 1188 4742 inqu't,
1218 4673 1632 4742 exprobrantibus
1662 4671 1784 4726 mihi

185 4770 416 4832 verbum,
438 4768 676 4838 quoniam
702 4767 894 4835 speravi
914 4766 964 4818 in
991 4765 1148 4818 verbis
1169 4764 1305 4818 tuis:
1331 4763 1382 4816 id
1401 4772 1503 4828 est,
1530 4763 1780 4832 quoniam

186 4859 323 4915 mihi
353 4860 451 4914 hoc
477 4859 591 4930 ipse
621 4857 924 4928 promisisti.
952 4857 1017 4910 Et
1038 4873 1098 4910 ne
1123 4856 1324 4925 auferas
1349 4873 1410 4909 ex
1434 4872 1519 4910 ore
1539 4871 1646 4908 meo
1673 4871 1781 4908 ver-

187 4952 311 5004 bum
352 4951 572 5004 veritatis
609 4965 764 5017 usque
797 4949 968 5011 valde,
998 4946 1232 5017 quoniam
1265 4946 1318 4999 in
1336 4946 1546 5015 judiciis
1575 4946 1671 4999 tuis
1695 4963 1783 5000 su-

186 5041 482 5110 persperavi
513 5055 530 5093 .'
562 5039 613 5094 id
657 5049 735 5094 est
755 5081 768 5104 ,
798 5039 1044 5108 quoniam
1075 5036 1272 5107 judicia
1313 5045 1399 5089 tua
1420 5078 1434 5101 ,
1467 5036 1657 5105 quibus
1696 5052 1781 5090 me

181 5131 418 5200 carripis
459 5139 513 5185 et
549 5130 816 5199 ﬂagellas,
861 5144 964 5182 non
1003 5130 1175 5182 solum
1223 5125 1350 5180 mihi
1395 5142 1497 5179 non
1533 5126 1781 5180 auferunt

182 5235 367 5290 spem,
393 5235 574 5274 verum
600 5228 794 5288 augent
818 5219 975 5272 etiam
1002 5235 1015 5272 :
1041 5217 1286 5286 quoniam
1311 5232 1466 5285 quem
1489 5215 1655 5286 diligit
1680 5217 1780 5269 Do-

183 5311 370 5364 minus
404 5311 655 5379 corripit;
697 5310 922 5379 ﬂagellat
959 5319 1134 5362 autem
1169 5323 1381 5362 onmem
1424 5307 1584 5360 [illum
1621 5322 1777 5377 quem

180 5403 382 5472 recipit
409 5402 430 5473 (
454 5401 606 5455 Hebr.
649 5419 752 5467 ιιι,
785 5402 874 5472 6).
910 5403 1046 5457 Ecce
1076 5401 1216 5456 enim
1256 5399 1423 5454 sancti
1462 5408 1517 5453 et
1555 5400 1778 5454 humiles

180 5494 351 5548 corde
380 5493 446 5548 de
477 5503 527 5549 te
554 5495 944 5565 praesumendo,
979 5495 1028 5548 in
1061 5493 1516 5564 persecutionihus
1544 5508 1649 5546 non
1679 5491 1773 5546 de-

178 5584 462 5653 fecerunt;
491 5600 621 5641 ecce
649 5587 810 5642 etiam
843 5587 933 5658 qui
964 5587 1031 5643 de
1063 5601 1122 5642 se
1157 5583 1527 5658 praesumendo
1562 5582 1775 5639 defece-

243 5695 321 5759 (α)
345 5705 514 5759 (πω,
533 5697 760 5764 ερέιρὶεα.

1246 276 1635 334 ENARRATIO
1677 274 1738 328 IN
1781 273 2102 330 PSALMUM
2141 274 2367 331 CXVIII.

3322 285 3460 343 1538

1879 393 2033 449 runt,
2077 394 2129 440 et
2173 394 2346 440 tamen
2387 385 2452 441 ed
2494 387 2662 457 ipsum
2702 403 2894 459 corpus
2933 393 3328 464 pertinuerunt,
3359 399 3460 454 sibi

1878 474 2257 530 innotescendo
2286 475 2577 544 ﬂeverunt,
2609 488 2662 532 et
2696 489 2834 533 tuam
2866 482 3098 551 gratiam
3126 486 3342 541 solidius
3383 490 3462 544 in-

1877 576 2152 631 venerunt,
2186 568 2305 636 quia
2334 584 2482 622 suam
2510 571 2807 638 superbiam
2843 573 3203 640 perdiderunt.
3237 577 3375 648 Ergo
3401 597 3465 634 ns

1877 660 2082 725 auferas
2117 674 2179 711 ea:
2213 675 2300 711 ore
2328 676 2436 713 meo
2471 661 2670 714 verbum
2705 664 2922 717 veritatis
2950 681 3108 735 usque
3141 667 3280 722 valde
3301 709 3314 734 ,
3343 673 3465 739 quia

1878 745 1929 799 in
1949 748 2164 816 judiciis
2195 749 2291 801 tuis
2315 753 2682 820 supersperavi.
2733 747 2743 772 ‘

1949 838 2000 891 4.
2035 836 2191 908 [vers.
2221 839 2348 912 44.]
2384 838 2450 892 Et
2490 842 2768 895 custodiam
2807 843 2961 913 legem
2987 855 3122 900 luant
3149 864 3339 918 semper
3367 867 3384 905 :
3411 852 3463 906 id

1880 939 1988 993 est,
2027 929 2070 983 si
2114 944 2216 984 non
2256 931 2537 985 abstuleris
2565 948 2627 986 ex
2659 946 2750 986 ore
2779 949 2899 989 meo
2935 939 3152 992 verbum
3195 942 3459 1009 veritatis,

1881 1020 2157 1072 custodiam
2186 1021 2343 1092 legem
2379 1031 2515 1074 tuam
2549 1039 2760 1094 semper.
2790 1023 2854 1078 In
2881 1027 3120 1082 sa’culum
3148 1039 3189 1083 et
3219 1031 3270 1084 in
3298 1049 3458 1086 Stl’Cll-

1882 1113 1984 1166 tum
2015 1115 2184 1168 saeculi
2209 1131 2227 1168 :
2252 1117 2484 1169 ostendit
2513 1116 2637 1185 quid
2665 1117 2890 1183 dixerit,
2920 1135 3131 1189 semper.
3165 1123 3464 1193 Aliquando

1881 1204 2076 1257 ctenim
2106 1221 2302 1273 semper
2331 1205 2656 1274 intelligitur,
2689 1206 2950 1275 Quamdiu
2987 1209 3073 1265 hic
3111 1212 3335 1280 vivitur;
3369 1215 3464 1271 sed

1882 1292 1983 1350 hoc
2011 1311 2116 1352 non
2145 1305 2242 1357 est,
2273 1296 2324 1348 in
2353 1295 2595 1350 swculum
2621 1307 2666 1350 et
2690 1299 2740 1351 in
2765 1299 3007 1353 saxulum
3031 1305 3203 1356 swcttli
3231 1319 3249 1358 :
3277 1305 3465 1363 melius

1881 1383 2074 1453 quippe
2105 1385 2173 1438 ita
2204 1385 2606 1455 interpretatum
2635 1397 2734 1455 εει,
2766 1405 2942 1458 quam,
2975 1393 3109 1446 sicut
3134 1393 3346 1463 quidam
3373 1411 3467 1452 co-

1882 1472 2027 1528 dices
2071 1474 2300 1542 babent‘,
2327 1477 2380 1530 in
2415 1485 2656 1532 talentum
2683 1489 2727 1532 et
2760 1482 2811 1534 in
2844 1482 3083 1536 steeulum
3109 1487 3282 1538 steculi
3298 1503 3316 1551 ;
3342 1488 3468 1559 quia

1883 1578 1987 1618 non
2015 1573 2301 1633 potuerunt
2324 1566 2526 1634 dicere,
2555 1577 2606 1622 et
2636 1569 2687 1622 in
2713 1578 2969 1626 aeternum
2996 1575 3200 1628 mtcrui.
3230 1576 3337 1632 Lex
3366 1578 3468 1633 ita-

1881 1669 1984 1724 que
2014 1656 2108 1710 ista
2145 1657 2480 1727 intelligenda
2507 1659 2680 1715 estde
2706 1677 2804 1729 qua
2833 1661 2959 1716 dicit
2991 1664 3273 1732 Apostolus
3292 1709 3307 1734 ,
3338 1666 3467 1723 Ple-

1882 1746 2058 1800 nitudo
2085 1747 2208 1816 legis
2232 1748 2452 1802 charitas
2477 1749 2652 1819 (llam.
2686 1766 2800 1814 xtn,
2831 1751 2942 1822 10).
2975 1753 3098 1809 Haec
3123 1756 3262 1810 enim
3292 1772 3320 1810 a
3346 1773 3470 1814 sar.-

1882 1838 1981 1890 etis
2005 1877 2018 1899 ,
2050 1851 2274 1906 quorum
2304 1853 2368 1893 ex
2405 1854 2498 1894 ore
2536 1855 2639 1894 non
2674 1839 2912 1897 aufertur
2939 1844 3155 1898 verbum
3195 1847 3467 1916 veritatis,

1885 1927 1985 1995 hoc
2025 1939 2132 1994 est,
2179 1928 2246 1982 ab
2287 1930 2398 1999 ipsa
2443 1929 2638 1986 Christi
2683 1932 2920 1988 Ecclesia
2963 1937 3317 2004 custodietur,
3361 1957 3470 1998 non

1885 2018 2053 2072 solum
2085 2019 2136 2073 in
2168 2019 2269 2074 hoc
2297 2023 2573 2090 saeculum,
2601 2022 2650 2076 id
2680 2032 2778 2089 est,
2806 2023 2979 2080 donec
3006 2027 3216 2083 finiatur
3243 2030 3342 2087 hoc
3371 2048 3471 2088 sa:-

1883 2109 2092 2175 culum;
2117 2111 2207 2164 sed
2229 2112 2386 2166 etiam
2410 2112 2460 2166 in
2486 2113 2730 2180 alterum,
2756 2117 2894 2184 quod
2918 2119 3212 2188 appellatur
3233 2123 3472 2178 strenlunt

1883 2201 2076 2253 sa'euli.
2117 2200 2299 2271 Neque
2327 2203 2467 2257 enim
2506 2215 2766 2274 praecepta
2797 2206 2928 2276 legis
2949 2249 2962 2271 ,
2995 2209 3131 2263 sicut
3166 2210 3249 2266 hic
3269 2253 3282 2277 ,
3313 2214 3472 2271 etiam

1885 2289 1956 2344 ibi
1984 2292 2250 2360 accepturi
2284 2307 2466 2347 sumus
2493 2310 2611 2363 quae
2641 2291 3028 2364 custodiamus,
3058 2299 3150 2355 sed
3189 2301 3354 2371 ipsam
3391 2304 3470 2358 le-

1884 2382 1998 2452 gis,
2028 2391 2082 2435 ut
2107 2382 2244 2450 dixi,
2281 2384 2666 2454 plenitudinem
2699 2387 2813 2442 sine
2851 2389 2960 2442 ullo
2996 2393 3244 2460 peccandi
3284 2394 3472 2452 timore

1885 2472 2213 2528 servabimus
2247 2492 2260 2526 :
2291 2475 2412 2543 quia
2441 2484 2493 2529 et
2525 2475 2688 2530 Deum
2731 2478 2966 2546 plenius,
2997 2496 3116 2535 cum
3146 2482 3431 2538 viderimus
3452 2527 3469 2551 ,

1885 2562 2209 2626 amabimus,
2253 2571 2309 2616 et
2343 2566 2676 2635 proximum,
2721 2568 2841 2638 quia
2888 2569 3027 2624 Deus
3065 2572 3165 2627 erit
3202 2575 3376 2628 omnia
3417 2576 3472 2634 in

1885 2654 2131 2708 omnibus
2153 2654 2202 2725 (Ι
2228 2653 2344 2709 Cor.
2369 2673 2458 2724 xv,
2487 2657 2612 2728 28);
2643 2674 2738 2714 nec
2759 2658 2906 2714 falsa:
2931 2662 3174 2732 cuiquam
3198 2665 3264 2720 de
3291 2669 3472 2736 proxi-

1885 2758 1973 2799 mo
1998 2745 2282 2814 suspicioni
2312 2747 2413 2802 erit
2437 2748 2585 2804 locus
2604 2792 2617 2815 ,
2650 2750 2736 2804 ubi
2770 2752 2943 2809 nullus
2968 2754 3058 2809 ulli
3086 2757 3187 2812 erit
3212 2761 3470 2817 occultus.

2503 2855 2676 2894 εεωιο
2714 2857 2822 2896 XIV.

1959 2928 2008 2981 1.
2034 2925 2182 3000 [vers.
2210 2929 2326 3001 45.]
2351 2929 2663 2999 Superiores
2686 2947 2871 2987 versus
2898 2935 3084 3003 prolixi
3108 2938 3294 3006 psalmi
3317 2939 3474 3011 hujus

1885 3020 2179 3074 orationem
2212 3021 2436 3086 habent;
2466 3021 2517 3075 hi
2539 3031 2716 3077 autem
2738 3024 2828 3093 qui
2853 3036 3161 3094 sequuntur,
3187 3031 3254 3086 de
3281 3033 3472 3102 quibus

1888 3126 2029 3166 nunc
2068 3112 2443 3182 disputandum
2485 3123 2596 3179 est,
2645 3116 3023 3173 narrationem.
3070 3119 3288 3178 Petebat
3330 3126 3472 3182 enim

1889 3204 2049 3259 homo
2075 3206 2167 3259 Dei
2193 3207 2434 3276 superius
2467 3206 2785 3277 adjutorium
2817 3211 2996 3279 gratim
3028 3211 3150 3280 Dei,
3178 3229 3298 3269 cum
3326 3216 3474 3272 dice-

1888 3298 1996 3365 bat,
2027 3297 2090 3353 In
2119 3309 2207 3352 tua
2229 3301 2428 3371 iustitia
2461 3302 2656 3368 vivi/ica
2689 3319 2802 3370 me;
2827 3313 2874 3357 et
2901 3321 2940 3358 υ.
2958 3307 3061 3359 niat
3094 3325 3245 3380 super
3273 3327 3350 3364 me
3376 3313 3467 3366 mi-

1887 3391 2158 3445 sericordia
2195 3402 2314 3454 tua,
2353 3391 2568 3447 Domine
2596 3410 2613 3448 :
2637 3403 2691 3449 et
2719 3395 2818 3449 alia
2860 3397 3050 3452 similia
3089 3399 3173 3455 vel
3206 3416 3363 3473 supra
3391 3403 3471 3462 vei

1887 3481 2042 3536 infra.
2071 3481 2221 3538 Nunc
2249 3493 2425 3539 autem
2451 3484 2578 3539 dicit
2611 3503 2623 3538 :
2653 3485 2720 3539 Et
2753 3489 3068 3544 ambulabant
3097 3493 3147 3546 in
3175 3494 3439 3550 latitudine
3457 3537 3472 3565 ,

1887 3577 2122 3644 quoniam
2153 3577 2391 3631 mandata
2421 3587 2507 3632 tua
2536 3580 2797 3649 exquisivi.
2829 3580 2898 3634 Et
2924 3582 3158 3653 loquebar
3182 3586 3232 3638 in
3256 3590 3476 3642 testimo‘

1888 3666 1986 3719 niis
2022 3667 2118 3720 tuis
2157 3667 2209 3719 in
2248 3677 2515 3739 conspectu
2553 3685 2760 3738 regum,
2792 3680 2839 3723 et
2879 3689 2978 3724 non
3014 3674 3373 3741 confundebar.
3407 3677 3475 3732 Et

1889 3757 2166 3810 meditabar
2185 3759 2236 3811 in
2262 3759 2512 3812 mandatis
2541 3759 2656 3823 tuis,
2684 3777 2795 3829 qua:
2820 3760 2993 3816 dilexi.
3023 3762 3089 3816 Et
3117 3765 3273 3820 levavi
3297 3784 3475 3825 manus

1888 3861 2024 3899 meas
2049 3846 2116 3899 ad
2145 3848 2381 3901 mandata
2409 3857 2514 3915 tua,
2541 3864 2652 3918 qua:
2677 3849 2867 3913 dilexi;
2895 3861 2941 3904 et
2965 3853 3228 3908 exercebar
3253 3859 3302 3911 in
3322 3859 3476 3929 fustis

1890 3936 2204 4003 ﬁcationibus
2232 3938 2351 3992 tuis.
2376 3937 2476 3994 Ubi
2503 3939 2767 3993 narrantis
2794 3940 2952 3994 verba
2981 3953 3121 4010 sunt,
3155 3961 3258 4000 non
3289 3958 3476 4017 peten-

1891 4027 1990 4090 tis;
2020 4029 2182 4093 velut,
2210 4031 2504 4099 impetratis
2525 4047 2640 4100 quze
2667 4033 2943 4100 petiverat,
2967 4036 3281 4092 conliteatur
3306 4040 3356 4092 in
3382 4041 3474 4097 Dei

1891 4117 2364 4190 laudibus-qualem
2411 4121 2557 4176 illum
2598 4122 2792 4177 fecerat
2833 4125 3188 4181 misericordia
3230 4130 3472 4199 Domini,

1888 4228 2046 4285 quam
2078 4228 2238 4282 super
2266 4228 2328 4268 se
2362 4213 2542 4267 venire
2586 4226 2916 4283 poposcerat.
2957 4215 3140 4287 Neque
3177 4221 3317 4274 enim
3363 4224 3476 4279 lucc

1890 4307 1961 4361 ita
1999 4305 2357 4375 superioribus
2392 4304 2697 4374 conjunxit,
2729 4314 2784 4358 ut
2813 4306 3011 4362 dit-cret
3033 4349 3048 4372 ,
3079 4309 3144 4362 Et
3175 4328 3241 4366 ne
3266 4313 3476 4369 auferas

1887 4416 1955 4457 ex
1977 4415 2073 4456 ore
2096 4415 2216 4456 meo
2244 4399 2462 4452 verbum
2488 4399 2726 4453 veritatis
2753 4417 2917 4471 usque
2947 4402 3098 4458 valde
3119 4446 3134 4471 ,
3165 4407 3286 4474 quia
3313 4408 3365 4462 in
3391 4409 3477 4477 ju-

1888 4492 2040 4548 diciis
2085 4489 2188 4546 tuis
2229 4490 2632 4558 supersperavi,
2678 4488 2746 4543 Et
2786 4492 3080 4546 custodiam
3123 4495 3290 4564 legem
3332 4507 3475 4555 tuam

1888 4600 2120 4654 semper,
2151 4583 2202 4637 in
2229 4583 2480 4637 szcculum
2508 4591 2561 4635 ct
2595 4581 2648 4636 in
2685 4584 2935 4637 smcultnn
2963 4587 3164 4652 sarculi,
3194 4589 3259 4642 Et
3287 4590 3478 4645 ambu-

1888 4677 2008 4732 labo
2043 4677 2094 4731 in
2132 4674 2426 4740 latitudine,
2456 4674 2575 4744 quia
2604 4673 2848 4728 mandata
2880 4683 2965 4727 tua
2992 4676 3266 4744 exquisivi,
3299 4679 3367 4733 Et
3394 4681 3476 4735 lo-

1888 4783 2020 4838 quar
2045 4768 2097 4822 in
2132 4765 2448 4821 testimoniis
2479 4763 2581 4818 tuis
2615 4763 2666 4816 in
2706 4775 2993 4832 conspectu
3033 4780 3250 4836 regum,
3280 4779 3332 4823 et
3369 4786 3478 4826 non

1887 4860 2208 4924 confundar;
2237 4871 2290 4913 et
2317 4865 2506 4912 caetera
2540 4857 2641 4911 isto
2668 4854 2874 4921 modo?
2888 4858 2964 4911 sic
2990 4859 3128 4914 enim
3155 4861 3366 4918 videtur
3391 4882 3478 4919 se-

1886 4951 2099 5022 quentia
2133 4948 2551 5019 prazcedentibus
2580 4948 2824 5004 debuxsse
2854 4961 3174 5008 connectere
3206 4971 3217 5005 :
3248 4955 3340 5008 sed
3374 4943 3471 5024 ait,

1889 5044 1954 5098 Et
1979 5041 2298 5097 ambulabant
2318 5043 2370 5094 in
2395 5041 2678 5096 latitudine.
2707 5041 2803 5096 Ubi
2829 5043 3122 5112 copulativa
3145 5045 3470 5114 coajunctiu,

1886 5135 1937 5190 id
1974 5143 2088 5199 est,
2127 5133 2221 5194 Et,
2250 5133 2391 5186 velut
2432 5133 2819 5201 incon-equens
2858 5133 3026 5202 posita
3069 5145 3176 5196 cst;
3210 5137 3331 5204 quia
3365 5152 3472 5194 non

1886 5227 1978 5290 ait,
2012 5225 2078 5278 Et
2103 5223 2405 5287 ambulabo,
2442 5222 2708 5291 quomodo
2738 5222 2966 5287 dicebat,
2999 5223 3065 5277 Et
3091 5227 3368 5279 custodian:
3396 5229 3472 5283 le-

1885 5332 1996 5383 gem
2027 5324 2164 5368 tuam
2193 5330 2406 5382 semper.
2440 5315 2544 5366 Aut
2571 5322 2716 5368 certe
2743 5313 2786 5367 si
2817 5315 2977 5383 optati
2989 5329 3053 5367 vo
3089 5316 3246 5369 modo
3272 5315 3470 5371 dictum

1885 5416 1995 5473 est,
2027 5405 2318 5461 Custodiam
2358 5406 2512 5476 legem
2552 5414 2686 5458 tuam
2704 5423 2723 5470 ;
2751 5420 2856 5458 non
2892 5405 2996 5469 ait,
3027 5405 3092 5459 Et
3124 5406 3389 5461 ambulem
3419 5410 3470 5462 in

1885 5498 2193 5563 latitudine,
2221 5497 2369 5564 quasi
2397 5506 2675 5565 utrumque
2704 5495 2998 5564 optaverit,
3031 5505 3084 5548 et
3123 5499 3423 5566 poposcerit
3455 5516 3468 5553 :

1883 5591 1978 5646 sed
2008 5595 2100 5654 ait,
2136 5589 2198 5642 Et
2225 5586 2540 5643 ambulabant
2570 5587 2621 5640 in
2650 5586 2934 5641 latitudine.
2965 5585 3061 5641 Ubi
3092 5586 3134 5639 si
3165 5587 3472 5658 conjunctio

1884 5681 1984 5740 iSIa
2013 5697 2119 5736 non
2153 5690 2328 5747 esset,
2361 5678 2454 5733 sed
2489 5695 2518 5733 a
2560 5679 2888 5749 superior-um
2929 5677 3259 5734 connexione
3303 5680 3470 5736 libera
