4026 6202
492 258 633 332 ιδδρ

490 374 775 433 inferretur
794 376 849 425 et
874 367 1043 424 soluta
1077 359 1339 419 sententia
1356 400 1373 425 ,
1397 354 1735 413 idmbulabam
1761 354 1812 406 in
1849 353 2079 407 latitudi-

489 482 589 533 ne;
614 464 746 521 nihil
771 462 838 516 de
861 459 1114 515 inusitato
1140 451 1391 523 loquendi
1424 448 1583 505 modo
1610 448 1696 503 hic
1721 446 1942 502 deberet
1969 459 2085 498 mo-

487 571 616 613 vere
645 556 893 610 lectorem
913 589 930 616 ,
961 556 1011 603 ut
1040 545 1282 607 occultus
1314 555 1504 597 sensus
1527 536 1843 609 quaerendus
1870 534 1958 589 hic
1981 533 2081 587 ali-

493 646 612 716 quis
634 649 927 715 putaretur.
964 636 1223 692 Nimirum
1248 647 1377 703 ergo
1404 629 1544 700 quod
1572 642 1676 683 non
1701 626 1832 680 dixit
1861 622 2081 693 intelligi

489 712 687 798 voluit,
719 729 771 785 id
809 737 921 792 est,
951 724 1257 781 exauditam
1297 736 1356 776 se
1393 719 1594 784 fuisse;
1623 731 1687 771 ac
1722 713 1915 770 deinde
1951 712 2078 768 sub-

483 822 661 894 junxit
682 819 853 890 Qualis
879 817 1049 871 factus
1070 814 1225 869 fuerit
1250 830 1264 866 :
1289 821 1537 879 tanquam
1566 806 1784 871 diceret,
1811 804 1936 859 llaec
1956 818 2078 858 cum

488 893 718 976 orarem,
746 906 1005 964 exaudisti
1039 920 1145 969 me,
1175 901 1242 955 Et
1273 897 1592 954 ambulabam
1620 897 1673 950 in
1701 893 1998 960 latitudine;
2024 901 2080 948 et

493 1009 686 1056 cartera
711 984 830 1069 quae
858 998 961 1052 isto
987 993 1146 1049 modo
1171 992 1309 1047 dicta
1337 986 1628 1044 contexuit.

558 1090 613 1144 2.
646 1087 783 1156 Quid
811 1096 893 1141 est
918 1085 1094 1155 igitur,
1121 1081 1186 1135 Et
1215 1077 1533 1133 ambulabam
1555 1077 1608 1129 in
1637 1073 1922 1138 latitudine,
1954 1070 2076 1137 nisi,

490 1180 830 1237 ambulabam
869 1175 925 1230 in
960 1174 1252 1237 charitate,
1279 1186 1395 1240 qua:
1421 1167 1610 1223 diﬂ‘usa
1641 1175 1724 1221 est
1753 1165 1803 1219 in
1831 1162 2081 1219 cordibus

491 1271 688 1326 nostris
730 1282 825 1337 per
868 1265 1125 1333 Spiritum
1177 1270 1416 1317 sanctum
1469 1257 1559 1328 qui
1604 1256 1758 1311 datus
1801 1263 1884 1310 est
1928 1253 2082 1309 nobis

500 1362 680 1432 (Rom.
708 1374 763 1422 v,
792 1357 888 1427 5)?
916 1357 970 1410 lu
1001 1354 1100 1408 hac
1130 1350 1404 1406 latitudine
1432 1345 1734 1432 ambulabat
1762 1345 1850 1399 ille
1875 1344 1963 1414 qui
1995 1342 2079 1397 di-

493 1428 667 1508 (iebat,
690 1439 760 1495 0s
784 1448 1006 1493 nostrum
1027 1444 1161 1507 patet
1183 1435 1251 1488 ad
1272 1449 1378 1498 vos,
1400 1448 1430 1486 ο
1451 1428 1725 1492 Corinthii;
1747 1444 1833 1481 cor
1857 1434 2081 1480 nostrum

494 1534 760 1588 dilatatam
782 1540 855 1586 est
876 1516 947 1599 (ll
969 1528 1084 1583 Cor.
1112 1543 1183 1592 vt,
1213 1524 1324 1595 ll).
1350 1522 1473 1577 llaec
1497 1529 1674 1575 autem
1697 1519 1927 1571 charitas
1951 1515 2083 1570 duo-

492 1624 593 1680 bus
619 1625 721 1679 illis
751 1621 1011 1677 mandatis
1038 1627 1143 1674 tota
1174 1626 1332 1686 atque
1361 1616 1561 1683 integra
1591 1611 1916 1673 continetur,
1944 1607 2082 1663 dile-

494 1715 671 1771 ctione
700 1713 903 1769 scilicet
942 1710 1064 1775 Dei,
1095 1716 1149 1762 et
1184 1706 1470 1761 dilectione
1511 1699 1773 1772 proximi,
1807 1699 1859 1751 in
1891 1697 2083 1767 quibus

495 1814 604 1861 tota
635 1804 746 1859 Lex
770 1802 962 1872 pendet
987 1808 1039 1854 et
1067 1798 1347 1866 Prophette
1374 1792 1585 1867 (Matth.
1614 1805 1751 1855 xxu,
1782 1786 1897 1854 40).
1929 1784 2084 1841 Unde

495 1902 551 1949 ct
579 1894 664 1949 hic
691 1908 810 1946 cum
839 1890 1079 1953 dixisset,
1109 1885 1175 1939 Et
1204 1883 1524 1938 ambulabam
1551 1880 1603 1932 in
1630 1877 1893 1932 latitudine
1913 1892 1932 1940 ;
1962 1888 2087 1928 cau-

495 1973 620 2040 sam
639 1981 916 2051 subjunxit
941 1987 1101 2047 atque
1130 1976 1234 2040 ait,
1265 1972 1397 2037 Quia
1436 1968 1676 2023 mandata
1709 1976 1795 2019 tua
1824 1963 2083 2034 exquisivi.

496 2073 752 2133 Nonnulli
799 2080 974 2126 autem
1023 2066 1234 2123 codices
1279 2078 1382 2117 non
1435 2060 1631 2115 habent
1672 2056 1947 2119 mandata,
1990 2052 2086 2107 sed

499 2162 817 2225 testimonia;
861 2158 955 2214 sed
997 2155 1236 2211 mandata
1275 2153 1328 2207 in
1371 2148 1610 2220 pluribus
1660 2143 1992 2207 invenimus,
2034 2149 2089 2195 et

501 2255 733 2310 maxime
762 2250 949 2323 grzecis
974 2266 988 2302 :
1017 2248 1101 2304 cui
1127 2247 1319 2316 lingua:
1347 2252 1592 2311 tauquam
1621 2234 1961 2307 praecedenti,
1985 2249 2086 2287 un-

500 2346 570 2402 de
597 2344 664 2399 ad
693 2357 790 2402 nos
818 2342 917 2397 ista
947 2338 1195 2394 translata
1231 2343 1384 2398 sunt,
1418 2330 1584 2401 magis
1613 2325 1935 2383 credendum
1966 2337 2087 2378 esse

499 2438 618 2508 quis
656 2433 920 2505 ambigat?
958 2431 1015 2488 Si
1056 2444 1182 2500 ergo
1224 2432 1363 2482 scire
1402 2423 1649 2478 volumus
1677 2416 1943 2490 quomodo
1973 2415 2090 2470 haec

498 2506 743 2585 mandata
785 2522 1083 2601 qnazsierit,
1112 2520 1194 2575 vel
1229 2512 1513 2587 qum-renda
1543 2512 1683 2577 sint,
1715 2507 1842 2562 illud
1878 2506 2088 2561 intuea-

500 2634 622 2674 mur
647 2597 947 2686 quod'dicit
979 2610 1232 2681 magister
1259 2608 1462 2669 bonus,
1491 2611 1547 2658 ct
1574 2601 1781 2666 doctor,
1810 2606 1866 2653 et
1892 2597 2045 2651 dator
2072 2612 2086 2650 :

501 2707 697 2773 Petita,
728 2716 774 2760 et
811 2701 1096 2774 accipietis;
1124 2698 1358 2770 quarrite,
1390 2703 1435 2749 et
1465 2690 1756 2753 invenietis;
1785 2688 2011 2760 pulsate,
2043 2696 2093 2741 et

497 2797 753 2867 aperiemr
788 2793 945 2847 vobis.
984 2791 1051 2846 Et
1088 2788 1246 2859 paulo
1289 2793 1403 2854 post
1437 2799 1452 2836 :
1486 2782 1548 2836 Si
1583 2795 1700 2850 ergo
1739 2793 1860 2843 vos,
1888 2776 2090 2861 inquit,

502 2904 618 2942 cum
641 2886 751 2941 sitis
774 2884 914 2946 ntali,
938 2856 1103 2935 nostis
1117 2878 1246 2932 bona
1266 2875 1387 2928 data
1410 2872 1531 2926 dare
1551 2870 1671 2941 ﬁliis
1690 2867 1885 2930 vestris;
1905 2856 2093 2936 quanto

501 2980 663 3051 magis
683 2976 838 3031 Pater
861 2984 1017 3030 vester
1038 2972 1125 3044 qui
1148 2972 1199 3024 in
1225 2967 1361 3024 caelis
1385 2975 1477 3029 est,
1501 2963 1637 3018 dabit
1662 2961 1795 3015 bona
1815 2958 2093 3029 petentibus

503 3086 559 3125 se
586 3048 700 3142 (Id.
728 3084 820 3132 vn,
845 3067 898 3132 7,
931 3064 1053 3134 ll)?
1079 3061 1179 3118 Ubi
1212 3058 1483 3115 evidenter
1517 3052 1749 3108 ostendit
1772 3049 1911 3120 quod
1937 3048 2091 3103 dixe-

505 3138 607 3227 rat,
637 3158 819 3227 Petita,
845 3156 1067 3229 quwrite,
1098 3152 1314 3225 pulsate,
1345 3144 1553 3202 nonnisi
1583 3142 1650 3198 ad
1685 3139 1961 3212 poscendi,
1991 3138 2094 3194 hoc

503 3260 606 3315 est,
635 3249 820 3305 orandi
851 3245 1154 3303 instantiam
1185 3240 1471 3311 pertinere.
1497 3235 1651 3289 Alius
1683 3245 1843 3301 porro
1867 3244 2096 3299 evange—

504 3343 625 3402 lista
653 3355 757 3394 non
793 3338 886 3401 ait,
916 3335 1064 3388 Dabit
1090 3333 1218 3386 bona
1248 3326 1523 3399 petentibus
1547 3339 1618 3387 se,
1646 3335 1763 3390 qua:
1793 3317 2096 3386 multiplici-

507 3443 589 3493 ter
627 3436 848 3503 possunt
886 3424 1134 3494 intelligi,
1163 3421 1246 3475 vel
1280 3415 1572 3488 corporalia
1594 3454 1610 3481 ,
1638 3412 1724 3467 vel
1762 3409 2091 3481 spiritualia;

467 3583 470 3587 ,
507 3522 602 3582 sed
628 3502 958 3576 circumcidit
992 3513 1115 3569 inde
1141 3511 1240 3565 alia
1258 3551 1273 3577 ,
1301 3508 1535 3576 satisque
1563 3502 1845 3573 diligenter
1869 3511 2089 3569 expres-

508 3615 579 3670 sit
602 3612 729 3684 quid
760 3625 858 3665 nos
883 3606 1226 3663 vehementer
1256 3610 1412 3669 atque
1446 3597 1706 3652 instanter
1732 3590 1955 3646 voluerit
1993 3603 2091 3659 po-

506 3678 660 3761 scere
691 3701 943 3757 Dominus
962 3739 976 3763 ,
1010 3708 1063 3751 et
1087 3695 1162 3751 ait
1187 3710 1201 3747 :
1233 3690 1432 3757 Quanto
1468 3686 1628 3757 magis
1666 3681 1822 3736 Pater
1850 3689 2008 3734 vester
2034 3678 2098 3733 de

508 3799 633 3854 caelo
658 3794 794 3850 dabit
824 3792 1072 3864 Spiritum
1099 3786 1281 3842 bonum
1308 3779 1584 3852 petentibus
1610 3792 1663 3832 se
1686 3772 1835 3847 (Luc.
1868 3788 1943 3837 ιι,
1973 3769 2097 3842 15)ἳ

509 3888 607 3944 llic
636 3894 719 3942 cst
751 3884 838 3939 ille
863 3861 1094 3952 Spiritus
1134 3890 1229 3946 per
1256 3886 1414 3944 quem
1444 3866 1756 3925 dill‘uuditur
1781 3862 2013 3919 charitas
2043 3861 2097 3915 in

509 3978 762 4036 Cordibus
799 3950 1029 4036 nostris,
1072 3977 1130 4025 ut
1173 3967 1337 4021 Deum
1385 3958 1791 4032 proximumque
1832 3950 2099 4023 diligendo

514 4071 691 4127 divina
723 4063 969 4122 mandata
1004 4059 1277 4115 faciamus.
1309 4053 1405 4108 ilic
1432 4058 1515 4107 est
1540 4048 1628 4103 ille
1659 4043 1887 4115 Spiritus
1913 4042 1965 4096 in
1993 4053 2101 4111 quo

513 4164 804 4219 clamamus
826 4198 841 4224 ,
874 4154 1047 4218 Abba,
1081 4148 1235 4203 Pater
1270 4144 1452 4217 (Rom.
1481 4155 1593 4207 vm,
1627 4132 1749 4208 l5).
1779 4134 1855 4189 A’c
1881 4146 1975 4224 per
2000 4130 2100 4185 hoc

513 4255 627 4323 ipse
667 4263 764 4304 nos
803 4245 930 4300 facit
969 4251 1186 4314 petere,
1223 4248 1379 4306 quem
1416 4229 1780 4286 desideramus
1818 4210 2098 4291 accipere;

511 4312 627 4415 ipse
655 4356 751 4395 nos
776 4337 901 4393 facit
925 4312 1165 4403 quaerere
1184 4370 1200 4394 ,
1229 4340 1385 4395 quem
1415 4323 1659 4392 cupimus
1685 4316 1957 4377 invenire;
1985 4312 2101 4383 ipse

514 4404 615 4492 rios
655 4433 777 4488 facit
815 4427 1061 4499 pulsare,
1102 4421 1168 4475 ad
1204 4432 1360 4490 quem
1400 4415 1620 4468 nitimur
1657 4408 1956 4480 pervenire.
1988 4404 2101 4458 lloc

514 4528 672 4583 docet
696 4519 1014 4593 Apostolus,
1043 4513 1132 4584 qui
1158 4525 1281 4567 cum
1308 4507 1449 4563 dicat
1480 4504 1533 4558 in
1563 4500 1761 4573 Spiritu
1790 4507 1974 4553 sancto
2004 4509 2103 4549 nos

516 4586 784 4680 clamare,
817 4612 955 4667 Abba
975 4651 989 4674 ,
1027 4606 1215 4669 Pater;
1249 4612 1434 4657 rursus
1465 4596 1569 4650 alio
1604 4594 1722 4647 loco
1755 4590 1911 4656 dicit,
1952 4586 2103 4641 Dedit

517 4712 655 4769 Deus
691 4707 940 4779 Spiritum
984 4699 1108 4754 Filii
1150 4697 1228 4750 sui
1265 4693 1318 4747 in
1356 4688 1512 4745 corda
1554 4692 1726 4739 nostra
1766 4681 2099 4745 clamantem,

516 4802 687 4867 Abba,
717 4772 873 4852 l’ater
902 4790 1106 4868 (Galat.
1138 4804 1212 4854 tv,
1235 4785 1323 4853 6).
1352 4776 1629 4851 Quomodo
1654 4789 1751 4828 nos
1776 4772 2099 4868 clamamus,

514 4897 561 4953 si
583 4897 701 4965 ipse
728 4859 924 4946 elamal
961 4885 1011 4939 in
1043 4880 1230 4944 nobis,
1257 4875 1358 4932 nisi
1386 4873 1508 4944 quia
1547 4869 1778 4924 clamare
1814 4877 1912 4916 nos
1942 4859 2063 4916 fecit
2083 4901 2100 4925 ,

516 4951 642 5044 dum
681 4982 920 5037 habitare
954 4973 1117 5043 coepit
1153 4971 1205 5025 in
1245 4964 1430 5022 nobis?
1459 4960 1632 5017 Etiam
1665 4956 1766 5010 hoc
1792 4954 1969 5022 itaque
1996 4951 2102 5020 agit

515 5086 786 5146 acceptus,
816 5078 877 5126 ut
900 5040 1098 5137 largius
1134 5055 1472 5129 accipiendos
1510 5047 1759 5123 petendo,
1792 5040 2100 5115 qutcreudo,

520 5141 808 5240 pulsando,
836 5167 1106 5231 poscatur.
1137 5152 1262 5209 Sive
1291 5149 1431 5204 enim
1459 5153 1518 5199 ut
1551 5143 1658 5197 vita
1695 5141 1832 5195 bona
1870 5143 2100 5205 petatur,

517 5229 630 5317 sive
664 5267 720 5313 ut
747 5229 884 5312 bene
910 5249 1149 5311 vivatur;
1181 5247 1440 5313 quotquot
1473 5234 1670 5306 Spiritu
1711 5229 1802 5285 Dei
1846 5232 2102 5296 aguntur,

521 5315 574 5406 tu
608 5348 700 5406 run
730 5352 855 5401 sunt
888 5339 980 5397 Dei
1010 5335 1198 5408 (Rom.
1231 5346 1358 5395 vm,
1389 5328 1510 5397 tt).
1539 5324 1709 5392 Ergo,
1739 5315 2103 5408 Ambulabam,

519 5440 724 5509 inquit,
751 5439 804 5491 in
840 5407 1139 5494 latitudine,
1170 5423 1405 5496 quoniam
1444 5418 1683 5472 mandata
1722 5424 1807 5466 tua
1842 5407 2103 5479 exquisivi.

520 5507 856 5609 lix—quisierat
878 5534 933 5582 et
957 5525 1249 5584 invenerat,
1278 5512 1527 5586 quoniam
1562 5507 1788 5579 petierat
1811 5512 1866 5559 et
1888 5514 2108 5569 accepe-

520 5633 601 5677 rat
619 5589 873 5689 Spiritum
893 5617 1114 5678 bonum,
1136 5625 1241 5677 quo
1261 5607 1430 5687 lactus
1450 5604 1622 5658 bonus
1640 5599 1778 5654 bene
1796 5593 1993 5648 faceret
2011 5589 2109 5644 bo-

522 5727 613 5783 pa,
636 5680 701 5767 ex
723 5710 825 5765 tlde
843 5693 960 5779 quae
982 5721 1078 5780 per
1099 5680 1437 5759 dilectionem
1458 5700 1707 5765 operatur
1729 5685 1922 5748 (Colat.
1945 5697 2001 5751 ν,
2025 5680 2107 5752 6).

1759 241 1818 299 S.
1862 227 2222 299 AUGUSTINI
2254 234 2553 295 EPISCOPI

3621 232 3771 289 {530

2251 350 2310 424 3.
2349 349 2498 421 (vers.
2524 344 2639 420 46.]
2677 344 2746 400 Et
2767 343 3023 416 loquebar,
3055 344 3244 415 inquit,
3272 343 3325 399 in
3353 343 3646 399 testimoniis
3664 336 3771 396 tuis

2181 438 2236 493 in
2263 449 2527 507 conspectu
2551 453 2754 508 regum,
2789 446 2835 491 et
2860 453 2960 491 non
2987 436 3331 505 confundebar
3354 450 3375 490 :
3399 443 3646 503 tanquam
3677 435 3770 489 ille

2181 531 2271 600 qui
2304 531 2522 601 petierat
2548 537 2604 585 et
2628 535 2940 599 acceperat,
2970 536 3029 582 ut
3057 527 3405 598 responderet
3433 525 3769 596 exprobran-

2184 621 2322 675 tibus
2347 620 2445 675 sibi
2478 619 2693 674 verbum
2714 659 2731 686 ,
2758 626 2812 673 et
2836 632 2941 672 non
2971 615 3270 672 auferretur
3293 632 3359 671 ex
3384 632 3478 670 ore
3502 616 3616 687 ejus
3642 632 3768 670 vero

2181 712 2302 767 bum
2345 711 2598 766 veritatis.
2638 710 2820 779 Itaque
2847 723 2944 780 pro
2979 708 3067 762 illa
3099 722 3264 777 usque
3292 705 3357 761 ad
3389 715 3614 760 mortem
3643 722 3770 760 cer-

2181 811 2333 867 tans,
2380 816 2478 855 nec
2525 802 2577 854 in
2620 809 2908 869 conspectu
2952 811 3135 867 regum
3180 794 3605 851 confundebatur
3645 810 3769 849 eam

2179 892 2341 962 loqui.
2373 890 2695 946 Testimonia
2722 889 2935 958 quippe,
2969 888 3022 942 in
3049 885 3238 957 quibus
3267 883 3396 940 dicit
3417 884 3559 954 quod
3586 885 3772 954 loque-

2179 983 2335 1037 batur
2356 1023 2371 1049 ,
2410 995 2581 1051 graece
2612 980 2860 1050 martyria
2891 987 3293 1047 nuncupantur;
3330 989 3434 1045 quo
3459 976 3624 1030 verbo
3646 976 3759 1043 jam

2180 1074 2377 1129 utimur
2407 1089 2502 1143 pro
2528 1073 2710 1127 latino.
2747 1070 2901 1127 Unde
2928 1069 3124 1123 dictum
3153 1077 3236 1123 est
3260 1067 3418 1122 etiam
3448 1065 3770 1131 vocabulum

2180 1164 2468 1235 Martyrum
2492 1203 2509 1230 ,
2544 1161 2735 1233 quibus
2764 1159 3006 1230 praedixit
3030 1158 3185 1213 Jesus
3219 1157 3361 1227 quod
3387 1164 3442 1212 et
3467 1166 3590 1212 ante
3615 1169 3773 1227 reges

2180 1269 2302 1311 eum
2334 1252 2541 1308 fuerant
2566 1250 2860 1307 confessuri
2888 1248 3097 1320 (Matth.
3128 1263 3183 1313 ι,
3213 1247 3327 1317 18).

2252 1346 2306 1400 4.
2349 1342 2498 1417 [vers.
2525 1342 2615 1407 47,
2647 1338 2762 1412 48.]
2806 1338 2869 1393 Et
2895 1337 3192 1403 meditabar,
3225 1336 3412 1405 inquit,
3444 1336 3495 1389 in
3515 1335 3774 1391 mandatis

2183 1437 2303 1503 tuis,
2330 1416 2442 1505 qua
2469 1434 2650 1499 dilexi,
2682 1441 2730 1487 et
2758 1431 2914 1486 levavi
2942 1446 3119 1484 manus
3143 1444 3280 1482 meas
3303 1427 3371 1481 ad
3394 1428 3634 1481 mandata
3657 1416 3772 1492 tua,

2180 1541 2295 1597 qua
2335 1525 2490 1579 dilexi
2519 1540 2537 1577 :
2564 1523 2710 1589 sive,
2753 1520 2893 1592 quod
2938 1518 3178 1575 nonnulli
3221 1517 3433 1573 codices
3476 1517 3672 1571 habent
3716 1517 3773 1572 in

2184 1628 2408 1686 utroque
2436 1628 2613 1679 versu,
2644 1612 2799 1666 dilexi
2822 1610 2988 1677 valde,
3011 1617 3102 1663 aut
3126 1607 3297 1671 nimis,
3318 1614 3408 1660 aut
3426 1605 3771 1670 vehementer,

2182 1707 2319 1763 sicut
2354 1706 2686 1774 interpretari
2725 1702 2916 1773 placuit
2960 1699 3100 1771 quod
3135 1713 3307 1769 graece
3341 1697 3535 1752 dicitur
3570 1701 3771 1769 σφόδρα.

2184 1797 2425 1853 Mandata
2453 1810 2580 1867 ergo
2606 1795 2699 1849 Dei
2725 1793 2911 1848 dilexit
2941 1807 3036 1863 per
3060 1791 3162 1846 hoc
3187 1806 3280 1861 per
3303 1789 3441 1860 quod
3463 1789 3774 1843 ambulabat

2189 1889 2241 1943 in
2267 1887 2573 1950 latitudine;
2594 1900 2688 1955 per
2707 1884 2960 1954 Spiritum
2980 1882 3185 1937 scilicet
3204 1888 3440 1934 sanctum
3462 1918 3477 1941 ,
3500 1892 3595 1948 per
3611 1893 3775 1948 quem

2186 1980 2399 2035 dilectio
2426 1980 2536 2048 ipsa
2562 1976 2895 2038 ditl‘uuditur,
2924 1982 2978 2028 et
3003 1972 3187 2027 dilatat
3210 1970 3369 2026 corda
3402 1969 3655 2023 ﬁdelium.
3682 1969 3774 2022 Die

2187 2069 2316 2124 lexit
2341 2080 2515 2123 autem
2537 2107 2553 2133 ,
2587 2075 2642 2121 et
2665 2064 2947 2135 cogitando
2974 2072 3029 2117 et
3054 2060 3346 2131 operando.
3373 2059 3504 2113 Nam
3535 2058 3673 2128 quod
3701 2058 3774 2113 ad

2187 2161 2561 2232 cogitationem
2599 2159 2860 2228 pertinet,
2902 2155 3014 2221 ait,
3047 2152 3115 2206 Et
3140 2150 3415 2206 meditabar
3442 2150 3493 2203 in
3520 2149 3780 2204 mandatis

2188 2254 2285 2307 tuis
2318 2267 2336 2306 :
2363 2249 2503 2322 quod
2546 2259 2721 2304 autem
2764 2246 2832 2303 ad
2869 2245 3234 2317 operationem
3261 2284 3277 2310 ,
3310 2240 3376 2295 Et
3404 2241 3562 2295 levavi
3592 2256 3775 2295 manus

2188 2363 2325 2400 meas
2345 2344 2412 2398 ad
2433 2344 2669 2396 mandata
2687 2350 2793 2394 tua.
2816 2338 3034 2408 Utrique
3054 2345 3230 2390 autem
3248 2333 3525 2389 sententia:
3543 2331 3773 2396 addidit,

2188 2451 2300 2506 quia
2328 2434 2481 2488 dilexi
2506 2448 2527 2488 :
2550 2432 2668 2486 linis
2703 2430 2843 2484 enim
2882 2426 3129 2499 praecepti
3155 2435 3237 2481 est
3264 2423 3494 2478 charitas
3518 2422 3584 2476 de
3609 2422 3776 2476 corde

2188 2542 2323 2597 puro
2349 2524 2393 2597 (ι
2420 2522 2555 2587 Tim,
2587 2538 2625 2587 ι,
2653 2522 2731 2591 5).
2760 2518 2983 2589 Quando
3011 2520 3112 2572 isto
3142 2516 3268 2584 line,
3300 2514 3349 2569 id
3380 2523 3481 2579 est,
3512 2513 3668 2583 hujus
3691 2513 3774 2567 rei

2190 2614 2636 2686 contemplatione
2666 2610 2724 2665 lit
2752 2609 3056 2664 mandatum
3084 2607 3176 2662 Dei
3200 2646 3216 2673 ,
3251 2615 3376 2659 tunc
3405 2606 3458 2657 tit
3486 2619 3611 2658 vere
3636 2618 3776 2671 Opus

2191 2709 2421 2773 bonum;
2452 2714 2506 2761 et
2547 2713 2674 2760 tunc
2701 2704 2939 2758 levantur
2965 2714 3153 2755 manus
3179 2738 3194 2763 ,
3225 2698 3345 2768 quia
3376 2710 3661 2766 snpernum
3686 2702 3778 2749 est

2193 2808 2300 2873 qtto
2339 2799 2597 2855 levantur.
2641 2796 2929 2867 Propterea
2965 2792 3032 2848 de
3070 2793 3180 2861 ipsa
3220 2790 3475 2844 charitate
3502 2789 3777 2842 locuturus

2193 2894 2481 2964 Apostolus
2522 2892 2631 2957 ait,
2662 2889 3123 2960 Supereminentem
3161 2884 3293 2939 viam
3324 2881 3460 2936 vobis
3487 2882 3776 2934 demonser

2194 2986 2237 3055 (Ι
2258 2985 2375 3040 Cor.
2401 3000 2477 3038 xu
2497 3023 2513 3049 ,
2538 2981 2626 3054 5i)
2652 2999 2665 3035 :
2688 2991 2742 3035 et
2763 2981 2866 3034 alio
2888 2980 3029 3045 loco,
3053 2976 3383 3047 Cognoscere,
3412 2973 3599 3043 inquit,
3622 2974 3776 3026 etiam

2192 3075 2638 3144 supereminentem
2663 3071 2884 3125 scientia:
2910 3069 3203 3122 charitatem
3227 3065 3411 3120 Christi
3438 3063 3651 3135 (Ephes.
3683 3079 3741 3118 ιιι
3757 3103 3776 3128 ,

2196 3164 2307 3236 19).
2334 3165 2466 3219 Nam
2493 3163 2538 3217 si
2566 3162 2632 3216 de
2658 3176 2819 3231 opere
2850 3159 3215 3213 mandatorum
3245 3156 3337 3211 Dei
3370 3169 3574 3209 merces
3601 3164 3778 3209 terre.

2194 3272 2276 3310 nae
2293 3254 2554 3311 felicitatis
2570 3252 2851 3321 expetitur,
2869 3250 3206 3320 deponuntur
3222 3263 3406 3301 manus
3426 3247 3596 3316 potius
3612 3262 3778 3315 quam

2198 3347 2476 3409 levantur;
2508 3344 2629 3413 quia
2662 3353 2869 3397 terrena
2896 3341 3249 3395 emolumenta
3272 3353 3386 3408 quae
3409 3352 3513 3391 non
3537 3351 3775 3405 sursum,

2196 3436 2291 3493 sed
2318 3437 2566 3492 deorsum
2595 3445 2737 3501 sunt,
2772 3435 2860 3488 illo
2885 3446 3046 3503 Opere
3072 3430 3432 3500 requiruntur.
3465 3428 3547 3483 Ad
3573 3437 3781 3482 utrum-

2195 3542 2298 3599 que
2332 3536 2507 3581 aulem
2553 3525 2781 3596 pertinet
2821 3522 2963 3593 quod
3003 3522 3276 3591 sequitur,
3317 3517 3385 3571 Et
3421 3517 3685 3573 exercebar
3721 3517 3782 3572 in

2186 3616 2635 3691 justiﬁcationibus
2677 3615 2775 3669 tuis
2804 3630 2825 3669 :
2858 3612 2994 3683 quod
3029 3613 3206 3683 plures
3250 3611 3564 3680 interpretes
3599 3609 3783 3663 dicere

2198 3710 2523 3772 maluerunt,
2551 3722 2707 3777 quam
2737 3704 2974 3770 laztabar,
3006 3711 3097 3756 aut
3122 3699 3420 3773 garriebam,
3453 3697 3590 3768 quod
3615 3698 3781 3766 aliqui

2199 3804 2526 3877 interpretati
2554 3811 2677 3857 sunt
2701 3816 2767 3856 ex
2791 3816 2856 3856 eo
2883 3797 3022 3869 quod
3046 3811 3252 3868 graecus
3291 3794 3450 3848 habet
3476 3796 3781 3861 ἠδολεσχουὸ.

2203 3898 2494 3953 Exercetur
2533 3893 2727 3964 quippe
2766 3892 2819 3946 in
2852 3884 3315 3961 justiticatiouibus
3355 3884 3449 3939 Dei
3490 3883 3677 3947 laetus,
3723 3891 3786 3936 ct

2200 3988 2427 4060 quodam
2454 3985 2611 4040 modo
2635 3982 2898 4055 garrulus,
2925 3977 3012 4049 qui
3036 3975 3278 4032 mandata
3304 3974 3420 4043 eius
3443 3988 3561 4043 qua:
3585 3971 3782 4043 diligit,

2199 4091 2253 4138 et
2277 4078 2541 4152 cogitandi
2570 4086 2625 4133 et
2650 4072 2904 4146 operandi
2931 4067 3281 4126 delectatione
3304 4062 3556 4121 custodit.

2847 4177 3016 4218 SERIIO
3040 4177 3127 4216 XV.

2273 4286 2326 4341 1.
2359 4282 2508 4357 [vers.
2539 4279 2654 4353 $9.]
2680 4276 3107 4340 Consideremus,
3137 4275 3391 4342 quantum
3417 4265 3581 4321 donat
3603 4259 3790 4317 Domi-

2202 4392 2323 4444 nus,
2351 4354 2405 4431 et
2433 4381 2813 4445 pertractemus
2842 4367 2939 4422 hos
2969 4377 3153 4421 versus
3174 4359 3351 4431 magni
3373 4356 3561 4428 psalmi
3581 4354 3741 4424 hujus
3768 4371 3787 4408 :

2205 4468 2458 4523 Memento
2483 4464 2617 4519 verbi
2643 4463 2716 4516 tui
2739 4477 2878 4515 servo
2907 4468 2992 4512 tuo
3013 4498 3029 4524 ,
3055 4457 3109 4509 in
3134 4470 3234 4525 quo
3262 4468 3400 4524 spem
3426 4449 3607 4503 dedisti
3632 4445 3786 4500 mihi.

2206 4558 2332 4633 ῌωο
2372 4573 2449 4611 me
2476 4554 2733 4610 consolata
2759 4560 2829 4605 est
2854 4550 2908 4603 in
2934 4546 3212 4602 humilitate
3234 4559 3345 4597 mea
3365 4582 3378 4604 ,
3406 4540 3643 4611 quoniam
3666 4553 3781 4590 vero

2203 4625 2321 4704 bum
2358 4657 2496 4702 tuum
2534 4643 2798 4713 viviﬁcavit
2836 4655 2933 4693 me.
2974 4633 3240 4705 Numquid
3279 4631 3508 4694 oblivio,
3550 4627 3688 4682 sicut
3730 4625 3789 4680 in

2204 4742 2470 4798 hominem
2493 4779 2508 4802 ,
2539 4737 2680 4792 cadit
2706 4735 2759 4789 in
2792 4730 2992 4788 Deum?
3031 4728 3138 4784 Cur
3178 4738 3306 4795 ergo
3335 4723 3383 4776 ei
3412 4719 3641 4784 dicitur,
3672 4715 3791 4769 Me-

2204 4844 2372 4890 mento
2394 4821 2420 4887 ?
2445 4829 2694 4899 Quamvis
2716 4827 2768 4881 in
2790 4825 2906 4879 aliis
2930 4827 3125 4878 sancta:
3148 4817 3432 4886 Scriptum:
3455 4813 3585 4867 locis
3610 4810 3791 4879 ipsum

2204 4931 2425 4986 verbum
2452 4924 2668 4982 omnino
2693 4932 2919 4992 ponatur
2939 4955 2956 4980 ,
2983 4922 3041 4968 ut
3066 4922 3182 4979 est,
3216 4909 3382 4975 Quare
3410 4907 3505 4959 mei
3530 4904 3716 4958 oblitus
3738 4917 3796 4955 es

2210 5022 2377 5095 (Psal.
2408 5035 2516 5084 xu,
2549 5014 2636 5086 l0)
2661 5033 2676 5080 ;
2697 4989 3098 5078 et,0blivisceris
3121 5002 3344 5072 inopiam
3366 5008 3587 5051 nostram
3612 4989 3796 5065 (Psal.

2206 5085 2356 5181 inn,
2378 5112 2469 5174 24)
2489 5129 2504 5175 ;
2527 5119 2581 5165 et
2600 5109 2716 5178 ipse
2738 5106 2875 5159 Deus
2896 5116 2990 5170 per
3007 5094 3344 5166 Prophetam,
3366 5089 3573 5153 Omnes,
3592 5085 3797 5153 inquit,

2211 5173 2499 5278 iniquitates
2527 5173 2638 5271 ejus
2661 5195 2922 5251 obliviscar
2950 5186 3180 5262 (Ezech.
3210 5198 3371 5246 xvtu,
3400 5177 3510 5248 22)
3540 5194 3554 5231 :
3584 5184 3637 5230 et
3663 5173 3799 5227 alibi

2211 5267 2371 5370 atque
2398 5293 2526 5351 alibi
2544 5267 2747 5360 saepius
2778 5287 2880 5342 hoc
2904 5284 3115 5353 legitur.
3141 5276 3245 5334 Sed
3273 5290 3377 5329 non
3405 5281 3461 5326 ut
3487 5267 3803 5323 hominibus

2210 5357 2305 5446 ista
2346 5357 2654 5455 contingunt
2677 5422 2692 5446 ,
2732 5379 2802 5433 ita
2847 5374 3206 5442 intelliguntur
3244 5367 3295 5421 in
3334 5365 3463 5418 Deo.
3490 5359 3623 5417 Nam
3655 5357 3806 5411 sicut

2213 5489 2376 5542 Deum
2396 5480 2652 5553 pmnitere
2669 5474 2883 5536 dicitur,
2902 5465 3113 5538 quando
3136 5468 3326 5533 praeter
3346 5456 3620 5511 hominum
3641 5465 3806 5520 spem

2210 5593 2297 5633 res
2323 5544 2511 5636 mutat,
2537 5566 2759 5624 consilio
2781 5579 2888 5617 non
2912 5566 3138 5620 mutato,
3165 5552 3285 5623 quia
3309 5546 3589 5605 consilium
3617 5544 3812 5597 Domi-

2212 5672 2266 5730 ni
2298 5673 2475 5724 manet
2510 5662 2562 5717 in
2598 5667 2854 5714 aeternum
2889 5648 3077 5724 (Psal.
3111 5657 3254 5699 xxxn
3279 5683 3296 5712 ,
3325 5641 3384 5697 ιι
3413 5639 3473 5710 );
3501 5638 3574 5691 ita
3602 5635 3815 5691 dicitur
