4026 6202
250 263 385 318 {Sil

247 376 518 442 oblivisci,
546 378 758 445 quando
787 377 998 433 tardare
1029 377 1234 432 videtur
1262 379 1581 449 adjutorimn
1610 379 1692 433 vel
1721 395 1840 450 pro-

246 469 501 533 missum,
534 468 618 522 vel
647 481 756 522 non
784 469 1078 524 retribuere
1103 468 1259 539 digna
1298 471 1658 539 peccantibus,
1690 471 1771 524 vel
1797 471 1842 526 si

258 557 392 629 quid
422 557 725 628 hujusmodi
751 600 766 626 ,
797 569 1043 629 tanquam
1071 559 1186 630 ejus
1213 563 1482 616 memoria:
1511 562 1578 615 sit
1603 563 1841 631 elapsum

251 650 402 720 quod
441 660 686 721 speratur
727 651 838 706 sive
874 651 1121 717 timetur,
1152 661 1330 707 etnon
1357 654 1431 706 lit.
1463 653 1714 709 Dicuntur
1742 654 1840 708 ista

252 741 528 798 locutione
573 742 800 810 morali,
844 757 946 812 qua
988 741 1250 798 humanus
1291 755 1534 798 movetur
1578 743 1836 809 allectus;

243 833 497 903 quamvis
525 832 639 887 haec
665 833 806 889 Deus
835 833 989 888 faciat
1017 843 1160 888 certa
1187 833 1557 904 dispositione,
1587 850 1690 890 non
1715 834 1839 890 deﬁ-

244 925 426 979 ciente
443 923 725 991 memoria,
744 939 842 980 uec
861 923 1141 979 obscurata
1160 926 1524 996 intelligentia,
1543 942 1643 982 nec
1663 909 1840 981 volun-

247 1022 362 1069 tate
387 1023 612 1069 mutata.
641 1014 773 1070 Cum
801 1014 977 1084 itaque
1006 1015 1198 1070 dicitur
1221 1017 1292 1083 ei,
1325 1015 1610 1084 Memento,
1639 1017 1840 1072 orantis

245 1105 574 1160 desiderium
596 1145 613 1171 ,
657 1106 780 1176 quia
812 1106 1136 1175 promissum
1173 1108 1380 1176 poscit,
1424 1107 1754 1174 ostenditur,
1785 1119 1840 1164 et

245 1197 588 1265 extenditur;
616 1211 724 1252 non
753 1197 911 1264 Deus,
941 1198 1090 1267 quasi
1119 1198 1167 1253 ei
1196 1196 1263 1252 de
1285 1208 1462 1253 mente
1487 1199 1538 1253 id
1560 1199 1836 1267 exciderit,

244 1289 588 1344 admonetur.
621 1288 897 1356 Memento,
929 1289 1127 1360 inquit,
1157 1289 1292 1343 verbi
1317 1290 1390 1343 tui
1415 1305 1554 1344 servo
1581 1301 1667 1346 tuo
1693 1307 1713 1344 :
1737 1290 1838 1347 hoc

246 1390 362 1445 est,
397 1382 558 1451 imple
594 1382 913 1451 promissum
939 1393 1098 1437 servo
1128 1389 1234 1435 tuo.
1267 1379 1333 1434 In
1366 1397 1464 1450 quo
1492 1398 1632 1450 spem
1656 1381 1838 1436 dedisti

247 1458 375 1525 mihi
401 1486 419 1526 :
446 1472 546 1526 hoc
577 1479 676 1537 est,
707 1471 760 1525 in
787 1471 892 1542 quo
922 1470 1108 1538 verbo,
1137 1470 1387 1541 quoniam
1417 1470 1720 1539 promisisti,
1752 1487 1838 1526 me

246 1579 468 1635 sperare
503 1565 692 1620 fecisti.

319 1655 374 1708 2.
430 1653 583 1727 [ver‘s.
624 1652 740 1728 50.]
790 1653 915 1708 Haec
951 1671 1031 1709 me
1069 1655 1327 1710 consolata
1364 1664 1434 1710 est
1469 1657 1522 1709 in
1559 1657 1838 1712 humilitate

249 1762 383 1798 mea.
409 1745 534 1800 Haec
557 1745 762 1800 scilicet
777 1759 900 1816 spes
921 1760 1037 1814 quae
1058 1745 1177 1800 data
1199 1755 1281 1800 est
1300 1745 1608 1813 humilibus,
1629 1747 1837 1802 dicente

245 1835 519 1906 Scriptura
541 1877 556 1900 ,
592 1835 736 1890 Deus
758 1835 984 1906 superbis
1009 1836 1227 1903 resistit,
1262 1837 1532 1891 humilibus
1557 1847 1721 1891 autem
1750 1838 1837 1892 dat

247 1928 464 1996 gratiam
491 1925 693 1996 (Jacobi
725 1941 798 1990 tv,
827 1925 893 1988 6;
927 1935 971 1980 et
998 1925 1019 1979 I
1046 1925 1192 1981 Petr.
1219 1943 1275 1994 v,
1303 1926 1384 1998 5).
1410 1926 1562 1983 Unde
1588 1941 1680 1982 ore
1711 1942 1834 1997 pro-

247 2017 370 2086 prio
395 2018 556 2070 etiam
588 2017 702 2085 ipse
729 2016 986 2070 Dominus
1013 2016 1086 2070 ait
1115 2033 1129 2071 :
1160 2015 1410 2080 Quoniam
1439 2019 1520 2088 qui
1549 2033 1602 2071 se
1627 2018 1832 2084 exultat,

247 2106 636 2173 humiliabitur;
667 2116 714 2160 et
741 2107 826 2177 qui
849 2123 903 2162 se
928 2106 1180 2172 humiliat,
1213 2105 1517 2161 exaltabitur
1547 2107 1694 2180 (Luc.
1728 2124 1832 2174 stv,

249 2200 309 2252 11
347 2215 363 2263 ;
393 2208 438 2252 et
465 2213 594 2252 svnt
619 2239 635 2265 ,
670 2197 804 2270 14).
834 2199 979 2252 Bene
1015 2197 1100 2253 hic
1129 2197 1470 2268 intelligimus
1503 2200 1662 2255 etiam
1691 2200 1834 2254 illam

249 2288 632 2355 humilitatem,
665 2305 771 2343 non
797 2303 899 2359 qua
927 2304 985 2344 se
1008 2289 1234 2359 quisque
1260 2288 1505 2347 humiliat
1530 2290 1836 2346 confitendo

251 2391 492 2452 peccata,
517 2397 614 2437 nec
634 2381 734 2436 sibi
755 2381 1050 2450 arrogando
1064 2381 1356 2451 justitiam;
1377 2381 1470 2436 sed
1489 2398 1590 2452 qua
1611 2383 1837 2452 quisque

251 2477 566 2532 humiliatur
600 2478 775 2546 aliqua
819 2476 1156 2532 tribulatione
1193 2476 1277 2530 vel
1307 2475 1605 2545 dejectione
1631 2516 1646 2540 ,
1678 2492 1836 2546 quam

248 2568 451 2623 meruit
489 2567 604 2637 ejus
635 2566 904 2637 superbia,
936 2576 1023 2620 aut
1054 2573 1334 2620 exercetur
1361 2565 1719 2636 probaturque
1750 2581 1840 2635 pa-

247 2660 437 2714 tientia
471 2677 484 2713 :
505 2661 644 2713 unde
660 2657 816 2728 paulo
841 2666 961 2727 post
985 2655 1112 2709 dicit
1137 2654 1225 2709 hic
1252 2654 1508 2724 psalmus,
1529 2654 1839 2727 Priusquam

247 2755 576 2821 humiliarer,
604 2769 695 2823 ego
721 2751 928 2821 deliqui.
957 2750 1022 2804 Et
1041 2747 1166 2804 illud
1190 2749 1242 2802 in
1272 2748 1404 2803 libro
1425 2747 1708 2818 Sapientia:
1734 2767 1748 2803 :
1775 2748 1840 2803 In

248 2845 434 2900 dolore
471 2847 691 2910 sustine,
733 2853 778 2897 et
816 2843 870 2896 in
909 2841 1191 2895 humilitate
1230 2850 1315 2893 tua
1356 2841 1648 2910 patientiam
1677 2841 1840 2906 habe;

253 2936 503 3007 quoniam
532 2937 585 2990 in
610 2937 724 3006 igne
753 2924 993 3004 probatur
1017 2949 1197 2985 aurum
1223 2940 1269 2985 et
1297 2941 1558 3001 argentum
1575 2972 1588 2993 ,
1617 2931 1842 2986 homines

251 3044 382 3081 vero
401 3026 727 3096 acceptabiles
740 3026 791 3078 in
808 3024 1003 3078 camino
1021 3021 1379 3076 humiliationis
1400 3021 1587 3092 (Eccli.
1612 3037 1668 3089 ιι,
1688 3023 1741 3090 4,
1759 3023 1836 3094 5).

252 3119 416 3187 Quod
441 3121 513 3174 ait
533 3118 878 3190 acceptabiles,
905 3117 975 3170 ibi
998 3131 1146 3185 spem
1168 3114 1314 3170 dedit
1336 3130 1454 3186 qua:
1478 3116 1845 3171 consolaretur

249 3214 309 3268 in
363 3213 676 3267 humilitate.
727 3210 793 3265 Et
832 3209 1088 3264 Dominus
1125 3208 1277 3263 Iesus
1307 3208 1445 3263 hanc
1487 3207 1839 3264 humilitatem

249 3321 383 3360 cum
407 3304 679 3373 discipulis
709 3302 1026 3373 prtedieeret
1048 3317 1078 3354 a
1110 3299 1537 3371 persecutoribus
1563 3313 1684 3355 esse
1714 3316 1842 3355 ven-

251 3407 434 3450 turam
461 3437 476 3462 ,
509 3411 613 3450 non
648 3410 742 3450 eos
777 3395 897 3449 sine
933 3407 1031 3462 spe
1068 3391 1321 3460 reliquit;
1353 3389 1446 3445 sed
1477 3391 1613 3444 hanc
1642 3391 1798 3445 etiam
1825 3432 1840 3458 ,

249 3508 364 3562 qua
403 3493 839 3557 consolarentur,
876 3488 1022 3545 dedit
1060 3487 1244 3543 dicens
1266 3527 1283 3553 ,
1312 3483 1378 3540 In
1411 3495 1574 3539 vestra
1605 3485 1845 3557 patientia

252 3582 576 3654 possidebitis
615 3582 812 3637 animas
852 3588 1038 3634 vestras
1067 3594 1086 3632 :
1108 3577 1176 3633 de
1214 3578 1330 3647 ipso
1370 3590 1582 3646 quoque
1621 3590 1846 3645 corpore

252 3676 402 3748 quod
426 3677 492 3731 ab
521 3675 753 3731 inimicis
783 3670 1173 3744 possetoecidi,
1203 3680 1254 3726 et
1277 3669 1423 3739 quasi
1451 3671 1660 3740 penitus
1683 3669 1847 3722 inter-

253 3769 377 3833 ire,
407 3764 633 3837 Capillus
659 3807 674 3831 ,
707 3765 909 3836 inquit,
942 3762 1120 3833 capitis
1148 3759 1300 3816 vestri
1332 3776 1433 3814 non
1462 3759 1640 3829 peribit
1675 3756 1842 3829 (Luc.

255 3874 376 3923 XXI,
408 3857 495 3922 19,
531 3855 640 3928 18).
669 3855 796 3911 Haec
824 3869 947 3925 spes
971 3853 1092 3908 data
1116 3860 1201 3908 est
1223 3850 1433 3920 corpori
1458 3848 1677 3916 Christi,
1703 3848 1846 3919 quod

254 3958 348 4005 est
373 3948 628 4014 Ecclesia,
653 3961 757 4018 qua
781 3945 1149 4002 consolaretur
1174 3943 1229 3998 in
1255 3941 1551 3996 humilitate
1571 3954 1686 3996 sua.
1711 3939 1846 3994 Pro-

257 4052 384 4113 pter
411 4055 567 4110 quam
596 4053 745 4109 spem
781 4037 908 4092 dicit
930 4047 984 4092 et
1017 4034 1289 4106 apostolus
1313 4031 1511 4087 Paulus
1545 4048 1560 4087 :
1587 4029 1649 4085 Si
1680 4038 1847 4084 autem

254 4131 399 4202 quod
420 4147 520 4184 non
542 4129 764 4184 uidemus
783 4144 1065 4200 speramus,
1091 4142 1178 4196 per
1194 4124 1483 4196 patientiam
1501 4132 1848 4194 exspectamus

258 4221 448 4294 (Rom.
481 4236 588 4285 vni,
621 4220 736 4291 25).
768 4218 871 4275 Sed
894 4226 1214 4272 aeternorum
1236 4222 1319 4269 est
1338 4229 1459 4284 spes
1481 4213 1578 4268 ista
1604 4212 1848 4289 praamio-

253 4328 386 4367 runt
418 4329 432 4364 :
463 4320 544 4367 est
569 4321 620 4366 et
649 4311 750 4365 alia
777 4323 902 4380 Spes
925 4322 1042 4378 qua:
1072 4307 1124 4360 in
1167 4305 1464 4359 humilitate
1493 4302 1848 4358 tribulationis

258 4405 553 4475 plurimum
599 4403 904 4458 consolatur
929 4441 945 4467 ,
981 4415 1100 4470 qua:
1127 4398 1324 4452 sanctis
1348 4397 1468 4451 data
1493 4404 1577 4451 est
1606 4396 1656 4450 in
1685 4396 1848 4451 verbo

257 4497 364 4551 Dei
386 4495 704 4565 adjutorium
728 4493 910 4563 gratia:
936 4490 1253 4561 pollicentis,
1285 4505 1353 4544 ne
1371 4488 1595 4558 quisque
1615 4488 1844 4543 deﬁciat.

261 4590 346 4643 De
388 4603 490 4658 qua
532 4603 626 4657 spe
657 4588 673 4620 ⁸
705 4586 830 4640 dicit
871 4582 1159 4653 Apostolus
1187 4599 1201 4635 :
1230 4580 1426 4634 Fidelis
1459 4579 1595 4634 Deus
1633 4581 1717 4650 qui
1747 4597 1850 4634 non

262 4677 520 4747 permittet
558 4693 644 4730 vos
674 4675 854 4729 tentari
891 4689 1040 4743 super
1073 4671 1128 4725 id
1161 4671 1294 4741 quod
1321 4670 1559 4742 potestis;
1587 4671 1676 4724 sed
1700 4670 1852 4740 faciet

260 4785 384 4824 cum
409 4767 680 4821 tentatione
703 4767 853 4820 etiam
871 4766 1079 4830 exitum,
1107 4771 1161 4816 ut
1182 4762 1382 4832 possitis
1401 4762 1646 4816 sustinere
1664 4761 1706 4834 (I
1728 4760 1846 4815 Cor.

261 4876 300 4914 ι
314 4901 328 4922 ,
356 4853 462 4929 15).
489 4859 634 4912 llauc
653 4871 801 4927 spem
823 4855 969 4911 dedit
987 4853 1147 4909 etiam
1169 4851 1412 4907 Salvator
1431 4865 1526 4908 ore
1545 4865 1664 4918 suo,
1682 4867 1852 4919 quan-

261 4953 340 5003 do
369 4951 444 5002 ait
474 4967 487 5002 :
527 4948 644 5002 Hac
671 4959 816 5002 nocte
853 4945 1120 5017 postularit
1157 4953 1361 4999 satanas
1395 4959 1574 4997 vexare
1613 4958 1698 4996 vos
1724 4944 1852 4996 sicut

267 5043 531 5106 triticum;
554 5049 600 5092 et
625 5055 714 5110 ego
736 5039 906 5109 rogavi
925 5055 1017 5108 pro
1034 5045 1102 5103 te,
1126 5034 1295 5100 Petra,
1322 5051 1383 5087 ne
1402 5032 1602 5103 deficiat
1625 5033 1750 5103 ﬁdes
1767 5045 1854 5086 tua

261 5139 287 5205 (
319 5133 440 5187 Luc.
472 5149 586 5187 χχιι
611 5175 624 5198 ,
656 5131 746 5197 3|,
774 5131 844 5186 52
863 5131 904 5200 ).
935 5130 1080 5184 Hanc
1105 5143 1255 5197 spem
1281 5125 1427 5181 dedit
1452 5134 1506 5180 et
1535 5125 1586 5178 iu
1614 5125 1853 5179 oratione

266 5242 429 5295 quam
460 5225 637 5279 docuit
663 5266 678 5291 ,
709 5224 794 5278 ubi
827 5224 1031 5278 monuit
1060 5229 1117 5276 ut
1138 5221 1376 5275 dicamus
1396 5261 1411 5285 ,
1443 5217 1524 5273 Ne
1548 5236 1638 5273 nos
1665 5220 1854 5288 inferas

266 5320 324 5371 in
364 5318 682 5370 tentationem
721 5317 738 5385 (
768 5315 952 5368 Matth.
985 5329 1073 5379 vt,
1107 5313 1210 5383 15)
1241 5329 1253 5366 :
1283 5310 1672 5381 quodammodo
1711 5312 1853 5364 enim

273 5409 520 5479 promisit
561 5422 620 5462 se
657 5407 905 5462 daturum
946 5407 1056 5460 suis
1095 5403 1514 5475 periclitantibus
1539 5443 1554 5467 ,
1584 5401 1724 5472 quod
1751 5401 1854 5455 dici

268 5499 440 5553 voluit
466 5498 534 5552 ab
559 5497 853 5553 orantibus.
880 5497 945 5551 Et
966 5496 1214 5550 nimirum
1241 5492 1308 5548 de
1330 5492 1428 5547 hac
1449 5507 1544 5562 spe
1569 5492 1735 5561 magis
1755 5490 1856 5544 iste

271 5591 513 5662 psalmus
532 5587 906 5659 intelligendus
930 5597 1012 5644 est
1036 5587 1232 5654 dicere,
1261 5584 1388 5640 Ilazc
1412 5600 1488 5639 me
1507 5582 1763 5639 eonsolata
1784 5591 1856 5637 cst

340 5702 355 5733 θ
380 5702 486 5750 Am.
508 5707 583 5751 Er.
611 5707 662 5750 et
683 5712 853 5750 omnes
874 5705 1002 5762 Mss,
1027 5710 1098 5749 re.

1282 264 1677 323 ENARRA'I‘IO
1718 267 1780 321 IN
1822 267 2144 325 PSALMIIM
2183 271 2410 328 CXVIII.

1857 4972 1904 5052 ἰ

3385 293 3532 350 1542

1954 381 2006 433 in
2037 381 2316 436 humilitate
2342 401 2470 451 mea,
2501 388 2734 453 quoniam
2761 392 2961 446 verbum
2986 400 3126 449 tuum
3147 396 3408 468 viviﬁcavit
3429 421 3528 460 me.

1949 470 2098 539 Quod
2121 476 2421 542 expressius
2444 476 2772 547 interpretati
2793 491 2917 537 sunt
2940 485 3028 554 qui
3053 501 3156 542 non
3179 490 3400 558 verbum,
3425 495 3519 550 sed

1951 561 2200 654 eloquium
2232 576 2521 633 posuerunt
2550 582 2568 621 :
2593 584 2794 637 grzecus
2823 574 2964 628 enim
2992 584 3146 642 λόγων
3171 579 3350 650 habet,
3378 585 3517 654 quod

1946 660 2028 703 est
2057 652 2342 722 eloquium;
2373 670 2475 709 non
2507 664 2634 721 λόγος
2659 660 2796 728 quod
2827 673 2906 717 est
2931 667 3150 720 uerbum.

2003 739 2068 793 ,5.
2111 739 2239 812 [vers
2291 742 2402 816 51.]
2444 744 2690 814 Sequitur
2716 759 2890 806 atttem
2919 771 2932 804 :
2960 755 3178 824 Superbi
3205 759 3374 830 inique
3407 780 3528 834 age-

1946 830 2063 884 bant
2099 849 2256 902 usque
2281 836 2426 890 valde
2442 853 2462 901 ;
2490 854 2521 890 a
2549 839 2656 908 lege
2677 851 2846 895 autem
2883 853 2970 898 tua
2997 864 3096 901 non
3125 848 3390 907 declinavi.
3422 830 3526 910 Su-

1946 921 2138 989 perbos
2177 923 2397 996 intelligi
2438 928 2601 982 voluit
2639 940 3006 999 persecutores
3048 939 3291 1005 piorum;
3321 951 3375 998 et
3403 945 3526 1001 ideo

1944 1013 2191 1083 subjecit,
2222 1017 2264 1070 Α
2292 1018 2402 1088 lege
2425 1030 2589 1073 autent
2617 1031 2704 1075 tua
2724 1039 2823 1078 non
2848 1026 3111 1096 declinavi,
3133 1031 3251 1099 quia
3278 1031 3380 1090 hoc
3401 1051 3523 1091 eum

1942 1101 2118 1197 facere
2166 1107 2376 1162 illorum
2426 1113 2724 1180 persecutio
2767 1116 3134 1185 compellebat.
3180 1122 3324 1190 Quos
3366 1142 3523 1197 usque

1942 1194 2088 1249 valde
2114 1197 2293 1267 inique
2321 1199 2448 1255 dicit
2476 1202 2668 1270 egisse,
2696 1205 2816 1274 quia
2845 1221 2949 1261 non
2977 1209 3146 1264 solum
3173 1223 3325 1268 erant
3349 1194 3520 1287 impii,

1942 1300 2124 1340 verum
2153 1289 2310 1342 etiam
2338 1291 2453 1360 pios
2479 1291 2671 1362 impios
2695 1309 2813 1350 esse
2839 1299 3115 1368 cogebant.
3143 1301 3199 1356 In
3223 1302 3322 1359 hac
3347 1305 3521 1363 humi-

1945 1379 2108 1447 litate,
2145 1382 2246 1438 hoc
2271 1395 2378 1453 est,
2403 1386 2452 1440 in
2485 1387 2583 1442 hac
2609 1389 2944 1448 tribulatione
2970 1409 3093 1463 spes
3119 1399 3389 1454 consolata
3415 1410 3518 1468 est,

1941 1485 2057 1540 qure
2083 1474 2203 1528 data
2234 1485 2315 1530 est
2345 1477 2395 1531 in
2428 1479 2590 1533 verbo
2623 1481 2715 1537 Dei
2742 1483 3039 1551 pollicentis
3066 1487 3386 1557 adjutorium
3406 1534 3420 1557 ,
3453 1508 3522 1548 ne

1939 1563 2151 1619 deliciat
2183 1566 2314 1623 ﬁdes
2343 1580 2668 1641 martyrum;
2694 1582 2748 1628 et
2773 1577 3057 1644 przesentia
3084 1578 3310 1647 Spiritus
3335 1580 3416 1635 s'ui
3445 1584 3524 1631 vi-

1939 1667 2028 1707 res
2052 1654 2408 1724 impertientis
2445 1659 2830 1728 laborantibus,
2853 1672 2910 1718 ut
2931 1665 3217 1723 evadentes
3237 1669 3303 1724 de
3324 1673 3522 1728 musci-

1941 1745 2062 1813 pula
2081 1749 2385 1806 venantium
2406 1751 2644 1808 dicerent
2664 1771 2678 1806 :
2701 1753 2820 1808 Nisi
2839 1757 2956 1825 quia
2975 1755 3225 1814 Dominus
3241 1764 3415 1816 eratin
3430 1781 3523 1819 no-

1942 1834 2034 1902 bis,
2062 1841 2282 1906 fortasse
2306 1842 2438 1894 vivos
2463 1843 2830 1899 absorbuissent
2849 1863 2942 1901 nos
2963 1847 3131 1917 (Psal.
3158 1866 3340 1917 cxxm,
3363 1854 3418 1914 2.
3443 1856 3520 1925 5).

2010 1929 2064 1982 4.
2095 1928 2178 1982 An
2199 1928 2334 1986 forte
2359 1933 2499 2002 quod
2527 1935 2619 2002 ait,
2652 1935 2776 1990 Haec
2800 1954 2878 1991 me
2901 1941 3158 1994 consolata
3180 1952 3250 1995 est
3275 1944 3326 1997 in
3353 1945 3522 1998 humi-

1942 2019 2082 2074 litate
2112 2039 2252 2088 mea,
2290 2025 2431 2079 illam
2459 2026 2589 2081 dicit
2619 2028 2967 2089 humilitatem
2997 2046 3098 2101 qua
3125 2031 3286 2086 homo
3311 2045 3392 2090 est
3417 2036 3516 2091 de-

1937 2110 2112 2179 jectus
2151 2123 2202 2166 et
2242 2114 2508 2184 projectus
2546 2117 2597 2170 in
2627 2127 2850 2173 mortem
2877 2161 2892 2186 ,
2923 2136 2986 2175 ex
3018 2132 3236 2191 peccato
3265 2125 3356 2181 illo
3381 2129 3522 2197 quod

1945 2201 2096 2256 valde
2122 2202 2400 2259 infeliciter
2423 2208 2476 2260 in
2505 2209 2730 2277 paradisi
2759 2209 3007 2266 felicitate
3031 2216 3370 2271 commissum
3399 2221 3524 2274 est?

1941 2289 1997 2344 In
2029 2291 2129 2346 hac
2155 2294 2348 2364 quippe
2373 2296 2688 2363 humilitate,
2713 2300 2763 2353 in
2786 2316 2891 2370 qua
2912 2301 3074 2358 homo
3099 2306 3312 2360 vanitati
3335 2309 3526 2365 similis

1942 2380 2110 2436 factus
2139 2393 2220 2438 est
2247 2393 2300 2440 et
2327 2385 2444 2441 dies
2471 2388 2586 2457 ejus
2617 2390 2752 2444 sicut
2780 2391 2965 2445 umbra
2997 2402 3320 2461 prtetereunt
3349 2397 3518 2468 (Psal.

1942 2489 2096 2528 cxun
2117 2515 2132 2536 ,
2165 2473 2220 2546 4)
2244 2517 2258 2540 ,
2290 2491 2476 2532 omnes
2503 2479 2594 2533 ﬁlii
2623 2479 2716 2534 ira:
2743 2491 2901 2548 sunt,
2933 2481 3032 2536 nisi
3061 2499 3157 2553 per
3181 2484 3520 2550 Mediatorem

1943 2567 2355 2623 reconcilientur
2383 2568 2514 2636 Deo,
2544 2571 2632 2640 qui
2661 2571 3020 2640 praedestinati
3049 2581 3175 2629 sunt
3196 2576 3248 2630 in
3269 2585 3521 2634 mternam

1943 2657 2167 2711 salutem
2197 2667 2319 2713 ante
2350 2660 2532 2714 mundi
2563 2661 2995 2718 constitutionem
3027 2663 3240 2735 (Ephes.
3269 2682 3305 2732 ι,
3335 2667 3388 2732 4,
3417 2667 3474 2738 5)
3509 2686 3522 2723 :

1945 2746 1996 2800 in
2045 2763 2150 2816 quo
2190 2749 2482 2805 Mediatore
2521 2761 2576 2806 et
2611 2753 2813 2822 antiqui
2852 2753 2979 2822 justi
3024 2769 3173 2824 spem
3215 2755 3524 2825 habebant,

1943 2839 2156 2907 quando
2176 2856 2295 2894 eum
2319 2841 2371 2895 in
2393 2857 2552 2896 carne
2572 2852 2852 2898 venturum
2873 2827 3162 2914 prophetite
3180 2847 3365 2916 spiritu
3390 2864 3528 2918 pra:-

1946 2928 2212 2983 videbant.
2243 2930 2397 2995 Quod
2439 2948 2564 3002 ergo
2604 2934 2826 2988 verbum
2872 2934 2938 2989 ad
2981 2950 3072 2990 eos
3111 2935 3270 2992 fiebat
3299 2937 3365 2993 de
3395 2939 3524 3005 illo,

1946 3019 2102 3072 etiam
2133 3019 2232 3074 hoc
2257 3020 2391 3076 bene
2422 3021 2507 3076 hic
2533 3023 2842 3094 intelligitur
2864 3024 3102 3092 verbum,
3133 3027 3178 3082 si
3205 3037 3258 3082 et
3285 3029 3519 3097 ipsorum

1947 3107 2235 3178 accipimus
2279 3111 2431 3164 istam
2476 3126 2696 3178 vocem;
2741 3113 2809 3168 de
2848 3129 2952 3184 quo
2991 3115 3154 3170 verbo
3180 3116 3376 3172 dictum
3403 3128 3526 3184 est,

1948 3199 2201 3255 Memento
2229 3203 2363 3256 verbi
2389 3204 2462 3256 tui
2489 3221 2628 3258 servo
2655 3214 2774 3272 tua,
2807 3206 2858 3260 in
2884 3223 2982 3276 quo
3010 3223 3149 3277 spem
3173 3208 3352 3263 dedisti
3378 3211 3524 3266 mihi.

1947 3289 2075 3345 Haec
2097 3309 2173 3345 me
2188 3293 2445 3346 consolata
2467 3305 2536 3348 est
2554 3295 2604 3348 in
2627 3294 2910 3349 humilitate
2931 3312 3073 3361 mea;
3093 3297 3193 3353 hoc
3216 3307 3313 3362 est,
3347 3299 3398 3353 in
3424 3300 3526 3356 ista

1948 3382 2267 3438 mortalitate
2311 3399 2426 3438 mea
2461 3385 2619 3456 :quia
2659 3386 2910 3456 eloquium
2950 3397 3089 3439 tuum
3125 3389 3385 3456 viriﬁcavit
3411 3405 3528 3456 me;

1948 3481 2006 3526 ut
2034 3488 2182 3542 spem
2229 3473 2350 3528 vita:
2378 3474 2624 3530 haberem
2660 3475 2926 3544 projectus
2954 3476 3005 3530 in
3033 3486 3279 3533 mortem.
3311 3479 3531 3550 Superbi

1947 3561 2117 3631 inique
2143 3565 2356 3633 agebant
2385 3580 2539 3634 usque
2559 3565 2702 3619 valde
2723 3581 2742 3618 :
2763 3564 2974 3634 q‘uaudo
2995 3567 3208 3635 quidem
3231 3583 3415 3621 eorum
3441 3583 3533 3623 su-

1950 3655 2184 3723 perbiam
2207 3669 2306 3708 nec
2327 3653 2592 3708 humilitas
2612 3655 2946 3710 mortalitatis
2965 3656 3219 3710 edomuit.
3247 3658 3288 3710 Α
3310 3657 3416 3728 lege
3435 3674 3532 3712 au-

1949 3753 2047 3804 tem
2089 3753 2176 3799 tua
2204 3761 2302 3799 non
2332 3745 2578 3800 declinavi
2602 3761 2622 3800 :
2649 3744 2789 3816 quod
2827 3759 2914 3802 me
2947 3743 3126 3802 facere
3160 3747 3420 3818 cogebant
3443 3764 3533 3805 su-

1951 3835 2122 3905 perbi.

2022 3929 2074 3983 5.
2105 3924 2252 3999 [vers.
2276 3925 2389 3999 52.]
2423 3925 2618 3980 Memor
2638 3926 3037 3998 [uijudiciorum
3058 3935 3256 3982 tuorum
3276 3945 3307 3982 a
3324 3931 3530 3998 sarculo,

1952 4018 2189 4083 Domine,
2219 4028 2266 4073 et
2294 4017 2580 4072 consolatus
2607 4033 2718 4072 sum
2742 4033 2760 4071 :
2783 4017 2888 4084 vel,
2915 4017 3053 4071 sicut
3081 4018 3167 4072 alii
3195 4019 3412 4074 codices
3441 4020 3534 4074 ha-

1952 4110 2102 4176 bent,
2132 4119 2176 4164 et
2202 4109 2492 4163 exhortatus
2512 4124 2662 4172 sum;
2691 4107 2743 4160 id
2765 4117 2863 4172 est,
2889 4106 3309 4164 exhortationem
3332 4111 3533 4180 accepi.

1953 4203 2246 4273 Utrumque
2275 4201 2415 4256 enim
2456 4200 2624 4272 potuit
2667 4200 3002 4268 interpretari
3031 4199 3097 4254 de
3126 4200 3290 4254 verbo
3316 4214 3492 4271 graeco
3517 4242 3532 4267 ,

1952 4293 2094 4364 quod
2131 4301 2210 4347 est
2241 4299 2548 4362 παρεκλήθην.
2579 4290 2618 4342 Α
2648 4289 2832 4344 sarculo
2858 4304 2984 4359 ergo
3013 4304 3078 4344 ex
3113 4305 3217 4359 quo
3243 4305 3410 4360 genus
3439 4291 3538 4346 lm-

1953 4397 2165 4443 manum
2197 4380 2421 4450 sumpsit
2449 4378 2745 4442 exordium,
2775 4395 2965 4432 memor
2987 4379 3063 4449 fui
3080 4379 3392 4448 judiciorum
3422 4389 3535 4434 tuo-

1952 4493 2066 4530 rum
2102 4489 2261 4545 super
2297 4488 2420 4528 vasa
2457 4473 2570 4540 ira»,
2606 4487 2722 4544 quae
2752 4471 2984 4540 perfecta
3011 4471 3027 4502 ³
3050 4479 3172 4524 sunt
3193 4472 3243 4524 in
3275 4471 3534 4541 perditio-

1955 4583 2078 4623 uem
2109 4585 2122 4620 :
2151 4575 2198 4620 et
2223 4565 2508 4620 consolatus
2535 4581 2646 4619 sum
2665 4605 2680 4630 ,
2709 4562 2832 4634 quia
2861 4577 2955 4633 per
2985 4563 3098 4616 haec
3121 4576 3328 4630 quoque
3351 4572 3537 4617 osten-

1955 4658 2077 4714 disti
2126 4656 2338 4711 divitias
2379 4655 2562 4725 gloria:
2601 4663 2706 4709 tuze
2749 4655 2800 4707 in
2845 4666 2970 4706 vasa
3011 4651 3391 4706 misericordiae
3436 4661 3538 4708 tuas

1957 4751 2131 4820 (Rom,
2166 4765 2236 4812 Ix,
2264 4747 2336 4801 2:2
2361 4757 2406 4801 et
2425 4747 2536 4817 25).

2027 4842 2079 4896 ϐ.
2114 4839 2262 4912 [vers.
2291 4839 2378 4904 55,
2411 4835 2500 4908 54]
2533 4854 2551 4887 t
2590 4834 2824 4889 Tardium
2851 4832 3074 4887 detinuit
3119 4847 3204 4886 me
3233 4847 3260 4884 a
3293 4841 3539 4902 peccato-

1958 4933 2102 4987 ribus
2140 4928 2563 5000 relinquentibus
2614 4925 2783 4993 legem
2833 4933 2994 4978 tuam.
3043 4921 3347 4977 Cantabiles
3387 4931 3538 4978 erant

1958 5025 2085 5079 mihi
2109 5022 2516 5094 justificatioues
2551 5026 2651 5070 tua:
2682 5017 2732 5070 in
2765 5016 2882 5068 loco
2915 5015 3175 5069 iueolatns
3204 5015 3306 5068 mei
3333 5031 3346 5065 :
3381 5030 3407 5066 ι
3430 5013 3535 5079 vel,

1959 5120 2096 5172 sicut
2128 5116 2216 5169 alii
2246 5113 2453 5168 codices
2480 5109 2696 5175 habent,
2722 5108 2774 5161 in
2811 5107 2922 5160 loco
2953 5105 3366 5176 peregrinationis
3389 5120 3535 5158 ntere.

1961 5209 2074 5278 Ipsa
2093 5214 2175 5259 est
2197 5204 2281 5257 illa
2296 5201 2567 5256 humilitas
2590 5199 2638 5252 in
2667 5199 2784 5252 loco
2801 5197 3137 5251 mortalitatis
3155 5195 3538 5266 peregrinantis

1961 5296 2189 5353 hominis
2217 5295 2284 5349 de
2330 5289 2572 5362 paradiso
2599 5298 2652 5342 et
2679 5289 2746 5343 de
2778 5289 2863 5342 illa
2899 5301 3123 5356 superna
3149 5285 3440 5340 Jerusalem
3474 5287 3494 5317 ²
3518 5325 3534 5352 ,

1962 5388 2102 5445 unde
2142 5385 2354 5458 quidam
2383 5380 2713 5438 descendens
2757 5379 2809 5433 in
2839 5377 3052 5434 Iericho
3078 5376 3263 5430 incidit
3293 5375 3344 5429 in
3373 5375 3535 5428 latro-

2027 5566 2040 5596 ¹
2072 5573 2172 5612 Αιιι.
2197 5569 2271 5611 Er.
2298 5567 2349 5611 et
2373 5558 2479 5608 fere
2497 5569 2670 5607 omnes
2688 5563 2812 5615 Mss,
2832 5556 3019 5622 parata.
3057 5612 3085 5623 Α
3239 5609 3251 5623 ,
3347 5607 3361 5623 ,
3399 5609 3411 5621 ,

2026 5628 2047 5658 ³
2163 5609 2286 5673 uss.
2313 5609 2383 5671 et
2405 5627 2480 5668 Er.
2503 5626 2557 5669 et
2573 5626 2703 5677 troia,
2727 5624 2772 5666 et
2796 5609 3188 5679 peregrinatimns
3232 5609 3432 5662 hontiuis
3478 5615 3541 5663 de

1966 5673 2194 5751 paradiso
2223 5691 2269 5737 et
2292 5683 2352 5735 de
2374 5679 2460 5734 illa
2481 5673 2698 5746 superna
2712 5673 2977 5728 Jerusalem
3000 5673 3155 5738 ejecti.
