  <div class='ocr_page' id='page_1' title='image "/cluster/home/n/w/nwhite01/storage/ocr_20150623/37/hvd.32044096580592/267.png"; bbox 0 0 3964 6204; ppageno 0'>
   <div class='ocr_carea' id='block_1_1' title="bbox 510 241 648 298">
    <p class='ocr_par' dir='ltr' id='par_1_1' title="bbox 510 241 648 298">
     <span class='ocr_line' id='line_1_1' title="bbox 510 241 648 298; baseline -0.022 0"><span class='ocrx_word' id='word_1_1' title='bbox 510 241 648 298; x_wconf 69' lang='grc'><strong>1545</strong></span> 
     </span>
    </p>
   </div>
   <div class='ocr_carea' id='block_1_2' title="bbox 503 339 2086 418">
    <p class='ocr_par' dir='ltr' id='par_1_2' title="bbox 503 339 2086 418">
     <span class='ocr_line' id='line_1_2' title="bbox 503 339 2086 418; baseline -0.007 -12"><span class='ocrx_word' id='word_1_2' title='bbox 503 367 601 406; x_wconf 87' lang='lat' dir='ltr'><strong>nes</strong></span> <span class='ocrx_word' id='word_1_3' title='bbox 632 368 644 404; x_wconf 90' lang='lat'><strong>:</strong></span> <span class='ocrx_word' id='word_1_4' title='bbox 675 347 770 404; x_wconf 88' lang='lat' dir='ltr'><strong>sed</strong></span> <span class='ocrx_word' id='word_1_5' title='bbox 815 353 1030 418; x_wconf 78' lang='lat' dir='ltr'><strong>prepter</strong></span> <span class='ocrx_word' id='word_1_6' title='bbox 1079 339 1494 396; x_wconf 85' lang='lat' dir='ltr'><strong>miscricordiam</strong></span> <span class='ocrx_word' id='word_1_7' title='bbox 1540 354 1658 409; x_wconf 68' lang='lat' dir='ltr'><strong>quae</strong></span> <span class='ocrx_word' id='word_1_8' title='bbox 1689 355 1784 409; x_wconf 87' lang='lat' dir='ltr'><strong>per</strong></span> <span class='ocrx_word' id='word_1_9' title='bbox 1811 341 1956 396; x_wconf 90' lang='lat' dir='ltr'><strong>illum</strong></span> <span class='ocrx_word' id='word_1_10' title='bbox 1986 341 2086 397; x_wconf 77' lang='lat' dir='ltr'><strong>Sa-</strong></span> 
     </span>
    </p>
   </div>
   <div class='ocr_carea' id='block_1_3' title="bbox 505 432 2091 504">
    <p class='ocr_par' dir='ltr' id='par_1_3' title="bbox 505 432 2091 504">
     <span class='ocr_line' id='line_1_3' title="bbox 505 432 2091 504; baseline -0.006 -7"><span class='ocrx_word' id='word_1_11' title='bbox 505 444 826 502; x_wconf 61' lang='lat' dir='ltr'><strong>n’taritanum</strong></span> <span class='ocrx_word' id='word_1_12' title='bbox 855 454 973 495; x_wconf 87' lang='lat' dir='ltr'><strong>cum</strong></span> <span class='ocrx_word' id='word_1_13' title='bbox 1003 437 1090 490; x_wconf 91' lang='lat' dir='ltr'><strong>illo</strong></span> <span class='ocrx_word' id='word_1_14' title='bbox 1113 435 1246 489; x_wconf 82' lang='lat' dir='ltr'><strong>facta</strong></span> <span class='ocrx_word' id='word_1_15' title='bbox 1275 443 1352 487; x_wconf 91' lang='lat' dir='ltr'><strong>est</strong></span> <span class='ocrx_word' id='word_1_16' title='bbox 1371 432 1520 504; x_wconf 88' lang='lat' dir='ltr'><strong>(Luc.</strong></span> <span class='ocrx_word' id='word_1_17' title='bbox 1555 447 1613 498; x_wconf 83' lang='lat' dir='ltr'><strong>x,</strong></span> <span class='ocrx_word' id='word_1_18' title='bbox 1641 433 1731 498; x_wconf 77' lang='lat'><strong>‘50,</strong></span> <span class='ocrx_word' id='word_1_19' title='bbox 1759 432 1871 503; x_wconf 82' lang='grc'><strong>³57),</strong></span> <span class='ocrx_word' id='word_1_20' title='bbox 1905 443 2091 488; x_wconf 82' lang='lat' dir='ltr'><strong>canta-</strong></span> 
     </span>
    </p>
   </div>
   <div class='ocr_carea' id='block_1_4' title="bbox 503 523 2092 596">
    <p class='ocr_par' dir='ltr' id='par_1_4' title="bbox 503 523 2092 596">
     <span class='ocr_line' id='line_1_4' title="bbox 503 523 2092 596; baseline -0.006 -7"><span class='ocrx_word' id='word_1_21' title='bbox 503 533 638 589; x_wconf 87' lang='lat' dir='ltr'><strong>biles</strong></span> <span class='ocrx_word' id='word_1_22' title='bbox 659 532 730 586; x_wconf 83' lang='lat' dir='ltr'><strong>illi</strong></span> <span class='ocrx_word' id='word_1_23' title='bbox 747 525 1316 596; x_wconf 84' lang='lat' dir='ltr'><strong>erantjustilicatioues</strong></span> <span class='ocrx_word' id='word_1_24' title='bbox 1336 524 1424 578; x_wconf 88' lang='lat' dir='ltr'><strong>Dei</strong></span> <span class='ocrx_word' id='word_1_25' title='bbox 1445 524 1494 576; x_wconf 87' lang='lat' dir='ltr'><strong>in</strong></span> <span class='ocrx_word' id='word_1_26' title='bbox 1514 523 1629 576; x_wconf 91' lang='lat' dir='ltr'><strong>loco</strong></span> <span class='ocrx_word' id='word_1_27' title='bbox 1646 524 2092 594; x_wconf 75' lang='lat' dir='ltr'><strong>peregrinationis</strong></span> 
     </span>
    </p>
   </div>
   <div class='ocr_carea' id='block_1_5' title="bbox 501 613 2091 690">
    <p class='ocr_par' dir='ltr' id='par_1_5' title="bbox 501 613 2091 690">
     <span class='ocr_line' id='line_1_5' title="bbox 501 613 2091 690; baseline -0.006 -13"><span class='ocrx_word' id='word_1_28' title='bbox 501 638 649 686; x_wconf 77' lang='lat' dir='ltr'><strong>sure;</strong></span> <span class='ocrx_word' id='word_1_29' title='bbox 682 619 924 690; x_wconf 84' lang='lat' dir='ltr'><strong>quamvis</strong></span> <span class='ocrx_word' id='word_1_30' title='bbox 969 631 1091 671; x_wconf 91' lang='lat' dir='ltr'><strong>eum</strong></span> <span class='ocrx_word' id='word_1_31' title='bbox 1141 613 1354 668; x_wconf 64' lang='lat' dir='ltr'><strong>taedium</strong></span> <span class='ocrx_word' id='word_1_32' title='bbox 1402 621 1608 666; x_wconf 89' lang='lat' dir='ltr'><strong>teneret</strong></span> <span class='ocrx_word' id='word_1_33' title='bbox 1649 627 1684 665; x_wconf 88' lang='lat' dir='ltr'><strong>a—</strong></span> <span class='ocrx_word' id='word_1_34' title='bbox 1725 613 2091 681; x_wconf 80' lang='lat' dir='ltr'><strong>peccatoribus</strong></span> 
     </span>
    </p>
   </div>
   <div class='ocr_carea' id='block_1_6' title="bbox 502 702 2091 781">
    <p class='ocr_par' dir='ltr' id='par_1_6' title="bbox 502 702 2091 781">
     <span class='ocr_line' id='line_1_6' title="bbox 502 702 2091 781; baseline -0.007 -13"><span class='ocrx_word' id='word_1_35' title='bbox 502 708 924 781; x_wconf 87' lang='lat' dir='ltr'><strong>relinquentibus</strong></span> <span class='ocrx_word' id='word_1_36' title='bbox 949 706 1119 776; x_wconf 87' lang='lat' dir='ltr'><strong>legem</strong></span> <span class='ocrx_word' id='word_1_37' title='bbox 1149 703 1262 767; x_wconf 91' lang='lat' dir='ltr'><strong>Dei,</strong></span> <span class='ocrx_word' id='word_1_38' title='bbox 1288 703 1409 770; x_wconf 82' lang='lat' dir='ltr'><strong>quia</strong></span> <span class='ocrx_word' id='word_1_39' title='bbox 1440 717 1559 756; x_wconf 89' lang='lat' dir='ltr'><strong>cum</strong></span> <span class='ocrx_word' id='word_1_40' title='bbox 1588 702 1666 757; x_wconf 90' lang='lat' dir='ltr'><strong>eis</strong></span> <span class='ocrx_word' id='word_1_41' title='bbox 1695 717 1795 756; x_wconf 92' lang='lat' dir='ltr'><strong>con</strong></span> <span class='ocrx_word' id='word_1_42' title='bbox 1807 704 2008 757; x_wconf 84' lang='lat' dir='ltr'><strong>versari</strong></span> <span class='ocrx_word' id='word_1_43' title='bbox 2039 704 2091 758; x_wconf 91' lang='lat' dir='ltr'><strong>in</strong></span> 
     </span>
    </p>
   </div>
   <div class='ocr_carea' id='block_1_7' title="bbox 502 795 2085 866">
    <p class='ocr_par' dir='ltr' id='par_1_7' title="bbox 502 795 2085 866">
     <span class='ocr_line' id='line_1_7' title="bbox 502 795 2085 866; baseline -0.006 -8"><span class='ocrx_word' id='word_1_44' title='bbox 502 805 601 858; x_wconf 88' lang='lat' dir='ltr'><strong>hac</strong></span> <span class='ocrx_word' id='word_1_45' title='bbox 625 800 728 856; x_wconf 82' lang='lat' dir='ltr'><strong>vita</strong></span> <span class='ocrx_word' id='word_1_46' title='bbox 754 801 836 854; x_wconf 85' lang='lat' dir='ltr'><strong>vel</strong></span> <span class='ocrx_word' id='word_1_47' title='bbox 858 799 931 854; x_wconf 88' lang='lat' dir='ltr'><strong>ad.</strong></span> <span class='ocrx_word' id='word_1_48' title='bbox 957 810 1165 866; x_wconf 84' lang='lat' dir='ltr'><strong>tempus</strong></span> <span class='ocrx_word' id='word_1_49' title='bbox 1187 797 1411 866; x_wconf 85' lang='lat' dir='ltr'><strong>cogitur,</strong></span> <span class='ocrx_word' id='word_1_50' title='bbox 1440 795 1612 850; x_wconf 89' lang='lat' dir='ltr'><strong>donec</strong></span> <span class='ocrx_word' id='word_1_51' title='bbox 1633 810 1754 850; x_wconf 87' lang='lat' dir='ltr'><strong>area</strong></span> <span class='ocrx_word' id='word_1_52' title='bbox 1771 797 2085 850; x_wconf 71' lang='lat' dir='ltr'><strong>ventilatur.</strong></span> 
     </span>
    </p>
   </div>
   <div class='ocr_carea' id='block_1_8' title="bbox 501 886 2091 955">
    <p class='ocr_par' dir='ltr' id='par_1_8' title="bbox 501 886 2091 955">
     <span class='ocr_line' id='line_1_8' title="bbox 501 886 2091 955; baseline -0.004 -7"><span class='ocrx_word' id='word_1_53' title='bbox 501 894 733 948; x_wconf 85' lang='lat' dir='ltr'><strong>Possunt</strong></span> <span class='ocrx_word' id='word_1_54' title='bbox 753 901 934 948; x_wconf 84' lang='lat' dir='ltr'><strong>autem</strong></span> <span class='ocrx_word' id='word_1_55' title='bbox 954 889 1037 943; x_wconf 87' lang='lat' dir='ltr'><strong>isti</strong></span> <span class='ocrx_word' id='word_1_56' title='bbox 1059 890 1166 948; x_wconf 88' lang='lat' dir='ltr'><strong>duo</strong></span> <span class='ocrx_word' id='word_1_57' title='bbox 1190 901 1374 945; x_wconf 88' lang='lat' dir='ltr'><strong>versus</strong></span> <span class='ocrx_word' id='word_1_58' title='bbox 1389 886 1455 944; x_wconf 87' lang='lat' dir='ltr'><strong>ad</strong></span> <span class='ocrx_word' id='word_1_59' title='bbox 1477 887 1712 954; x_wconf 89' lang='lat' dir='ltr'><strong>singulas</strong></span> <span class='ocrx_word' id='word_1_60' title='bbox 1742 897 1918 955; x_wconf 89' lang='lat' dir='ltr'><strong>partes</strong></span> <span class='ocrx_word' id='word_1_61' title='bbox 1936 887 2091 941; x_wconf 89' lang='lat' dir='ltr'><strong>unius</strong></span> 
     </span>
    </p>
   </div>
   <div class='ocr_carea' id='block_1_9' title="bbox 499 974 2090 1051">
    <p class='ocr_par' dir='ltr' id='par_1_9' title="bbox 499 974 2090 1051">
     <span class='ocr_line' id='line_1_9' title="bbox 499 974 2090 1051; baseline -0.004 -15"><span class='ocrx_word' id='word_1_62' title='bbox 499 981 788 1051; x_wconf 82' lang='lat' dir='ltr'><strong>superioris</strong></span> <span class='ocrx_word' id='word_1_63' title='bbox 823 979 991 1048; x_wconf 84' lang='lat' dir='ltr'><strong>aptari</strong></span> <span class='ocrx_word' id='word_1_64' title='bbox 1021 995 1035 1032; x_wconf 90' lang='lat'><strong>:</strong></span> <span class='ocrx_word' id='word_1_65' title='bbox 1071 985 1127 1034; x_wconf 92' lang='lat' dir='ltr'><strong>ut</strong></span> <span class='ocrx_word' id='word_1_66' title='bbox 1155 975 1297 1046; x_wconf 88' lang='lat' dir='ltr'><strong>quod</strong></span> <span class='ocrx_word' id='word_1_67' title='bbox 1323 976 1414 1040; x_wconf 89' lang='lat' dir='ltr'><strong>ait,</strong></span> <span class='ocrx_word' id='word_1_68' title='bbox 1449 974 1645 1028; x_wconf 79' lang='lat' dir='ltr'><strong>Memor</strong></span> <span class='ocrx_word' id='word_1_69' title='bbox 1679 975 1755 1042; x_wconf 79' lang='lat' dir='ltr'><strong>[ui</strong></span> <span class='ocrx_word' id='word_1_70' title='bbox 1772 976 2090 1046; x_wconf 74' lang='lat' dir='ltr'><strong>jutticiorum</strong></span> 
     </span>
    </p>
   </div>
   <div class='ocr_carea' id='block_1_10' title="bbox 499 1065 2090 1138">
    <p class='ocr_par' dir='ltr' id='par_1_10' title="bbox 499 1065 2090 1138">
     <span class='ocr_line' id='line_1_10' title="bbox 499 1065 2090 1138; baseline -0.005 -9"><span class='ocrx_word' id='word_1_71' title='bbox 499 1085 701 1130; x_wconf 84' lang='lat' dir='ltr'><strong>tuorum</strong></span> <span class='ocrx_word' id='word_1_72' title='bbox 730 1091 760 1128; x_wconf 90' lang='lat' dir='ltr'><strong>a</strong></span> <span class='ocrx_word' id='word_1_73' title='bbox 789 1072 993 1138; x_wconf 65' lang='lat' dir='ltr'><strong>sarculo,</strong></span> <span class='ocrx_word' id='word_1_74' title='bbox 1032 1070 1280 1132; x_wconf 83' lang='lat' dir='ltr'><strong>Domine,</strong></span> <span class='ocrx_word' id='word_1_75' title='bbox 1311 1068 1374 1121; x_wconf 90' lang='lat' dir='ltr'><strong>ad</strong></span> <span class='ocrx_word' id='word_1_76' title='bbox 1407 1068 1508 1122; x_wconf 86' lang='lat' dir='ltr'><strong>hoc</strong></span> <span class='ocrx_word' id='word_1_77' title='bbox 1547 1065 1827 1133; x_wconf 75' lang='lat' dir='ltr'><strong>referatur,</strong></span> <span class='ocrx_word' id='word_1_78' title='bbox 1864 1067 2090 1121; x_wconf 63' lang='lat' dir='ltr'><strong>Taedium</strong></span> 
     </span>
    </p>
   </div>
   <div class='ocr_carea' id='block_1_11' title="bbox 498 1157 2090 1232">
    <p class='ocr_par' dir='ltr' id='par_1_11' title="bbox 498 1157 2090 1232">
     <span class='ocr_line' id='line_1_11' title="bbox 498 1157 2090 1232; baseline -0.004 -13"><span class='ocrx_word' id='word_1_79' title='bbox 498 1166 709 1222; x_wconf 79' lang='lat' dir='ltr'><strong>detinuit</strong></span> <span class='ocrx_word' id='word_1_80' title='bbox 727 1181 803 1220; x_wconf 87' lang='lat' dir='ltr'><strong>me</strong></span> <span class='ocrx_word' id='word_1_81' title='bbox 821 1180 853 1220; x_wconf 80' lang='grc' dir='ltr'><em>α</em></span> <span class='ocrx_word' id='word_1_82' title='bbox 875 1161 1242 1232; x_wconf 77' lang='lat' dir='ltr'><strong>pecccaton&#39;bus</strong></span> <span class='ocrx_word' id='word_1_83' title='bbox 1257 1157 1705 1220; x_wconf 74' lang='lat' dir='ltr'><strong>derelinquentibus</strong></span> <span class='ocrx_word' id='word_1_84' title='bbox 1731 1157 1887 1228; x_wconf 84' lang='lat' dir='ltr'><strong>legem</strong></span> <span class='ocrx_word' id='word_1_85' title='bbox 1911 1165 2052 1211; x_wconf 88' lang='lat' dir='ltr'><strong>tuam</strong></span> <span class='ocrx_word' id='word_1_86' title='bbox 2069 1174 2090 1213; x_wconf 89' lang='lat'><strong><em>:</em></strong></span> 
     </span>
    </p>
   </div>
   <div class='ocr_carea' id='block_1_12' title="bbox 497 1247 2086 1327">
    <p class='ocr_par' dir='ltr' id='par_1_12' title="bbox 497 1247 2086 1327">
     <span class='ocr_line' id='line_1_12' title="bbox 497 1247 2086 1327; baseline -0.006 -15"><span class='ocrx_word' id='word_1_87' title='bbox 497 1257 638 1327; x_wconf 88' lang='lat' dir='ltr'><strong>quod</strong></span> <span class='ocrx_word' id='word_1_88' title='bbox 660 1270 788 1311; x_wconf 76' lang='lat' dir='ltr'><strong>vero</strong></span> <span class='ocrx_word' id='word_1_89' title='bbox 815 1254 885 1308; x_wconf 88' lang='lat' dir='ltr'><strong>ibi</strong></span> <span class='ocrx_word' id='word_1_90' title='bbox 911 1254 1006 1317; x_wconf 88' lang='lat' dir='ltr'><strong>ait,</strong></span> <span class='ocrx_word' id='word_1_91' title='bbox 1031 1250 1099 1306; x_wconf 88' lang='lat' dir='ltr'><strong>Et</strong></span> <span class='ocrx_word' id='word_1_92' title='bbox 1119 1250 1403 1305; x_wconf 68' lang='lat' dir='ltr'><strong>consolatus</strong></span> <span class='ocrx_word' id='word_1_93' title='bbox 1418 1265 1530 1302; x_wconf 86' lang='lat' dir='ltr'><strong>sum</strong></span> <span class='ocrx_word' id='word_1_94' title='bbox 1551 1264 1570 1312; x_wconf 87' lang='lat'><strong>;</strong></span> <span class='ocrx_word' id='word_1_95' title='bbox 1591 1247 1656 1300; x_wconf 89' lang='lat' dir='ltr'><strong>ad</strong></span> <span class='ocrx_word' id='word_1_96' title='bbox 1681 1247 1781 1300; x_wconf 89' lang='lat' dir='ltr'><strong>hoc</strong></span> <span class='ocrx_word' id='word_1_97' title='bbox 1803 1247 2086 1315; x_wconf 83' lang='lat' dir='ltr'><strong>referatur,</strong></span> 
     </span>
    </p>
   </div>
   <div class='ocr_carea' id='block_1_13' title="bbox 497 1337 2089 1412">
    <p class='ocr_par' dir='ltr' id='par_1_13' title="bbox 497 1337 2089 1412">
     <span class='ocr_line' id='line_1_13' title="bbox 497 1337 2089 1412; baseline -0.006 -10"><span class='ocrx_word' id='word_1_98' title='bbox 497 1347 782 1410; x_wconf 82' lang='lat' dir='ltr'><strong>Cantabiles</strong></span> <span class='ocrx_word' id='word_1_99' title='bbox 804 1346 926 1398; x_wconf 83' lang='lat' dir='ltr'><strong>mihi</strong></span> <span class='ocrx_word' id='word_1_100' title='bbox 944 1351 1084 1398; x_wconf 82' lang='lat' dir='ltr'><strong>erant</strong></span> <span class='ocrx_word' id='word_1_101' title='bbox 1103 1340 1492 1412; x_wconf 80' lang='lat' dir='ltr'><strong>justi/icationes</strong></span> <span class='ocrx_word' id='word_1_102' title='bbox 1513 1346 1614 1391; x_wconf 71' lang='lat' dir='ltr'><strong>tuae</strong></span> <span class='ocrx_word' id='word_1_103' title='bbox 1641 1337 1694 1391; x_wconf 88' lang='lat' dir='ltr'><strong>in</strong></span> <span class='ocrx_word' id='word_1_104' title='bbox 1737 1337 1846 1392; x_wconf 89' lang='lat' dir='ltr'><strong>loco</strong></span> <span class='ocrx_word' id='word_1_105' title='bbox 1869 1339 2089 1409; x_wconf 85' lang='lat' dir='ltr'><strong>peregri-</strong></span> 
     </span>
    </p>
   </div>
   <div class='ocr_carea' id='block_1_14' title="bbox 500 1438 886 1491">
    <p class='ocr_par' dir='ltr' id='par_1_14' title="bbox 500 1438 886 1491">
     <span class='ocr_line' id='line_1_14' title="bbox 500 1438 886 1491; baseline -0.005 -1"><span class='ocrx_word' id='word_1_106' title='bbox 500 1438 719 1491; x_wconf 78' lang='lat' dir='ltr'><strong>nationis</strong></span> <span class='ocrx_word' id='word_1_107' title='bbox 746 1450 886 1489; x_wconf 65' lang='lat' dir='ltr'><strong>ntere.</strong></span> 
     </span>
    </p>
   </div>
   <div class='ocr_carea' id='block_1_15' title="bbox 570 1519 2090 1598">
    <p class='ocr_par' dir='ltr' id='par_1_15' title="bbox 570 1519 2090 1598">
     <span class='ocr_line' id='line_1_15' title="bbox 570 1519 2090 1598; baseline -0.004 -18"><span class='ocrx_word' id='word_1_108' title='bbox 570 1529 621 1580; x_wconf 83' lang='lat'><strong>7.</strong></span> <span class='ocrx_word' id='word_1_109' title='bbox 663 1526 810 1598; x_wconf 85' lang='lat' dir='ltr'><strong>[vers.</strong></span> <span class='ocrx_word' id='word_1_110' title='bbox 839 1523 952 1595; x_wconf 75' lang='lat'><strong>55.]</strong></span> <span class='ocrx_word' id='word_1_111' title='bbox 981 1522 1205 1588; x_wconf 84' lang='lat' dir='ltr'><strong>Mentor,</strong></span> <span class='ocrx_word' id='word_1_112' title='bbox 1239 1521 1441 1591; x_wconf 84' lang='lat' dir='ltr'><strong>inquit,</strong></span> <span class='ocrx_word' id='word_1_113' title='bbox 1484 1519 1562 1590; x_wconf 76' lang='lat' dir='ltr'><strong>fui</strong></span> <span class='ocrx_word' id='word_1_114' title='bbox 1598 1519 1648 1572; x_wconf 88' lang='lat' dir='ltr'><strong>in</strong></span> <span class='ocrx_word' id='word_1_115' title='bbox 1694 1529 1838 1572; x_wconf 89' lang='lat' dir='ltr'><strong>nocte</strong></span> <span class='ocrx_word' id='word_1_116' title='bbox 1867 1520 2090 1574; x_wconf 86' lang='lat' dir='ltr'><strong>nominis</strong></span> 
     </span>
    </p>
   </div>
   <div class='ocr_carea' id='block_1_16' title="bbox 503 1609 2090 1683">
    <p class='ocr_par' dir='ltr' id='par_1_16' title="bbox 503 1609 2090 1683">
     <span class='ocr_line' id='line_1_16' title="bbox 503 1609 2090 1683; baseline -0.005 -13"><span class='ocrx_word' id='word_1_117' title='bbox 503 1619 595 1683; x_wconf 88' lang='lat' dir='ltr'><strong>tui,</strong></span> <span class='ocrx_word' id='word_1_118' title='bbox 627 1616 862 1678; x_wconf 87' lang='lat' dir='ltr'><strong>Domine,</strong></span> <span class='ocrx_word' id='word_1_119' title='bbox 895 1624 940 1668; x_wconf 88' lang='lat' dir='ltr'><strong>et</strong></span> <span class='ocrx_word' id='word_1_120' title='bbox 970 1614 1213 1668; x_wconf 75' lang='lat' dir='ltr'><strong>custodiri</strong></span> <span class='ocrx_word' id='word_1_121' title='bbox 1242 1613 1396 1682; x_wconf 82' lang='lat' dir='ltr'><strong>legem</strong></span> <span class='ocrx_word' id='word_1_122' title='bbox 1431 1621 1586 1664; x_wconf 87' lang='lat' dir='ltr'><strong>tuam.</strong></span> <span class='ocrx_word' id='word_1_123' title='bbox 1620 1609 1734 1665; x_wconf 80' lang='lat' dir='ltr'><strong>Nox</strong></span> <span class='ocrx_word' id='word_1_124' title='bbox 1763 1618 1844 1664; x_wconf 85' lang='lat' dir='ltr'><strong>est</strong></span> <span class='ocrx_word' id='word_1_125' title='bbox 1875 1610 1960 1664; x_wconf 87' lang='lat' dir='ltr'><strong>illa</strong></span> <span class='ocrx_word' id='word_1_126' title='bbox 1992 1609 2090 1662; x_wconf 86' lang='lat' dir='ltr'><strong>hu-</strong></span> 
     </span>
    </p>
   </div>
   <div class='ocr_carea' id='block_1_17' title="bbox 502 1702 2090 1769">
    <p class='ocr_par' dir='ltr' id='par_1_17' title="bbox 502 1702 2090 1769">
     <span class='ocr_line' id='line_1_17' title="bbox 502 1702 2090 1769; baseline -0.005 -5"><span class='ocrx_word' id='word_1_127' title='bbox 502 1709 701 1764; x_wconf 85' lang='lat' dir='ltr'><strong>militas</strong></span> <span class='ocrx_word' id='word_1_128' title='bbox 726 1748 740 1769; x_wconf 86' lang='lat'><strong>,</strong></span> <span class='ocrx_word' id='word_1_129' title='bbox 775 1705 863 1760; x_wconf 82' lang='lat' dir='ltr'><strong>tibi</strong></span> <span class='ocrx_word' id='word_1_130' title='bbox 900 1716 982 1760; x_wconf 87' lang='lat' dir='ltr'><strong>est</strong></span> <span class='ocrx_word' id='word_1_131' title='bbox 1011 1704 1344 1760; x_wconf 86' lang='lat' dir='ltr'><strong>mortalitatis</strong></span> <span class='ocrx_word' id='word_1_132' title='bbox 1370 1717 1642 1766; x_wconf 84' lang='lat' dir='ltr'><strong>aerumna;</strong></span> <span class='ocrx_word' id='word_1_133' title='bbox 1675 1717 1777 1755; x_wconf 90' lang='lat' dir='ltr'><strong>nox</strong></span> <span class='ocrx_word' id='word_1_134' title='bbox 1806 1710 1889 1756; x_wconf 86' lang='lat' dir='ltr'><strong>est</strong></span> <span class='ocrx_word' id='word_1_135' title='bbox 1918 1702 1969 1756; x_wconf 91' lang='lat' dir='ltr'><strong>in</strong></span> <span class='ocrx_word' id='word_1_136' title='bbox 1998 1717 2090 1756; x_wconf 88' lang='lat' dir='ltr'><strong>su-</strong></span> 
     </span>
    </p>
   </div>
   <div class='ocr_carea' id='block_1_18' title="bbox 500 1791 2087 1870">
    <p class='ocr_par' dir='ltr' id='par_1_18' title="bbox 500 1791 2087 1870">
     <span class='ocr_line' id='line_1_18' title="bbox 500 1791 2087 1870; baseline -0.004 -16"><span class='ocrx_word' id='word_1_137' title='bbox 500 1799 679 1870; x_wconf 89' lang='lat' dir='ltr'><strong>perbis</strong></span> <span class='ocrx_word' id='word_1_138' title='bbox 705 1797 884 1868; x_wconf 88' lang='lat' dir='ltr'><strong>inique</strong></span> <span class='ocrx_word' id='word_1_139' title='bbox 915 1795 1194 1865; x_wconf 82' lang='lat' dir='ltr'><strong>agentibus</strong></span> <span class='ocrx_word' id='word_1_140' title='bbox 1222 1807 1388 1863; x_wconf 90' lang='lat' dir='ltr'><strong>usque</strong></span> <span class='ocrx_word' id='word_1_141' title='bbox 1417 1792 1599 1858; x_wconf 85' lang='lat' dir='ltr'><strong>valde,</strong></span> <span class='ocrx_word' id='word_1_142' title='bbox 1645 1808 1746 1847; x_wconf 78' lang='lat' dir='ltr'><strong>nox</strong></span> <span class='ocrx_word' id='word_1_143' title='bbox 1787 1794 1841 1846; x_wconf 91' lang='lat' dir='ltr'><strong>in</strong></span> <span class='ocrx_word' id='word_1_144' title='bbox 1871 1791 2029 1847; x_wconf 68' lang='lat' dir='ltr'><strong>tredio</strong></span> <span class='ocrx_word' id='word_1_145' title='bbox 2057 1807 2087 1847; x_wconf 89' lang='lat' dir='ltr'><strong>a</strong></span> 
     </span>
    </p>
   </div>
   <div class='ocr_carea' id='block_1_19' title="bbox 497 1883 2089 1962">
    <p class='ocr_par' dir='ltr' id='par_1_19' title="bbox 497 1883 2089 1962">
     <span class='ocr_line' id='line_1_19' title="bbox 497 1883 2089 1962; baseline -0.006 -18"><span class='ocrx_word' id='word_1_146' title='bbox 497 1889 868 1962; x_wconf 89' lang='lat' dir='ltr'><strong>peccatoribus</strong></span> <span class='ocrx_word' id='word_1_147' title='bbox 902 1884 1326 1954; x_wconf 85' lang='lat' dir='ltr'><strong>relinquentibus</strong></span> <span class='ocrx_word' id='word_1_148' title='bbox 1360 1883 1530 1952; x_wconf 89' lang='lat' dir='ltr'><strong>legem</strong></span> <span class='ocrx_word' id='word_1_149' title='bbox 1572 1883 1696 1949; x_wconf 89' lang='lat' dir='ltr'><strong>Dei;</strong></span> <span class='ocrx_word' id='word_1_150' title='bbox 1729 1897 1831 1962; x_wconf 80' lang='lat' dir='ltr'><strong>nox</strong></span> <span class='ocrx_word' id='word_1_151' title='bbox 1862 1889 1943 1937; x_wconf 91' lang='lat' dir='ltr'><strong>est</strong></span> <span class='ocrx_word' id='word_1_152' title='bbox 1967 1895 2089 1950; x_wconf 82' lang='lat' dir='ltr'><strong>pos-</strong></span> 
     </span>
    </p>
   </div>
   <div class='ocr_carea' id='block_1_20' title="bbox 501 1958 2090 2046">
    <p class='ocr_par' dir='ltr' id='par_1_20' title="bbox 501 1958 2090 2046">
     <span class='ocr_line' id='line_1_20' title="bbox 501 1958 2090 2046; baseline -0.005 -12"><span class='ocrx_word' id='word_1_153' title='bbox 501 1992 674 2034; x_wconf 87' lang='lat' dir='ltr'><strong>tremo</strong></span> <span class='ocrx_word' id='word_1_154' title='bbox 717 1981 768 2033; x_wconf 89' lang='lat' dir='ltr'><strong>in</strong></span> <span class='ocrx_word' id='word_1_155' title='bbox 820 1978 939 2032; x_wconf 90' lang='lat' dir='ltr'><strong>loco</strong></span> <span class='ocrx_word' id='word_1_156' title='bbox 984 1974 1425 2046; x_wconf 74' lang='lat' dir='ltr'><strong>peregrinationis</strong></span> <span class='ocrx_word' id='word_1_157' title='bbox 1475 1973 1650 2042; x_wconf 83' lang='lat' dir='ltr'><strong>hujus,</strong></span> <span class='ocrx_word' id='word_1_158' title='bbox 1696 1958 1867 2027; x_wconf 84' lang='lat' dir='ltr'><strong>donec</strong></span> <span class='ocrx_word' id='word_1_159' title='bbox 1911 1972 2090 2026; x_wconf 83' lang='lat' dir='ltr'><strong>veniat</strong></span> 
     </span>
    </p>
   </div>
   <div class='ocr_carea' id='block_1_21' title="bbox 499 2065 2090 2137">
    <p class='ocr_par' dir='ltr' id='par_1_21' title="bbox 499 2065 2090 2137">
     <span class='ocr_line' id='line_1_21' title="bbox 499 2065 2090 2137; baseline -0.005 -9"><span class='ocrx_word' id='word_1_160' title='bbox 499 2073 796 2137; x_wconf 81' lang='lat' dir='ltr'><strong>Dominus,</strong></span> <span class='ocrx_word' id='word_1_161' title='bbox 839 2079 890 2124; x_wconf 89' lang='lat' dir='ltr'><strong>et</strong></span> <span class='ocrx_word' id='word_1_162' title='bbox 940 2068 1201 2122; x_wconf 85' lang='lat' dir='ltr'><strong>illum-incl.</strong></span> <span class='ocrx_word' id='word_1_163' title='bbox 1249 2065 1558 2122; x_wconf 88' lang='lat' dir='ltr'><strong>abscondita</strong></span> <span class='ocrx_word' id='word_1_164' title='bbox 1609 2066 1984 2129; x_wconf 83' lang='lat' dir='ltr'><strong>tenebrarum,</strong></span> <span class='ocrx_word' id='word_1_165' title='bbox 2033 2072 2090 2120; x_wconf 87' lang='lat' dir='ltr'><strong>et</strong></span> 
     </span>
    </p>
   </div>
   <div class='ocr_carea' id='block_1_22' title="bbox 498 2155 2096 2229">
    <p class='ocr_par' dir='ltr' id='par_1_22' title="bbox 498 2155 2096 2229">
     <span class='ocr_line' id='line_1_22' title="bbox 498 2155 2096 2229; baseline -0.008 -13"><span class='ocrx_word' id='word_1_166' title='bbox 498 2161 859 2217; x_wconf 80' lang='lat' dir='ltr'><strong>ntauifestabit</strong></span> <span class='ocrx_word' id='word_1_167' title='bbox 902 2159 1249 2229; x_wconf 77' lang='lat' dir='ltr'><strong>cogitationes</strong></span> <span class='ocrx_word' id='word_1_168' title='bbox 1295 2156 1504 2221; x_wconf 84' lang='lat' dir='ltr'><strong>cordis,</strong></span> <span class='ocrx_word' id='word_1_169' title='bbox 1556 2164 1611 2210; x_wconf 89' lang='lat' dir='ltr'><strong>ct</strong></span> <span class='ocrx_word' id='word_1_170' title='bbox 1655 2166 1781 2211; x_wconf 87' lang='lat' dir='ltr'><strong>tunc</strong></span> <span class='ocrx_word' id='word_1_171' title='bbox 1824 2155 1938 2210; x_wconf 86' lang='lat' dir='ltr'><strong>laus</strong></span> <span class='ocrx_word' id='word_1_172' title='bbox 1984 2155 2096 2209; x_wconf 33' lang='lat' dir='ltr'><strong>erit.</strong></span> 
     </span>
    </p>
   </div>
   <div class='ocr_carea' id='block_1_23' title="bbox 499 2244 2089 2321">
    <p class='ocr_par' dir='ltr' id='par_1_23' title="bbox 499 2244 2089 2321">
     <span class='ocr_line' id='line_1_23' title="bbox 499 2244 2089 2321; baseline -0.003 -15"><span class='ocrx_word' id='word_1_173' title='bbox 499 2253 782 2321; x_wconf 78' lang='lat' dir='ltr'><strong>unicuique</strong></span> <span class='ocrx_word' id='word_1_174' title='bbox 820 2266 848 2303; x_wconf 91' lang='lat' dir='ltr'><strong>a</strong></span> <span class='ocrx_word' id='word_1_175' title='bbox 891 2250 1000 2304; x_wconf 89' lang='lat' dir='ltr'><strong>Deo</strong></span> <span class='ocrx_word' id='word_1_176' title='bbox 1042 2247 1100 2310; x_wconf 91' lang='lat' dir='ltr'><strong>(l</strong></span> <span class='ocrx_word' id='word_1_177' title='bbox 1141 2247 1258 2300; x_wconf 82' lang='lat' dir='ltr'><strong>Cor.</strong></span> <span class='ocrx_word' id='word_1_178' title='bbox 1304 2262 1389 2310; x_wconf 85' lang='lat' dir='ltr'><strong>tv,</strong></span> <span class='ocrx_word' id='word_1_179' title='bbox 1433 2246 1508 2317; x_wconf 83' lang='lat'><strong>5).</strong></span> <span class='ocrx_word' id='word_1_180' title='bbox 1550 2244 1607 2299; x_wconf 92' lang='lat' dir='ltr'><strong>ln</strong></span> <span class='ocrx_word' id='word_1_181' title='bbox 1651 2245 1748 2298; x_wconf 87' lang='lat' dir='ltr'><strong>hat:</strong></span> <span class='ocrx_word' id='word_1_182' title='bbox 1776 2259 1902 2314; x_wconf 87' lang='lat' dir='ltr'><strong>ergo</strong></span> <span class='ocrx_word' id='word_1_183' title='bbox 1933 2253 2089 2301; x_wconf 88' lang='lat' dir='ltr'><strong>nocte</strong></span> 
     </span>
    </p>
   </div>
   <div class='ocr_carea' id='block_1_24' title="bbox 501 2334 2087 2405">
    <p class='ocr_par' dir='ltr' id='par_1_24' title="bbox 501 2334 2087 2405">
     <span class='ocr_line' id='line_1_24' title="bbox 501 2334 2087 2405; baseline -0.006 -8"><span class='ocrx_word' id='word_1_184' title='bbox 501 2357 708 2397; x_wconf 87' lang='lat' dir='ltr'><strong>memor</strong></span> <span class='ocrx_word' id='word_1_185' title='bbox 739 2342 898 2394; x_wconf 88' lang='lat' dir='ltr'><strong>homo</strong></span> <span class='ocrx_word' id='word_1_186' title='bbox 922 2354 1041 2394; x_wconf 85' lang='lat' dir='ltr'><strong>esse</strong></span> <span class='ocrx_word' id='word_1_187' title='bbox 1071 2338 1228 2403; x_wconf 82' lang='lat' dir='ltr'><strong>debet</strong></span> <span class='ocrx_word' id='word_1_188' title='bbox 1257 2337 1485 2392; x_wconf 84' lang='lat' dir='ltr'><strong>nominis</strong></span> <span class='ocrx_word' id='word_1_189' title='bbox 1531 2336 1654 2400; x_wconf 90' lang='lat' dir='ltr'><strong>Dei,</strong></span> <span class='ocrx_word' id='word_1_190' title='bbox 1689 2344 1745 2388; x_wconf 87' lang='lat' dir='ltr'><strong>ttt</strong></span> <span class='ocrx_word' id='word_1_191' title='bbox 1772 2334 1860 2404; x_wconf 87' lang='lat' dir='ltr'><strong>qui</strong></span> <span class='ocrx_word' id='word_1_192' title='bbox 1888 2334 2087 2405; x_wconf 87' lang='lat' dir='ltr'><strong>gloria-</strong></span> 
     </span>
    </p>
   </div>
   <div class='ocr_carea' id='block_1_25' title="bbox 499 2424 2089 2499">
    <p class='ocr_par' dir='ltr' id='par_1_25' title="bbox 499 2424 2089 2499">
     <span class='ocr_line' id='line_1_25' title="bbox 499 2424 2089 2499; baseline -0.006 -10"><span class='ocrx_word' id='word_1_193' title='bbox 499 2444 605 2499; x_wconf 96' lang='lat' dir='ltr'><strong>tur,</strong></span> <span class='ocrx_word' id='word_1_194' title='bbox 641 2434 692 2487; x_wconf 91' lang='lat' dir='ltr'><strong>in</strong></span> <span class='ocrx_word' id='word_1_195' title='bbox 725 2431 950 2486; x_wconf 88' lang='lat' dir='ltr'><strong>Domino</strong></span> <span class='ocrx_word' id='word_1_196' title='bbox 973 2430 1229 2499; x_wconf 82' lang='lat' dir='ltr'><strong>glorietur</strong></span> <span class='ocrx_word' id='word_1_197' title='bbox 1259 2425 1369 2495; x_wconf 90' lang='lat' dir='ltr'><strong>(Id.</strong></span> <span class='ocrx_word' id='word_1_198' title='bbox 1399 2443 1436 2488; x_wconf 89' lang='grc' dir='ltr'><strong>ι,</strong></span> <span class='ocrx_word' id='word_1_199' title='bbox 1469 2424 1559 2495; x_wconf 77' lang='grc'><strong>51)</strong></span> <span class='ocrx_word' id='word_1_200' title='bbox 1588 2442 1600 2479; x_wconf 93' lang='lat'><strong>:</strong></span> <span class='ocrx_word' id='word_1_201' title='bbox 1625 2434 1841 2496; x_wconf 86' lang='lat' dir='ltr'><strong>propter</strong></span> <span class='ocrx_word' id='word_1_202' title='bbox 1867 2424 2007 2494; x_wconf 88' lang='lat' dir='ltr'><strong>qttod</strong></span> <span class='ocrx_word' id='word_1_203' title='bbox 2033 2433 2089 2479; x_wconf 88' lang='lat' dir='ltr'><strong>et</strong></span> 
     </span>
    </p>
   </div>
   <div class='ocr_carea' id='block_1_26' title="bbox 497 2515 2100 2591">
    <p class='ocr_par' dir='ltr' id='par_1_26' title="bbox 497 2515 2100 2591">
     <span class='ocr_line' id='line_1_26' title="bbox 497 2515 2100 2591; baseline -0.006 -13"><span class='ocrx_word' id='word_1_204' title='bbox 497 2523 626 2578; x_wconf 75' lang='lat' dir='ltr'><strong>iilud</strong></span> <span class='ocrx_word' id='word_1_205' title='bbox 654 2522 908 2591; x_wconf 85' lang='lat' dir='ltr'><strong>scriptum</strong></span> <span class='ocrx_word' id='word_1_206' title='bbox 933 2528 1034 2583; x_wconf 88' lang='lat' dir='ltr'><strong>est,</strong></span> <span class='ocrx_word' id='word_1_207' title='bbox 1070 2517 1188 2572; x_wconf 81' lang='lat' dir='ltr'><strong>Non</strong></span> <span class='ocrx_word' id='word_1_208' title='bbox 1213 2518 1374 2576; x_wconf 84' lang='lat' dir='ltr'><strong>nobis,</strong></span> <span class='ocrx_word' id='word_1_209' title='bbox 1401 2515 1637 2579; x_wconf 80' lang='lat' dir='ltr'><strong>Domine,</strong></span> <span class='ocrx_word' id='word_1_210' title='bbox 1665 2532 1767 2568; x_wconf 88' lang='lat' dir='ltr'><strong>non</strong></span> <span class='ocrx_word' id='word_1_211' title='bbox 1799 2516 1971 2582; x_wconf 78' lang='lat' dir='ltr'><strong>nobis,</strong></span> <span class='ocrx_word' id='word_1_212' title='bbox 1999 2516 2100 2569; x_wconf 57' lang='lat' dir='ltr'><strong>sed.</strong></span> 
     </span>
    </p>
   </div>
   <div class='ocr_carea' id='block_1_27' title="bbox 499 2604 2087 2680">
    <p class='ocr_par' dir='ltr' id='par_1_27' title="bbox 499 2604 2087 2680">
     <span class='ocr_line' id='line_1_27' title="bbox 499 2604 2087 2680; baseline -0.004 -14"><span class='ocrx_word' id='word_1_213' title='bbox 499 2613 691 2666; x_wconf 80' lang='lat' dir='ltr'><strong>nomini</strong></span> <span class='ocrx_word' id='word_1_214' title='bbox 736 2621 818 2664; x_wconf 85' lang='lat' dir='ltr'><strong>tuo</strong></span> <span class='ocrx_word' id='word_1_215' title='bbox 864 2609 931 2663; x_wconf 89' lang='lat' dir='ltr'><strong>da</strong></span> <span class='ocrx_word' id='word_1_216' title='bbox 985 2609 1199 2679; x_wconf 73' lang='lat' dir='ltr'><strong>gloriam</strong></span> <span class='ocrx_word' id='word_1_217' title='bbox 1247 2605 1431 2680; x_wconf 76' lang='lat' dir='ltr'><strong>(Psal.</strong></span> <span class='ocrx_word' id='word_1_218' title='bbox 1481 2620 1626 2669; x_wconf 74' lang='lat' dir='ltr'><strong>CXIII,</strong></span> <span class='ocrx_word' id='word_1_219' title='bbox 1676 2604 1768 2675; x_wconf 77' lang='lat' dir='ltr'><strong>i).</strong></span> <span class='ocrx_word' id='word_1_220' title='bbox 1816 2604 1904 2660; x_wconf 89' lang='lat' dir='ltr'><strong>Sic</strong></span> <span class='ocrx_word' id='word_1_221' title='bbox 1943 2605 2087 2660; x_wconf 87' lang='lat' dir='ltr'><strong>enim</strong></span> 
     </span>
    </p>
   </div>
   <div class='ocr_carea' id='block_1_28' title="bbox 502 2692 2097 2772">
    <p class='ocr_par' dir='ltr' id='par_1_28' title="bbox 502 2692 2097 2772">
     <span class='ocr_line' id='line_1_28' title="bbox 502 2692 2097 2772; baseline -0.003 -17"><span class='ocrx_word' id='word_1_222' title='bbox 502 2703 723 2772; x_wconf 86' lang='lat' dir='ltr'><strong>quisque</strong></span> <span class='ocrx_word' id='word_1_223' title='bbox 743 2714 847 2754; x_wconf 89' lang='lat' dir='ltr'><strong>non</strong></span> <span class='ocrx_word' id='word_1_224' title='bbox 873 2700 926 2754; x_wconf 90' lang='lat' dir='ltr'><strong>in</strong></span> <span class='ocrx_word' id='word_1_225' title='bbox 947 2712 1062 2764; x_wconf 88' lang='lat' dir='ltr'><strong>sua,</strong></span> <span class='ocrx_word' id='word_1_226' title='bbox 1086 2695 1178 2752; x_wconf 89' lang='lat' dir='ltr'><strong>sed</strong></span> <span class='ocrx_word' id='word_1_227' title='bbox 1202 2696 1254 2750; x_wconf 92' lang='lat' dir='ltr'><strong>in</strong></span> <span class='ocrx_word' id='word_1_228' title='bbox 1281 2692 1376 2748; x_wconf 78' lang='lat' dir='ltr'><strong>Dei</strong></span> <span class='ocrx_word' id='word_1_229' title='bbox 1401 2694 1563 2765; x_wconf 87' lang='lat' dir='ltr'><strong>gloria</strong></span> <span class='ocrx_word' id='word_1_230' title='bbox 1592 2693 1733 2764; x_wconf 87' lang='lat' dir='ltr'><strong>(quia</strong></span> <span class='ocrx_word' id='word_1_231' title='bbox 1764 2709 1863 2748; x_wconf 91' lang='lat' dir='ltr'><strong>nec</strong></span> <span class='ocrx_word' id='word_1_232' title='bbox 1889 2694 1940 2748; x_wconf 91' lang='lat' dir='ltr'><strong>in</strong></span> <span class='ocrx_word' id='word_1_233' title='bbox 1967 2708 2097 2762; x_wconf 73' lang='lat' dir='ltr'><strong>sua,</strong></span> 
     </span>
    </p>
   </div>
   <div class='ocr_carea' id='block_1_29' title="bbox 499 2780 2088 2860">
    <p class='ocr_par' dir='ltr' id='par_1_29' title="bbox 499 2780 2088 2860">
     <span class='ocr_line' id='line_1_29' title="bbox 499 2780 2088 2860; baseline -0.006 -12"><span class='ocrx_word' id='word_1_234' title='bbox 499 2793 593 2848; x_wconf 85' lang='lat' dir='ltr'><strong>sed</strong></span> <span class='ocrx_word' id='word_1_235' title='bbox 623 2793 676 2846; x_wconf 92' lang='lat' dir='ltr'><strong>in</strong></span> <span class='ocrx_word' id='word_1_236' title='bbox 705 2791 798 2845; x_wconf 86' lang='lat' dir='ltr'><strong>Dei</strong></span> <span class='ocrx_word' id='word_1_237' title='bbox 823 2788 1048 2860; x_wconf 88' lang='lat' dir='ltr'><strong>justitia,</strong></span> <span class='ocrx_word' id='word_1_238' title='bbox 1078 2786 1129 2844; x_wconf 87' lang='lat' dir='ltr'><strong>id</strong></span> <span class='ocrx_word' id='word_1_239' title='bbox 1155 2796 1256 2850; x_wconf 84' lang='lat' dir='ltr'><strong>est;</strong></span> <span class='ocrx_word' id='word_1_240' title='bbox 1287 2800 1317 2838; x_wconf 91' lang='lat' dir='ltr'><strong>a</strong></span> <span class='ocrx_word' id='word_1_241' title='bbox 1351 2785 1457 2838; x_wconf 85' lang='lat' dir='ltr'><strong>Deo</strong></span> <span class='ocrx_word' id='word_1_242' title='bbox 1481 2783 1585 2839; x_wconf 87' lang='lat' dir='ltr'><strong>sibi</strong></span> <span class='ocrx_word' id='word_1_243' title='bbox 1611 2780 1828 2855; x_wconf 88' lang='lat' dir='ltr'><strong>donata)</strong></span> <span class='ocrx_word' id='word_1_244' title='bbox 1858 2783 2088 2838; x_wconf 86' lang='lat' dir='ltr'><strong>custodit</strong></span> 
     </span>
    </p>
   </div>
   <div class='ocr_carea' id='block_1_30' title="bbox 501 2875 2088 2955">
    <p class='ocr_par' dir='ltr' id='par_1_30' title="bbox 501 2875 2088 2955">
     <span class='ocr_line' id='line_1_30' title="bbox 501 2875 2088 2955; baseline -0.006 -16"><span class='ocrx_word' id='word_1_245' title='bbox 501 2885 671 2955; x_wconf 85' lang='lat' dir='ltr'><strong>legem</strong></span> <span class='ocrx_word' id='word_1_246' title='bbox 713 2883 836 2948; x_wconf 88' lang='lat' dir='ltr'><strong>Dei;</strong></span> <span class='ocrx_word' id='word_1_247' title='bbox 878 2881 1015 2936; x_wconf 88' lang='lat' dir='ltr'><strong>sicut</strong></span> <span class='ocrx_word' id='word_1_248' title='bbox 1040 2881 1142 2934; x_wconf 87' lang='lat' dir='ltr'><strong>iste</strong></span> <span class='ocrx_word' id='word_1_249' title='bbox 1169 2879 1279 2943; x_wconf 89' lang='lat' dir='ltr'><strong>ait,</strong></span> <span class='ocrx_word' id='word_1_250' title='bbox 1311 2875 1506 2938; x_wconf 80' lang='lat' dir='ltr'><strong>Memor</strong></span> <span class='ocrx_word' id='word_1_251' title='bbox 1525 2879 1605 2947; x_wconf 78' lang='lat' dir='ltr'><strong>fui</strong></span> <span class='ocrx_word' id='word_1_252' title='bbox 1630 2877 1682 2940; x_wconf 87' lang='lat' dir='ltr'><strong>in</strong></span> <span class='ocrx_word' id='word_1_253' title='bbox 1708 2885 1850 2929; x_wconf 88' lang='lat' dir='ltr'><strong>nocte</strong></span> <span class='ocrx_word' id='word_1_254' title='bbox 1874 2877 2088 2930; x_wconf 88' lang='lat' dir='ltr'><strong>nominis</strong></span> 
     </span>
    </p>
   </div>
   <div class='ocr_carea' id='block_1_31' title="bbox 500 2965 2086 3041">
    <p class='ocr_par' dir='ltr' id='par_1_31' title="bbox 500 2965 2086 3041">
     <span class='ocr_line' id='line_1_31' title="bbox 500 2965 2086 3041; baseline -0.006 -12"><span class='ocrx_word' id='word_1_255' title='bbox 500 2977 594 3041; x_wconf 84' lang='lat' dir='ltr'><strong>tui,</strong></span> <span class='ocrx_word' id='word_1_256' title='bbox 620 2973 857 3037; x_wconf 85' lang='lat' dir='ltr'><strong>Domine,</strong></span> <span class='ocrx_word' id='word_1_257' title='bbox 887 2980 932 3026; x_wconf 87' lang='lat' dir='ltr'><strong>et</strong></span> <span class='ocrx_word' id='word_1_258' title='bbox 954 2969 1197 3026; x_wconf 86' lang='lat' dir='ltr'><strong>custodivi</strong></span> <span class='ocrx_word' id='word_1_259' title='bbox 1221 2969 1378 3038; x_wconf 84' lang='lat' dir='ltr'><strong>legem</strong></span> <span class='ocrx_word' id='word_1_260' title='bbox 1397 2975 1554 3019; x_wconf 83' lang='lat' dir='ltr'><strong>tuam.</strong></span> <span class='ocrx_word' id='word_1_261' title='bbox 1581 2965 1748 3035; x_wconf 85' lang='lat' dir='ltr'><strong>Quam</strong></span> <span class='ocrx_word' id='word_1_262' title='bbox 1776 2980 1880 3019; x_wconf 91' lang='lat' dir='ltr'><strong>non</strong></span> <span class='ocrx_word' id='word_1_263' title='bbox 1905 2973 2086 3020; x_wconf 85' lang='lat' dir='ltr'><strong>custo-</strong></span> 
     </span>
    </p>
   </div>
   <div class='ocr_carea' id='block_1_32' title="bbox 503 3055 2090 3135">
    <p class='ocr_par' dir='ltr' id='par_1_32' title="bbox 503 3055 2090 3135">
     <span class='ocr_line' id='line_1_32' title="bbox 503 3055 2090 3135; baseline -0.008 -13"><span class='ocrx_word' id='word_1_264' title='bbox 503 3068 690 3130; x_wconf 86' lang='lat' dir='ltr'><strong>disset,</strong></span> <span class='ocrx_word' id='word_1_265' title='bbox 719 3065 843 3135; x_wconf 84' lang='lat' dir='ltr'><strong>siin</strong></span> <span class='ocrx_word' id='word_1_266' title='bbox 874 3077 969 3118; x_wconf 85' lang='lat' dir='ltr'><strong>sua</strong></span> <span class='ocrx_word' id='word_1_267' title='bbox 996 3062 1188 3115; x_wconf 89' lang='lat' dir='ltr'><strong>virtute</strong></span> <span class='ocrx_word' id='word_1_268' title='bbox 1213 3056 1505 3123; x_wconf 88' lang='lat' dir='ltr'><strong>conlidens,</strong></span> <span class='ocrx_word' id='word_1_269' title='bbox 1523 3055 1752 3110; x_wconf 90' lang='lat' dir='ltr'><strong>nominis</strong></span> <span class='ocrx_word' id='word_1_270' title='bbox 1770 3055 1862 3110; x_wconf 90' lang='lat' dir='ltr'><strong>Dei</strong></span> <span class='ocrx_word' id='word_1_271' title='bbox 1883 3070 2090 3111; x_wconf 88' lang='lat' dir='ltr'><strong>memor</strong></span> 
     </span>
    </p>
   </div>
   <div class='ocr_carea' id='block_1_33' title="bbox 501 3147 2090 3224">
    <p class='ocr_par' dir='ltr' id='par_1_33' title="bbox 501 3147 2090 3224">
     <span class='ocr_line' id='line_1_33' title="bbox 501 3147 2090 3224; baseline -0.009 -7"><span class='ocrx_word' id='word_1_272' title='bbox 501 3176 608 3221; x_wconf 88' lang='lat' dir='ltr'><strong>non</strong></span> <span class='ocrx_word' id='word_1_273' title='bbox 658 3157 842 3213; x_wconf 82' lang='lat' dir='ltr'><strong>fuisset</strong></span> <span class='ocrx_word' id='word_1_274' title='bbox 875 3175 889 3210; x_wconf 90' lang='lat'><strong>:</strong></span> <span class='ocrx_word' id='word_1_275' title='bbox 921 3152 1243 3224; x_wconf 86' lang='lat' dir='ltr'><strong>adjutorium</strong></span> <span class='ocrx_word' id='word_1_276' title='bbox 1291 3151 1433 3206; x_wconf 87' lang='lat' dir='ltr'><strong>enim</strong></span> <span class='ocrx_word' id='word_1_277' title='bbox 1485 3157 1724 3203; x_wconf 87' lang='lat' dir='ltr'><strong>nostrum</strong></span> <span class='ocrx_word' id='word_1_278' title='bbox 1768 3147 1822 3201; x_wconf 90' lang='lat' dir='ltr'><strong>in</strong></span> <span class='ocrx_word' id='word_1_279' title='bbox 1873 3149 2090 3202; x_wconf 87' lang='lat' dir='ltr'><strong>nomine</strong></span> 
     </span>
    </p>
   </div>
   <div class='ocr_carea' id='block_1_34' title="bbox 503 3240 1234 3318">
    <p class='ocr_par' dir='ltr' id='par_1_34' title="bbox 503 3240 1234 3318">
     <span class='ocr_line' id='line_1_34' title="bbox 503 3240 1234 3318; baseline -0.012 -14"><span class='ocrx_word' id='word_1_280' title='bbox 503 3247 712 3304; x_wconf 88' lang='lat' dir='ltr'><strong>Domini</strong></span> <span class='ocrx_word' id='word_1_281' title='bbox 745 3245 913 3318; x_wconf 88' lang='lat' dir='ltr'><strong>(Psal.</strong></span> <span class='ocrx_word' id='word_1_282' title='bbox 945 3259 1125 3309; x_wconf 83' lang='lat' dir='ltr'><strong>cxxtu,</strong></span> <span class='ocrx_word' id='word_1_283' title='bbox 1157 3240 1234 3313; x_wconf 85' lang='lat'><strong>8).</strong></span> 
     </span>
    </p>
   </div>
   <div class='ocr_carea' id='block_1_35' title="bbox 575 3325 2090 3409">
    <p class='ocr_par' dir='ltr' id='par_1_35' title="bbox 575 3325 2090 3409">
     <span class='ocr_line' id='line_1_35' title="bbox 575 3325 2090 3409; baseline -0.009 -16"><span class='ocrx_word' id='word_1_284' title='bbox 575 3339 629 3393; x_wconf 93' lang='lat'><strong>8.</strong></span> <span class='ocrx_word' id='word_1_285' title='bbox 661 3336 810 3409; x_wconf 83' lang='lat' dir='ltr'><strong>[vers.</strong></span> <span class='ocrx_word' id='word_1_286' title='bbox 843 3331 959 3406; x_wconf 82' lang='lat'><strong>56.]</strong></span> <span class='ocrx_word' id='word_1_287' title='bbox 994 3333 1215 3401; x_wconf 82' lang='lat' dir='ltr'><strong>Propter</strong></span> <span class='ocrx_word' id='word_1_288' title='bbox 1242 3328 1382 3400; x_wconf 87' lang='lat' dir='ltr'><strong>quod</strong></span> <span class='ocrx_word' id='word_1_289' title='bbox 1416 3335 1630 3384; x_wconf 89' lang='lat' dir='ltr'><strong>secutus</strong></span> <span class='ocrx_word' id='word_1_290' title='bbox 1663 3325 1903 3395; x_wconf 87' lang='lat' dir='ltr'><strong>adjuuxit</strong></span> <span class='ocrx_word' id='word_1_291' title='bbox 1925 3341 1939 3380; x_wconf 91' lang='lat'>:</span> <span class='ocrx_word' id='word_1_292' title='bbox 1964 3325 2090 3380; x_wconf 57' lang='lat' dir='ltr'><strong>Haec</strong></span> 
     </span>
    </p>
   </div>
   <div class='ocr_carea' id='block_1_36' title="bbox 500 3415 2089 3502">
    <p class='ocr_par' dir='ltr' id='par_1_36' title="bbox 500 3415 2089 3502">
     <span class='ocr_line' id='line_1_36' title="bbox 500 3415 2089 3502; baseline -0.007 -20"><span class='ocrx_word' id='word_1_293' title='bbox 500 3433 639 3502; x_wconf 74' lang='lat' dir='ltr'><strong>facta</strong></span> <span class='ocrx_word' id='word_1_294' title='bbox 668 3436 737 3482; x_wconf 87' lang='lat' dir='ltr'><strong>est</strong></span> <span class='ocrx_word' id='word_1_295' title='bbox 766 3425 914 3492; x_wconf 84' lang='lat' dir='ltr'><strong>mihi,</strong></span> <span class='ocrx_word' id='word_1_296' title='bbox 937 3424 1174 3493; x_wconf 80' lang='lat' dir='ltr'><strong>quoniam</strong></span> <span class='ocrx_word' id='word_1_297' title='bbox 1188 3421 1416 3491; x_wconf 85' lang='lat' dir='ltr'><strong>justitias</strong></span> <span class='ocrx_word' id='word_1_298' title='bbox 1447 3428 1555 3472; x_wconf 90' lang='lat' dir='ltr'><strong>tuas</strong></span> <span class='ocrx_word' id='word_1_299' title='bbox 1575 3417 1834 3486; x_wconf 76' lang='lat' dir='ltr'><strong>exquisivi.</strong></span> <span class='ocrx_word' id='word_1_300' title='bbox 1855 3415 2089 3471; x_wconf 85' lang='lat' dir='ltr'><strong>Justitias</strong></span> 
     </span>
    </p>
   </div>
   <div class='ocr_carea' id='block_1_37' title="bbox 501 3510 2090 3592">
    <p class='ocr_par' dir='ltr' id='par_1_37' title="bbox 501 3510 2090 3592">
     <span class='ocr_line' id='line_1_37' title="bbox 501 3510 2090 3592; baseline -0.009 -16"><span class='ocrx_word' id='word_1_301' title='bbox 501 3523 685 3592; x_wconf 89' lang='lat' dir='ltr'><strong>utique</strong></span> <span class='ocrx_word' id='word_1_302' title='bbox 715 3529 848 3584; x_wconf 84' lang='lat' dir='ltr'><strong>tuas,</strong></span> <span class='ocrx_word' id='word_1_303' title='bbox 875 3516 1064 3588; x_wconf 89' lang='lat' dir='ltr'><strong>quibus</strong></span> <span class='ocrx_word' id='word_1_304' title='bbox 1079 3513 1339 3585; x_wconf 82' lang='lat' dir='ltr'><strong>justiﬁcas</strong></span> <span class='ocrx_word' id='word_1_305' title='bbox 1361 3510 1612 3581; x_wconf 90' lang='lat' dir='ltr'><strong>impium;</strong></span> <span class='ocrx_word' id='word_1_306' title='bbox 1641 3523 1748 3564; x_wconf 91' lang='lat' dir='ltr'><strong>non</strong></span> <span class='ocrx_word' id='word_1_307' title='bbox 1775 3523 1940 3572; x_wconf 90' lang='lat' dir='ltr'><strong>meas,</strong></span> <span class='ocrx_word' id='word_1_308' title='bbox 1969 3522 2090 3577; x_wconf 71' lang='lat' dir='ltr'><strong>qua:</strong></span> 
     </span>
    </p>
   </div>
   <div class='ocr_carea' id='block_1_38' title="bbox 502 3597 2089 3682">
    <p class='ocr_par' dir='ltr' id='par_1_38' title="bbox 502 3597 2089 3682">
     <span class='ocr_line' id='line_1_38' title="bbox 502 3597 2089 3682; baseline -0.011 -14"><span class='ocrx_word' id='word_1_309' title='bbox 502 3625 772 3682; x_wconf 88' lang='lat' dir='ltr'><strong>nunquam</strong></span> <span class='ocrx_word' id='word_1_310' title='bbox 802 3623 886 3664; x_wconf 89' lang='lat' dir='ltr'><strong>me</strong></span> <span class='ocrx_word' id='word_1_311' title='bbox 914 3608 1056 3677; x_wconf 88' lang='lat' dir='ltr'><strong>pium</strong></span> <span class='ocrx_word' id='word_1_312' title='bbox 1088 3605 1306 3667; x_wconf 80' lang='lat' dir='ltr'><strong>faciunt,</strong></span> <span class='ocrx_word' id='word_1_313' title='bbox 1335 3601 1431 3656; x_wconf 87' lang='lat' dir='ltr'><strong>sed</strong></span> <span class='ocrx_word' id='word_1_314' title='bbox 1459 3599 1767 3670; x_wconf 88' lang='lat' dir='ltr'><strong>superbum.</strong></span> <span class='ocrx_word' id='word_1_315' title='bbox 1798 3597 1915 3652; x_wconf 82' lang='lat' dir='ltr'><strong>Non</strong></span> <span class='ocrx_word' id='word_1_316' title='bbox 1944 3597 2089 3652; x_wconf 89' lang='lat' dir='ltr'><strong>enim</strong></span> 
     </span>
    </p>
   </div>
   <div class='ocr_carea' id='block_1_39' title="bbox 502 3688 2086 3768">
    <p class='ocr_par' dir='ltr' id='par_1_39' title="bbox 502 3688 2086 3768">
     <span class='ocr_line' id='line_1_39' title="bbox 502 3688 2086 3768; baseline -0.012 -10"><span class='ocrx_word' id='word_1_317' title='bbox 502 3712 618 3758; x_wconf 85' lang='lat' dir='ltr'><strong>erat</strong></span> <span class='ocrx_word' id='word_1_318' title='bbox 648 3703 746 3757; x_wconf 87' lang='lat' dir='ltr'><strong>iste</strong></span> <span class='ocrx_word' id='word_1_319' title='bbox 773 3699 969 3768; x_wconf 76' lang='lat' dir='ltr'><strong>aliquis</strong></span> <span class='ocrx_word' id='word_1_320' title='bbox 991 3710 1176 3752; x_wconf 88' lang='lat' dir='ltr'><strong>eorum</strong></span> <span class='ocrx_word' id='word_1_321' title='bbox 1216 3693 1305 3763; x_wconf 90' lang='lat' dir='ltr'><strong>qui</strong></span> <span class='ocrx_word' id='word_1_322' title='bbox 1349 3692 1636 3762; x_wconf 77' lang='lat' dir='ltr'><strong>ignorantes</strong></span> <span class='ocrx_word' id='word_1_323' title='bbox 1675 3688 1770 3742; x_wconf 87' lang='lat' dir='ltr'><strong>Dei</strong></span> <span class='ocrx_word' id='word_1_324' title='bbox 1808 3688 2086 3756; x_wconf 76' lang='lat' dir='ltr'><strong>iustitiam,</strong></span> 
     </span>
    </p>
   </div>
   <div class='ocr_carea' id='block_1_40' title="bbox 500 3777 2086 3854">
    <p class='ocr_par' dir='ltr' id='par_1_40' title="bbox 500 3777 2086 3854">
     <span class='ocr_line' id='line_1_40' title="bbox 500 3777 2086 3854; baseline -0.013 -4"><span class='ocrx_word' id='word_1_325' title='bbox 500 3805 550 3850; x_wconf 86' lang='lat' dir='ltr'><strong>et</strong></span> <span class='ocrx_word' id='word_1_326' title='bbox 572 3809 716 3849; x_wconf 88' lang='lat' dir='ltr'><strong>suam</strong></span> <span class='ocrx_word' id='word_1_327' title='bbox 737 3792 954 3846; x_wconf 89' lang='lat' dir='ltr'><strong>volentes</strong></span> <span class='ocrx_word' id='word_1_328' title='bbox 980 3787 1280 3841; x_wconf 76' lang='lat' dir='ltr'><strong>constituere</strong></span> <span class='ocrx_word' id='word_1_329' title='bbox 1297 3826 1311 3850; x_wconf 92' lang='lat'><strong>,</strong></span> <span class='ocrx_word' id='word_1_330' title='bbox 1334 3783 1550 3854; x_wconf 77' lang='lat' dir='ltr'><strong>justitia.’</strong></span> <span class='ocrx_word' id='word_1_331' title='bbox 1574 3779 1669 3833; x_wconf 85' lang='lat' dir='ltr'><strong>Dei</strong></span> <span class='ocrx_word' id='word_1_332' title='bbox 1698 3795 1797 3832; x_wconf 89' lang='lat' dir='ltr'><strong>non</strong></span> <span class='ocrx_word' id='word_1_333' title='bbox 1823 3788 1938 3831; x_wconf 84' lang='lat' dir='ltr'><strong>sunt</strong></span> <span class='ocrx_word' id='word_1_334' title='bbox 1962 3777 2086 3832; x_wconf 85' lang='lat' dir='ltr'><strong>sub—</strong></span> 
     </span>
    </p>
   </div>
   <div class='ocr_carea' id='block_1_41' title="bbox 501 3869 2090 3954">
    <p class='ocr_par' dir='ltr' id='par_1_41' title="bbox 501 3869 2090 3954">
     <span class='ocr_line' id='line_1_41' title="bbox 501 3869 2090 3954; baseline -0.013 -13"><span class='ocrx_word' id='word_1_335' title='bbox 501 3886 617 3947; x_wconf 80' lang='lat' dir='ltr'><strong>iecti</strong></span> <span class='ocrx_word' id='word_1_336' title='bbox 639 3885 814 3954; x_wconf 76' lang='lat' dir='ltr'><strong>(Rom.</strong></span> <span class='ocrx_word' id='word_1_337' title='bbox 837 3897 894 3948; x_wconf 87' lang='lat' dir='ltr'><strong>x,</strong></span> <span class='ocrx_word' id='word_1_338' title='bbox 921 3877 999 3953; x_wconf 75' lang='lat'><strong>5).</strong></span> <span class='ocrx_word' id='word_1_339' title='bbox 1020 3878 1128 3934; x_wconf 81' lang='lat' dir='ltr'><strong>Has</strong></span> <span class='ocrx_word' id='word_1_340' title='bbox 1154 3892 1279 3946; x_wconf 86' lang='lat' dir='ltr'><strong>ergo</strong></span> <span class='ocrx_word' id='word_1_341' title='bbox 1296 3873 1558 3945; x_wconf 86' lang='lat' dir='ltr'><strong>justitias,</strong></span> <span class='ocrx_word' id='word_1_342' title='bbox 1581 3871 1770 3942; x_wconf 84' lang='lat' dir='ltr'><strong>quibus</strong></span> <span class='ocrx_word' id='word_1_343' title='bbox 1796 3869 2090 3938; x_wconf 73' lang='lat' dir='ltr'><strong>justitican-</strong></span> 
     </span>
    </p>
   </div>
   <div class='ocr_carea' id='block_1_42' title="bbox 501 3959 2091 4048">
    <p class='ocr_par' dir='ltr' id='par_1_42' title="bbox 501 3959 2091 4048">
     <span class='ocr_line' id='line_1_42' title="bbox 501 3959 2091 4048; baseline -0.014 -14"><span class='ocrx_word' id='word_1_344' title='bbox 501 3989 589 4034; x_wconf 89' lang='lat' dir='ltr'><strong>tur</strong></span> <span class='ocrx_word' id='word_1_345' title='bbox 615 3975 779 4048; x_wconf 79' lang='lat' dir='ltr'><strong>gratis</strong></span> <span class='ocrx_word' id='word_1_346' title='bbox 804 3989 900 4044; x_wconf 83' lang='lat' dir='ltr'><strong>per</strong></span> <span class='ocrx_word' id='word_1_347' title='bbox 925 3971 1148 4042; x_wconf 78' lang='lat' dir='ltr'><strong>gratiam</strong></span> <span class='ocrx_word' id='word_1_348' title='bbox 1181 3967 1270 4022; x_wconf 88' lang='lat' dir='ltr'><strong>Dei</strong></span> <span class='ocrx_word' id='word_1_349' title='bbox 1293 4009 1308 4033; x_wconf 95' lang='lat'><strong>,</strong></span> <span class='ocrx_word' id='word_1_350' title='bbox 1339 3965 1425 4034; x_wconf 89' lang='lat' dir='ltr'><strong>qui</strong></span> <span class='ocrx_word' id='word_1_351' title='bbox 1450 3978 1547 4035; x_wconf 88' lang='lat' dir='ltr'><strong>per</strong></span> <span class='ocrx_word' id='word_1_352' title='bbox 1573 3963 1782 4032; x_wconf 90' lang='lat' dir='ltr'><strong>seipsos</strong></span> <span class='ocrx_word' id='word_1_353' title='bbox 1812 3959 1942 4032; x_wconf 81' lang='lat' dir='ltr'><strong>justi</strong></span> <span class='ocrx_word' id='word_1_354' title='bbox 1972 3973 2091 4014; x_wconf 88' lang='lat' dir='ltr'><strong>esse</strong></span> 
     </span>
    </p>
   </div>
   <div class='ocr_carea' id='block_1_43' title="bbox 499 4050 2086 4140">
    <p class='ocr_par' dir='ltr' id='par_1_43' title="bbox 499 4050 2086 4140">
     <span class='ocr_line' id='line_1_43' title="bbox 499 4050 2086 4140; baseline -0.017 -13"><span class='ocrx_word' id='word_1_355' title='bbox 499 4085 608 4127; x_wconf 85' lang='lat' dir='ltr'><strong>non</strong></span> <span class='ocrx_word' id='word_1_356' title='bbox 637 4073 890 4140; x_wconf 88' lang='lat' dir='ltr'><strong>possunt,</strong></span> <span class='ocrx_word' id='word_1_357' title='bbox 937 4061 1123 4118; x_wconf 88' lang='lat' dir='ltr'><strong>melius</strong></span> <span class='ocrx_word' id='word_1_358' title='bbox 1161 4059 1246 4114; x_wconf 88' lang='lat' dir='ltr'><strong>alii</strong></span> <span class='ocrx_word' id='word_1_359' title='bbox 1292 4053 1624 4126; x_wconf 89' lang='lat' dir='ltr'><strong>interpretati</strong></span> <span class='ocrx_word' id='word_1_360' title='bbox 1669 4062 1792 4106; x_wconf 88' lang='lat' dir='ltr'><strong>sunt</strong></span> <span class='ocrx_word' id='word_1_361' title='bbox 1822 4050 2086 4122; x_wconf 68' lang='lat' dir='ltr'><strong>justi/ica-</strong></span> 
     </span>
    </p>
   </div>
   <div class='ocr_carea' id='block_1_44' title="bbox 499 4141 2090 4228">
    <p class='ocr_par' dir='ltr' id='par_1_44' title="bbox 499 4141 2090 4228">
     <span class='ocr_line' id='line_1_44' title="bbox 499 4141 2090 4228; baseline -0.016 -11"><span class='ocrx_word' id='word_1_362' title='bbox 499 4163 659 4217; x_wconf 81' lang='lat' dir='ltr'><strong>tiones</strong></span> <span class='ocrx_word' id='word_1_363' title='bbox 683 4176 699 4212; x_wconf 90' lang='lat'><strong><em>:</em></strong></span> <span class='ocrx_word' id='word_1_364' title='bbox 720 4158 843 4228; x_wconf 91' lang='lat' dir='ltr'><strong>quia</strong></span> <span class='ocrx_word' id='word_1_365' title='bbox 869 4168 1054 4209; x_wconf 81' lang='lat' dir='ltr'><strong>revera</strong></span> <span class='ocrx_word' id='word_1_366' title='bbox 1083 4167 1188 4206; x_wconf 90' lang='lat' dir='ltr'><strong>non</strong></span> <span class='ocrx_word' id='word_1_367' title='bbox 1227 4153 1521 4208; x_wconf 73' lang='grc' dir='ltr'><strong>δικαιοσύνας</strong></span> <span class='ocrx_word' id='word_1_368' title='bbox 1542 4187 1556 4211; x_wconf 92' lang='grc'><em>,</em></span> <span class='ocrx_word' id='word_1_369' title='bbox 1604 4143 1654 4199; x_wconf 91' lang='lat' dir='ltr'><strong>id</strong></span> <span class='ocrx_word' id='word_1_370' title='bbox 1686 4151 1766 4198; x_wconf 84' lang='lat' dir='ltr'><strong>est</strong></span> <span class='ocrx_word' id='word_1_371' title='bbox 1789 4184 1805 4208; x_wconf 90' lang='lat'><strong>,</strong></span> <span class='ocrx_word' id='word_1_372' title='bbox 1829 4141 2090 4213; x_wconf 84' lang='lat' dir='ltr'><strong>justitias;</strong></span> 
     </span>
    </p>
   </div>
   <div class='ocr_carea' id='block_1_45' title="bbox 499 4232 2085 4315">
    <p class='ocr_par' dir='ltr' id='par_1_45' title="bbox 499 4232 2085 4315">
     <span class='ocr_line' id='line_1_45' title="bbox 499 4232 2085 4315; baseline -0.016 -7"><span class='ocrx_word' id='word_1_373' title='bbox 499 4252 594 4308; x_wconf 85' lang='lat' dir='ltr'><strong>scd</strong></span> <span class='ocrx_word' id='word_1_374' title='bbox 625 4256 926 4315; x_wconf 78' lang='grc' dir='ltr'><strong>δικαιώματα</strong></span> <span class='ocrx_word' id='word_1_375' title='bbox 953 4256 1158 4313; x_wconf 66' lang='lat' dir='ltr'><strong>graecus</strong></span> <span class='ocrx_word' id='word_1_376' title='bbox 1181 4240 1357 4300; x_wconf 73' lang='lat' dir='ltr'><strong>habet,</strong></span> <span class='ocrx_word' id='word_1_377' title='bbox 1386 4253 1504 4306; x_wconf 73' lang='lat' dir='ltr'><strong>qua:</strong></span> <span class='ocrx_word' id='word_1_378' title='bbox 1530 4243 1654 4290; x_wconf 89' lang='lat' dir='ltr'><strong>sunt</strong></span> <span class='ocrx_word' id='word_1_379' title='bbox 1667 4232 2085 4305; x_wconf 81' lang='lat' dir='ltr'><strong>justi/icationes.</strong></span> 
     </span>
    </p>
   </div>
   <div class='ocr_carea' id='block_1_46' title="bbox 499 4320 2092 4410">
    <p class='ocr_par' dir='ltr' id='par_1_46' title="bbox 499 4320 2092 4410">
     <span class='ocr_line' id='line_1_46' title="bbox 499 4320 2092 4410; baseline -0.016 -9"><span class='ocrx_word' id='word_1_380' title='bbox 499 4342 608 4400; x_wconf 86' lang='lat' dir='ltr'><strong>Sed</strong></span> <span class='ocrx_word' id='word_1_381' title='bbox 635 4340 759 4410; x_wconf 88' lang='lat' dir='ltr'><strong>quid</strong></span> <span class='ocrx_word' id='word_1_382' title='bbox 787 4338 886 4391; x_wconf 86' lang='lat' dir='ltr'><strong>sibi</strong></span> <span class='ocrx_word' id='word_1_383' title='bbox 915 4335 1026 4388; x_wconf 87' lang='lat' dir='ltr'><strong>vttlt</strong></span> <span class='ocrx_word' id='word_1_384' title='bbox 1051 4331 1190 4402; x_wconf 85' lang='lat' dir='ltr'><strong>quod</strong></span> <span class='ocrx_word' id='word_1_385' title='bbox 1219 4332 1326 4395; x_wconf 90' lang='lat' dir='ltr'><strong>ait,</strong></span> <span class='ocrx_word' id='word_1_386' title='bbox 1365 4328 1486 4382; x_wconf 75' lang='lat' dir='ltr'><strong>Hazc</strong></span> <span class='ocrx_word' id='word_1_387' title='bbox 1515 4332 1648 4400; x_wconf 72' lang='lat' dir='ltr'><strong>facta</strong></span> <span class='ocrx_word' id='word_1_388' title='bbox 1672 4336 1742 4381; x_wconf 90' lang='lat' dir='ltr'><strong>est</strong></span> <span class='ocrx_word' id='word_1_389' title='bbox 1773 4323 1937 4377; x_wconf 75' lang='lat' dir='ltr'><strong>mihi?</strong></span> <span class='ocrx_word' id='word_1_390' title='bbox 1965 4320 2092 4377; x_wconf 67' lang='lat' dir='ltr'><strong>Hac</strong></span> 
     </span>
    </p>
   </div>
   <div class='ocr_carea' id='block_1_47' title="bbox 501 4412 2091 4504">
    <p class='ocr_par' dir='ltr' id='par_1_47' title="bbox 501 4412 2091 4504">
     <span class='ocr_line' id='line_1_47' title="bbox 501 4412 2091 4504; baseline -0.016 -16"><span class='ocrx_word' id='word_1_391' title='bbox 501 4431 662 4504; x_wconf 81' lang='lat' dir='ltr'><strong>quid?</strong></span> <span class='ocrx_word' id='word_1_392' title='bbox 691 4434 773 4484; x_wconf 83' lang='lat' dir='ltr'><strong>Au</strong></span> <span class='ocrx_word' id='word_1_393' title='bbox 813 4426 947 4482; x_wconf 78' lang='lat' dir='ltr'><strong>forte</strong></span> <span class='ocrx_word' id='word_1_394' title='bbox 985 4422 1104 4488; x_wconf 82' lang='lat' dir='ltr'><strong>lex,</strong></span> <span class='ocrx_word' id='word_1_395' title='bbox 1130 4420 1252 4491; x_wconf 91' lang='lat' dir='ltr'><strong>quia</strong></span> <span class='ocrx_word' id='word_1_396' title='bbox 1293 4419 1528 4483; x_wconf 74' lang='lat' dir='ltr'><strong>dixerat,</strong></span> <span class='ocrx_word' id='word_1_397' title='bbox 1573 4415 1639 4471; x_wconf 88' lang='lat' dir='ltr'><strong>Et</strong></span> <span class='ocrx_word' id='word_1_398' title='bbox 1662 4415 1908 4470; x_wconf 87' lang='lat' dir='ltr'><strong>custodivi</strong></span> <span class='ocrx_word' id='word_1_399' title='bbox 1934 4412 2091 4484; x_wconf 89' lang='lat' dir='ltr'><strong>legem</strong></span> 
     </span>
    </p>
   </div>
   <div class='ocr_carea' id='block_1_48' title="bbox 503 4503 2092 4591">
    <p class='ocr_par' dir='ltr' id='par_1_48' title="bbox 503 4503 2092 4591">
     <span class='ocr_line' id='line_1_48' title="bbox 503 4503 2092 4591; baseline -0.014 -12"><span class='ocrx_word' id='word_1_400' title='bbox 503 4503 680 4588; x_wconf 80' lang='lat' dir='ltr'><strong>tuam;</strong></span> <span class='ocrx_word' id='word_1_401' title='bbox 711 4518 901 4591; x_wconf 85' lang='lat' dir='ltr'><strong>quibus</strong></span> <span class='ocrx_word' id='word_1_402' title='bbox 933 4514 1110 4576; x_wconf 79' lang='lat' dir='ltr'><strong>verbis</strong></span> <span class='ocrx_word' id='word_1_403' title='bbox 1148 4510 1444 4580; x_wconf 69' lang='lat' dir='ltr'><strong>subjuuxit,</strong></span> <span class='ocrx_word' id='word_1_404' title='bbox 1481 4507 1602 4564; x_wconf 74' lang='lat' dir='ltr'><strong>Haec</strong></span> <span class='ocrx_word' id='word_1_405' title='bbox 1642 4512 1777 4578; x_wconf 81' lang='lat' dir='ltr'><strong>facta</strong></span> <span class='ocrx_word' id='word_1_406' title='bbox 1815 4513 1888 4558; x_wconf 82' lang='lat' dir='ltr'><strong>est</strong></span> <span class='ocrx_word' id='word_1_407' title='bbox 1925 4503 2049 4558; x_wconf 74' lang='lat' dir='ltr'><strong>mihi</strong></span> <span class='ocrx_word' id='word_1_408' title='bbox 2072 4518 2092 4557; x_wconf 90' lang='lat'><strong><em>:</em></strong></span> 
     </span>
    </p>
   </div>
   <div class='ocr_carea' id='block_1_49' title="bbox 503 4597 2092 4684">
    <p class='ocr_par' dir='ltr' id='par_1_49' title="bbox 503 4597 2092 4684">
     <span class='ocr_line' id='line_1_49' title="bbox 503 4597 2092 4684; baseline -0.015 -12"><span class='ocrx_word' id='word_1_409' title='bbox 503 4625 754 4684; x_wconf 60' lang='lat' dir='ltr'><strong>tanquam</strong></span> <span class='ocrx_word' id='word_1_410' title='bbox 773 4610 996 4673; x_wconf 85' lang='lat' dir='ltr'><strong>diceret,</strong></span> <span class='ocrx_word' id='word_1_411' title='bbox 1027 4606 1151 4661; x_wconf 69' lang='lat' dir='ltr'><strong>Hice</strong></span> <span class='ocrx_word' id='word_1_412' title='bbox 1179 4605 1260 4658; x_wconf 77' lang='lat' dir='ltr'><strong>lex</strong></span> <span class='ocrx_word' id='word_1_413' title='bbox 1283 4603 1425 4656; x_wconf 82' lang='lat' dir='ltr'><strong>facta</strong></span> <span class='ocrx_word' id='word_1_414' title='bbox 1451 4609 1533 4654; x_wconf 83' lang='lat' dir='ltr'><strong>eSt</strong></span> <span class='ocrx_word' id='word_1_415' title='bbox 1559 4598 1721 4652; x_wconf 89' lang='lat' dir='ltr'><strong>mihi?</strong></span> <span class='ocrx_word' id='word_1_416' title='bbox 1745 4597 1849 4653; x_wconf 91' lang='lat' dir='ltr'><strong>Sed</strong></span> <span class='ocrx_word' id='word_1_417' title='bbox 1877 4611 1981 4652; x_wconf 92' lang='lat' dir='ltr'><strong>non</strong></span> <span class='ocrx_word' id='word_1_418' title='bbox 2008 4603 2092 4650; x_wconf 89' lang='lat' dir='ltr'><strong>est</strong></span> 
     </span>
    </p>
   </div>
   <div class='ocr_carea' id='block_1_50' title="bbox 505 4685 2092 4763">
    <p class='ocr_par' dir='ltr' id='par_1_50' title="bbox 505 4685 2092 4763">
     <span class='ocr_line' id='line_1_50' title="bbox 505 4685 2092 4763; baseline -0.014 -3"><span class='ocrx_word' id='word_1_419' title='bbox 505 4700 879 4760; x_wconf 87' lang='lat' dir='ltr'><strong>remorandum</strong></span> <span class='ocrx_word' id='word_1_420' title='bbox 911 4697 962 4750; x_wconf 91' lang='lat' dir='ltr'><strong>iu</strong></span> <span class='ocrx_word' id='word_1_421' title='bbox 995 4691 1310 4763; x_wconf 83' lang='lat' dir='ltr'><strong>exponendo</strong></span> <span class='ocrx_word' id='word_1_422' title='bbox 1339 4687 1607 4761; x_wconf 90' lang='lat' dir='ltr'><strong>quomodo</strong></span> <span class='ocrx_word' id='word_1_423' title='bbox 1633 4687 1702 4741; x_wconf 86' lang='lat' dir='ltr'><strong>sit</strong></span> <span class='ocrx_word' id='word_1_424' title='bbox 1744 4687 1793 4741; x_wconf 86' lang='lat' dir='ltr'><strong>ei</strong></span> <span class='ocrx_word' id='word_1_425' title='bbox 1832 4685 1969 4739; x_wconf 86' lang='lat' dir='ltr'><strong>facta</strong></span> <span class='ocrx_word' id='word_1_426' title='bbox 2006 4685 2092 4739; x_wconf 86' lang='lat' dir='ltr'><strong>lex</strong></span> 
     </span>
    </p>
   </div>
   <div class='ocr_carea' id='block_1_51' title="bbox 506 4773 2091 4850">
    <p class='ocr_par' dir='ltr' id='par_1_51' title="bbox 506 4773 2091 4850">
     <span class='ocr_line' id='line_1_51' title="bbox 506 4773 2091 4850; baseline -0.015 0"><span class='ocrx_word' id='word_1_427' title='bbox 506 4794 620 4850; x_wconf 88' lang='lat' dir='ltr'><strong>Dei.</strong></span> <span class='ocrx_word' id='word_1_428' title='bbox 649 4791 832 4847; x_wconf 75' lang='lat' dir='ltr'><strong>Graeca</strong></span> <span class='ocrx_word' id='word_1_429' title='bbox 863 4787 1004 4842; x_wconf 87' lang='lat' dir='ltr'><strong>enim</strong></span> <span class='ocrx_word' id='word_1_430' title='bbox 1033 4785 1227 4840; x_wconf 89' lang='lat' dir='ltr'><strong>locutio</strong></span> <span class='ocrx_word' id='word_1_431' title='bbox 1253 4780 1392 4836; x_wconf 89' lang='lat' dir='ltr'><strong>unde</strong></span> <span class='ocrx_word' id='word_1_432' title='bbox 1418 4781 1518 4834; x_wconf 90' lang='lat' dir='ltr'><strong>ista</strong></span> <span class='ocrx_word' id='word_1_433' title='bbox 1545 4777 1804 4833; x_wconf 76' lang='lat' dir='ltr'><strong>translata.</strong></span> <span class='ocrx_word' id='word_1_434' title='bbox 1827 4783 1926 4842; x_wconf 89' lang='lat' dir='ltr'><strong>est,</strong></span> <span class='ocrx_word' id='word_1_435' title='bbox 1959 4773 2091 4828; x_wconf 90' lang='lat' dir='ltr'><strong>satis</strong></span> 
     </span>
    </p>
   </div>
   <div class='ocr_carea' id='block_1_52' title="bbox 504 4863 2090 4946">
    <p class='ocr_par' dir='ltr' id='par_1_52' title="bbox 504 4863 2090 4946">
     <span class='ocr_line' id='line_1_52' title="bbox 504 4863 2090 4946; baseline -0.017 -4"><span class='ocrx_word' id='word_1_436' title='bbox 504 4883 704 4942; x_wconf 85' lang='lat' dir='ltr'><strong>iudicat</strong></span> <span class='ocrx_word' id='word_1_437' title='bbox 728 4895 832 4935; x_wconf 90' lang='lat' dir='ltr'><strong>non</strong></span> <span class='ocrx_word' id='word_1_438' title='bbox 859 4877 926 4933; x_wconf 86' lang='lat' dir='ltr'><strong>de</strong></span> <span class='ocrx_word' id='word_1_439' title='bbox 951 4877 1067 4946; x_wconf 88' lang='lat' dir='ltr'><strong>lege</strong></span> <span class='ocrx_word' id='word_1_440' title='bbox 1092 4874 1290 4929; x_wconf 89' lang='lat' dir='ltr'><strong>dictum</strong></span> <span class='ocrx_word' id='word_1_441' title='bbox 1326 4884 1445 4926; x_wconf 88' lang='lat' dir='ltr'><strong>esse</strong></span> <span class='ocrx_word' id='word_1_442' title='bbox 1464 4909 1479 4933; x_wconf 96' lang='lat'><strong>,</strong></span> <span class='ocrx_word' id='word_1_443' title='bbox 1527 4867 1650 4922; x_wconf 68' lang='lat' dir='ltr'><strong>Haec</strong></span> <span class='ocrx_word' id='word_1_444' title='bbox 1674 4871 1810 4938; x_wconf 83' lang='lat' dir='ltr'><strong>facta</strong></span> <span class='ocrx_word' id='word_1_445' title='bbox 1833 4873 1904 4918; x_wconf 88' lang='lat' dir='ltr'><strong>est</strong></span> <span class='ocrx_word' id='word_1_446' title='bbox 1932 4863 2090 4928; x_wconf 86' lang='lat' dir='ltr'><strong>mihi;</strong></span> 
     </span>
    </p>
   </div>
   <div class='ocr_carea' id='block_1_53' title="bbox 502 4953 2092 5046">
    <p class='ocr_par' dir='ltr' id='par_1_53' title="bbox 502 4953 2092 5046">
     <span class='ocr_line' id='line_1_53' title="bbox 502 4953 2092 5046; baseline -0.012 -16"><span class='ocrx_word' id='word_1_447' title='bbox 502 4974 745 5046; x_wconf 73' lang='lat' dir='ltr'><strong>quia-lex</strong></span> <span class='ocrx_word' id='word_1_448' title='bbox 791 4971 841 5025; x_wconf 87' lang='lat' dir='ltr'><strong>in</strong></span> <span class='ocrx_word' id='word_1_449' title='bbox 888 4967 1073 5024; x_wconf 88' lang='lat' dir='ltr'><strong>eadem</strong></span> <span class='ocrx_word' id='word_1_450' title='bbox 1120 4965 1295 5035; x_wconf 87' lang='lat' dir='ltr'><strong>lingua</strong></span> <span class='ocrx_word' id='word_1_451' title='bbox 1334 4961 1546 5033; x_wconf 80' lang='lat' dir='ltr'><strong>generis</strong></span> <span class='ocrx_word' id='word_1_452' title='bbox 1585 4956 1862 5014; x_wconf 84' lang='lat' dir='ltr'><strong>masculini</strong></span> <span class='ocrx_word' id='word_1_453' title='bbox 1890 4953 2007 5023; x_wconf 67' lang='lat' dir='ltr'><strong>est,</strong></span> <span class='ocrx_word' id='word_1_454' title='bbox 2036 4963 2092 5011; x_wconf 87' lang='lat' dir='ltr'><strong>et</strong></span> 
     </span>
    </p>
   </div>
   <div class='ocr_carea' id='block_1_54' title="bbox 506 5046 2088 5132">
    <p class='ocr_par' dir='ltr' id='par_1_54' title="bbox 506 5046 2088 5132">
     <span class='ocr_line' id='line_1_54' title="bbox 506 5046 2088 5132; baseline -0.015 -10"><span class='ocrx_word' id='word_1_455' title='bbox 506 5066 761 5122; x_wconf 79' lang='lat' dir='ltr'><strong>feminino</strong></span> <span class='ocrx_word' id='word_1_456' title='bbox 782 5059 1094 5132; x_wconf 89' lang='lat' dir='ltr'><strong>pronomine</strong></span> <span class='ocrx_word' id='word_1_457' title='bbox 1114 5056 1271 5120; x_wconf 82' lang='lat' dir='ltr'><strong>etiam</strong></span> <span class='ocrx_word' id='word_1_458' title='bbox 1300 5053 1372 5108; x_wconf 90' lang='lat' dir='ltr'><strong>ibi</strong></span> <span class='ocrx_word' id='word_1_459' title='bbox 1400 5051 1652 5120; x_wconf 78' lang='lat' dir='ltr'><strong>scriptum</strong></span> <span class='ocrx_word' id='word_1_460' title='bbox 1682 5058 1781 5112; x_wconf 91' lang='lat' dir='ltr'><strong>est,</strong></span> <span class='ocrx_word' id='word_1_461' title='bbox 1806 5046 1930 5100; x_wconf 66' lang='lat' dir='ltr'><strong>Haec</strong></span> <span class='ocrx_word' id='word_1_462' title='bbox 1951 5046 2088 5114; x_wconf 82' lang='lat' dir='ltr'><strong>facta</strong></span> 
     </span>
    </p>
   </div>
   <div class='ocr_carea' id='block_1_55' title="bbox 503 5135 2091 5218">
    <p class='ocr_par' dir='ltr' id='par_1_55' title="bbox 503 5135 2091 5218">
     <span class='ocr_line' id='line_1_55' title="bbox 503 5135 2091 5218; baseline -0.014 -5"><span class='ocrx_word' id='word_1_463' title='bbox 503 5166 577 5213; x_wconf 81' lang='lat' dir='ltr'><strong>est</strong></span> <span class='ocrx_word' id='word_1_464' title='bbox 609 5155 752 5210; x_wconf 82' lang='lat' dir='ltr'><strong>mihi.</strong></span> <span class='ocrx_word' id='word_1_465' title='bbox 779 5151 1043 5218; x_wconf 66' lang='lat' dir='ltr'><strong>Quaeritur</strong></span> <span class='ocrx_word' id='word_1_466' title='bbox 1066 5161 1193 5216; x_wconf 85' lang='lat' dir='ltr'><strong>ergo</strong></span> <span class='ocrx_word' id='word_1_467' title='bbox 1219 5143 1367 5215; x_wconf 88' lang='lat' dir='ltr'><strong>prius</strong></span> <span class='ocrx_word' id='word_1_468' title='bbox 1391 5158 1506 5211; x_wconf 76' lang='lat' dir='ltr'><strong>qua:</strong></span> <span class='ocrx_word' id='word_1_469' title='bbox 1531 5140 1603 5194; x_wconf 91' lang='lat' dir='ltr'><strong>illi</strong></span> <span class='ocrx_word' id='word_1_470' title='bbox 1629 5139 1760 5193; x_wconf 83' lang='lat' dir='ltr'><strong>facta</strong></span> <span class='ocrx_word' id='word_1_471' title='bbox 1782 5138 1870 5202; x_wconf 84' lang='lat' dir='ltr'><strong>sit,</strong></span> <span class='ocrx_word' id='word_1_472' title='bbox 1899 5135 2091 5191; x_wconf 87' lang='lat' dir='ltr'><strong>deinde</strong></span> 
     </span>
    </p>
   </div>
   <div class='ocr_carea' id='block_1_56' title="bbox 505 5228 2094 5321">
    <p class='ocr_par' dir='ltr' id='par_1_56' title="bbox 505 5228 2094 5321">
     <span class='ocr_line' id='line_1_56' title="bbox 505 5228 2094 5321; baseline -0.016 -16"><span class='ocrx_word' id='word_1_473' title='bbox 505 5247 773 5321; x_wconf 84' lang='lat' dir='ltr'><strong>quomodo</strong></span> <span class='ocrx_word' id='word_1_474' title='bbox 803 5244 876 5300; x_wconf 88' lang='lat' dir='ltr'><strong>illi</strong></span> <span class='ocrx_word' id='word_1_475' title='bbox 908 5242 1040 5297; x_wconf 80' lang='lat' dir='ltr'><strong>facta</strong></span> <span class='ocrx_word' id='word_1_476' title='bbox 1072 5241 1175 5305; x_wconf 89' lang='lat' dir='ltr'><strong>sit,</strong></span> <span class='ocrx_word' id='word_1_477' title='bbox 1211 5250 1557 5308; x_wconf 71' lang='lat' dir='ltr'><strong>qumcumquc</strong></span> <span class='ocrx_word' id='word_1_478' title='bbox 1587 5233 1674 5286; x_wconf 92' lang='lat' dir='ltr'><strong>illa</strong></span> <span class='ocrx_word' id='word_1_479' title='bbox 1704 5233 1790 5284; x_wconf 88' lang='lat' dir='ltr'><strong>sit.</strong></span> <span class='ocrx_word' id='word_1_480' title='bbox 1829 5228 1978 5291; x_wconf 69' lang='grc' dir='ltr'><em>Ησεε,</em></span> <span class='ocrx_word' id='word_1_481' title='bbox 2013 5229 2094 5282; x_wconf 86' lang='lat' dir='ltr'><strong>iu-</strong></span> 
     </span>
    </p>
   </div>
   <div class='ocr_carea' id='block_1_57' title="bbox 507 5318 2091 5409">
    <p class='ocr_par' dir='ltr' id='par_1_57' title="bbox 507 5318 2091 5409">
     <span class='ocr_line' id='line_1_57' title="bbox 507 5318 2091 5409; baseline -0.015 -14"><span class='ocrx_word' id='word_1_482' title='bbox 507 5318 638 5409; x_wconf 79' lang='lat' dir='ltr'><strong>quit,</strong></span> <span class='ocrx_word' id='word_1_483' title='bbox 671 5338 806 5408; x_wconf 76' lang='lat' dir='ltr'><strong>facta</strong></span> <span class='ocrx_word' id='word_1_484' title='bbox 836 5343 907 5389; x_wconf 88' lang='lat' dir='ltr'><strong>est</strong></span> <span class='ocrx_word' id='word_1_485' title='bbox 934 5332 1056 5387; x_wconf 83' lang='lat' dir='ltr'><strong>mihi</strong></span> <span class='ocrx_word' id='word_1_486' title='bbox 1080 5346 1097 5384; x_wconf 93' lang='lat'><strong><em>:</em></strong></span> <span class='ocrx_word' id='word_1_487' title='bbox 1121 5344 1228 5384; x_wconf 90' lang='lat' dir='ltr'><strong>non</strong></span> <span class='ocrx_word' id='word_1_488' title='bbox 1257 5327 1433 5397; x_wconf 82' lang='lat' dir='ltr'><strong>utique</strong></span> <span class='ocrx_word' id='word_1_489' title='bbox 1453 5367 1468 5391; x_wconf 96' lang='lat'><strong>,</strong></span> <span class='ocrx_word' id='word_1_490' title='bbox 1503 5325 1625 5378; x_wconf 82' lang='lat' dir='ltr'><strong>llaec</strong></span> <span class='ocrx_word' id='word_1_491' title='bbox 1651 5323 1731 5376; x_wconf 83' lang='lat' dir='ltr'><strong>lex</strong></span> <span class='ocrx_word' id='word_1_492' title='bbox 1753 5362 1767 5387; x_wconf 95' lang='lat'><strong>,</strong></span> <span class='ocrx_word' id='word_1_493' title='bbox 1800 5321 1920 5390; x_wconf 84' lang='lat' dir='ltr'><strong>quia</strong></span> <span class='ocrx_word' id='word_1_494' title='bbox 1949 5318 2091 5372; x_wconf 90' lang='lat' dir='ltr'><strong>hunc</strong></span> 
     </span>
    </p>
   </div>
   <div class='ocr_carea' id='block_1_58' title="bbox 511 5411 2090 5498">
    <p class='ocr_par' dir='ltr' id='par_1_58' title="bbox 511 5411 2090 5498">
     <span class='ocr_line' id='line_1_58' title="bbox 511 5411 2090 5498; baseline -0.016 -8"><span class='ocrx_word' id='word_1_495' title='bbox 511 5448 748 5498; x_wconf 73' lang='lat' dir='ltr'><strong>Sensum,</strong></span> <span class='ocrx_word' id='word_1_496' title='bbox 780 5431 916 5486; x_wconf 88' lang='lat' dir='ltr'><strong>sicut</strong></span> <span class='ocrx_word' id='word_1_497' title='bbox 942 5428 1072 5489; x_wconf 68' lang='lat' dir='ltr'><strong>dist,</strong></span> <span class='ocrx_word' id='word_1_498' title='bbox 1104 5436 1308 5494; x_wconf 66' lang='lat' dir='ltr'><strong>grarcus</strong></span> <span class='ocrx_word' id='word_1_499' title='bbox 1336 5419 1570 5489; x_wconf 72' lang='lat' dir='ltr'><strong>expellit.</strong></span> <span class='ocrx_word' id='word_1_500' title='bbox 1603 5415 1760 5469; x_wconf 85' lang='lat' dir='ltr'><strong>Forte</strong></span> <span class='ocrx_word' id='word_1_501' title='bbox 1787 5427 1934 5482; x_wconf 88' lang='lat' dir='ltr'><strong>ergo,</strong></span> <span class='ocrx_word' id='word_1_502' title='bbox 1966 5411 2090 5465; x_wconf 64' lang='lat' dir='ltr'><strong>Hmc</strong></span> 
     </span>
    </p>
   </div>
   <div class='ocr_carea' id='block_1_59' title="bbox 509 5501 2092 5592">
    <p class='ocr_par' dir='ltr' id='par_1_59' title="bbox 509 5501 2092 5592">
     <span class='ocr_line' id='line_1_59' title="bbox 509 5501 2092 5592; baseline -0.015 -14"><span class='ocrx_word' id='word_1_503' title='bbox 509 5539 612 5578; x_wconf 84' lang='lat' dir='ltr'><strong>nox</strong></span> <span class='ocrx_word' id='word_1_504' title='bbox 637 5522 789 5592; x_wconf 82' lang='lat' dir='ltr'><strong>:quia</strong></span> <span class='ocrx_word' id='word_1_505' title='bbox 816 5528 924 5574; x_wconf 90' lang='lat' dir='ltr'><strong>tota</strong></span> <span class='ocrx_word' id='word_1_506' title='bbox 949 5515 1193 5585; x_wconf 83' lang='lat' dir='ltr'><strong>superior</strong></span> <span class='ocrx_word' id='word_1_507' title='bbox 1217 5509 1473 5568; x_wconf 86' lang='lat' dir='ltr'><strong>sententia</strong></span> <span class='ocrx_word' id='word_1_508' title='bbox 1506 5508 1581 5561; x_wconf 85' lang='lat' dir='ltr'><strong>sic</strong></span> <span class='ocrx_word' id='word_1_509' title='bbox 1609 5521 1667 5559; x_wconf 87' lang='lat' dir='ltr'><strong>se</strong></span> <span class='ocrx_word' id='word_1_510' title='bbox 1695 5504 1872 5566; x_wconf 76' lang='lat' dir='ltr'><strong>habet,</strong></span> <span class='ocrx_word' id='word_1_511' title='bbox 1899 5501 2092 5554; x_wconf 81' lang='lat' dir='ltr'><strong>Memor</strong></span> 
     </span>
    </p>
   </div>
   <div class='ocr_carea' id='block_1_60' title="bbox 514 5592 2092 5685">
    <p class='ocr_par' dir='ltr' id='par_1_60' title="bbox 514 5592 2092 5685">
     <span class='ocr_line' id='line_1_60' title="bbox 514 5592 2092 5685; baseline -0.016 -18"><span class='ocrx_word' id='word_1_512' title='bbox 514 5616 585 5685; x_wconf 76' lang='lat' dir='ltr'><strong>[ui</strong></span> <span class='ocrx_word' id='word_1_513' title='bbox 615 5617 666 5666; x_wconf 90' lang='lat' dir='ltr'><strong>in</strong></span> <span class='ocrx_word' id='word_1_514' title='bbox 695 5621 835 5666; x_wconf 90' lang='lat' dir='ltr'><strong>nocte</strong></span> <span class='ocrx_word' id='word_1_515' title='bbox 874 5609 1088 5663; x_wconf 86' lang='lat' dir='ltr'><strong>nominis</strong></span> <span class='ocrx_word' id='word_1_516' title='bbox 1124 5605 1197 5658; x_wconf 84' lang='lat' dir='ltr'><strong>tni</strong></span> <span class='ocrx_word' id='word_1_517' title='bbox 1221 5645 1234 5664; x_wconf 88' lang='lat'><strong>,</strong></span> <span class='ocrx_word' id='word_1_518' title='bbox 1279 5602 1528 5663; x_wconf 83' lang='lat' dir='ltr'><strong>Domine,</strong></span> <span class='ocrx_word' id='word_1_519' title='bbox 1569 5608 1615 5650; x_wconf 87' lang='lat' dir='ltr'><strong>et</strong></span> <span class='ocrx_word' id='word_1_520' title='bbox 1655 5594 1898 5648; x_wconf 71' lang='lat' dir='ltr'><strong>custodivi</strong></span> <span class='ocrx_word' id='word_1_521' title='bbox 1933 5592 2092 5657; x_wconf 63' lang='lat' dir='ltr'><strong>legem</strong></span> 
     </span>
    </p>
   </div>
   <div class='ocr_carea' id='block_1_61' title="bbox 511 5682 2090 5768">
    <p class='ocr_par' dir='ltr' id='par_1_61' title="bbox 511 5682 2090 5768">
     <span class='ocr_line' id='line_1_61' title="bbox 511 5682 2090 5768; baseline -0.016 -6"><span class='ocrx_word' id='word_1_522' title='bbox 511 5682 682 5762; x_wconf 79' lang='lat' dir='ltr'><strong>tuam:</strong></span> <span class='ocrx_word' id='word_1_523' title='bbox 713 5709 765 5756; x_wconf 87' lang='lat' dir='ltr'><strong>et</strong></span> <span class='ocrx_word' id='word_1_524' title='bbox 804 5700 1076 5768; x_wconf 88' lang='lat' dir='ltr'><strong>sequitur,</strong></span> <span class='ocrx_word' id='word_1_525' title='bbox 1119 5695 1242 5750; x_wconf 68' lang='grc' dir='ltr'><strong>Πανί</strong></span> <span class='ocrx_word' id='word_1_526' title='bbox 1289 5694 1421 5762; x_wconf 74' lang='lat' dir='ltr'><strong>facta</strong></span> <span class='ocrx_word' id='word_1_527' title='bbox 1457 5697 1526 5743; x_wconf 82' lang='lat' dir='ltr'><strong>est</strong></span> <span class='ocrx_word' id='word_1_528' title='bbox 1557 5687 1674 5739; x_wconf 76' lang='lat' dir='ltr'><strong>mihi</strong></span> <span class='ocrx_word' id='word_1_529' title='bbox 1701 5701 1719 5738; x_wconf 91' lang='lat'><strong><em>:</em></strong></span> <span class='ocrx_word' id='word_1_530' title='bbox 1745 5682 1868 5754; x_wconf 86' lang='lat' dir='ltr'><strong>quia</strong></span> <span class='ocrx_word' id='word_1_531' title='bbox 1910 5682 2090 5750; x_wconf 80' lang='lat' dir='ltr'><strong>itaque</strong></span> 
     </span>
    </p>
   </div>
   <div class='ocr_carea' id='block_1_62' title="bbox 1709 229 2512 295">
    <p class='ocr_par' dir='ltr' id='par_1_62' title="bbox 1709 229 2512 295">
     <span class='ocr_line' id='line_1_62' title="bbox 1709 229 2512 295; baseline 0.004 -5"><span class='ocrx_word' id='word_1_532' title='bbox 1709 229 1770 290; x_wconf 84' lang='lat' dir='ltr'><strong>S.</strong></span> <span class='ocrx_word' id='word_1_533' title='bbox 1809 231 2176 290; x_wconf 77' lang='lat' dir='ltr'><strong>AUGUSTINI</strong></span> <span class='ocrx_word' id='word_1_534' title='bbox 2217 237 2512 295; x_wconf 78' lang='lat' dir='ltr'><strong>EPISCOPI</strong></span> 
     </span>
    </p>
   </div>
   <div class='ocr_carea' id='block_1_63' title="bbox 3637 252 3766 309">
    <p class='ocr_par' dir='ltr' id='par_1_63' title="bbox 3637 252 3766 309">
     <span class='ocr_line' id='line_1_63' title="bbox 3637 252 3766 309; baseline 0.023 -3"><span class='ocrx_word' id='word_1_535' title='bbox 3637 252 3766 309; x_wconf 62' lang='lat' dir='ltr'><strong>{iiii</strong></span> 
     </span>
    </p>
   </div>
   <div class='ocr_carea' id='block_1_64' title="bbox 2198 349 3770 429">
    <p class='ocr_par' dir='ltr' id='par_1_64' title="bbox 2198 349 3770 429">
     <span class='ocr_line' id='line_1_64' title="bbox 2198 349 3770 429; baseline 0.014 -30"><span class='ocrx_word' id='word_1_536' title='bbox 2198 363 2302 402; x_wconf 90' lang='lat' dir='ltr'><strong>non</strong></span> <span class='ocrx_word' id='word_1_537' title='bbox 2335 349 2419 404; x_wconf 90' lang='lat' dir='ltr'><strong>lex</strong></span> <span class='ocrx_word' id='word_1_538' title='bbox 2445 391 2458 416; x_wconf 91' lang='lat'><strong>,</strong></span> <span class='ocrx_word' id='word_1_539' title='bbox 2504 351 2739 420; x_wconf 79' lang='lat' dir='ltr'><strong>profecto</strong></span> <span class='ocrx_word' id='word_1_540' title='bbox 2765 368 2868 407; x_wconf 84' lang='lat' dir='ltr'><strong>nox</strong></span> <span class='ocrx_word' id='word_1_541' title='bbox 2893 363 2976 410; x_wconf 88' lang='lat' dir='ltr'><strong>est</strong></span> <span class='ocrx_word' id='word_1_542' title='bbox 3000 370 3119 424; x_wconf 63' lang='lat' dir='ltr'><strong>quae</strong></span> <span class='ocrx_word' id='word_1_543' title='bbox 3149 355 3284 412; x_wconf 80' lang='lat' dir='ltr'><strong>facta</strong></span> <span class='ocrx_word' id='word_1_544' title='bbox 3310 367 3392 414; x_wconf 87' lang='lat' dir='ltr'><strong>est</strong></span> <span class='ocrx_word' id='word_1_545' title='bbox 3418 359 3511 415; x_wconf 93' lang='lat' dir='ltr'><strong>illi.</strong></span> <span class='ocrx_word' id='word_1_546' title='bbox 3537 360 3667 429; x_wconf 81' lang='lat' dir='ltr'><strong>Quid</strong></span> <span class='ocrx_word' id='word_1_547' title='bbox 3693 380 3770 421; x_wconf 80' lang='lat' dir='ltr'><strong>est</strong></span> 
     </span>
    </p>
   </div>
   <div class='ocr_carea' id='block_1_65' title="bbox 2197 439 3770 518">
    <p class='ocr_par' dir='ltr' id='par_1_65' title="bbox 2197 439 3770 518">
     <span class='ocr_line' id='line_1_65' title="bbox 2197 439 3770 518; baseline 0.01 -26"><span class='ocrx_word' id='word_1_548' title='bbox 2197 439 2374 509; x_wconf 86' lang='lat' dir='ltr'><strong>igitur,</strong></span> <span class='ocrx_word' id='word_1_549' title='bbox 2404 440 2515 496; x_wconf 74' lang='lat' dir='ltr'><strong>Nox</strong></span> <span class='ocrx_word' id='word_1_550' title='bbox 2559 442 2688 496; x_wconf 88' lang='lat' dir='ltr'><strong>mihi</strong></span> <span class='ocrx_word' id='word_1_551' title='bbox 2736 443 2871 499; x_wconf 83' lang='lat' dir='ltr'><strong>facta</strong></span> <span class='ocrx_word' id='word_1_552' title='bbox 2915 455 3016 510; x_wconf 89' lang='lat' dir='ltr'><strong>est,</strong></span> <span class='ocrx_word' id='word_1_553' title='bbox 3069 447 3189 516; x_wconf 89' lang='lat' dir='ltr'><strong>quia</strong></span> <span class='ocrx_word' id='word_1_554' title='bbox 3231 448 3619 518; x_wconf 81' lang='lat' dir='ltr'><strong>justi/icationes</strong></span> <span class='ocrx_word' id='word_1_555' title='bbox 3665 467 3770 508; x_wconf 87' lang='lat' dir='ltr'><strong>tuas</strong></span> 
     </span>
    </p>
   </div>
   <div class='ocr_carea' id='block_1_66' title="bbox 2196 531 3768 609">
    <p class='ocr_par' dir='ltr' id='par_1_66' title="bbox 2196 531 3768 609">
     <span class='ocr_line' id='line_1_66' title="bbox 2196 531 3768 609; baseline 0.009 -25"><span class='ocrx_word' id='word_1_556' title='bbox 2196 531 2479 600; x_wconf 72' lang='lat' dir='ltr'><strong>exquisivi?</strong></span> <span class='ocrx_word' id='word_1_557' title='bbox 2513 532 2626 587; x_wconf 88' lang='lat' dir='ltr'><strong>Lux</strong></span> <span class='ocrx_word' id='word_1_558' title='bbox 2666 534 2858 604; x_wconf 87' lang='lat' dir='ltr'><strong>quippe</strong></span> <span class='ocrx_word' id='word_1_559' title='bbox 2889 535 3067 604; x_wconf 84' lang='lat' dir='ltr'><strong>potius</strong></span> <span class='ocrx_word' id='word_1_560' title='bbox 3093 547 3174 592; x_wconf 91' lang='lat' dir='ltr'><strong>est</strong></span> <span class='ocrx_word' id='word_1_561' title='bbox 3206 540 3256 592; x_wconf 91' lang='lat' dir='ltr'><strong>ei</strong></span> <span class='ocrx_word' id='word_1_562' title='bbox 3296 538 3466 606; x_wconf 84' lang='lat' dir='ltr'><strong>facta,</strong></span> <span class='ocrx_word' id='word_1_563' title='bbox 3511 556 3613 594; x_wconf 93' lang='lat' dir='ltr'><strong>non</strong></span> <span class='ocrx_word' id='word_1_564' title='bbox 3641 559 3768 609; x_wconf 84' lang='lat' dir='ltr'><strong>nox,</strong></span> 
     </span>
    </p>
   </div>
   <div class='ocr_carea' id='block_1_67' title="bbox 2194 620 3771 702">
    <p class='ocr_par' dir='ltr' id='par_1_67' title="bbox 2194 620 3771 702">
     <span class='ocr_line' id='line_1_67' title="bbox 2194 620 3771 702; baseline 0.01 -30"><span class='ocrx_word' id='word_1_565' title='bbox 2194 620 2316 688; x_wconf 85' lang='lat' dir='ltr'><strong>quia</strong></span> <span class='ocrx_word' id='word_1_566' title='bbox 2329 620 2734 689; x_wconf 81' lang='lat' dir='ltr'><strong>justiﬁeationes</strong></span> <span class='ocrx_word' id='word_1_567' title='bbox 2748 625 3032 694; x_wconf 77' lang='lat' dir='ltr'><strong>exquisivit</strong></span> <span class='ocrx_word' id='word_1_568' title='bbox 3043 627 3152 680; x_wconf 91' lang='lat' dir='ltr'><strong>Dei.</strong></span> <span class='ocrx_word' id='word_1_569' title='bbox 3171 629 3246 682; x_wconf 82' lang='lat' dir='ltr'><strong>Ac</strong></span> <span class='ocrx_word' id='word_1_570' title='bbox 3265 629 3340 683; x_wconf 86' lang='lat' dir='ltr'><strong>sic</strong></span> <span class='ocrx_word' id='word_1_571' title='bbox 3370 641 3514 684; x_wconf 79' lang='lat' dir='ltr'><strong>necte</strong></span> <span class='ocrx_word' id='word_1_572' title='bbox 3538 630 3771 702; x_wconf 80' lang='lat' dir='ltr'><strong>intellth-</strong></span> 
     </span>
    </p>
   </div>
   <div class='ocr_carea' id='block_1_68' title="bbox 2198 714 3770 790">
    <p class='ocr_par' dir='ltr' id='par_1_68' title="bbox 2198 714 3770 790">
     <span class='ocr_line' id='line_1_68' title="bbox 2198 714 3770 790; baseline 0.01 -27"><span class='ocrx_word' id='word_1_573' title='bbox 2198 718 2304 775; x_wconf 90' lang='lat' dir='ltr'><strong>tur,</strong></span> <span class='ocrx_word' id='word_1_574' title='bbox 2334 715 2478 781; x_wconf 50' lang='lat' dir='ltr'><strong>facta»</strong></span> <span class='ocrx_word' id='word_1_575' title='bbox 2490 722 2562 767; x_wconf 87' lang='lat' dir='ltr'><strong>est</strong></span> <span class='ocrx_word' id='word_1_576' title='bbox 2591 714 2735 778; x_wconf 79' lang='lat' dir='ltr'><strong>mihi,</strong></span> <span class='ocrx_word' id='word_1_577' title='bbox 2767 730 2828 770; x_wconf 91' lang='lat' dir='ltr'><strong>ac</strong></span> <span class='ocrx_word' id='word_1_578' title='bbox 2854 716 2900 770; x_wconf 87' lang='lat' dir='ltr'><strong>si</strong></span> <span class='ocrx_word' id='word_1_579' title='bbox 2922 716 3218 779; x_wconf 89' lang='lat' dir='ltr'><strong>diceretur,</strong></span> <span class='ocrx_word' id='word_1_580' title='bbox 3252 719 3383 772; x_wconf 84' lang='lat' dir='ltr'><strong>facta</strong></span> <span class='ocrx_word' id='word_1_581' title='bbox 3420 730 3502 774; x_wconf 88' lang='lat' dir='ltr'><strong>est</strong></span> <span class='ocrx_word' id='word_1_582' title='bbox 3531 737 3626 790; x_wconf 90' lang='lat' dir='ltr'><strong>pro</strong></span> <span class='ocrx_word' id='word_1_583' title='bbox 3655 740 3736 778; x_wconf 89' lang='lat' dir='ltr'><strong>me</strong></span> <span class='ocrx_word' id='word_1_584' title='bbox 3755 765 3770 790; x_wconf 96' lang='lat'><strong>,</strong></span> 
     </span>
    </p>
   </div>
   <div class='ocr_carea' id='block_1_69' title="bbox 2197 799 3773 875">
    <p class='ocr_par' dir='ltr' id='par_1_69' title="bbox 2197 799 3773 875">
     <span class='ocr_line' id='line_1_69' title="bbox 2197 799 3773 875; baseline 0.011 -23"><span class='ocrx_word' id='word_1_585' title='bbox 2197 799 2248 853; x_wconf 88' lang='lat' dir='ltr'><strong>id</strong></span> <span class='ocrx_word' id='word_1_586' title='bbox 2275 810 2358 856; x_wconf 91' lang='lat' dir='ltr'><strong>est</strong></span> <span class='ocrx_word' id='word_1_587' title='bbox 2385 802 2578 858; x_wconf 84' lang='lat' dir='ltr'><strong>factum</strong></span> <span class='ocrx_word' id='word_1_588' title='bbox 2605 815 2690 860; x_wconf 86' lang='lat' dir='ltr'><strong>est</strong></span> <span class='ocrx_word' id='word_1_589' title='bbox 2710 814 2769 859; x_wconf 93' lang='lat' dir='ltr'><strong>ut</strong></span> <span class='ocrx_word' id='word_1_590' title='bbox 2795 807 3073 875; x_wconf 87' lang='lat' dir='ltr'><strong>prodesset</strong></span> <span class='ocrx_word' id='word_1_591' title='bbox 3094 809 3243 862; x_wconf 88' lang='lat' dir='ltr'><strong>mihi.</strong></span> <span class='ocrx_word' id='word_1_592' title='bbox 3266 811 3320 865; x_wconf 86' lang='lat' dir='ltr'><strong>Si</strong></span> <span class='ocrx_word' id='word_1_593' title='bbox 3343 812 3484 866; x_wconf 88' lang='lat' dir='ltr'><strong>enim</strong></span> <span class='ocrx_word' id='word_1_594' title='bbox 3513 812 3773 871; x_wconf 83' lang='lat' dir='ltr'><strong>humilitas</strong></span> 
     </span>
    </p>
   </div>
   <div class='ocr_carea' id='block_1_70' title="bbox 2197 889 3772 970">
    <p class='ocr_par' dir='ltr' id='par_1_70' title="bbox 2197 889 3772 970">
     <span class='ocr_line' id='line_1_70' title="bbox 2197 889 3772 970; baseline 0.01 -27"><span class='ocrx_word' id='word_1_595' title='bbox 2197 889 2288 947; x_wconf 84' lang='lat' dir='ltr'><strong>illa</strong></span> <span class='ocrx_word' id='word_1_596' title='bbox 2331 893 2668 949; x_wconf 82' lang='lat' dir='ltr'><strong>mortalitatis</strong></span> <span class='ocrx_word' id='word_1_597' title='bbox 2720 911 2825 950; x_wconf 91' lang='lat' dir='ltr'><strong>non</strong></span> <span class='ocrx_word' id='word_1_598' title='bbox 2872 897 3102 953; x_wconf 88' lang='lat' dir='ltr'><strong>absurde</strong></span> <span class='ocrx_word' id='word_1_599' title='bbox 3149 900 3458 970; x_wconf 67' lang='lat' dir='ltr'><strong>intelligitur</strong></span> <span class='ocrx_word' id='word_1_600' title='bbox 3496 919 3640 969; x_wconf 84' lang='lat' dir='ltr'><strong>nox,</strong></span> <span class='ocrx_word' id='word_1_601' title='bbox 3693 906 3772 961; x_wconf 91' lang='lat' dir='ltr'><strong>ubi</strong></span> 
     </span>
    </p>
   </div>
   <div class='ocr_carea' id='block_1_71' title="bbox 2198 978 3773 1057">
    <p class='ocr_par' dir='ltr' id='par_1_71' title="bbox 2198 978 3773 1057">
     <span class='ocr_line' id='line_1_71' title="bbox 2198 978 3773 1057; baseline 0.01 -24"><span class='ocrx_word' id='word_1_602' title='bbox 2198 978 2423 1036; x_wconf 86' lang='lat' dir='ltr'><strong>invicem</strong></span> <span class='ocrx_word' id='word_1_603' title='bbox 2443 982 2610 1037; x_wconf 85' lang='lat' dir='ltr'><strong>latent</strong></span> <span class='ocrx_word' id='word_1_604' title='bbox 2627 985 2788 1040; x_wconf 89' lang='lat' dir='ltr'><strong>corda</strong></span> <span class='ocrx_word' id='word_1_605' title='bbox 2813 988 3135 1057; x_wconf 81' lang='lat' dir='ltr'><strong>mortalium,</strong></span> <span class='ocrx_word' id='word_1_606' title='bbox 3159 1000 3218 1044; x_wconf 91' lang='lat' dir='ltr'><strong>ut</strong></span> <span class='ocrx_word' id='word_1_607' title='bbox 3237 989 3305 1046; x_wconf 88' lang='lat' dir='ltr'><strong>de</strong></span> <span class='ocrx_word' id='word_1_608' title='bbox 3329 991 3522 1045; x_wconf 84' lang='lat' dir='ltr'><strong>talibus</strong></span> <span class='ocrx_word' id='word_1_609' title='bbox 3547 995 3773 1049; x_wconf 86' lang='lat' dir='ltr'><strong>tenebris</strong></span> 
     </span>
    </p>
   </div>
   <div class='ocr_carea' id='block_1_72' title="bbox 2194 1070 3777 1148">
    <p class='ocr_par' dir='ltr' id='par_1_72' title="bbox 2194 1070 3777 1148">
     <span class='ocr_line' id='line_1_72' title="bbox 2194 1070 3777 1148; baseline 0.009 -24"><span class='ocrx_word' id='word_1_610' title='bbox 2194 1070 2608 1130; x_wconf 86' lang='lat' dir='ltr'><strong>innumerabiles</strong></span> <span class='ocrx_word' id='word_1_611' title='bbox 2646 1085 2700 1132; x_wconf 90' lang='lat' dir='ltr'><strong>et</strong></span> <span class='ocrx_word' id='word_1_612' title='bbox 2736 1091 2926 1146; x_wconf 86' lang='lat' dir='ltr'><strong>graves</strong></span> <span class='ocrx_word' id='word_1_613' title='bbox 2955 1080 3580 1148; x_wconf 84' lang='lat' dir='ltr'><strong>teutationesoriantur,</strong></span> <span class='ocrx_word' id='word_1_614' title='bbox 3624 1083 3691 1137; x_wconf 91' lang='lat' dir='ltr'><strong>ita</strong></span> <span class='ocrx_word' id='word_1_615' title='bbox 3725 1093 3777 1138; x_wconf 90' lang='lat' dir='ltr'><strong>ut</strong></span> 
     </span>
    </p>
   </div>
   <div class='ocr_carea' id='block_1_73' title="bbox 2193 1164 3770 1240">
    <p class='ocr_par' dir='ltr' id='par_1_73' title="bbox 2193 1164 3770 1240">
     <span class='ocr_line' id='line_1_73' title="bbox 2193 1164 3770 1240; baseline 0.006 -22"><span class='ocrx_word' id='word_1_616' title='bbox 2193 1164 2246 1220; x_wconf 91' lang='lat' dir='ltr'><strong>in</strong></span> <span class='ocrx_word' id='word_1_617' title='bbox 2287 1164 2472 1221; x_wconf 84' lang='lat' dir='ltr'><strong>eadem</strong></span> <span class='ocrx_word' id='word_1_618' title='bbox 2518 1176 2673 1223; x_wconf 88' lang='lat' dir='ltr'><strong>nocte</strong></span> <span class='ocrx_word' id='word_1_619' title='bbox 2738 1177 3110 1238; x_wconf 83' lang='lat' dir='ltr'><strong>pertranseaut</strong></span> <span class='ocrx_word' id='word_1_620' title='bbox 3150 1171 3306 1226; x_wconf 87' lang='lat' dir='ltr'><strong>etiam</strong></span> <span class='ocrx_word' id='word_1_621' title='bbox 3367 1173 3554 1228; x_wconf 67' lang='lat' dir='ltr'><strong>bestiae</strong></span> <span class='ocrx_word' id='word_1_622' title='bbox 3593 1174 3770 1240; x_wconf 62' lang='lat' dir='ltr'><strong>silva,</strong></span> 
     </span>
    </p>
   </div>
   <div class='ocr_carea' id='block_1_74' title="bbox 2192 1257 3772 1331">
    <p class='ocr_par' dir='ltr' id='par_1_74' title="bbox 2192 1257 3772 1331">
     <span class='ocr_line' id='line_1_74' title="bbox 2192 1257 3772 1331; baseline 0.006 -22"><span class='ocrx_word' id='word_1_623' title='bbox 2192 1257 2354 1311; x_wconf 88' lang='lat' dir='ltr'><strong>catuli</strong></span> <span class='ocrx_word' id='word_1_624' title='bbox 2378 1257 2591 1312; x_wconf 90' lang='lat' dir='ltr'><strong>leonum</strong></span> <span class='ocrx_word' id='word_1_625' title='bbox 2623 1259 2925 1328; x_wconf 86' lang='lat' dir='ltr'><strong>rugientes,</strong></span> <span class='ocrx_word' id='word_1_626' title='bbox 2951 1271 3252 1331; x_wconf 72' lang='lat' dir='ltr'><strong>quturentes</strong></span> <span class='ocrx_word' id='word_1_627' title='bbox 3280 1277 3310 1316; x_wconf 86' lang='lat' dir='ltr'><strong>a</strong></span> <span class='ocrx_word' id='word_1_628' title='bbox 3341 1263 3451 1318; x_wconf 87' lang='lat' dir='ltr'><strong>Deo</strong></span> <span class='ocrx_word' id='word_1_629' title='bbox 3478 1278 3660 1319; x_wconf 79' lang='lat' dir='ltr'><strong>escam</strong></span> <span class='ocrx_word' id='word_1_630' title='bbox 3681 1265 3772 1320; x_wconf 84' lang='lat' dir='ltr'><strong>sibi</strong></span> 
     </span>
    </p>
   </div>
   <div class='ocr_carea' id='block_1_75' title="bbox 2192 1347 3774 1424">
    <p class='ocr_par' dir='ltr' id='par_1_75' title="bbox 2192 1347 3774 1424">
     <span class='ocr_line' id='line_1_75' title="bbox 2192 1347 3774 1424; baseline 0.006 -23"><span class='ocrx_word' id='word_1_631' title='bbox 2192 1347 2363 1417; x_wconf 85' lang='lat' dir='ltr'><strong>(Psal.</strong></span> <span class='ocrx_word' id='word_1_632' title='bbox 2393 1364 2500 1414; x_wconf 87' lang='lat' dir='ltr'><strong>cut,</strong></span> <span class='ocrx_word' id='word_1_633' title='bbox 2532 1349 2660 1420; x_wconf 69' lang='lat'><strong>2!);</strong></span> <span class='ocrx_word' id='word_1_634' title='bbox 2691 1351 2829 1406; x_wconf 92' lang='lat' dir='ltr'><strong>unde</strong></span> <span class='ocrx_word' id='word_1_635' title='bbox 2853 1352 3020 1406; x_wconf 27' lang='lat' dir='ltr'><strong>etiam.</strong></span> <span class='ocrx_word' id='word_1_636' title='bbox 3047 1352 3116 1406; x_wconf 83' lang='lat' dir='ltr'><strong>de</strong></span> <span class='ocrx_word' id='word_1_637' title='bbox 3154 1353 3243 1408; x_wconf 90' lang='lat' dir='ltr'><strong>illo</strong></span> <span class='ocrx_word' id='word_1_638' title='bbox 3266 1355 3420 1409; x_wconf 89' lang='lat' dir='ltr'><strong>leone</strong></span> <span class='ocrx_word' id='word_1_639' title='bbox 3455 1355 3698 1424; x_wconf 90' lang='lat' dir='ltr'><strong>rugieute</strong></span> <span class='ocrx_word' id='word_1_640' title='bbox 3724 1367 3774 1412; x_wconf 86' lang='lat' dir='ltr'><strong>et</strong></span> 
     </span>
    </p>
   </div>
   <div class='ocr_carea' id='block_1_76' title="bbox 2191 1439 3772 1515">
    <p class='ocr_par' dir='ltr' id='par_1_76' title="bbox 2191 1439 3772 1515">
     <span class='ocr_line' id='line_1_76' title="bbox 2191 1439 3772 1515; baseline 0.006 -25"><span class='ocrx_word' id='word_1_641' title='bbox 2191 1449 2464 1508; x_wconf 70' lang='lat' dir='ltr'><strong>quaerente</strong></span> <span class='ocrx_word' id='word_1_642' title='bbox 2491 1455 2648 1510; x_wconf 89' lang='lat' dir='ltr'><strong>quem</strong></span> <span class='ocrx_word' id='word_1_643' title='bbox 2686 1439 2910 1496; x_wconf 83' lang='lat' dir='ltr'><strong>devoret</strong></span> <span class='ocrx_word' id='word_1_644' title='bbox 2939 1441 2994 1514; x_wconf 94' lang='lat' dir='ltr'><strong>(I</strong></span> <span class='ocrx_word' id='word_1_645' title='bbox 3027 1441 3164 1496; x_wconf 85' lang='lat' dir='ltr'><strong>Petr.</strong></span> <span class='ocrx_word' id='word_1_646' title='bbox 3198 1459 3261 1507; x_wconf 88' lang='lat' dir='ltr'><strong>v,</strong></span> <span class='ocrx_word' id='word_1_647' title='bbox 3290 1443 3375 1515; x_wconf 82' lang='lat'><strong>8),</strong></span> <span class='ocrx_word' id='word_1_648' title='bbox 3420 1443 3679 1498; x_wconf 84' lang='lat' dir='ltr'><strong>Dominus</strong></span> <span class='ocrx_word' id='word_1_649' title='bbox 3707 1442 3772 1500; x_wconf 88' lang='lat' dir='ltr'><strong>ait</strong></span> 
     </span>
    </p>
   </div>
   <div class='ocr_carea' id='block_1_77' title="bbox 2189 1531 3772 1606">
    <p class='ocr_par' dir='ltr' id='par_1_77' title="bbox 2189 1531 3772 1606">
     <span class='ocr_line' id='line_1_77' title="bbox 2189 1531 3772 1606; baseline 0.006 -24"><span class='ocrx_word' id='word_1_650' title='bbox 2189 1533 2330 1598; x_wconf 91' lang='lat' dir='ltr'><strong>quod</strong></span> <span class='ocrx_word' id='word_1_651' title='bbox 2365 1531 2474 1599; x_wconf 90' lang='lat' dir='ltr'><strong>jam</strong></span> <span class='ocrx_word' id='word_1_652' title='bbox 2520 1546 2679 1600; x_wconf 88' lang='lat' dir='ltr'><strong>supra</strong></span> <span class='ocrx_word' id='word_1_653' title='bbox 2723 1535 3156 1599; x_wconf 89' lang='lat' dir='ltr'><strong>commemoravi,</strong></span> <span class='ocrx_word' id='word_1_654' title='bbox 3192 1533 3304 1588; x_wconf 85' lang='lat' dir='ltr'><strong>Hac</strong></span> <span class='ocrx_word' id='word_1_655' title='bbox 3338 1546 3480 1589; x_wconf 84' lang='lat' dir='ltr'><strong>nocte</strong></span> <span class='ocrx_word' id='word_1_656' title='bbox 3509 1539 3772 1606; x_wconf 78' lang='lat' dir='ltr'><strong>postulavit</strong></span> 
     </span>
    </p>
   </div>
   <div class='ocr_carea' id='block_1_78' title="bbox 2189 1625 3769 1694">
    <p class='ocr_par' dir='ltr' id='par_1_78' title="bbox 2189 1625 3769 1694">
     <span class='ocr_line' id='line_1_78' title="bbox 2189 1625 3769 1694; baseline 0.003 -18"><span class='ocrx_word' id='word_1_657' title='bbox 2189 1632 2393 1676; x_wconf 83' lang='lat' dir='ltr'><strong>satanas</strong></span> <span class='ocrx_word' id='word_1_658' title='bbox 2419 1639 2600 1678; x_wconf 74' lang='lat' dir='ltr'><strong>vexare</strong></span> <span class='ocrx_word' id='word_1_659' title='bbox 2637 1639 2722 1677; x_wconf 88' lang='lat' dir='ltr'><strong>vos</strong></span> <span class='ocrx_word' id='word_1_660' title='bbox 2749 1625 2881 1678; x_wconf 84' lang='lat' dir='ltr'><strong>sicut</strong></span> <span class='ocrx_word' id='word_1_661' title='bbox 2910 1625 3162 1690; x_wconf 85' lang='lat' dir='ltr'><strong>triticum;</strong></span> <span class='ocrx_word' id='word_1_662' title='bbox 3193 1626 3244 1680; x_wconf 91' lang='lat' dir='ltr'><strong>id</strong></span> <span class='ocrx_word' id='word_1_663' title='bbox 3274 1635 3386 1694; x_wconf 88' lang='lat' dir='ltr'><strong>est,</strong></span> <span class='ocrx_word' id='word_1_664' title='bbox 3419 1626 3518 1682; x_wconf 89' lang='lat' dir='ltr'><strong>hac</strong></span> <span class='ocrx_word' id='word_1_665' title='bbox 3545 1636 3700 1694; x_wconf 75' lang='lat' dir='ltr'><strong>nocte</strong></span> <span class='ocrx_word' id='word_1_666' title='bbox 3723 1628 3769 1682; x_wconf 89' lang='lat' dir='ltr'><strong>iu</strong></span> 
     </span>
    </p>
   </div>
   <div class='ocr_carea' id='block_1_79' title="bbox 2188 1713 3771 1786">
    <p class='ocr_par' dir='ltr' id='par_1_79' title="bbox 2188 1713 3771 1786">
     <span class='ocr_line' id='line_1_79' title="bbox 2188 1713 3771 1786; baseline 0.005 -22"><span class='ocrx_word' id='word_1_667' title='bbox 2188 1727 2291 1781; x_wconf 89' lang='lat' dir='ltr'><strong>qua</strong></span> <span class='ocrx_word' id='word_1_668' title='bbox 2323 1723 2694 1781; x_wconf 88' lang='lat' dir='ltr'><strong>pertranseunt</strong></span> <span class='ocrx_word' id='word_1_669' title='bbox 2730 1713 2916 1768; x_wconf 63' lang='lat' dir='ltr'><strong>bestiae</strong></span> <span class='ocrx_word' id='word_1_670' title='bbox 2955 1714 3135 1781; x_wconf 68' lang='lat' dir='ltr'><strong>silvae,</strong></span> <span class='ocrx_word' id='word_1_671' title='bbox 3181 1728 3276 1771; x_wconf 90' lang='lat' dir='ltr'><strong>vos</strong></span> <span class='ocrx_word' id='word_1_672' title='bbox 3313 1716 3397 1770; x_wconf 91' lang='lat' dir='ltr'><strong>leo</strong></span> <span class='ocrx_word' id='word_1_673' title='bbox 3439 1715 3530 1770; x_wconf 91' lang='lat' dir='ltr'><strong>ille</strong></span> <span class='ocrx_word' id='word_1_674' title='bbox 3556 1731 3771 1786; x_wconf 80' lang='lat' dir='ltr'><strong>magnus</strong></span> 
     </span>
    </p>
   </div>
   <div class='ocr_carea' id='block_1_80' title="bbox 2189 1803 3770 1876">
    <p class='ocr_par' dir='ltr' id='par_1_80' title="bbox 2189 1803 3770 1876">
     <span class='ocr_line' id='line_1_80' title="bbox 2189 1803 3770 1876; baseline 0.004 -21"><span class='ocrx_word' id='word_1_675' title='bbox 2189 1803 2432 1872; x_wconf 62' lang='lat' dir='ltr'><strong>quassivit</strong></span> <span class='ocrx_word' id='word_1_676' title='bbox 2457 1818 2488 1856; x_wconf 86' lang='lat' dir='ltr'><strong>a</strong></span> <span class='ocrx_word' id='word_1_677' title='bbox 2520 1804 2626 1858; x_wconf 93' lang='lat' dir='ltr'><strong>Deo</strong></span> <span class='ocrx_word' id='word_1_678' title='bbox 2654 1819 2828 1860; x_wconf 88' lang='lat' dir='ltr'><strong>escam</strong></span> <span class='ocrx_word' id='word_1_679' title='bbox 2861 1805 2964 1860; x_wconf 91' lang='lat' dir='ltr'><strong>sibi</strong></span> <span class='ocrx_word' id='word_1_680' title='bbox 2990 1824 3004 1859; x_wconf 91' lang='lat'><strong>:</strong></span> <span class='ocrx_word' id='word_1_681' title='bbox 3030 1807 3268 1874; x_wconf 78' lang='lat' dir='ltr'><strong>profecto</strong></span> <span class='ocrx_word' id='word_1_682' title='bbox 3308 1805 3425 1861; x_wconf 72' lang='lat' dir='ltr'><strong>haec</strong></span> <span class='ocrx_word' id='word_1_683' title='bbox 3458 1807 3569 1876; x_wconf 87' lang='lat' dir='ltr'><strong>ipsa</strong></span> <span class='ocrx_word' id='word_1_684' title='bbox 3603 1807 3770 1862; x_wconf 86' lang='lat' dir='ltr'><strong>humi-</strong></span> 
     </span>
    </p>
   </div>
   <div class='ocr_carea' id='block_1_81' title="bbox 2189 1895 3772 1969">
    <p class='ocr_par' dir='ltr' id='par_1_81' title="bbox 2189 1895 3772 1969">
     <span class='ocr_line' id='line_1_81' title="bbox 2189 1895 3772 1969; baseline 0.004 -21"><span class='ocrx_word' id='word_1_685' title='bbox 2189 1895 2312 1950; x_wconf 84' lang='lat' dir='ltr'><strong>litas</strong></span> <span class='ocrx_word' id='word_1_686' title='bbox 2356 1896 2410 1950; x_wconf 93' lang='lat' dir='ltr'><strong>in</strong></span> <span class='ocrx_word' id='word_1_687' title='bbox 2461 1897 2578 1951; x_wconf 92' lang='lat' dir='ltr'><strong>loco</strong></span> <span class='ocrx_word' id='word_1_688' title='bbox 2611 1898 3050 1967; x_wconf 82' lang='lat' dir='ltr'><strong>peregrinationis</strong></span> <span class='ocrx_word' id='word_1_689' title='bbox 3093 1899 3282 1969; x_wconf 84' lang='lat' dir='ltr'><strong>hujus,</strong></span> <span class='ocrx_word' id='word_1_690' title='bbox 3326 1915 3448 1969; x_wconf 85' lang='lat' dir='ltr'><strong>quae</strong></span> <span class='ocrx_word' id='word_1_691' title='bbox 3489 1914 3603 1954; x_wconf 83' lang='lat' dir='ltr'><strong>nox</strong></span> <span class='ocrx_word' id='word_1_692' title='bbox 3637 1908 3772 1955; x_wconf 81' lang='lat' dir='ltr'><strong>recte</strong></span> 
     </span>
    </p>
   </div>
   <div class='ocr_carea' id='block_1_82' title="bbox 2189 1987 3768 2058">
    <p class='ocr_par' dir='ltr' id='par_1_82' title="bbox 2189 1987 3768 2058">
     <span class='ocr_line' id='line_1_82' title="bbox 2189 1987 3768 2058; baseline 0.004 -18"><span class='ocrx_word' id='word_1_693' title='bbox 2189 1987 2530 2058; x_wconf 83' lang='lat' dir='ltr'><strong>intelligitur,</strong></span> <span class='ocrx_word' id='word_1_694' title='bbox 2577 1988 2793 2057; x_wconf 87' lang='lat' dir='ltr'><strong>prodest</strong></span> <span class='ocrx_word' id='word_1_695' title='bbox 2819 1991 2897 2044; x_wconf 90' lang='lat' dir='ltr'><strong>eis</strong></span> <span class='ocrx_word' id='word_1_696' title='bbox 2933 1991 3021 2058; x_wconf 90' lang='lat' dir='ltr'><strong>qui</strong></span> <span class='ocrx_word' id='word_1_697' title='bbox 3066 1989 3348 2045; x_wconf 82' lang='lat' dir='ltr'><strong>salubriter</strong></span> <span class='ocrx_word' id='word_1_698' title='bbox 3375 2001 3698 2046; x_wconf 85' lang='lat' dir='ltr'><strong>exercentur</strong></span> <span class='ocrx_word' id='word_1_699' title='bbox 3721 1992 3768 2046; x_wconf 89' lang='lat' dir='ltr'><strong>in</strong></span> 
     </span>
    </p>
   </div>
   <div class='ocr_carea' id='block_1_83' title="bbox 2189 2081 3769 2154">
    <p class='ocr_par' dir='ltr' id='par_1_83' title="bbox 2189 2081 3769 2154">
     <span class='ocr_line' id='line_1_83' title="bbox 2189 2081 3769 2154; baseline 0.003 -20"><span class='ocrx_word' id='word_1_700' title='bbox 2189 2095 2250 2135; x_wconf 87' lang='lat' dir='ltr'><strong>ea</strong></span> <span class='ocrx_word' id='word_1_701' title='bbox 2275 2122 2290 2145; x_wconf 93' lang='lat'><strong>,</strong></span> <span class='ocrx_word' id='word_1_702' title='bbox 2321 2089 2379 2134; x_wconf 87' lang='lat' dir='ltr'><strong>ut</strong></span> <span class='ocrx_word' id='word_1_703' title='bbox 2406 2081 2614 2136; x_wconf 90' lang='lat' dir='ltr'><strong>discant</strong></span> <span class='ocrx_word' id='word_1_704' title='bbox 2655 2097 2762 2136; x_wconf 92' lang='lat' dir='ltr'><strong>non</strong></span> <span class='ocrx_word' id='word_1_705' title='bbox 2806 2083 3109 2152; x_wconf 88' lang='lat' dir='ltr'><strong>superbire;</strong></span> <span class='ocrx_word' id='word_1_706' title='bbox 3157 2091 3374 2153; x_wconf 83' lang='lat' dir='ltr'><strong>propter</strong></span> <span class='ocrx_word' id='word_1_707' title='bbox 3409 2083 3550 2154; x_wconf 88' lang='lat' dir='ltr'><strong>quod</strong></span> <span class='ocrx_word' id='word_1_708' title='bbox 3581 2085 3769 2139; x_wconf 83' lang='lat' dir='ltr'><strong>malum</strong></span> 
     </span>
    </p>
   </div>
   <div class='ocr_carea' id='block_1_84' title="bbox 2190 2173 3771 2243">
    <p class='ocr_par' dir='ltr' id='par_1_84' title="bbox 2190 2173 3771 2243">
     <span class='ocr_line' id='line_1_84' title="bbox 2190 2173 3771 2243; baseline 0.001 -16"><span class='ocrx_word' id='word_1_709' title='bbox 2190 2173 2244 2227; x_wconf 88' lang='lat' dir='ltr'><strong>in</strong></span> <span class='ocrx_word' id='word_1_710' title='bbox 2286 2173 2440 2228; x_wconf 87' lang='lat' dir='ltr'><strong>istam</strong></span> <span class='ocrx_word' id='word_1_711' title='bbox 2467 2185 2677 2229; x_wconf 82' lang='lat' dir='ltr'><strong>noctem</strong></span> <span class='ocrx_word' id='word_1_712' title='bbox 2708 2176 2887 2243; x_wconf 89' lang='lat' dir='ltr'><strong>pulsus</strong></span> <span class='ocrx_word' id='word_1_713' title='bbox 2925 2185 3007 2230; x_wconf 87' lang='lat' dir='ltr'><strong>est</strong></span> <span class='ocrx_word' id='word_1_714' title='bbox 3050 2174 3230 2230; x_wconf 90' lang='lat' dir='ltr'><strong>homo.</strong></span> <span class='ocrx_word' id='word_1_715' title='bbox 3273 2175 3479 2231; x_wconf 86' lang='lat' dir='ltr'><strong>Initium</strong></span> <span class='ocrx_word' id='word_1_716' title='bbox 3513 2176 3656 2230; x_wconf 90' lang='lat' dir='ltr'><strong>enim</strong></span> <span class='ocrx_word' id='word_1_717' title='bbox 3688 2191 3771 2231; x_wconf 87' lang='lat' dir='ltr'><strong>su-</strong></span> 
     </span>
    </p>
   </div>
   <div class='ocr_carea' id='block_1_85' title="bbox 2189 2267 3771 2339">
    <p class='ocr_par' dir='ltr' id='par_1_85' title="bbox 2189 2267 3771 2339">
     <span class='ocr_line' id='line_1_85' title="bbox 2189 2267 3771 2339; baseline 0.001 -19"><span class='ocrx_word' id='word_1_718' title='bbox 2189 2267 2387 2336; x_wconf 75' lang='lat' dir='ltr'><strong>perbia:</strong></span> <span class='ocrx_word' id='word_1_719' title='bbox 2415 2267 2651 2322; x_wconf 87' lang='lat' dir='ltr'><strong>hominis</strong></span> <span class='ocrx_word' id='word_1_720' title='bbox 2690 2275 2992 2337; x_wconf 86' lang='lat' dir='ltr'><strong>apostatare</strong></span> <span class='ocrx_word' id='word_1_721' title='bbox 3016 2283 3046 2321; x_wconf 91' lang='lat' dir='ltr'><strong>a</strong></span> <span class='ocrx_word' id='word_1_722' title='bbox 3081 2269 3189 2322; x_wconf 90' lang='lat' dir='ltr'><strong>Deo</strong></span> <span class='ocrx_word' id='word_1_723' title='bbox 3217 2267 3400 2338; x_wconf 87' lang='lat' dir='ltr'><strong>(Eccli.</strong></span> <span class='ocrx_word' id='word_1_724' title='bbox 3426 2284 3460 2322; x_wconf 72' lang='grc' dir='ltr'>ι</span> <span class='ocrx_word' id='word_1_725' title='bbox 3481 2309 3496 2331; x_wconf 87' lang='grc'>,</span> <span class='ocrx_word' id='word_1_726' title='bbox 3528 2269 3639 2339; x_wconf 74' lang='grc' dir='ltr'><strong>Η).</strong></span> <span class='ocrx_word' id='word_1_727' title='bbox 3675 2267 3771 2322; x_wconf 87' lang='lat' dir='ltr'><strong>Sed</strong></span> 
     </span>
    </p>
   </div>
   <div class='ocr_carea' id='block_1_86' title="bbox 2188 2357 3769 2428">
    <p class='ocr_par' dir='ltr' id='par_1_86' title="bbox 2188 2357 3769 2428">
     <span class='ocr_line' id='line_1_86' title="bbox 2188 2357 3769 2428; baseline 0.001 -18"><span class='ocrx_word' id='word_1_728' title='bbox 2188 2357 2350 2428; x_wconf 86' lang='lat' dir='ltr'><strong>gratis</strong></span> <span class='ocrx_word' id='word_1_729' title='bbox 2372 2357 2718 2427; x_wconf 76' lang='lat' dir='ltr'><strong>justificatus,</strong></span> <span class='ocrx_word' id='word_1_730' title='bbox 2749 2365 2908 2427; x_wconf 84' lang='lat' dir='ltr'><strong>atque</strong></span> <span class='ocrx_word' id='word_1_731' title='bbox 2938 2358 3060 2415; x_wconf 85' lang='lat' dir='ltr'><strong>utin</strong></span> <span class='ocrx_word' id='word_1_732' title='bbox 3089 2357 3185 2411; x_wconf 82' lang='lat' dir='ltr'><strong>ista</strong></span> <span class='ocrx_word' id='word_1_733' title='bbox 3212 2357 3510 2412; x_wconf 85' lang='lat' dir='ltr'><strong>humilitate</strong></span> <span class='ocrx_word' id='word_1_734' title='bbox 3534 2359 3769 2428; x_wconf 69' lang='lat' dir='ltr'><strong>proficiat</strong></span> 
     </span>
    </p>
   </div>
   <div class='ocr_carea' id='block_1_87' title="bbox 2189 2447 3769 2518">
    <p class='ocr_par' dir='ltr' id='par_1_87' title="bbox 2189 2447 3769 2518">
     <span class='ocr_line' id='line_1_87' title="bbox 2189 2447 3769 2518; baseline -0.001 -16"><span class='ocrx_word' id='word_1_735' title='bbox 2189 2448 2350 2502; x_wconf 90' lang='lat' dir='ltr'><strong>variis</strong></span> <span class='ocrx_word' id='word_1_736' title='bbox 2392 2447 2770 2503; x_wconf 85' lang='lat' dir='ltr'><strong>tentationibus</strong></span> <span class='ocrx_word' id='word_1_737' title='bbox 2820 2448 2976 2516; x_wconf 89' lang='lat' dir='ltr'><strong>hujus</strong></span> <span class='ocrx_word' id='word_1_738' title='bbox 3006 2448 3176 2503; x_wconf 88' lang='lat' dir='ltr'><strong>noctis</strong></span> <span class='ocrx_word' id='word_1_739' title='bbox 3206 2449 3512 2518; x_wconf 79' lang='lat' dir='ltr'><strong>Oppositus,</strong></span> <span class='ocrx_word' id='word_1_740' title='bbox 3552 2449 3656 2516; x_wconf 88' lang='lat' dir='ltr'><strong>jam</strong></span> <span class='ocrx_word' id='word_1_741' title='bbox 3697 2449 3769 2502; x_wconf 79' lang='lat' dir='ltr'><strong>iu-</strong></span> 
     </span>
    </p>
   </div>
   <div class='ocr_carea' id='block_1_88' title="bbox 2191 2540 3769 2610">
    <p class='ocr_par' dir='ltr' id='par_1_88' title="bbox 2191 2540 3769 2610">
     <span class='ocr_line' id='line_1_88' title="bbox 2191 2540 3769 2610; baseline 0 -16"><span class='ocrx_word' id='word_1_742' title='bbox 2191 2540 2434 2610; x_wconf 82' lang='lat' dir='ltr'><strong>telligens</strong></span> <span class='ocrx_word' id='word_1_743' title='bbox 2472 2541 2644 2604; x_wconf 87' lang='lat' dir='ltr'><strong>dicat,</strong></span> <span class='ocrx_word' id='word_1_744' title='bbox 2687 2540 2831 2610; x_wconf 89' lang='lat' dir='ltr'><strong>quod</strong></span> <span class='ocrx_word' id='word_1_745' title='bbox 2875 2541 2926 2594; x_wconf 90' lang='lat' dir='ltr'><strong>in</strong></span> <span class='ocrx_word' id='word_1_746' title='bbox 2969 2541 3070 2594; x_wconf 92' lang='lat' dir='ltr'><strong>hoc</strong></span> <span class='ocrx_word' id='word_1_747' title='bbox 3109 2540 3312 2608; x_wconf 83' lang='lat' dir='ltr'><strong>psalmo</strong></span> <span class='ocrx_word' id='word_1_748' title='bbox 3355 2541 3623 2610; x_wconf 86' lang='lat' dir='ltr'><strong>aliquanto</strong></span> <span class='ocrx_word' id='word_1_749' title='bbox 3655 2551 3769 2610; x_wconf 74' lang='lat' dir='ltr'><strong>post</strong></span> 
     </span>
    </p>
   </div>
   <div class='ocr_carea' id='block_1_89' title="bbox 2188 2629 3767 2700">
    <p class='ocr_par' dir='ltr' id='par_1_89' title="bbox 2188 2629 3767 2700">
     <span class='ocr_line' id='line_1_89' title="bbox 2188 2629 3767 2700; baseline -0.001 -14"><span class='ocrx_word' id='word_1_750' title='bbox 2188 2631 2414 2696; x_wconf 87' lang='lat' dir='ltr'><strong>dicitur,</strong></span> <span class='ocrx_word' id='word_1_751' title='bbox 2455 2629 2655 2685; x_wconf 82' lang='lat' dir='ltr'><strong>Bonum</strong></span> <span class='ocrx_word' id='word_1_752' title='bbox 2691 2640 2762 2686; x_wconf 88' lang='lat' dir='ltr'><strong>est</strong></span> <span class='ocrx_word' id='word_1_753' title='bbox 2805 2631 2929 2684; x_wconf 84' lang='lat' dir='ltr'><strong>mihi</strong></span> <span class='ocrx_word' id='word_1_754' title='bbox 2971 2631 3208 2700; x_wconf 86' lang='lat' dir='ltr'><strong>quoniam</strong></span> <span class='ocrx_word' id='word_1_755' title='bbox 3249 2631 3527 2685; x_wconf 84' lang='lat' dir='ltr'><strong>Itumiliasti</strong></span> <span class='ocrx_word' id='word_1_756' title='bbox 3565 2648 3676 2696; x_wconf 87' lang='lat' dir='ltr'><strong>me,</strong></span> <span class='ocrx_word' id='word_1_757' title='bbox 3721 2642 3767 2686; x_wconf 82' lang='lat' dir='ltr'><strong>ut</strong></span> 
     </span>
    </p>
   </div>
   <div class='ocr_carea' id='block_1_90' title="bbox 2188 2717 3765 2793">
    <p class='ocr_par' dir='ltr' id='par_1_90' title="bbox 2188 2717 3765 2793">
     <span class='ocr_line' id='line_1_90' title="bbox 2188 2717 3765 2793; baseline 0 -17"><span class='ocrx_word' id='word_1_758' title='bbox 2188 2723 2381 2776; x_wconf 84' lang='lat' dir='ltr'><strong>discam</strong></span> <span class='ocrx_word' id='word_1_759' title='bbox 2413 2722 2798 2793; x_wconf 78' lang='lat' dir='ltr'><strong>iustiﬁcationes</strong></span> <span class='ocrx_word' id='word_1_760' title='bbox 2815 2731 2948 2776; x_wconf 84' lang='lat' dir='ltr'><strong>tuas.</strong></span> <span class='ocrx_word' id='word_1_761' title='bbox 2975 2721 3105 2777; x_wconf 82' lang='lat' dir='ltr'><strong>Nam</strong></span> <span class='ocrx_word' id='word_1_762' title='bbox 3132 2721 3256 2792; x_wconf 87' lang='lat' dir='ltr'><strong>quid</strong></span> <span class='ocrx_word' id='word_1_763' title='bbox 3276 2730 3361 2777; x_wconf 84' lang='lat' dir='ltr'><strong>cst</strong></span> <span class='ocrx_word' id='word_1_764' title='bbox 3382 2721 3544 2788; x_wconf 88' lang='lat' dir='ltr'><strong>aliud,</strong></span> <span class='ocrx_word' id='word_1_765' title='bbox 3575 2717 3765 2777; x_wconf 81' lang='lat' dir='ltr'><strong>Bonum</strong></span> 
     </span>
    </p>
   </div>
   <div class='ocr_carea' id='block_1_91' title="bbox 2189 2811 3765 2885">
    <p class='ocr_par' dir='ltr' id='par_1_91' title="bbox 2189 2811 3765 2885">
     <span class='ocr_line' id='line_1_91' title="bbox 2189 2811 3765 2885; baseline -0.004 -14"><span class='ocrx_word' id='word_1_766' title='bbox 2189 2824 2262 2871; x_wconf 79' lang='lat' dir='ltr'><strong>est</strong></span> <span class='ocrx_word' id='word_1_767' title='bbox 2301 2814 2424 2867; x_wconf 76' lang='lat' dir='ltr'><strong>milii</strong></span> <span class='ocrx_word' id='word_1_768' title='bbox 2458 2815 2696 2885; x_wconf 84' lang='lat' dir='ltr'><strong>quoniam</strong></span> <span class='ocrx_word' id='word_1_769' title='bbox 2736 2814 3013 2867; x_wconf 82' lang='lat' dir='ltr'><strong>humiliasti</strong></span> <span class='ocrx_word' id='word_1_770' title='bbox 3053 2828 3164 2876; x_wconf 84' lang='lat' dir='ltr'><strong>me,</strong></span> <span class='ocrx_word' id='word_1_771' title='bbox 3197 2813 3295 2868; x_wconf 85' lang='lat' dir='ltr'><strong>nisi</strong></span> <span class='ocrx_word' id='word_1_772' title='bbox 3317 2854 3331 2876; x_wconf 96' lang='lat'><strong>,</strong></span> <span class='ocrx_word' id='word_1_773' title='bbox 3362 2812 3475 2867; x_wconf 60' lang='lat' dir='ltr'><strong>haec</strong></span> <span class='ocrx_word' id='word_1_774' title='bbox 3504 2811 3765 2868; x_wconf 79' lang='lat' dir='ltr'><strong>humilitas</strong></span> 
     </span>
    </p>
   </div>
   <div class='ocr_carea' id='block_1_92' title="bbox 2187 2902 3767 2975">
    <p class='ocr_par' dir='ltr' id='par_1_92' title="bbox 2187 2902 3767 2975">
     <span class='ocr_line' id='line_1_92' title="bbox 2187 2902 3767 2975; baseline 0 -19"><span class='ocrx_word' id='word_1_775' title='bbox 2187 2920 2306 2975; x_wconf 72' lang='lat' dir='ltr'><strong>qua:</strong></span> <span class='ocrx_word' id='word_1_776' title='bbox 2346 2919 2452 2958; x_wconf 83' lang='lat' dir='ltr'><strong>nox</strong></span> <span class='ocrx_word' id='word_1_777' title='bbox 2479 2914 2729 2967; x_wconf 79' lang='lat' dir='ltr'><strong>vocatur,</strong></span> <span class='ocrx_word' id='word_1_778' title='bbox 2774 2907 2910 2974; x_wconf 79' lang='lat' dir='ltr'><strong>facta</strong></span> <span class='ocrx_word' id='word_1_779' title='bbox 2937 2913 3010 2958; x_wconf 87' lang='lat' dir='ltr'><strong>est</strong></span> <span class='ocrx_word' id='word_1_780' title='bbox 3051 2903 3206 2968; x_wconf 81' lang='lat' dir='ltr'><strong>mitti,</strong></span> <span class='ocrx_word' id='word_1_781' title='bbox 3249 2903 3296 2956; x_wconf 94' lang='lat' dir='ltr'><strong>id</strong></span> <span class='ocrx_word' id='word_1_782' title='bbox 3328 2912 3443 2968; x_wconf 86' lang='lat' dir='ltr'><strong>est,</strong></span> <span class='ocrx_word' id='word_1_783' title='bbox 3475 2902 3665 2957; x_wconf 85' lang='lat' dir='ltr'><strong>factum</strong></span> <span class='ocrx_word' id='word_1_784' title='bbox 3691 2911 3767 2956; x_wconf 86' lang='lat' dir='ltr'><strong>cst</strong></span> 
     </span>
    </p>
   </div>
   <div class='ocr_carea' id='block_1_93' title="bbox 2189 2994 3760 3066">
    <p class='ocr_par' dir='ltr' id='par_1_93' title="bbox 2189 2994 3760 3066">
     <span class='ocr_line' id='line_1_93' title="bbox 2189 2994 3760 3066; baseline -0.004 -14"><span class='ocrx_word' id='word_1_785' title='bbox 2189 3006 2246 3053; x_wconf 93' lang='lat' dir='ltr'><strong>ut</strong></span> <span class='ocrx_word' id='word_1_786' title='bbox 2275 2996 2552 3066; x_wconf 85' lang='lat' dir='ltr'><strong>prodesset</strong></span> <span class='ocrx_word' id='word_1_787' title='bbox 2577 2994 2864 3052; x_wconf 85' lang='lat' dir='ltr'><strong>mihi?Sed</strong></span> <span class='ocrx_word' id='word_1_788' title='bbox 2889 3011 3053 3064; x_wconf 89' lang='lat' dir='ltr'><strong>quare</strong></span> <span class='ocrx_word' id='word_1_789' title='bbox 3076 2994 3213 3049; x_wconf 86' lang='lat' dir='ltr'><strong>hoc?</strong></span> <span class='ocrx_word' id='word_1_790' title='bbox 3239 2994 3368 3061; x_wconf 85' lang='lat' dir='ltr'><strong>Quia</strong></span> <span class='ocrx_word' id='word_1_791' title='bbox 3391 2995 3592 3050; x_wconf 88' lang='lat' dir='ltr'><strong>scilicet</strong></span> <span class='ocrx_word' id='word_1_792' title='bbox 3605 2995 3760 3064; x_wconf 82' lang='lat' dir='ltr'><strong>justi-</strong></span> 
     </span>
    </p>
   </div>
   <div class='ocr_carea' id='block_1_94' title="bbox 2189 3085 3203 3159">
    <p class='ocr_par' dir='ltr' id='par_1_94' title="bbox 2189 3085 3203 3159">
     <span class='ocr_line' id='line_1_94' title="bbox 2189 3085 3203 3159; baseline -0.004 -17"><span class='ocrx_word' id='word_1_793' title='bbox 2189 3090 2446 3159; x_wconf 81' lang='lat' dir='ltr'><strong>ﬁcationes</strong></span> <span class='ocrx_word' id='word_1_794' title='bbox 2473 3097 2606 3155; x_wconf 83' lang='lat' dir='ltr'><strong>tuas,</strong></span> <span class='ocrx_word' id='word_1_795' title='bbox 2637 3102 2746 3142; x_wconf 89' lang='lat' dir='ltr'><strong>non</strong></span> <span class='ocrx_word' id='word_1_796' title='bbox 2774 3101 2921 3141; x_wconf 86' lang='lat' dir='ltr'><strong>meas</strong></span> <span class='ocrx_word' id='word_1_797' title='bbox 2943 3085 3203 3156; x_wconf 69' lang='lat' dir='ltr'><strong>exquisivi.</strong></span> 
     </span>
    </p>
   </div>
   <div class='ocr_carea' id='block_1_95' title="bbox 2259 3194 3761 3269">
    <p class='ocr_par' dir='ltr' id='par_1_95' title="bbox 2259 3194 3761 3269">
     <span class='ocr_line' id='line_1_95' title="bbox 2259 3194 3761 3269; baseline -0.007 -10"><span class='ocrx_word' id='word_1_798' title='bbox 2259 3203 2312 3259; x_wconf 91' lang='lat'><strong>9.</strong></span> <span class='ocrx_word' id='word_1_799' title='bbox 2342 3203 2633 3256; x_wconf 88' lang='lat' dir='ltr'><strong>Possumus</strong></span> <span class='ocrx_word' id='word_1_800' title='bbox 2675 3201 2832 3255; x_wconf 89' lang='lat' dir='ltr'><strong>etiam</strong></span> <span class='ocrx_word' id='word_1_801' title='bbox 2877 3197 3018 3269; x_wconf 91' lang='lat' dir='ltr'><strong>quod</strong></span> <span class='ocrx_word' id='word_1_802' title='bbox 3063 3197 3260 3252; x_wconf 86' lang='lat' dir='ltr'><strong>dictum</strong></span> <span class='ocrx_word' id='word_1_803' title='bbox 3307 3205 3419 3261; x_wconf 89' lang='lat' dir='ltr'><strong>est,</strong></span> <span class='ocrx_word' id='word_1_804' title='bbox 3464 3194 3590 3249; x_wconf 64' lang='lat' dir='ltr'><strong>Hac</strong></span> <span class='ocrx_word' id='word_1_805' title='bbox 3636 3200 3761 3267; x_wconf 78' lang='lat' dir='ltr'><strong>facta</strong></span> 
     </span>
    </p>
   </div>
   <div class='ocr_carea' id='block_1_96' title="bbox 2189 3287 3761 3360">
    <p class='ocr_par' dir='ltr' id='par_1_96' title="bbox 2189 3287 3761 3360">
     <span class='ocr_line' id='line_1_96' title="bbox 2189 3287 3761 3360; baseline -0.006 -12"><span class='ocrx_word' id='word_1_806' title='bbox 2189 3304 2260 3348; x_wconf 80' lang='lat' dir='ltr'><strong>est</strong></span> <span class='ocrx_word' id='word_1_807' title='bbox 2287 3293 2445 3356; x_wconf 80' lang='lat' dir='ltr'><strong>mihi,</strong></span> <span class='ocrx_word' id='word_1_808' title='bbox 2488 3293 2566 3347; x_wconf 90' lang='lat' dir='ltr'><strong>sic</strong></span> <span class='ocrx_word' id='word_1_809' title='bbox 2606 3292 2900 3360; x_wconf 86' lang='lat' dir='ltr'><strong>intelligere</strong></span> <span class='ocrx_word' id='word_1_810' title='bbox 2920 3329 2935 3355; x_wconf 94' lang='lat'><strong>,</strong></span> <span class='ocrx_word' id='word_1_811' title='bbox 2976 3298 3031 3343; x_wconf 92' lang='lat' dir='ltr'><strong>ut</strong></span> <span class='ocrx_word' id='word_1_812' title='bbox 3062 3303 3159 3342; x_wconf 88' lang='lat' dir='ltr'><strong>nec</strong></span> <span class='ocrx_word' id='word_1_813' title='bbox 3184 3287 3297 3351; x_wconf 80' lang='lat' dir='ltr'><strong>lex,</strong></span> <span class='ocrx_word' id='word_1_814' title='bbox 3327 3301 3426 3341; x_wconf 89' lang='lat' dir='ltr'><strong>nec</strong></span> <span class='ocrx_word' id='word_1_815' title='bbox 3451 3303 3552 3340; x_wconf 83' lang='lat' dir='ltr'><strong>nox</strong></span> <span class='ocrx_word' id='word_1_816' title='bbox 3579 3287 3761 3340; x_wconf 86' lang='lat' dir='ltr'><strong>subau-</strong></span> 
     </span>
    </p>
   </div>
   <div class='ocr_carea' id='block_1_97' title="bbox 2189 3375 3758 3450">
    <p class='ocr_par' dir='ltr' id='par_1_97' title="bbox 2189 3375 3758 3450">
     <span class='ocr_line' id='line_1_97' title="bbox 2189 3375 3758 3450; baseline -0.006 -12"><span class='ocrx_word' id='word_1_817' title='bbox 2189 3384 2397 3449; x_wconf 88' lang='lat' dir='ltr'><strong>diatur,</strong></span> <span class='ocrx_word' id='word_1_818' title='bbox 2442 3384 2534 3436; x_wconf 88' lang='lat' dir='ltr'><strong>sed</strong></span> <span class='ocrx_word' id='word_1_819' title='bbox 2567 3383 2667 3435; x_wconf 90' lang='lat' dir='ltr'><strong>hoc</strong></span> <span class='ocrx_word' id='word_1_820' title='bbox 2694 3395 2986 3450; x_wconf 84' lang='lat' dir='ltr'><strong>pronomen</strong></span> <span class='ocrx_word' id='word_1_821' title='bbox 3014 3377 3154 3447; x_wconf 87' lang='lat' dir='ltr'><strong>quod</strong></span> <span class='ocrx_word' id='word_1_822' title='bbox 3197 3386 3277 3431; x_wconf 85' lang='lat' dir='ltr'><strong>est</strong></span> <span class='ocrx_word' id='word_1_823' title='bbox 3320 3375 3462 3439; x_wconf 65' lang='lat' dir='ltr'><strong>Hec,</strong></span> <span class='ocrx_word' id='word_1_824' title='bbox 3497 3392 3598 3430; x_wconf 80' lang='lat' dir='ltr'><strong>non</strong></span> <span class='ocrx_word' id='word_1_825' title='bbox 3629 3377 3758 3430; x_wconf 83' lang='lat' dir='ltr'><strong>acci-</strong></span> 
     </span>
    </p>
   </div>
   <div class='ocr_carea' id='block_1_98' title="bbox 2189 3467 3760 3544">
    <p class='ocr_par' dir='ltr' id='par_1_98' title="bbox 2189 3467 3760 3544">
     <span class='ocr_line' id='line_1_98' title="bbox 2189 3467 3760 3544; baseline -0.004 -17"><span class='ocrx_word' id='word_1_826' title='bbox 2189 3475 2364 3544; x_wconf 78' lang='lat' dir='ltr'><strong>piatur</strong></span> <span class='ocrx_word' id='word_1_827' title='bbox 2391 3474 2542 3526; x_wconf 90' lang='lat' dir='ltr'><strong>aliter</strong></span> <span class='ocrx_word' id='word_1_828' title='bbox 2567 3487 2724 3541; x_wconf 88' lang='lat' dir='ltr'><strong>quatn</strong></span> <span class='ocrx_word' id='word_1_829' title='bbox 2755 3486 2812 3528; x_wconf 81' lang='lat' dir='ltr'><strong>se</strong></span> <span class='ocrx_word' id='word_1_830' title='bbox 2855 3470 3014 3524; x_wconf 80' lang='lat' dir='ltr'><strong>habet</strong></span> <span class='ocrx_word' id='word_1_831' title='bbox 3045 3469 3131 3522; x_wconf 90' lang='lat' dir='ltr'><strong>illo</strong></span> <span class='ocrx_word' id='word_1_832' title='bbox 3159 3469 3216 3522; x_wconf 90' lang='lat' dir='ltr'><strong>in</strong></span> <span class='ocrx_word' id='word_1_833' title='bbox 3251 3467 3359 3521; x_wconf 84' lang='lat' dir='ltr'><strong>alio</strong></span> <span class='ocrx_word' id='word_1_834' title='bbox 3395 3468 3597 3536; x_wconf 83' lang='lat' dir='ltr'><strong>psalmo</strong></span> <span class='ocrx_word' id='word_1_835' title='bbox 3626 3469 3760 3521; x_wconf 88' lang='lat' dir='ltr'><strong>locus</strong></span> 
     </span>
    </p>
   </div>
   <div class='ocr_carea' id='block_1_99' title="bbox 2191 3559 3755 3633">
    <p class='ocr_par' dir='ltr' id='par_1_99' title="bbox 2191 3559 3755 3633">
     <span class='ocr_line' id='line_1_99' title="bbox 2191 3559 3755 3633; baseline -0.006 -14"><span class='ocrx_word' id='word_1_836' title='bbox 2191 3565 2277 3620; x_wconf 88' lang='lat' dir='ltr'><strong>ubi</strong></span> <span class='ocrx_word' id='word_1_837' title='bbox 2305 3563 2514 3633; x_wconf 89' lang='lat' dir='ltr'><strong>legitur,</strong></span> <span class='ocrx_word' id='word_1_838' title='bbox 2541 3563 2704 3616; x_wconf 87' lang='lat' dir='ltr'><strong>Unam</strong></span> <span class='ocrx_word' id='word_1_839' title='bbox 2733 3563 2848 3633; x_wconf 85' lang='lat' dir='ltr'><strong>petii</strong></span> <span class='ocrx_word' id='word_1_840' title='bbox 2869 3577 2899 3614; x_wconf 89' lang='lat' dir='ltr'><strong>a</strong></span> <span class='ocrx_word' id='word_1_841' title='bbox 2917 3560 3153 3625; x_wconf 80' lang='lat' dir='ltr'><strong>Domino,</strong></span> <span class='ocrx_word' id='word_1_842' title='bbox 3179 3560 3308 3612; x_wconf 84' lang='lat' dir='ltr'><strong>hanc</strong></span> <span class='ocrx_word' id='word_1_843' title='bbox 3333 3560 3583 3628; x_wconf 81' lang='lat' dir='ltr'><strong>requiram</strong></span> <span class='ocrx_word' id='word_1_844' title='bbox 3601 3559 3755 3630; x_wconf 79' lang='lat' dir='ltr'><strong>(Psal.</strong></span> 
     </span>
    </p>
   </div>
   <div class='ocr_carea' id='block_1_100' title="bbox 2189 3649 3760 3722">
    <p class='ocr_par' dir='ltr' id='par_1_100' title="bbox 2189 3649 3760 3722">
     <span class='ocr_line' id='line_1_100' title="bbox 2189 3649 3760 3722; baseline -0.005 -12"><span class='ocrx_word' id='word_1_845' title='bbox 2189 3671 2316 3710; x_wconf 71' lang='lat' dir='ltr'><strong>xxv:</strong></span> <span class='ocrx_word' id='word_1_846' title='bbox 2336 3697 2350 3719; x_wconf 94' lang='lat'><strong>,</strong></span> <span class='ocrx_word' id='word_1_847' title='bbox 2388 3656 2463 3721; x_wconf 76' lang='grc'><strong>4).</strong></span> <span class='ocrx_word' id='word_1_848' title='bbox 2491 3654 2601 3709; x_wconf 89' lang='lat' dir='ltr'><strong>Nec</strong></span> <span class='ocrx_word' id='word_1_849' title='bbox 2634 3655 2761 3708; x_wconf 90' lang='lat' dir='ltr'><strong>dicit</strong></span> <span class='ocrx_word' id='word_1_850' title='bbox 2790 3652 2912 3722; x_wconf 87' lang='lat' dir='ltr'><strong>quid</strong></span> <span class='ocrx_word' id='word_1_851' title='bbox 2955 3666 3114 3705; x_wconf 87' lang='lat' dir='ltr'><strong>unam</strong></span> <span class='ocrx_word' id='word_1_852' title='bbox 3135 3690 3159 3716; x_wconf 89' lang='lat'><strong>,.</strong></span> <span class='ocrx_word' id='word_1_853' title='bbox 3192 3651 3272 3705; x_wconf 88' lang='lat' dir='ltr'><strong>vel</strong></span> <span class='ocrx_word' id='word_1_854' title='bbox 3300 3664 3460 3719; x_wconf 88' lang='lat' dir='ltr'><strong>quam</strong></span> <span class='ocrx_word' id='word_1_855' title='bbox 3490 3663 3667 3712; x_wconf 83' lang='lat' dir='ltr'><strong>unam,</strong></span> <span class='ocrx_word' id='word_1_856' title='bbox 3700 3649 3760 3702; x_wconf 83' lang='lat' dir='ltr'><strong>tle</strong></span> 
     </span>
    </p>
   </div>
   <div class='ocr_carea' id='block_1_101' title="bbox 2189 3739 3758 3816">
    <p class='ocr_par' dir='ltr' id='par_1_101' title="bbox 2189 3739 3758 3816">
     <span class='ocr_line' id='line_1_101' title="bbox 2189 3739 3758 3816; baseline -0.006 -15"><span class='ocrx_word' id='word_1_857' title='bbox 2189 3761 2292 3816; x_wconf 86' lang='lat' dir='ltr'><strong>qua</strong></span> <span class='ocrx_word' id='word_1_858' title='bbox 2333 3745 2547 3810; x_wconf 79' lang='lat' dir='ltr'><strong>dixerit,</strong></span> <span class='ocrx_word' id='word_1_859' title='bbox 2606 3743 2756 3797; x_wconf 77' lang='lat' dir='ltr'><strong>Hanc</strong></span> <span class='ocrx_word' id='word_1_860' title='bbox 2795 3744 3080 3813; x_wconf 81' lang='lat' dir='ltr'><strong>requirant;</strong></span> <span class='ocrx_word' id='word_1_861' title='bbox 3121 3740 3212 3796; x_wconf 86' lang='lat' dir='ltr'><strong>sed</strong></span> <span class='ocrx_word' id='word_1_862' title='bbox 3254 3739 3570 3807; x_wconf 79' lang='lat' dir='ltr'><strong>femininum</strong></span> <span class='ocrx_word' id='word_1_863' title='bbox 3609 3755 3758 3808; x_wconf 63' lang='lat' dir='ltr'><strong>genus</strong></span> 
     </span>
    </p>
   </div>
   <div class='ocr_carea' id='block_1_102' title="bbox 2189 3831 3754 3907">
    <p class='ocr_par' dir='ltr' id='par_1_102' title="bbox 2189 3831 3754 3907">
     <span class='ocr_line' id='line_1_102' title="bbox 2189 3831 3754 3907; baseline -0.005 -15"><span class='ocrx_word' id='word_1_864' title='bbox 2189 3839 2336 3907; x_wconf 89' lang='lat' dir='ltr'><strong>quasi</strong></span> <span class='ocrx_word' id='word_1_865' title='bbox 2366 3851 2464 3907; x_wconf 87' lang='lat' dir='ltr'><strong>pro</strong></span> <span class='ocrx_word' id='word_1_866' title='bbox 2491 3848 2679 3891; x_wconf 87' lang='lat' dir='ltr'><strong>neutro</strong></span> <span class='ocrx_word' id='word_1_867' title='bbox 2701 3835 2927 3905; x_wconf 89' lang='lat' dir='ltr'><strong>positum</strong></span> <span class='ocrx_word' id='word_1_868' title='bbox 2954 3840 3054 3888; x_wconf 88' lang='lat' dir='ltr'><strong>est.</strong></span> <span class='ocrx_word' id='word_1_869' title='bbox 3084 3831 3337 3892; x_wconf 87' lang='lat' dir='ltr'><strong>Inusitate</strong></span> <span class='ocrx_word' id='word_1_870' title='bbox 3359 3832 3554 3901; x_wconf 84' lang='lat' dir='ltr'><strong>quippe</strong></span> <span class='ocrx_word' id='word_1_871' title='bbox 3573 3831 3754 3886; x_wconf 82' lang='lat' dir='ltr'><strong>dictum</strong></span> 
     </span>
    </p>
   </div>
   <div class='ocr_carea' id='block_1_103' title="bbox 2190 3921 3755 3997">
    <p class='ocr_par' dir='ltr' id='par_1_103' title="bbox 2190 3921 3755 3997">
     <span class='ocr_line' id='line_1_103' title="bbox 2190 3921 3755 3997; baseline -0.006 -14"><span class='ocrx_word' id='word_1_872' title='bbox 2190 3941 2292 3995; x_wconf 90' lang='lat' dir='ltr'><strong>est,</strong></span> <span class='ocrx_word' id='word_1_873' title='bbox 2327 3929 2493 3983; x_wconf 88' lang='lat' dir='ltr'><strong>Unam</strong></span> <span class='ocrx_word' id='word_1_874' title='bbox 2520 3928 2676 3997; x_wconf 84' lang='lat' dir='ltr'><strong>petii,</strong></span> <span class='ocrx_word' id='word_1_875' title='bbox 2725 3927 2856 3980; x_wconf 70' lang='lat' dir='ltr'><strong>hanc</strong></span> <span class='ocrx_word' id='word_1_876' title='bbox 2894 3926 3184 3994; x_wconf 86' lang='lat' dir='ltr'><strong>requiram;</strong></span> <span class='ocrx_word' id='word_1_877' title='bbox 3215 3922 3302 3976; x_wconf 92' lang='lat' dir='ltr'><strong>ubi</strong></span> <span class='ocrx_word' id='word_1_878' title='bbox 3331 3938 3434 3976; x_wconf 86' lang='lat' dir='ltr'><strong>non</strong></span> <span class='ocrx_word' id='word_1_879' title='bbox 3465 3921 3755 3976; x_wconf 86' lang='lat' dir='ltr'><strong>subauditur</strong></span> 
     </span>
    </p>
   </div>
   <div class='ocr_carea' id='block_1_104' title="bbox 2191 4012 3754 4092">
    <p class='ocr_par' dir='ltr' id='par_1_104' title="bbox 2191 4012 3754 4092">
     <span class='ocr_line' id='line_1_104' title="bbox 2191 4012 3754 4092; baseline -0.006 -16"><span class='ocrx_word' id='word_1_880' title='bbox 2191 4037 2309 4092; x_wconf 70' lang='lat' dir='ltr'><strong>qua:</strong></span> <span class='ocrx_word' id='word_1_881' title='bbox 2337 4021 2424 4075; x_wconf 90' lang='lat' dir='ltr'><strong>illa</strong></span> <span class='ocrx_word' id='word_1_882' title='bbox 2449 4036 2551 4074; x_wconf 88' lang='lat' dir='ltr'><strong>una</strong></span> <span class='ocrx_word' id='word_1_883' title='bbox 2579 4023 2677 4072; x_wconf 76' lang='lat' dir='ltr'><strong>sit:</strong></span> <span class='ocrx_word' id='word_1_884' title='bbox 2699 4017 2839 4088; x_wconf 85' lang='lat' dir='ltr'><strong>quod</strong></span> <span class='ocrx_word' id='word_1_885' title='bbox 2865 4017 3107 4074; x_wconf 86' lang='lat' dir='ltr'><strong>usitatius</strong></span> <span class='ocrx_word' id='word_1_886' title='bbox 3131 4015 3423 4078; x_wconf 84' lang='lat' dir='ltr'><strong>diceretur,</strong></span> <span class='ocrx_word' id='word_1_887' title='bbox 3459 4014 3628 4068; x_wconf 84' lang='lat' dir='ltr'><strong>Unum</strong></span> <span class='ocrx_word' id='word_1_888' title='bbox 3647 4012 3754 4082; x_wconf 80' lang='lat' dir='ltr'><strong>petii</strong></span> 
     </span>
    </p>
   </div>
   <div class='ocr_carea' id='block_1_105' title="bbox 2192 4104 3755 4180">
    <p class='ocr_par' dir='ltr' id='par_1_105' title="bbox 2192 4104 3755 4180">
     <span class='ocr_line' id='line_1_105' title="bbox 2192 4104 3755 4180; baseline -0.009 -12"><span class='ocrx_word' id='word_1_889' title='bbox 2192 4129 2221 4168; x_wconf 88' lang='lat' dir='ltr'><strong>a</strong></span> <span class='ocrx_word' id='word_1_890' title='bbox 2250 4113 2497 4178; x_wconf 87' lang='lat' dir='ltr'><strong>Domino,</strong></span> <span class='ocrx_word' id='word_1_891' title='bbox 2541 4111 2642 4166; x_wconf 92' lang='lat' dir='ltr'><strong>hoc</strong></span> <span class='ocrx_word' id='word_1_892' title='bbox 2671 4109 2936 4180; x_wconf 85' lang='lat' dir='ltr'><strong>requiram</strong></span> <span class='ocrx_word' id='word_1_893' title='bbox 2962 4151 2978 4174; x_wconf 96' lang='lat'><strong>,</strong></span> <span class='ocrx_word' id='word_1_894' title='bbox 3011 4117 3067 4162; x_wconf 92' lang='lat' dir='ltr'><strong>ut</strong></span> <span class='ocrx_word' id='word_1_895' title='bbox 3093 4106 3382 4166; x_wconf 86' lang='lat' dir='ltr'><strong>inbabitem</strong></span> <span class='ocrx_word' id='word_1_896' title='bbox 3408 4106 3462 4159; x_wconf 90' lang='lat' dir='ltr'><strong>in</strong></span> <span class='ocrx_word' id='word_1_897' title='bbox 3484 4104 3642 4160; x_wconf 88' lang='lat' dir='ltr'><strong>domo</strong></span> <span class='ocrx_word' id='word_1_898' title='bbox 3669 4104 3755 4156; x_wconf 85' lang='lat' dir='ltr'><strong>Do-</strong></span> 
     </span>
    </p>
   </div>
   <div class='ocr_carea' id='block_1_106' title="bbox 2191 4197 3752 4266">
    <p class='ocr_par' dir='ltr' id='par_1_106' title="bbox 2191 4197 3752 4266">
     <span class='ocr_line' id='line_1_106' title="bbox 2191 4197 3752 4266; baseline -0.01 -4"><span class='ocrx_word' id='word_1_899' title='bbox 2191 4207 2344 4262; x_wconf 90' lang='lat' dir='ltr'><strong>mini.</strong></span> <span class='ocrx_word' id='word_1_900' title='bbox 2385 4205 2442 4259; x_wconf 91' lang='lat' dir='ltr'><strong>ln</strong></span> <span class='ocrx_word' id='word_1_901' title='bbox 2475 4205 2557 4258; x_wconf 88' lang='lat' dir='ltr'><strong>his</strong></span> <span class='ocrx_word' id='word_1_902' title='bbox 2592 4203 2738 4258; x_wconf 87' lang='lat' dir='ltr'><strong>euitn</strong></span> <span class='ocrx_word' id='word_1_903' title='bbox 2775 4201 2976 4256; x_wconf 85' lang='lat' dir='ltr'><strong>neutris</strong></span> <span class='ocrx_word' id='word_1_904' title='bbox 3021 4215 3128 4254; x_wconf 90' lang='lat' dir='ltr'><strong>non</strong></span> <span class='ocrx_word' id='word_1_905' title='bbox 3168 4198 3308 4254; x_wconf 83' lang='lat' dir='ltr'><strong>solet</strong></span> <span class='ocrx_word' id='word_1_906' title='bbox 3341 4197 3484 4266; x_wconf 75' lang='lat' dir='ltr'><strong>exigi</strong></span> <span class='ocrx_word' id='word_1_907' title='bbox 3525 4207 3752 4250; x_wconf 86' lang='lat' dir='ltr'><strong>neutrum</strong></span> 
     </span>
    </p>
   </div>
   <div class='ocr_carea' id='block_1_107' title="bbox 2191 4289 3754 4369">
    <p class='ocr_par' dir='ltr' id='par_1_107' title="bbox 2191 4289 3754 4369">
     <span class='ocr_line' id='line_1_107' title="bbox 2191 4289 3754 4369; baseline -0.009 -17"><span class='ocrx_word' id='word_1_908' title='bbox 2191 4299 2330 4369; x_wconf 88' lang='lat' dir='ltr'><strong>quod</strong></span> <span class='ocrx_word' id='word_1_909' title='bbox 2362 4295 2785 4353; x_wconf 88' lang='lat' dir='ltr'><strong>subaudiendum</strong></span> <span class='ocrx_word' id='word_1_910' title='bbox 2827 4294 2924 4356; x_wconf 92' lang='lat' dir='ltr'><strong>sit,</strong></span> <span class='ocrx_word' id='word_1_911' title='bbox 2958 4302 3016 4346; x_wconf 93' lang='lat' dir='ltr'><strong>ut</strong></span> <span class='ocrx_word' id='word_1_912' title='bbox 3051 4302 3203 4362; x_wconf 88' lang='lat' dir='ltr'><strong>puta,</strong></span> <span class='ocrx_word' id='word_1_913' title='bbox 3235 4306 3396 4344; x_wconf 90' lang='lat' dir='ltr'><strong>unum</strong></span> <span class='ocrx_word' id='word_1_914' title='bbox 3429 4289 3649 4353; x_wconf 89' lang='lat' dir='ltr'><strong>bonum,</strong></span> <span class='ocrx_word' id='word_1_915' title='bbox 3677 4296 3754 4340; x_wconf 84' lang='lat' dir='ltr'><strong>aut</strong></span> 
     </span>
    </p>
   </div>
   <div class='ocr_carea' id='block_1_108' title="bbox 2192 4377 3752 4455">
    <p class='ocr_par' dir='ltr' id='par_1_108' title="bbox 2192 4377 3752 4455">
     <span class='ocr_line' id='line_1_108' title="bbox 2192 4377 3752 4455; baseline -0.009 -10"><span class='ocrx_word' id='word_1_916' title='bbox 2192 4405 2353 4445; x_wconf 91' lang='lat' dir='ltr'><strong>unum</strong></span> <span class='ocrx_word' id='word_1_917' title='bbox 2383 4383 2581 4444; x_wconf 86' lang='lat' dir='ltr'><strong>donum</strong></span> <span class='ocrx_word' id='word_1_918' title='bbox 2604 4430 2618 4453; x_wconf 93' lang='lat'><strong>,</strong></span> <span class='ocrx_word' id='word_1_919' title='bbox 2661 4387 2746 4442; x_wconf 90' lang='lat' dir='ltr'><strong>vel</strong></span> <span class='ocrx_word' id='word_1_920' title='bbox 2790 4385 2833 4439; x_wconf 91' lang='lat' dir='ltr'><strong>si</strong></span> <span class='ocrx_word' id='word_1_921' title='bbox 2863 4383 2988 4455; x_wconf 88' lang='lat' dir='ltr'><strong>quid</strong></span> <span class='ocrx_word' id='word_1_922' title='bbox 3025 4381 3360 4452; x_wconf 85' lang='lat' dir='ltr'><strong>hujusmodi;</strong></span> <span class='ocrx_word' id='word_1_923' title='bbox 3392 4379 3485 4435; x_wconf 82' lang='lat' dir='ltr'><strong>sed</strong></span> <span class='ocrx_word' id='word_1_924' title='bbox 3521 4377 3752 4450; x_wconf 79' lang='lat' dir='ltr'><strong>quidquid</strong></span> 
     </span>
    </p>
   </div>
   <div class='ocr_carea' id='block_1_109' title="bbox 2193 4472 3753 4548">
    <p class='ocr_par' dir='ltr' id='par_1_109' title="bbox 2193 4472 3753 4548">
     <span class='ocr_line' id='line_1_109' title="bbox 2193 4472 3753 4548; baseline -0.009 -10"><span class='ocrx_word' id='word_1_925' title='bbox 2193 4483 2319 4538; x_wconf 91' lang='lat' dir='ltr'><strong>illud</strong></span> <span class='ocrx_word' id='word_1_926' title='bbox 2368 4490 2486 4548; x_wconf 88' lang='lat' dir='ltr'><strong>est,</strong></span> <span class='ocrx_word' id='word_1_927' title='bbox 2539 4479 2747 4536; x_wconf 89' lang='lat' dir='ltr'><strong>etiamsi</strong></span> <span class='ocrx_word' id='word_1_928' title='bbox 2797 4474 3088 4532; x_wconf 88' lang='lat' dir='ltr'><strong>masculino</strong></span> <span class='ocrx_word' id='word_1_929' title='bbox 3134 4474 3216 4529; x_wconf 86' lang='lat' dir='ltr'><strong>vel</strong></span> <span class='ocrx_word' id='word_1_930' title='bbox 3272 4472 3527 4530; x_wconf 81' lang='lat' dir='ltr'><strong>feminino</strong></span> <span class='ocrx_word' id='word_1_931' title='bbox 3577 4485 3753 4541; x_wconf 86' lang='lat' dir='ltr'><strong>genere</strong></span> 
     </span>
    </p>
   </div>
   <div class='ocr_carea' id='block_1_110' title="bbox 2193 4562 3751 4646">
    <p class='ocr_par' dir='ltr' id='par_1_110' title="bbox 2193 4562 3751 4646">
     <span class='ocr_line' id='line_1_110' title="bbox 2193 4562 3751 4646; baseline -0.012 -14"><span class='ocrx_word' id='word_1_932' title='bbox 2193 4585 2561 4646; x_wconf 89' lang='lat' dir='ltr'><strong>nuncupetur,</strong></span> <span class='ocrx_word' id='word_1_933' title='bbox 2591 4573 2676 4628; x_wconf 87' lang='lat' dir='ltr'><strong>vel</strong></span> <span class='ocrx_word' id='word_1_934' title='bbox 2705 4573 2819 4626; x_wconf 89' lang='lat' dir='ltr'><strong>sine</strong></span> <span class='ocrx_word' id='word_1_935' title='bbox 2851 4570 2956 4624; x_wconf 92' lang='lat' dir='ltr'><strong>ullo</strong></span> <span class='ocrx_word' id='word_1_936' title='bbox 2987 4569 3198 4623; x_wconf 88' lang='lat' dir='ltr'><strong>nomine</strong></span> <span class='ocrx_word' id='word_1_937' title='bbox 3227 4567 3385 4621; x_wconf 89' lang='lat' dir='ltr'><strong>ullius</strong></span> <span class='ocrx_word' id='word_1_938' title='bbox 3413 4566 3624 4636; x_wconf 76' lang='lat' dir='ltr'><strong>generis</strong></span> <span class='ocrx_word' id='word_1_939' title='bbox 3648 4562 3751 4632; x_wconf 82' lang='lat' dir='ltr'><strong>qui-</strong></span> 
     </span>
    </p>
   </div>
   <div class='ocr_carea' id='block_1_111' title="bbox 2191 4655 3752 4725">
    <p class='ocr_par' dir='ltr' id='par_1_111' title="bbox 2191 4655 3752 4725">
     <span class='ocr_line' id='line_1_111' title="bbox 2191 4655 3752 4725; baseline -0.013 -1"><span class='ocrx_word' id='word_1_940' title='bbox 2191 4669 2420 4724; x_wconf 90' lang='lat' dir='ltr'><strong>buslibet</strong></span> <span class='ocrx_word' id='word_1_941' title='bbox 2452 4665 2627 4721; x_wconf 90' lang='lat' dir='ltr'><strong>verbis</strong></span> <span class='ocrx_word' id='word_1_942' title='bbox 2670 4665 3004 4725; x_wconf 86' lang='lat' dir='ltr'><strong>insinuetur,</strong></span> <span class='ocrx_word' id='word_1_943' title='bbox 3047 4659 3202 4714; x_wconf 88' lang='lat' dir='ltr'><strong>solita</strong></span> <span class='ocrx_word' id='word_1_944' title='bbox 3246 4657 3466 4712; x_wconf 88' lang='lat' dir='ltr'><strong>omnino</strong></span> <span class='ocrx_word' id='word_1_945' title='bbox 3509 4655 3752 4710; x_wconf 84' lang='lat' dir='ltr'><strong>locutione</strong></span> 
     </span>
    </p>
   </div>
   <div class='ocr_carea' id='block_1_112' title="bbox 2194 4740 3752 4828">
    <p class='ocr_par' dir='ltr' id='par_1_112' title="bbox 2194 4740 3752 4828">
     <span class='ocr_line' id='line_1_112' title="bbox 2194 4740 3752 4828; baseline -0.013 -15"><span class='ocrx_word' id='word_1_946' title='bbox 2194 4758 2293 4813; x_wconf 92' lang='lat' dir='ltr'><strong>sub</strong></span> <span class='ocrx_word' id='word_1_947' title='bbox 2313 4772 2508 4828; x_wconf 85' lang='lat' dir='ltr'><strong>genere</strong></span> <span class='ocrx_word' id='word_1_948' title='bbox 2533 4763 2721 4809; x_wconf 87' lang='lat' dir='ltr'><strong>neutro</strong></span> <span class='ocrx_word' id='word_1_949' title='bbox 2746 4751 3074 4820; x_wconf 85' lang='lat' dir='ltr'><strong>intelligitur.</strong></span> <span class='ocrx_word' id='word_1_950' title='bbox 3101 4748 3176 4802; x_wconf 82' lang='lat' dir='ltr'><strong>Ita</strong></span> <span class='ocrx_word' id='word_1_951' title='bbox 3197 4761 3328 4817; x_wconf 87' lang='lat' dir='ltr'><strong>ergo</strong></span> <span class='ocrx_word' id='word_1_952' title='bbox 3348 4756 3398 4800; x_wconf 91' lang='lat' dir='ltr'><strong>et</strong></span> <span class='ocrx_word' id='word_1_953' title='bbox 3420 4744 3507 4799; x_wconf 90' lang='lat' dir='ltr'><strong>hic</strong></span> <span class='ocrx_word' id='word_1_954' title='bbox 3529 4759 3593 4799; x_wconf 92' lang='lat' dir='ltr'><strong>eo</strong></span> <span class='ocrx_word' id='word_1_955' title='bbox 3614 4740 3752 4796; x_wconf 88' lang='lat' dir='ltr'><strong>modo</strong></span> 
     </span>
    </p>
   </div>
   <div class='ocr_carea' id='block_1_113' title="bbox 2193 4835 3750 4919">
    <p class='ocr_par' dir='ltr' id='par_1_113' title="bbox 2193 4835 3750 4919">
     <span class='ocr_line' id='line_1_113' title="bbox 2193 4835 3750 4919; baseline -0.015 -14"><span class='ocrx_word' id='word_1_956' title='bbox 2193 4850 2298 4906; x_wconf 88' lang='lat' dir='ltr'><strong>dici</strong></span> <span class='ocrx_word' id='word_1_957' title='bbox 2347 4847 2534 4919; x_wconf 89' lang='lat' dir='ltr'><strong>potuit,</strong></span> <span class='ocrx_word' id='word_1_958' title='bbox 2593 4843 2716 4899; x_wconf 75' lang='lat' dir='ltr'><strong>Ha&#39;c</strong></span> <span class='ocrx_word' id='word_1_959' title='bbox 2769 4847 2903 4914; x_wconf 79' lang='lat' dir='ltr'><strong>facta</strong></span> <span class='ocrx_word' id='word_1_960' title='bbox 2953 4848 3024 4894; x_wconf 78' lang='lat' dir='ltr'><strong>est</strong></span> <span class='ocrx_word' id='word_1_961' title='bbox 3077 4838 3218 4899; x_wconf 78' lang='lat' dir='ltr'><strong>mihi,</strong></span> <span class='ocrx_word' id='word_1_962' title='bbox 3267 4847 3516 4907; x_wconf 86' lang='lat' dir='ltr'><strong>tanquam</strong></span> <span class='ocrx_word' id='word_1_963' title='bbox 3572 4835 3750 4888; x_wconf 87' lang='lat' dir='ltr'><strong>dictum</strong></span> 
     </span>
    </p>
   </div>
   <div class='ocr_carea' id='block_1_114' title="bbox 2194 4919 3751 5006">
    <p class='ocr_par' dir='ltr' id='par_1_114' title="bbox 2194 4919 3751 5006">
     <span class='ocr_line' id='line_1_114' title="bbox 2194 4919 3751 5006; baseline -0.015 -8"><span class='ocrx_word' id='word_1_964' title='bbox 2194 4950 2368 5006; x_wconf 88' lang='lat' dir='ltr'><strong>esset,</strong></span> <span class='ocrx_word' id='word_1_965' title='bbox 2399 4939 2510 4993; x_wconf 87' lang='lat' dir='ltr'><strong>Hoc</strong></span> <span class='ocrx_word' id='word_1_966' title='bbox 2535 4935 2732 4990; x_wconf 84' lang='lat' dir='ltr'><strong>factum</strong></span> <span class='ocrx_word' id='word_1_967' title='bbox 2759 4942 2842 4987; x_wconf 91' lang='lat' dir='ltr'><strong>est</strong></span> <span class='ocrx_word' id='word_1_968' title='bbox 2865 4930 3016 4984; x_wconf 91' lang='lat' dir='ltr'><strong>mihi.</strong></span> <span class='ocrx_word' id='word_1_969' title='bbox 3044 4929 3099 4984; x_wconf 90' lang='lat' dir='ltr'><strong>Si</strong></span> <span class='ocrx_word' id='word_1_970' title='bbox 3125 4937 3301 4982; x_wconf 87' lang='lat' dir='ltr'><strong>autem</strong></span> <span class='ocrx_word' id='word_1_971' title='bbox 3328 4939 3627 4997; x_wconf 72' lang='lat' dir='ltr'><strong>qumramus</strong></span> <span class='ocrx_word' id='word_1_972' title='bbox 3645 4919 3751 4990; x_wconf 86' lang='lat' dir='ltr'><strong>quid</strong></span> 
     </span>
    </p>
   </div>
   <div class='ocr_carea' id='block_1_115' title="bbox 2194 5013 3752 5096">
    <p class='ocr_par' dir='ltr' id='par_1_115' title="bbox 2194 5013 3752 5096">
     <span class='ocr_line' id='line_1_115' title="bbox 2194 5013 3752 5096; baseline -0.015 -10"><span class='ocrx_word' id='word_1_973' title='bbox 2194 5031 2323 5086; x_wconf 88' lang='lat' dir='ltr'><strong>illttd</strong></span> <span class='ocrx_word' id='word_1_974' title='bbox 2352 5029 2459 5096; x_wconf 92' lang='lat' dir='ltr'><strong>sit,</strong></span> <span class='ocrx_word' id='word_1_975' title='bbox 2502 5026 2734 5082; x_wconf 87' lang='lat' dir='ltr'><strong>occurrit</strong></span> <span class='ocrx_word' id='word_1_976' title='bbox 2758 5022 2897 5092; x_wconf 90' lang='lat' dir='ltr'><strong>quod</strong></span> <span class='ocrx_word' id='word_1_977' title='bbox 2933 5036 3091 5090; x_wconf 87' lang='lat' dir='ltr'><strong>supra</strong></span> <span class='ocrx_word' id='word_1_978' title='bbox 3121 5019 3364 5074; x_wconf 86' lang='lat' dir='ltr'><strong>dixerat:</strong></span> <span class='ocrx_word' id='word_1_979' title='bbox 3394 5016 3589 5070; x_wconf 72' lang='lat' dir='ltr'><strong>Memor</strong></span> <span class='ocrx_word' id='word_1_980' title='bbox 3615 5014 3684 5083; x_wconf 80' lang='lat' dir='ltr'><strong>fui</strong></span> <span class='ocrx_word' id='word_1_981' title='bbox 3708 5013 3752 5062; x_wconf 81' lang='lat' dir='ltr'><strong>is</strong></span> 
     </span>
    </p>
   </div>
   <div class='ocr_carea' id='block_1_116' title="bbox 2194 5109 3750 5183">
    <p class='ocr_par' dir='ltr' id='par_1_116' title="bbox 2194 5109 3750 5183">
     <span class='ocr_line' id='line_1_116' title="bbox 2194 5109 3750 5183; baseline -0.017 -5"><span class='ocrx_word' id='word_1_982' title='bbox 2194 5135 2336 5178; x_wconf 88' lang='lat' dir='ltr'><strong>nocte</strong></span> <span class='ocrx_word' id='word_1_983' title='bbox 2378 5119 2594 5175; x_wconf 87' lang='lat' dir='ltr'><strong>nominis</strong></span> <span class='ocrx_word' id='word_1_984' title='bbox 2625 5118 2716 5183; x_wconf 88' lang='lat' dir='ltr'><strong>tui,</strong></span> <span class='ocrx_word' id='word_1_985' title='bbox 2762 5114 2995 5174; x_wconf 85' lang='lat' dir='ltr'><strong>Domine,</strong></span> <span class='ocrx_word' id='word_1_986' title='bbox 3043 5121 3095 5166; x_wconf 85' lang='lat' dir='ltr'><strong>et</strong></span> <span class='ocrx_word' id='word_1_987' title='bbox 3125 5109 3368 5164; x_wconf 87' lang='lat' dir='ltr'><strong>custodivi</strong></span> <span class='ocrx_word' id='word_1_988' title='bbox 3411 5109 3569 5176; x_wconf 56' lang='lat' dir='ltr'><strong>legent</strong></span> <span class='ocrx_word' id='word_1_989' title='bbox 3611 5115 3750 5157; x_wconf 81' lang='lat' dir='ltr'><strong>luant.</strong></span> 
     </span>
    </p>
   </div>
   <div class='ocr_carea' id='block_1_117' title="bbox 2194 5196 3751 5271">
    <p class='ocr_par' dir='ltr' id='par_1_117' title="bbox 2194 5196 3751 5271">
     <span class='ocr_line' id='line_1_117' title="bbox 2194 5196 3751 5271; baseline -0.017 -1"><span class='ocrx_word' id='word_1_990' title='bbox 2194 5215 2307 5270; x_wconf 83' lang='lat' dir='ltr'><strong>Hoc</strong></span> <span class='ocrx_word' id='word_1_991' title='bbox 2333 5212 2525 5271; x_wconf 77' lang='lat' dir='ltr'><strong>factum</strong></span> <span class='ocrx_word' id='word_1_992' title='bbox 2552 5218 2634 5264; x_wconf 85' lang='lat' dir='ltr'><strong>est</strong></span> <span class='ocrx_word' id='word_1_993' title='bbox 2658 5205 2817 5270; x_wconf 82' lang='lat' dir='ltr'><strong>mihi;</strong></span> <span class='ocrx_word' id='word_1_994' title='bbox 2847 5204 2898 5260; x_wconf 88' lang='lat' dir='ltr'><strong>id</strong></span> <span class='ocrx_word' id='word_1_995' title='bbox 2920 5212 3022 5266; x_wconf 85' lang='lat' dir='ltr'><strong>est,</strong></span> <span class='ocrx_word' id='word_1_996' title='bbox 3047 5201 3147 5256; x_wconf 90' lang='lat' dir='ltr'><strong>hoc</strong></span> <span class='ocrx_word' id='word_1_997' title='bbox 3162 5199 3301 5270; x_wconf 87' lang='lat' dir='ltr'><strong>quod</strong></span> <span class='ocrx_word' id='word_1_998' title='bbox 3320 5198 3576 5254; x_wconf 89' lang='lat' dir='ltr'><strong>custodivi</strong></span> <span class='ocrx_word' id='word_1_999' title='bbox 3604 5196 3751 5262; x_wconf 79' lang='lat' dir='ltr'><strong>legem</strong></span> 
     </span>
    </p>
   </div>
   <div class='ocr_carea' id='block_1_118' title="bbox 2194 5286 3751 5371">
    <p class='ocr_par' dir='ltr' id='par_1_118' title="bbox 2194 5286 3751 5371">
     <span class='ocr_line' id='line_1_118' title="bbox 2194 5286 3751 5371; baseline -0.016 -11"><span class='ocrx_word' id='word_1_1000' title='bbox 2194 5316 2337 5360; x_wconf 87' lang='lat' dir='ltr'><strong>tuam</strong></span> <span class='ocrx_word' id='word_1_1001' title='bbox 2360 5347 2375 5371; x_wconf 96' lang='lat'><strong>,</strong></span> <span class='ocrx_word' id='word_1_1002' title='bbox 2416 5317 2520 5357; x_wconf 90' lang='lat' dir='ltr'><strong>non</strong></span> <span class='ocrx_word' id='word_1_1003' title='bbox 2549 5317 2643 5370; x_wconf 86' lang='lat' dir='ltr'><strong>per</strong></span> <span class='ocrx_word' id='word_1_1004' title='bbox 2669 5299 2926 5367; x_wconf 89' lang='lat' dir='ltr'><strong>meipsum</strong></span> <span class='ocrx_word' id='word_1_1005' title='bbox 2973 5295 3102 5358; x_wconf 86' lang='lat' dir='ltr'><strong>feci,</strong></span> <span class='ocrx_word' id='word_1_1006' title='bbox 3147 5291 3240 5348; x_wconf 88' lang='lat' dir='ltr'><strong>sed</strong></span> <span class='ocrx_word' id='word_1_1007' title='bbox 3281 5291 3475 5345; x_wconf 85' lang='lat' dir='ltr'><strong>factum</strong></span> <span class='ocrx_word' id='word_1_1008' title='bbox 3503 5299 3582 5344; x_wconf 88' lang='lat' dir='ltr'><strong>est</strong></span> <span class='ocrx_word' id='word_1_1009' title='bbox 3607 5286 3751 5345; x_wconf 86' lang='lat' dir='ltr'><strong>mihi,</strong></span> 
     </span>
    </p>
   </div>
   <div class='ocr_carea' id='block_1_119' title="bbox 2195 5379 3755 5468">
    <p class='ocr_par' dir='ltr' id='par_1_119' title="bbox 2195 5379 3755 5468">
     <span class='ocr_line' id='line_1_119' title="bbox 2195 5379 3755 5468; baseline -0.016 -15"><span class='ocrx_word' id='word_1_1010' title='bbox 2195 5398 2376 5468; x_wconf 88' lang='lat' dir='ltr'><strong>utique</strong></span> <span class='ocrx_word' id='word_1_1011' title='bbox 2401 5396 2496 5450; x_wconf 89' lang='lat' dir='ltr'><strong>abs</strong></span> <span class='ocrx_word' id='word_1_1012' title='bbox 2524 5404 2575 5449; x_wconf 89' lang='lat' dir='ltr'><strong>te</strong></span> <span class='ocrx_word' id='word_1_1013' title='bbox 2598 5411 2614 5446; x_wconf 84' lang='lat'><strong>:</strong></span> <span class='ocrx_word' id='word_1_1014' title='bbox 2635 5392 2751 5461; x_wconf 85' lang='lat' dir='ltr'><strong>quia</strong></span> <span class='ocrx_word' id='word_1_1015' title='bbox 2777 5387 3180 5459; x_wconf 72' lang='lat' dir='ltr'><strong>iustiﬁcationes,</strong></span> <span class='ocrx_word' id='word_1_1016' title='bbox 3209 5399 3314 5437; x_wconf 87' lang='lat' dir='ltr'><strong>non</strong></span> <span class='ocrx_word' id='word_1_1017' title='bbox 3342 5396 3508 5445; x_wconf 87' lang='lat' dir='ltr'><strong>meas,</strong></span> <span class='ocrx_word' id='word_1_1018' title='bbox 3535 5379 3630 5435; x_wconf 89' lang='lat' dir='ltr'><strong>sed</strong></span> <span class='ocrx_word' id='word_1_1019' title='bbox 3657 5388 3755 5428; x_wconf 66' lang='lat' dir='ltr'><strong>tuas</strong></span> 
     </span>
    </p>
   </div>
   <div class='ocr_carea' id='block_1_120' title="bbox 2197 5477 3748 5561">
    <p class='ocr_par' dir='ltr' id='par_1_120' title="bbox 2197 5477 3748 5561">
     <span class='ocr_line' id='line_1_120' title="bbox 2197 5477 3748 5561; baseline -0.015 -16"><span class='ocrx_word' id='word_1_1020' title='bbox 2197 5489 2458 5561; x_wconf 76' lang='lat' dir='ltr'><strong>exquisivi.</strong></span> <span class='ocrx_word' id='word_1_1021' title='bbox 2479 5488 2615 5542; x_wconf 79' lang='lat' dir='ltr'><strong>Deus</strong></span> <span class='ocrx_word' id='word_1_1022' title='bbox 2640 5493 2711 5539; x_wconf 86' lang='lat' dir='ltr'><strong>cst</strong></span> <span class='ocrx_word' id='word_1_1023' title='bbox 2735 5484 2888 5547; x_wconf 88' lang='lat' dir='ltr'><strong>enim,</strong></span> <span class='ocrx_word' id='word_1_1024' title='bbox 2914 5479 3084 5548; x_wconf 88' lang='lat' dir='ltr'><strong>inquit</strong></span> <span class='ocrx_word' id='word_1_1025' title='bbox 3101 5479 3406 5546; x_wconf 76' lang='lat' dir='ltr'><strong>Apostolus,</strong></span> <span class='ocrx_word' id='word_1_1026' title='bbox 3436 5477 3516 5545; x_wconf 81' lang='lat' dir='ltr'><strong>qui</strong></span> <span class='ocrx_word' id='word_1_1027' title='bbox 3544 5480 3748 5542; x_wconf 70' lang='lat' dir='ltr'><strong>opertum</strong></span> 
     </span>
    </p>
   </div>
   <div class='ocr_carea' id='block_1_121' title="bbox 2194 5563 3755 5643">
    <p class='ocr_par' dir='ltr' id='par_1_121' title="bbox 2194 5563 3755 5643">
     <span class='ocr_line' id='line_1_121' title="bbox 2194 5563 3755 5643; baseline -0.018 -7"><span class='ocrx_word' id='word_1_1028' title='bbox 2194 5582 2246 5635; x_wconf 88' lang='lat' dir='ltr'><strong>in</strong></span> <span class='ocrx_word' id='word_1_1029' title='bbox 2275 5581 2411 5634; x_wconf 86' lang='lat' dir='ltr'><strong>vobis</strong></span> <span class='ocrx_word' id='word_1_1030' title='bbox 2439 5588 2483 5632; x_wconf 89' lang='lat' dir='ltr'><strong>et</strong></span> <span class='ocrx_word' id='word_1_1031' title='bbox 2508 5578 2633 5632; x_wconf 83' lang='lat' dir='ltr'><strong>velle</strong></span> <span class='ocrx_word' id='word_1_1032' title='bbox 2659 5584 2702 5628; x_wconf 86' lang='lat' dir='ltr'><strong>et</strong></span> <span class='ocrx_word' id='word_1_1033' title='bbox 2730 5571 2950 5643; x_wconf 81' lang='lat' dir='ltr'><strong>Operari,</strong></span> <span class='ocrx_word' id='word_1_1034' title='bbox 2975 5587 3066 5640; x_wconf 83' lang='lat' dir='ltr'><strong>pro</strong></span> <span class='ocrx_word' id='word_1_1035' title='bbox 3092 5567 3222 5621; x_wconf 85' lang='lat' dir='ltr'><strong>bona</strong></span> <span class='ocrx_word' id='word_1_1036' title='bbox 3244 5568 3500 5621; x_wconf 83' lang='lat' dir='ltr'><strong>voluntate</strong></span> <span class='ocrx_word' id='word_1_1037' title='bbox 3519 5563 3755 5634; x_wconf 73' lang='lat' dir='ltr'><strong>(Philipp.</strong></span> 
     </span>
    </p>
   </div>
   <div class='ocr_carea' id='block_1_122' title="bbox 2202 5654 3757 5744">
    <p class='ocr_par' dir='ltr' id='par_1_122' title="bbox 2202 5654 3757 5744">
     <span class='ocr_line' id='line_1_122' title="bbox 2202 5654 3757 5744; baseline -0.018 -14"><span class='ocrx_word' id='word_1_1038' title='bbox 2202 5690 2260 5738; x_wconf 83' lang='lat' dir='ltr'><strong>tt,</strong></span> <span class='ocrx_word' id='word_1_1039' title='bbox 2296 5673 2404 5744; x_wconf 76' lang='lat' dir='ltr'><strong>l3).</strong></span> <span class='ocrx_word' id='word_1_1040' title='bbox 2444 5671 2555 5725; x_wconf 82' lang='lat' dir='ltr'><strong>Hoc</strong></span> <span class='ocrx_word' id='word_1_1041' title='bbox 2580 5667 2739 5724; x_wconf 90' lang='lat' dir='ltr'><strong>etiatn</strong></span> <span class='ocrx_word' id='word_1_1042' title='bbox 2774 5679 2868 5735; x_wconf 85' lang='lat' dir='ltr'><strong>per</strong></span> <span class='ocrx_word' id='word_1_1043' title='bbox 2893 5662 3200 5733; x_wconf 87' lang='lat' dir='ltr'><strong>prophetam</strong></span> <span class='ocrx_word' id='word_1_1044' title='bbox 3241 5660 3382 5715; x_wconf 86' lang='lat' dir='ltr'><strong>Deus</strong></span> <span class='ocrx_word' id='word_1_1045' title='bbox 3408 5657 3569 5714; x_wconf 84' lang='lat' dir='ltr'><strong>dicit:</strong></span> <span class='ocrx_word' id='word_1_1046' title='bbox 3598 5654 3659 5708; x_wconf 73' lang='lat' dir='ltr'><strong>Et</strong></span> <span class='ocrx_word' id='word_1_1047' title='bbox 3684 5655 3757 5721; x_wconf 75' lang='lat' dir='ltr'><strong>{a-</strong></span> 
     </span>
    </p>
   </div>
  </div>
