4026 6202
462 378 486 433 i
500 372 599 433 557

459 504 616 559 neque
639 501 703 542 ea:
730 483 981 540 uoluntate
1006 471 1172 529 carnis
1192 513 1208 536 ,
1234 482 1390 537 neque
1413 480 1477 519 ex
1516 461 1774 515 uoluntate
1794 456 1910 522 uiri,
1954 451 2042 507 sed

458 546 655 638 ex'Deo
681 576 786 632 nati
813 581 950 627 sunt.
981 567 1051 624 Ut
1092 572 1269 617 autem
1314 558 1419 612 hoc
1460 556 1630 617 ﬁeret,
1676 549 1798 621 quia
1838 557 1892 601 et
1930 546 2045 615 ipse

464 676 630 730 lactus
659 674 743 725 est
769 662 1031 736 particeps
1076 648 1413 709 mortalitatis
1443 654 1660 708 nostras,
1680 640 1751 694 ita
1774 637 1844 692 ibi
1865 634 2046 704 sequi-

463 778 548 822 tur
581 782 594 819 :
630 761 696 815 Et
728 730 946 812 verbum
1001 765 1119 804 caro
1150 750 1338 818 factum
1375 747 1468 805 est,
1493 746 1539 792 et
1580 731 1819 787 habitavit
1860 730 1915 782 in
1957 739 2051 780 no—

568 852 811 926 (Jonn.t,
838 841 1048 911 12-14).
1103 838 1207 893 Per
1253 833 1391 888 hanc
1431 828 1546 898 ejus
1593 819 2050 896 participationem

466 910 619 1003 nobis
640 941 806 1013 gratia
838 910 1291 991 subministratur,
1311 931 1368 976 ut
1389 929 1533 975 caste
1555 917 1836 971 timeamus
1861 910 2049 972 Deum,

459 1049 514 1093 et
546 1030 907 1090 custodiamus
951 1019 1196 1078 mandata
1218 1015 1352 1084 ejus.
1370 1007 1599 1066 Proinde
1630 1006 1741 1073 ipse
1768 1000 1925 1057 .lesus
1972 997 2052 1050 lo-

469 1128 650 1198 quitur
695 1123 748 1178 in
794 1121 893 1175 ista
942 1109 1218 1184 prophetia
1249 1125 1265 1161 :
1295 1103 1387 1158 sed
1432 1098 1673 1171 qumdam
1704 1096 1757 1149 in
1802 1088 2056 1147 membris

473 1218 585 1273 suis
613 1224 670 1272 et
695 1213 896 1267 unitate
922 1202 1165 1274 corporis
1190 1198 1295 1263 stti,
1330 1205 1578 1263 tanquam
1607 1190 1658 1241 iu
1691 1201 1800 1241 uno
1826 1180 2055 1253 quodam

470 1306 691 1364 homine
735 1299 927 1357 diffuso
958 1306 1069 1350 tato
1104 1291 1241 1365 prbe
1283 1297 1565 1343 terrarum,
1598 1286 1653 1334 et
1689 1281 2060 1332 succresceute

477 1417 571 1473 per
611 1394 878 1453 volumina
922 1386 1274 1447 saeculorum;
1327 1375 1568 1449 qumdam
1619 1384 1749 1426 vero
1789 1369 1842 1421 in
1882 1365 2061 1433 seipso

475 1458 650 1562 capite
673 1494 878 1545 nostro.
904 1478 1057 1538 Unde
1075 1485 1130 1531 et
1157 1473 1261 1528 hoc
1286 1480 1367 1525 cst
1394 1465 1534 1538 quod
1566 1464 1660 1528 ait,
1690 1458 1953 1525 I’articeps
1974 1470 2063 1524 ego

475 1604 586 1642 sunt
631 1580 854 1639 omnium
896 1572 1173 1630 timentium
1200 1578 1275 1633 te,
1308 1576 1353 1618 et
1401 1556 1784 1616 custodientium
1825 1548 2065 1605 mandata

477 1690 580 1732 tun.
609 1676 676 1730 Et
702 1671 821 1744 quia
869 1674 1084 1739 propter
1127 1662 1228 1715 hoc
1270 1654 1411 1727 quod
1462 1650 1726 1723 particeps
1770 1643 1940 1699 laetus
1983 1648 2068 1694 est

477 1772 700 1826 fmtrmn
726 1775 945 1820 suorum
968 1800 984 1825 ,
1017 1757 1157 1812 Deus
1198 1750 1495 1812 hominum,
1529 1737 1841 1797 immortalis
1864 1742 2068 1789 morta-

481 1864 630 1924 lium,
666 1856 786 1912 ideo
816 1836 1036 1924 granum
1062 1843 1256 1901 cecidit
1281 1842 1333 1895 in
1365 1847 1583 1900 terram,
1612 1840 1673 1885 ut
1696 1824 2070 1884 mortiﬁcatum

481 1953 707 2009 multum
769 1945 996 2001 fructum
1051 1938 1281 1999 laceret;
1331 1930 1399 1986 de
1454 1929 1569 1997 ipso
1624 1924 1796 1978 fructu
1859 1924 2073 1972 secutus

482 2043 746 2115 adjuuxit,
780 2031 1136 2093 Misericordia
1179 2038 1300 2091 tua,-
1327 2022 1562 2083 Domine,
1612 2016 1764 2087 plena
1802 2019 1872 2066 est
1916 2016 2070 2062 term.

485 2099 569 2192 Et.
600 2134 741 2191 unde
783 2130 905 2192 hoc,
947 2125 1048 2181 nisi
1094 2136 1215 2177 cum
1239 2115 1561 2189 iustiﬁcetur
1586 2101 1818 2177 impius?
1842 2101 1898 2155 lu
1923 2099 2074 2168 cujus

484 2228 671 2301 gratiae
697 2221 918 2281 scientia
945 2226 1004 2273 ut
1029 2212 1355 2288 proﬁciatur,
1402 2202 1665 2276 adiungit,
1694 2195 1779 2285 ‘Et
1814 2191 2075 2273 justiﬁca-

492 2321 651 2376 tiones
671 2326 784 2372 tuas
809 2313 933 2370 doce
955 2324 1054 2364 me.
1444 2367 1448 2375 ι

1114 2409 1288 2453 εειιιιο
1316 2406 1443 2447 XVI].

566 2525 619 2580 i.
651 2520 804 2598 [vers.
830 2514 901 2573 65
927 2510 967 2587 .]
990 2510 1056 2568 iii
1101 2520 1289 2565 versus
1327 2500 1519 2575 psalmi
1562 2496 1742 2565 hujus,
1784 2491 1853 2548 de
1890 2487 2082 2559 quibus

494 2579 743 2672 nunc‘in
786 2579 1062 2665 volun-tate
1107 2598 1203 2655 Dei
1240 2588 1562 2664 diSputaturi
1604 2598 1811 2651 sumus,
1864 2580 1933 2636 ab
1976 2579 2080 2633 hoc

495 2706 755 2778 incipiunt
796 2740 816 2768 ,
881 2694 1188 2751 Suuvitatem
1235 2684 1398 2759 fecisti
1449 2695 1562 2735 cum
1608 2691 1748 2733 servo
1798 2683 1881 2727 tuo
1909 2712 1924 2736 ,
1976 2667 2084 2723 Do-

498 2799 664 2862 mine,
712 2787 989 2848 secundum
1032 2781 1237 2838 verbum
1283 2787 1460 2836 tuum;
1508 2769 1595 2825 vel
1640 2766 1850 2838 potius,
1897 2776 2082 2817 secun-

503 2890 626 2943 dum
651 2860 900 2954 eloquium
925 2887 1087 2931 tuum.
1117 2868 1222 2927 Sed
1253 2863 1393 2938 quod
1421 2862 1496 2918 ait
1538 2871 1746 2931 gracus
1778 2860 2086 2926 χρηστότητα

498 2975 785 3049 aliquando
847 2967 1143 3026 suavitatem
1171 3002 1189 3029 ,
1240 2951 1526 3028 aliquando
1598 2948 1869 3004 bonitatem
1918 2941 2086 2997 nostri

500 3036 822 3141 interpretes
874 3056 1282 3131 transtulerunt.
1305 3049 1505 3104 Verum
1555 3042 1676 3114 quia
1712 3036 1943 3093 suavitas
1993 3046 2093 3103 po-

502 3172 605 3218 test
647 3124 780 3214 Iesse
803 3160 858 3210 et
902 3152 955 3207 in
995 3128 1161 3213 malo,
1186 3139 1399 3214 quando
1437 3134 1619 3191 illicita
1652 3142 1877 3201 quaeque
1905 3133 1961 3181 et
1988 3124 2091 3179 im-

505 3250 702 3310 munda
744 3244 1033 3306 delectant,
1080 3240 1256 3305 potest
1302 3229 1463 3284 etiam
1507 3236 1628 3278 esse
1671 3227 1729 3275 et
1771 3219 1822 3272 in
1870 3231 1930 3270 ea
1971 3226 2092 3284 qua:

510 3338 824 3399 conceditur
848 3333 1124 3400 voluptate
1149 3320 1381 3383 carnali;
1412 3318 1490 3372 sic
1518 3313 1774 3369 debemus
1798 3307 2093 3376 intelligere

513 3431 828 3493 suavitatem,
856 3396 1017 3494 quam
1047 3423 1352 3488 χρηστότητα
1371 3405 1545 3466 (ἕτωοί
1558 3410 1764 3466 vocant,
1794 3399 1918 3454 utin
1939 3396 2093 3451 bonis

507 3490 890 3596 spirituaiibus-
924 3510 1251 3581 deputetur:
1285 3508 1502 3572 propter
1544 3495 1646 3549 hoc
1694 3490 1836 3546 enim
1882 3502 2000 3543 eam
2040 3495 2095 3541 ct

507 3579 975 3671 bonitatem'nostri
996 3579 1277 3671 appellare
1315 3590 1616 3646 voluerunt.
1650 3581 1791 3638 Nihil
1844 3579 1932 3633 hic
1968 3590 2095 3646 ergo

508 3705 651 3764 aliud
686 3702 884 3758 dictum
929 3691 1195 3754 existimo,
1243 3684 1554 3741 Suavitatem
1598 3673 1759 3748 fecisti
1798 3685 1914 3725 cum
1953 3682 2096 3721 seruo

512 3810 618 3862 tuo,
650 3792 776 3859 nisi,
822 3786 990 3845 iecisti
1038 3790 1222 3847 utJne
1267 3773 1560 3830 delectaret
1606 3770 1823 3822 bonum.
1872 3757 2097 3828 Quando

513 3890 655 3945 extim
705 3882 936 3940 delectat
988 3875 1210 3935 bonum,
1261 3870 1508 3934 magnum
1557 3865 1639 3914 est
1692 3852 1787 3909 Dei
1837 3850 2096 3907 donum‘.

514 3975 739 4050 Quando
767 3978 945 4028 autem
965 3965 1165 4020 bonum
1192 3970 1330 4027 opus
1356 3950 1497 4024 quod
1540 3950 1623 4003 lex
1655 3946 1901 4014 imperat,
1936 3940 1995 3995 ﬁt
2031 3938 2099 3993 ti-

515 4031 666 4128 more
715 4076 905 4136 penna),
951 4071 1056 4112 non
1104 4044 1459 4107 delectatione
1495 4036 1747 4111 iustitiae,
1795 4047 1916 4087 cum
1963 4031 2104 4085 Deus

518 4121 805 4219 metuitur,
836 4121 945 4207 non
970 4152 1208 4207 amatur;
1236 4135 1499 4193 serviliter
1527 4130 1605 4194 ﬁt,
1648 4140 1752 4181 non
1793 4121 2103 4177 liberaliter.

520 4252 721 4309 Servus
745 4252 925 4299 autem
955 4250 1062 4293 non
1090 4236 1270 4291 manet
1306 4225 1360 4281 in
1385 4223 1546 4279 domo
1574 4218 1628 4273 lu
1653 4224 1931 4276 aeternum,
1969 4209 2107 4264 ﬁlius

520 4345 706 4401 manet
732 4336 785 4389 in
808 4312 1538 4394 :eternum(Joan.vm,35);
1571 4307 1695 4380 quia
1739 4309 2108 4360 consummata

521 4432 756 4493 Charitas
773 4427 914 4480 foras
930 4420 1093 4474 mittit
1105 4415 1349 4469 timorem
1367 4404 1576 4478 (lJoan.
1592 4396 1781 4469 tv,18).
1800 4394 2109 4451 Suavitatem

521 4527 706 4595 itaque
727 4515 891 4593 fecisti
912 4526 1025 4567 cum
1066 4520 1207 4562 servo
1233 4511 1340 4567 tuo,
1368 4495 1605 4558 Domine,
1656 4486 1898 4545 faciendo
1946 4483 2111 4538 lilium

525 4617 615 4690 qui
661 4625 850 4670 servus
893 4605 990 4662 fuit
1025 4596 1339 4658 :secundum
1385 4587 1637 4670 eloquium
1676 4593 1838 4647 tuum,
1880 4578 1984 4633 hoc
2008 4585 2110 4641 est,

1542 4686 1552 4690 ι
1679 4689 1689 4690 κ
1718 4670 1894 4690 η-νι--μ
1955 4665 2110 4690 12.1-...

523 4662 820 4768 sl-cundum
870 4694 1193 4769 promissum
1258 4693 1442 4746 tuum;
1501 4686 1560 4733 ut
1608 4662 1899 4730 secundum
1955 4665 2113 4721 ﬁdem

529 4761 679 4860 ﬁrma
702 4799 769 4855 sit
801 4761 1085 4866 promissio
1109 4780 1255 4839 omni
1284 4774 1474 4833 semini
1507 4770 1681 4843 (Rom.
1711 4779 1782 4830 tv,
1809 4761 1921 4831 16).

598 4849 836 4965 2.10mi.
865 4879 982 4955 66.]
1009 4876 1343 4935 Suavitatem,
1375 4876 1421 4921 et
1465 4859 1817 4920 eruditionem,
1863 4860 1909 4906 et
1957 4849 2117 4902 scien-

1331 4961 1341 4965 ‘
1612 4949 1623 4965 ¹
1663 4948 1713 4965 -’γ
1765 4943 1860 4965 Aur-
1910 4938 2091 4965 ...ηκΑέ

529 4988 653 5057 tiam
679 4938 801 5036 doce
825 4994 919 5040 me,
953 4970 1142 5041 inquit,
1188 4961 1427 5037 quoniam
1469 4948 1720 5008 mandatis
1763 4943 1861 4999 tuis
1903 4938 2122 4995 credidi.

531 5050 728 5147 tingcri
753 5069 853 5125 sibi
879 5030 976 5120 ista
1001 5030 1175 5133 poscit
1201 5030 1255 5109 et
1279 5048 1462 5122 perﬁci
1494 5062 1508 5099 :
1539 5055 1661 5098 nam
1688 5038 1870 5106 utique
1892 5031 1983 5103 qui
2007 5030 2116 5100 iam

1251 5144 1260 5147 “
1315 5142 1327 5147 ’
1708 5139 1784 5147 Αη-
1812 5143 1823 5147 -
1856 5119 2116 5147 ---ιι-υη‹ι.1,.

532 5119 761 5230 distaret,
807 5119 1119 5216 Suavitdtem
1168 5119 1327 5217 fecisti
1375 5152 1489 5193 cum
1525 5147 1666 5190 servo
1705 5139 1823 5190 tuo;
1852 5119 2120 5195 quomodo

533 5258 684 5323 dicit,
710 5212 1020 5311 suavitatem
1059 5212 1182 5295 doce
1210 5250 1310 5299 me,
1338 5230 1439 5286 nisi
1479 5235 1540 5283 ut
1564 5223 1612 5279 ei
1638 5219 1806 5293 gratia
1835 5215 1927 5271 Dei
1957 5212 2123 5282 magis

537 5306 811 5424 magisque
862 5340 1162 5398 innotescat
1202 5323 1484 5384 dulcedine
1520 5312 1806 5386 bonitatis?
1849 5306 2126 5364 ilabebaut

1344 5417 1376 5424 “
1473 5414 1487 5424 ⁵
1737 5422 1746 5424 Α
1794 5401 1932 5424 υ-Ι-ΞΑ
1981 5398 2121 5424 ΕΔΑ...

543 5398 683 5504 cuitu
710 5398 870 5497 ﬁdem
894 5432 984 5505 qui
1011 5430 1262 5485 dixerunt
1289 5437 1304 5475 :
1333 5414 1570 5479 Domine,
1620 5422 1749 5478 auge
1792 5401 1932 5458 nobis
1974 5398 2124 5468 fidem

534 5535 690 5606 (Luc.
740 5545 872 5596 xvn,
898 5485 991 5595 ἸΒ).
1024 5518 1093 5576 Et
1133 5510 1382 5586 quamdiu
1431 5505 1632 5559 vivitur
1672 5499 1727 5552 in
1766 5495 1869 5548 hoc
1905 5485 2124 5548 mundo,

545 5591 929 5697 proﬁcientium
954 5591 1037 5669 est
1061 5611 1160 5667 ista
1179 5600 1431 5662 cantatio.
1460 5592 1677 5652 Addidit
1703 5594 1902 5649 autem,
1922 5591 1966 5636 et
2006 5594 2123 5633 eru-

1463 5688 1496 5697 “·
1636 5682 1650 5697 I
1684 5680 1721 5697 ,I
1753 5685 1828 5697 Αᾉ.
1905 5668 2123 5697 Διρέηιῇ

529 5668 822 5775 sditionem;
846 5708 953 5772 vel,
984 5705 1119 5759 sicut
1155 5700 1335 5770 plures
1381 5688 1594 5746 codices
1636 5680 1854 5738 habent,
1901 5668 2129 5735 discipli-

848 5767 1188 5866 disciplinam,
1224 5799 1383 5857 quam
1403 5778 1573 5836 Graeci
1590 5769 1859 5842 appellant
1887 5767 2126 5827 παιδείαν,

600 5919 614 5949 ¹
640 5913 722 5965 Sic
745 5911 857 5962 Am.
874 5913 925 5958 et
947 5911 1052 5955 uss.
1079 5906 1132 5953 At
1152 5904 1285 5957 Lov.,
1305 5899 1529 5954 magnum
1555 5880 1643 5934 Dei
1666 5877 1838 5930 bonum
1860 5876 1944 5923 est.
1990 5888 1995 5893 ·

1697 344 1755 404 s.
1796 302 2164 402 sucusrmt
2196 333 2495 391 EPISCOPI

3600 317 3755 376 1556

2159 449 2231 504 ibi
2260 448 2549 517 Scripturaa
2574 452 2772 500 nostra:
2798 454 2999 514 ponere
3036 441 3450 500 consueverunt,
3475 431 3562 488 ubi
3591 425 3764 487 iutelJ

2156 540 2377 621 ligcnda
2394 547 2477 593 est
2503 553 2597 609 per
2616 536 2890 592 molestias
2935 532 3199 594 eruditio;
3229 526 3521 583 secundum
3570 523 3701 580 illud
3731 534 3754 574 :

2156 631 2322 697 Quem
2365 630 2496 683 enim
2535 628 2698 697 diligit
2735 625 3003 688 Dominus,
3035 624 3277 693 corripit;
3316 620 3540 690 ﬂagellat
3582 626 3767 669 autem

2158 738 2359 777 omnem
2399 721 2562 788 lilium
2604 736 2752 790 quem
2780 718 2974 788 recipit.
3019 716 3142 770 llzec
3180 715 3319 785 apud
3364 710 3768 768 ecclesiasticas

2160 814 2390 869 Litteras
2417 813 2520 898 dici
2544 813 2739 867 assolet
2767 811 3067 880 disciplina,
3096 809 3442 877 interpretata
3462 803 3529 859 de
3551 816 3766 873 grzeco,

2161 905 2251 960 ubi
2277 894 2487 975 legitur,
2518 906 2731 957 παιδιεα.
2754 902 2865 956 lloc
2896 900 3041 956 enim
3067 898 3291 953 verbum
3323 898 3373 950 in
3399 910 3573 966 greco
3606 894 3767 962 posi-

2163 1009 2274 1052 tum
2304 1009 2384 1052 est
2414 998 2465 1051 iu
2494 995 2729 1066 Epistula
2751 995 2816 1049 ad
2848 993 3121 1056 Hebraeos,
3146 989 3234 1045 ubi
3264 990 3457 1043 latinus
3485 988 3778 1055 interpres.

2163 1091 2281 1144 ait:
2311 1088 2491 1143 Omnis
2532 1086 2803 1157 disciplina
2844 1084 2913 1138 ad
2954 1100 3173 1153 prwszns
3213 1098 3313 1135 non
3355 1078 3525 1148 gaudii
3563 1076 3780 1129 videtur

2166 1198 2292 1248 esse,
2315 1180 2403 1235 sed
2420 1180 2658 1242 tristitiw;
2676 1186 2848 1245 postea
2867 1186 3033 1229 autem
3052 1177 3271 1244 fructum
3287 1171 3552 1241 paciﬁcum
3568 1169 3646 1220 Itis
3671 1165 3778 1235 qui

2169 1291 2377 1343 peream
2398 1281 2675 1337 certarunt,
2700 1270 2864 1323 reddit
2871 1268 3088 1339 justitiaz
3106 1265 3286 1338 (Hebr.
3314 1280 3400 1328 xu,
3426 1261 3478 1325 6,
3502 1258 3783 1330 li).Cum

2168 1382 2273 1437 quo
2301 1380 2430 1436 ergo
2456 1364 2581 1417 facit
2609 1364 2746 1417 Deus
2774 1361 3110 1423 suavitatem,
3144 1358 3193 1412 id
3220 1364 3322 1421 est,
3365 1355 3449 1408 cui
3500 1352 3785 1422 propitius

2172 1459 2396 1533 inspirat
2425 1455 2549 1510 boni
2596 1453 3035 1515 delectationem;
3088 1460 3262 1520 atque,
3318 1456 3375 1501 ut
3421 1447 3653 1514 apertius
3716 1442 3781 1497 id

2171 1551 2449 1621 explicem,
2492 1549 2574 1601 cui
2603 1546 2833 1600 donatur
2857 1559 2885 1597 a
2920 1544 3028 1598 Deo
3055 1542 3285 1597 charitas
3317 1540 3432 1604 Dei,
3464 1546 3517 1592 et
3545 1545 3785 1605 propter

2174 1645 2339 1700 Deum
2397 1641 2629 1697 charitas
2690 1636 2952 1708 proximi,
2992 1631 3232 1704 profecto
3299 1632 3556 1685 ittslaltlet‘
3606 1642 3787 1682 orare

2175 1732 2351 1795 debet,
2384 1746 2488 1802 quo
2516 1738 2719 1784 tantum
2750 1725 2850 1781 sibi
2877 1732 3134 1796 augeatur
3161 1723 3262 1775 hoc
3299 1719 3523 1786 donum,
3555 1728 3611 1773 ut
3654 1733 3783 1771 non

2176 1830 2347 1886 solum
2372 1843 2467 1899 pro
2494 1828 2585 1882 illo
2631 1830 2936 1881 contemnat
2962 1818 3341 1875 delectationes
3383 1825 3623 1873 caeteras,
3665 1811 3787 1867 sed

2178 1923 2337 1978 etiam
2368 1934 2464 1992 pro
2509 1919 2599 1973 illo
2639 1915 2901 1987 quaslibet
2941 1910 3170 1982 perferat
3211 1907 3503 1979 passiones.
3537 1904 3612 1959 ita
3638 1919 3788 1957 sua-

2178 2014 2329 2069 vitati
2354 2011 2636 2068 salubriter
2665 2008 2874 2062 additur
2916 2003 3216 2073 disciplina.
3247 1999 3364 2055 Non
3408 1997 3549 2051 enim
3594 2011 3787 2066 quan—

2181 2107 2531 2175 tulaecumque
2573 2098 2818 2156 suavitati
2854 2096 2937 2151 vel
2986 2092 3244 2155 bonitati,
3271 2092 3372 2146 hoc
3394 2097 3494 2152 est,
3523 2085 3789 2143 charitati

2182 2207 2379 2252 sancta
2417 2192 2680 2265 poscenda
2721 2198 2774 2245 et
2798 2185 3027 2259 optanda
3054 2192 3165 2247 est;
3198 2179 3290 2238 sed
3320 2189 3425 2235 tam
3458 2191 3680 2247 magnae,
3722 2186 3791 2230 ut

2183 2291 2283 2347 sub
2328 2288 2444 2360 ejus
2488 2298 2735 2359 pressura
2778 2297 2882 2336 non
2925 2275 3091 2349 possit
3146 2272 3442 2343 exstingui,
3482 2270 3572 2324 sed
3632 2267 3792 2323 sicut

2185 2381 2369 2452 ingens
2395 2379 2604 2433 [lamina
2631 2373 2730 2430 sub
2757 2372 2955 2441 impetu
3004 2366 3171 2433 venti,
3219 2373 3418 2435 quanto
3470 2360 3637 2431 magis
3676 2375 3790 2413 rc-

2185 2474 2460 2549 primitur,
2496 2480 2644 2525 tanto
2691 2466 2963 2522 ardentius
3001 2461 3242 2517 excitari.
3289 2457 3412 2512 ideo
3452 2468 3631 2525 parum
3673 2450 3793 2507 fuit

2186 2567 2384 2653 dicere,
2415 2562 2726 2620 Suavitatem
2751 2557 2912 2631 fecisti
2949 2570 3063 2609 cum
3105 2566 3246 2606 servo
3285 2560 3401 2614 tuo;
3449 2546 3545 2601 nisi
3591 2534 3793 2598 rurstrs

2189 2644 2395 2732 peieret
2432 2666 2489 2712 ut
2533 2670 2655 2710 eum
2702 2650 2894 2708 doceat
2916 2647 3251 2708 suavitatem,
3281 2650 3482 2696 tantam
3516 2637 3693 2707 utique
3726 2645 3794 2690 ut

2189 2749 2522 2820 disciplinam
2551 2743 2716 2816 possit
2747 2736 3130 2812 patientissime
3149 2733 3434 2789 sustinere.
3463 2726 3639 2783 Tertia
3678 2739 3794 2794 po-

2192 2845 2336 2901 nitur
2359 2840 2615 2904 scieutia;
2646 2834 2892 2908 quoniam
2915 2830 2959 2886 si
2988 2825 3350 2899 magnitudine
3393 2837 3485 2878 sua
3524 2816 3795 2889 pncccdit

2191 2934 2411 2993 scientia
2459 2925 2875 3002 magnitudinem
2919 2919 3217 2986 charitatis,
3259 2930 3364 2970 non
3408 2906 3653 2972 aediﬁcat,
3680 2905 3796 2962 sed

2194 3027 2342 3083 inﬂat
2370 3023 2425 3098 (Ι
2450 2999 2570 3077 Cor:
2599 3035 2712 3085 vln,
2741 3018 2766 3072 l
2789 3017 2831 3088 ).
2859 3014 2992 3070 Cum
3014 3026 3143 3081 ergo
3169 3017 3311 3064 tanta
3352 3003 3511 3059 fuerit
3549 2999 3799 3056 charitas

2194 3122 2248 3176 in
2277 3118 2511 3173 bonitate
2528 3112 2703 3176 suavi,
2723 3117 2781 3164 ut
2806 3101 3232 3163 tribulationibus
3249 3111 3353 3152 non
3384 3093 3551 3164 possit
3576 3088 3799 3145 exstin-

2195 3212 2305 3284 gui,
2319 3223 2452 3281 quas
2472 3204 2685 3261 adhibet
2697 3198 3000 3269 disciplina,
3015 3204 3138 3250 tunc
3152 3190 3295 3247 utilis
3307 3188 3410 3244 erit
3425 3183 3662 3247 scientia,
3677 3195 3799 3250 qua

2199 3300 2485 3360 iunotescit
2510 3300 2669 3354 etiam
2706 3294 2805 3349 sibi
2834 3292 2993 3346 homo
3009 3286 3132 3359 quid
3160 3285 3274 3355 ipse
3291 3278 3561 3341 meruerit,
3592 3283 3645 3329 ct
3664 3288 3804 3344 qua:

2199 3412 2229 3450 a
2269 3395 2381 3450 Deo
2398 3392 2591 3447 donata
2629 3387 2735 3442 sint
2757 3384 2828 3449 ei,
2853 3397 2948 3454 per
2983 3395 3101 3450 qua:
3124 3389 3279 3447 posse
3313 3389 3375 3427 se
3411 3369 3546 3425 sciat
3582 3381 3702 3436 qua:
3734 3380 3805 3420 sc

2200 3501 2358 3560 posse
2385 3480 2674 3546 nesciebat,
2700 3483 2756 3533 et
2782 3490 2875 3547 per
2902 3472 3138 3541 seipsum
3177 3464 3396 3521 omnino
3420 3474 3525 3515 non
3556 3465 3799 3528 poterat.

2271 3577 2325 3634 5.
2356 3573 2507 3644 Quod
2550 3578 2727 3626 autem
2775 3581 2881 3621 non
2925 3563 3018 3626 ait,
3066 3562 3138 3614 Da
3172 3555 3333 3621 mihi;
3362 3551 3475 3617 sed,
3503 3547 3644 3602 Duce
3666 3562 3753 3599 me
3782 3560 3808 3602 :

2204 3666 2470 3743 quomodo
2527 3661 2760 3718 suavitas
2799 3644 3039 3718 docetur,
3080 3651 3124 3706 si
3160 3663 3269 3703 non
3315 3641 3511 3701 detur?
3540 3637 3806 3707 Quandoc-

2205 3735 2420 3833 quidem
2470 3753 2618 3810 multi
2665 3749 2807 3822 quod
2844 3761 2939 3803 eos
2961 3760 3068 3799 non
3094 3739 3331 3797 delectat
3353 3735 3551 3798 sciunt,
3580 3737 3633 3785 et
3657 3742 3806 3799 qua-

2208 3868 2325 3910 rum
2376 3863 2554 3906 rerum
2595 3844 2792 3899 habent
2841 3834 3232 3907 cognitionem,
3274 3844 3379 3883 non
3431 3824 3627 3880 habent
3670 3832 3809 3872 sua-

2207 3947 2447 4002 vitatem.
2465 3937 2709 3997 Suavitas
2731 3931 2872 3989 enim
2895 3926 3027 3983 disci
3042 3927 3170 3979 ’non
3198 3926 3393 3992 potest,
3413 3915 3516 3971 nisi
3537 3912 3804 3968 delectet.

2211 4036 2342 4093 item
2372 4028 2670 4100 disciplina,
2699 4038 2818 4094 qmc
2855 4015 3121 4089 signiﬁcat
3159 4005 3580 4067 emendatoriam
3626 3998 3811 4055 tribu-

2211 4130 2486 4190 lationem,
2527 4091 2835 4190 accipiendo
2873 4111 3126 4171 discitur;
3169 4104 3222 4159 id
3255 4112 3357 4167 est,
3399 4113 3504 4154 non
3534 4091 3814 4149 audiendo

2215 4220 2295 4275 vel
2324 4188 2570 4289 legendo,
2597 4188 2681 4265 vel
2707 4201 3011 4276 cogitando,
3045 4197 3138 4254 scd
3184 4188 3537 4264 experiendo.
3563 4190 3630 4241 At
3672 4197 3817 4238 vero

2215 4272 2457 4374 scientia,
2486 4318 2644 4376 quam
2671 4272 2881 4354 tertiam
2926 4291 3103 4363 posuit
3142 4289 3195 4342 in
3236 4284 3320 4338 his
3363 4294 3483 4352 qua:
3530 4277 3624 4342 ait,
3669 4272 3818 4328 Doce

2216 4423 2313 4469 me,
2339 4373 2580 4457 docendo
2604 4394 2780 4449 datur.
2798 4388 2928 4444 Nam
2959 4381 3085 4455 quid
3115 4387 3197 4435 est
3220 4374 3363 4431 aliud
3393 4373 3616 4435 docere,
3644 4381 3817 4437 quam

2216 4474 2492 4555 scientiam
2522 4487 2688 4545 dare?
2719 4485 2783 4540 Et
2819 4482 2934 4536 haec
2980 4477 3086 4531 duo
3126 4474 3198 4528 ita
3241 4468 3338 4524 sibi
3382 4477 3622 4521 connexa
3661 4468 3820 4522 sunt,

2223 4598 2282 4645 ut
2303 4588 2528 4642 alterum
2559 4579 2674 4634 sine
2694 4575 2865 4630 altero
2891 4583 3010 4625 esse
3059 4578 3165 4620 non
3217 4559 3400 4631 possit.
3449 4553 3619 4610 Nemo
3666 4549 3821 4604 enim

2221 4683 2440 4740 docetur
2490 4674 2589 4730 nisi
2631 4670 2835 4735 discat,
2880 4674 2934 4718 et
2973 4672 3130 4715 nemo
3171 4652 3330 4709 discit
3388 4647 3487 4702 nisi
3530 4644 3819 4700 doceatur.

2224 4777 2292 4833 Et
2319 4772 2438 4828 ideo
2463 4768 2508 4823 si
2548 4731 2837 4833 discipulus
2862 4767 3027 4825 capax
3056 4762 3159 4804 non
3194 4744 3265 4800 sit
3294 4752 3479 4797 eorum
3507 4750 3627 4807 qua:
3656 4748 3685 4785 a
3711 4731 3825 4786 do-

2225 4878 2374 4924 ctore
2409 4861 2677 4919 dicuntur,
2724 4866 2830 4906 non
2880 4824 3056 4916 potest
3076 4839 3263 4894 doctor
3292 4832 3493 4896 dicere,
3533 4824 3648 4896 Ego
3689 4832 3822 4877 eum

2228 4960 2408 5025 docui,
2460 4953 2555 5010 sed
2607 4951 2722 5021 ipse
2768 4959 2873 4999 non
2919 4935 3140 4994 didicit:
3169 4931 3347 4986 dicere
3398 4932 3576 4979 autem
3616 4923 3820 4990 potest,

2594 5008 2735 5113 quod
2765 5030 3047 5091 dicendum
3080 5024 3197 5089 fuit,
3228 5019 3323 5076 sed
3350 5017 3441 5073 ille
3466 5028 3573 5069 non
3599 5008 3841 5069 didicit;-

2231 5098 2354 5217 qtiia
2384 5154 2488 5196 non
2511 5098 2767 5208 percepit,
2799 5140 2903 5180 non
2932 5109 3360 5186 comprehendit,
3384 5120 3490 5161 non
3530 5098 3829 5157 intellexit.

2928 5210 3018 5217 ---.
3059 5210 3070 5217 .
3270 5201 3281 5213 .
3307 5183 3696 5217 .-μ’μ’-,ΑΜἎ.
3754 5184 3829 5217 π.

2230 5183 2364 5296 Eam
2410 5183 2649 5304 proiecto
2673 5183 2741 5276 ἐι
2782 5217 2871 5273 ille
2913 5183 3204 5268 didicisset,
3240 5201 3283 5257 si
3307 5183 3720 5255 iste‘docuisset.
3754 5184 3843 5244 Ει

2233 5331 2353 5386 ideo
2384 5283 2543 5385 Drcus,
2565 5310 2777 5388 quando
2806 5306 2916 5361 vult
2940 5301 3152 5362 docere,
3182 5294 3329 5365 prius
3352 5289 3444 5344 dat
3465 5283 3830 5343 intellectum,

2235 5423 2351 5477 sine
2395 5429 2502 5486 quo
2548 5424 2611 5465 ea
2654 5417 2774 5474 trum
2811 5397 2877 5474 ad
2922 5392 3158 5451 divinam
3203 5381 3505 5440 doctrinam
3530 5370 3831 5443 pertinent,

3166 5478 3178 5486 .
3289 5476 3300 5486 .
3499 5463 3652 5486 *Νη
3704 5468 3831 5486 MM

2237 5463 2543 5568 homo|uou
2590 5463 2765 5567 potest
2798 5468 3006 5544 discere
3032 5501 3046 5539 :
3075 5478 3216 5537 unde
3253 5476 3309 5529 et
3354 5472 3455 5526 iste
3498 5463 3655 5535 paulo
3704 5468 3836 5530 post

2238 5604 2388 5667 dicit,
2430 5595 2511 5651 Da
2554 5557 2678 5645 mihi
2721 5582 3053 5642 intellectum,
3102 5581 3157 5627 ut
3199 5568 3392 5622 discam
3436 5557 3676 5614 mandata
3714 5560 3836 5605 tua.

3243 5660 3276 5667 μ
3476 5666 3523 5667 _
3656 5644 3836 5667 ΜΛΔ--

2241 5644 2423 5755 Potest
2444 5689 2621 5755 itaque
2644 5680 2826 5740 homo,
2848 5685 2969 5727 cum
2995 5667 3190 5723 docere
3211 5660 3442 5729 aliquem
3467 5649 3633 5721 cupit,
3651 5644 3841 5700 dicere

2309 5837 2328 5867 ι
2354 5829 2575 5890 Plerique
2598 5825 2727 5878 uss,
2751 5809 2869 5864 dici.
