4026 6202
343 355 480 410 1319

336 464 430 520 illa
475 481 594 535 qua
632 465 765 520 dixit
818 464 1073 519 Dominus
1117 464 1392 534 discipulis
1421 465 1552 531 suis,
1588 475 1928 534 posteaquam

334 556 636 612 resurrexit
680 572 710 610 a
762 557 1018 618 mortuis;
1071 555 1166 610 sed
1224 556 1399 611 facere
1447 556 1586 626 quod
1643 557 1730 609 ille
1774 555 1926 619 fecit,

335 666 447 703 non
501 658 698 718 potest.
745 649 835 702 Ait
882 649 1024 703 enim
1081 648 1428 718 Evangelium
1481 666 1494 702 :
1553 647 1692 702 Tunc
1730 648 1930 718 aperuit

332 743 413 795 eis
443 757 677 804 sensum,
710 749 763 793 ut
807 740 1142 809 intelligerent
1186 738 1479 808 Scripturas
1502 781 1516 805 ,
1561 748 1610 793 et
1651 740 1777 793 dixit
1827 739 1929 792 illis

335 831 490 900 (Luc.
511 841 659 893 κω,
681 833 772 892 45.
787 832 898 900 46).
918 829 1054 898 Quid
1071 839 1247 884 autem
1269 831 1371 884 illis
1388 831 1600 898 dixerit,
1621 830 1689 884 ibi
1705 829 1925 900 legitur:

307 966 310 968 .
333 925 436 977 Sed
454 923 575 977 ideo
604 933 861 991 ceperunt
882 921 1022 992 quod
1036 921 1188 986 dixit,
1212 922 1333 991 quia
1355 921 1493 976 unde
1507 930 1786 989 caperetur
1806 935 1931 989 ape-

335 1019 468 1071 ruit.
514 1015 679 1070 Docct
726 1031 854 1085 ergo
909 1017 1045 1069 Deus
1089 1015 1401 1070 suavitatem
1442 1013 1750 1084 inspirando
1778 1014 1926 1068 dele~

337 1098 654 1172 eta'tiunem,
713 1107 869 1160 docet
925 1106 1259 1176 disciplinam
1310 1106 1654 1176 temperando
1710 1105 1928 1160 tribula-

336 1204 563 1265 tionem,
587 1202 744 1256 docet
760 1202 1034 1256 scientiam
1053 1200 1369 1255 insinuando
1393 1200 1772 1269 cognitionem.
1795 1200 1926 1254 Cum

341 1298 517 1363 itaque
565 1294 668 1347 alia
719 1293 826 1346 sint
853 1309 969 1361 qua:
1017 1292 1137 1346 ideo
1162 1292 1414 1346 discimus
1457 1301 1511 1345 ut
1559 1290 1928 1346 tantummodo

338 1387 574 1440 sciamus
603 1425 618 1450 ,
648 1385 747 1438 alia
791 1400 918 1438 vero
945 1393 1002 1438 ut
1027 1385 1186 1437 etiam
1228 1383 1519 1450 faciamus;
1547 1383 1758 1453 quando
1788 1384 1927 1438 Deus

333 1491 404 1530 ea
432 1477 607 1539 docet,
635 1475 712 1528 sic
738 1474 894 1529 docet
920 1483 975 1528 ut
995 1475 1210 1529 scienda
1237 1473 1488 1540 sciamus,
1514 1473 1802 1543 aperiendo
1828 1489 1920 1528 vc-

333 1567 549 1620 ritatem
576 1608 591 1629 ,
624 1565 703 1620 sic
745 1565 902 1619 docet
945 1573 1002 1619 ut
1030 1565 1267 1619 facienda
1294 1565 1546 1619 faciamus
1572 1607 1585 1632 ,
1617 1565 1926 1634 inspirando

334 1660 676 1713 suavitatem.
708 1657 890 1726 Neque
933 1658 1076 1712 enim
1124 1657 1316 1712 frustra
1346 1658 1392 1710 ei
1423 1657 1618 1713 dicitur
1640 1699 1652 1720 ,
1686 1656 1824 1711 Doce
1848 1673 1926 1711 me

331 1761 394 1802 ut
411 1751 594 1821 faciam
611 1749 910 1803 voluntatem
928 1750 1065 1803 tuam
1079 1748 1247 1822 (Psal.
1273 1765 1435 1815 CXLII,
1463 1746 1573 1821 10).
1593 1749 1702 1816 Sic,
1733 1749 1918 1820 inquit,

329 1841 460 1894 doce
489 1850 540 1892 ut
561 1839 766 1910 faciam,
784 1855 887 1894 non
914 1839 1277 1896 tantummodo
1301 1848 1358 1894 ut
1383 1841 1567 1896 sciam.
1591 1840 1707 1910 ipsa
1728 1841 1923 1911 quippe

329 1943 481 1986 recte
507 1931 640 1986 facta
666 1974 682 1997 ,
715 1929 918 1986 fructus
945 1939 1024 1985 est
1072 1940 1253 1986 noster
1290 1938 1447 2000 quem
1485 1931 1757 1986 reddimus
1785 1934 1923 2002 agri-

327 2023 469 2077 colae
521 2030 705 2076 nostro
755 2039 768 2074 ε
829 2021 923 2077 sed
972 2022 1243 2091 Scriptura
1291 2022 1453 2089 dicit,
1487 2022 1736 2077 Dominus
1782 2024 1921 2078 dabit

327 2114 660 2178 suavitatem,
694 2121 740 2166 et
765 2123 896 2166 terra
934 2123 1109 2166 nostra
1135 2112 1272 2166 dabit
1311 2117 1531 2184 fructum
1557 2131 1700 2168 suum
1729 2113 1916 2186 (Paul.

329 2218 566 2267 Lxxxtv,
596 2201 726 2273 15).
753 2202 882 2270 Quae
910 2211 1086 2258 autem
1120 2203 1219 2256 ista
1252 2212 1390 2258 terra
1426 2213 1509 2258 est
1537 2248 1551 2269 ,
1596 2205 1692 2258 nisi
1721 2205 1788 2260 de
1817 2220 1918 2276 qua

324 2295 522 2349 dicitur
562 2292 739 2356 eidem
790 2294 890 2362 ipsi
941 2295 1030 2364 qui
1061 2293 1150 2348 dat
1197 2293 1510 2350 suavitatem
1537 2337 1552 2362 ,
1580 2296 1765 2350 Anima
1808 2312 1920 2350 mea

325 2386 462 2439 velut
489 2394 623 2439 terra
647 2385 757 2440 sine
780 2402 912 2456 aqua
938 2385 1026 2438 tibi
1051 2387 1070 2458 (
1098 2384 1241 2440 Psal.
1273 2401 1434 2452 cxut,
1461 2387 1494 2441 6
1518 2389 1572 2458 )?

399 2478 452 2532 ι.
485 2476 635 2544 Quod
679 2492 807 2532 vero
850 2492 970 2532 cum
999 2477 1246 2544 dixisset,
1279 2479 1592 2544 suavitatem,
1614 2489 1662 2533 et
1687 2479 1916 2550 discipli-

322 2581 466 2632 nam,
495 2577 544 2621 et
591 2568 850 2622 scientiam
874 2568 999 2622 doce
1047 2585 1158 2634 me;
1188 2568 1427 2639 adjunxit
1456 2578 1616 2640 atque
1648 2571 1739 2636 ait,
1773 2571 1916 2636 Quo-

313 2649 467 2714 'niam
492 2661 742 2716 mandatis
771 2662 869 2716 tuis
914 2662 1146 2715 credidi:
1174 2677 1278 2715 non
1311 2662 1578 2716 immerito
1606 2664 1769 2733 quzeri
1818 2679 1910 2733 po-

324 2764 434 2809 test
458 2769 552 2809 cur
580 2769 685 2808 non
717 2754 933 2819 dixerit,
957 2753 1166 2809 obedivi
1195 2772 1208 2820 ;
1242 2754 1357 2818 sed,
1387 2754 1600 2823 credidi.
1636 2755 1748 2809 Alia
1782 2765 1905 2810 sunt

322 2847 470 2900 enim
498 2845 741 2900 mandata
764 2887 776 2908 ,
808 2845 910 2899 alia
944 2845 1224 2915 promissa.
1254 2844 1495 2899 Mandata
1525 2844 1763 2901 facienda
1787 2861 1911 2901 sus-

321 2935 583 3006 cipimus,
612 2946 668 2990 ut
699 2937 939 3006 accipere
973 2937 1232 3007 promissa
1268 2951 1590 2992 mereamur.
1625 2938 1909 2994 Promissis

323 3047 455 3101 ergo
509 3031 800 3098 credimus,
854 3031 1119 3086 mandatis
1171 3031 1623 3101 obtemperamus.
1663 3031 1799 3099 Quid
1829 3040 1916 3086 est

320 3139 474 3194 ergo,
512 3125 762 3178 mandatis
791 3124 890 3178 tuis
919 3124 1128 3191 credidi,
1163 3125 1284 3189 nisi,
1314 3124 1515 3180 credidi
1547 3124 1687 3195 quod
1742 3136 1796 3180 tu
1823 3125 1912 3180 illa

321 3217 680 3280 mandaveris,
715 3233 816 3271 non
840 3217 1030 3287 aliquis
1060 3217 1239 3284 homo,
1272 3219 1513 3289 quamvis
1552 3233 1645 3288 per
1670 3218 1916 3275 homines

320 3306 625 3363 hominibus
641 3308 937 3364 ministrata
963 3311 1106 3365 sint?
1121 3311 1252 3378 Quia
1271 3314 1444 3382 itaque
1471 3312 1672 3366 credidi
1689 3321 1772 3366 tua
1795 3328 1914 3368 esse

320 3400 590 3463 mandata,
616 3401 727 3470 ipsa
754 3401 884 3457 fides
915 3418 1032 3458 mea
1057 3419 1160 3474 qua
1207 3404 1258 3458 id
1284 3405 1508 3474 credidi,
1543 3406 1790 3476 impetret
1817 3406 1914 3462 abs

321 3501 376 3546 te
408 3491 632 3563 gratiam
658 3508 759 3563 qua
792 3493 977 3548 faciam
1011 3495 1150 3564 quod
1181 3496 1463 3551 mandasti.
1492 3497 1548 3553 Si
1575 3499 1718 3552 enim
1753 3499 1913 3554 homo

321 3584 453 3638 mihi
483 3583 598 3638 haec
640 3586 857 3654 juberct
889 3584 1181 3641 forinsecus
1207 3602 1220 3652 ;
1257 3587 1531 3658 numquid,
1564 3599 1620 3643 ut
1642 3592 1802 3643 etiam
1833 3589 1912 3644 fa-

321 3686 499 3729 cerem
517 3676 657 3745 quod
682 3676 920 3744 jubebat,
945 3677 1216 3748 adjuvaret
1235 3679 1592 3733 intrinsecus?
1622 3681 1763 3736 Doce
1783 3696 1911 3752 ergo

321 3782 410 3822 me
457 3768 772 3822 suavitatem
801 3768 1109 3839 inspirando
1135 3770 1446 3824 cliaritatem
1475 3813 1487 3834 ,
1538 3772 1670 3826 doce
1698 3788 1782 3829 me
1822 3774 1906 3828 di-

320 3860 599 3931 sciplinam
625 3861 875 3917 donando
931 3864 1267 3931 patientiam,
1317 3862 1450 3918 doce
1496 3879 1580 3918 me
1633 3864 1906 3919 scientiam

320 3952 673 4009 illuminantlo
724 3955 1123 4026 intelligentiam
1175 3973 1188 4010 :
1235 3956 1487 4022 Quoniam
1528 3957 1780 4012 mandatis
1810 3960 1910 4014 tuis

322 4036 535 4098 credidi.
568 4045 644 4100 Te
674 4045 762 4099 illa
808 4046 1008 4101 credidi
1061 4046 1344 4101 mandasse
1399 4048 1488 4118 qui
1545 4049 1683 4103 Deus
1723 4064 1801 4115 es,
1856 4061 1910 4105 et

322 4134 524 4190 homini
558 4135 725 4191 donas
752 4136 892 4192 unde
923 4137 1087 4192 facias
1108 4153 1227 4192 cum
1259 4138 1432 4192 facere
1470 4140 1612 4208 quod
1660 4140 1950 4208 mandas,

389 4226 611 4299 5.[vers.
634 4227 749 4300 67.]
772 4225 1076 4296 Priusquam
1102 4228 1414 4294 Intmiliarer,
1445 4229 1634 4300 inquit,
1663 4247 1752 4302 ego
1783 4229 1911 4285 deli-

318 4319 443 4386 qui;
471 4329 736 4390 propterea
765 4321 966 4373 verbum
989 4329 1153 4386 tuum,
1186 4320 1291 4387 vel,
1325 4321 1460 4376 sicut
1484 4321 1573 4376 alii
1604 4325 1907 4393 expressius

322 4409 536 4471 habent,
565 4412 824 4480 propterea
850 4411 1104 4481 eloquium
1131 4421 1268 4465 tuum
1299 4413 1541 4468 custodivi
1569 4429 1587 4468 :
1612 4416 1793 4487 utique
1837 4432 1902 4471 ne

320 4515 534 4556 rursum
594 4502 922 4558 hutniliarer.
970 4502 1122 4571 Quod
1176 4504 1242 4557 ad
1303 4505 1458 4558 illam
1486 4505 1903 4561 lnnniliationem

322 4593 511 4664 melius
568 4593 813 4657 refertur,
859 4610 978 4664 quae
1029 4594 1161 4647 facta
1206 4605 1289 4649 est
1335 4595 1385 4650 in
1438 4595 1642 4662 Adam,
1699 4597 1751 4650 in
1799 4612 1905 4666 quo

318 4687 492 4740 omnis
519 4695 762 4741 creatura
810 4685 1038 4740 butnana
1075 4697 1322 4757 tanquam
1365 4688 1416 4740 in
1468 4687 1647 4742 radice
1675 4687 1854 4742 vitiata
1884 4731 1900 4755 ,

321 4781 573 4849 quoniam
621 4781 828 4834 veritati
877 4771 1114 4851 subjecta
1162 4796 1282 4836 esse
1308 4795 1412 4834 non
1441 4780 1628 4845 voluit,
1661 4781 1902 4849 subjecta

321 4880 400 4926 est
426 4872 646 4926 vanitati
674 4871 849 4941 (Rom.
881 4889 994 4940 vnt,
1023 4872 1135 4944 20).
1176 4872 1326 4939 Quod
1354 4873 1495 4926 vasis
1522 4872 1900 4927 tnisericordize

320 4963 518 5033 profuit
543 4965 810 5036 experiri,
842 4973 898 5018 ut
951 4965 1154 5034 dejecta
1213 4965 1460 5035 superbia
1492 4965 1740 5035 diligatur
1769 4965 1902 5022 obe-

317 5057 540 5122 dientia,
572 5067 626 5111 et
652 5067 833 5127 pereat
861 5073 964 5111 non
996 5057 1225 5113 reditura
1257 5058 1490 5112 miseria.

389 5148 440 5202 6.
480 5147 630 5221 [ιετδ.
661 5147 776 5221 68.]
809 5149 992 5204 Suavis
1019 5165 1090 5213 es,
1134 5147 1384 5213 Domine;
1411 5149 1493 5203 vel
1520 5191 1533 5212 ,
1561 5149 1697 5203 sicut
1728 5150 1903 5218 plures

323 5237 538 5305 habent,
566 5238 750 5293 Suavis
771 5257 821 5294 es
842 5249 917 5307 tu,
954 5239 1168 5294 Domine
1198 5256 1215 5294 :
1243 5239 1403 5310 aliqui
1428 5239 1608 5306 etiam,
1641 5238 1826 5295 Suavis
1852 5257 1905 5295 es

323 5339 401 5395 tu,
436 5330 543 5395 vel,
598 5328 772 5385 Bonus
821 5348 870 5385 es
926 5342 1016 5396 tu;
1053 5331 1187 5385 sicut
1218 5331 1285 5386 de
1340 5331 1440 5386 hoc
1469 5331 1632 5386 verbo
1661 5331 1905 5400 superius

319 5421 685 5476 tractavimus.
717 5420 787 5475 Et
811 5423 864 5474 in
895 5431 979 5476 tua
1004 5423 1247 5478 suavitate
1277 5423 1401 5476 doce
1427 5439 1505 5477 me
1513 5423 1906 5493 justiﬁeationes

319 5521 456 5564 tuas.
487 5511 625 5566 Vere
650 5513 764 5566 vult
793 5513 965 5568 facere
990 5513 1400 5584 justificationes
1429 5514 1542 5578 Dei,
1573 5515 1786 5585 quando
1812 5529 1904 5570 eas

319 5603 373 5657 in
401 5603 516 5672 ejus
552 5604 814 5658 suavitate
844 5605 954 5659 vult
983 5603 1193 5660 dirccre
1235 5605 1300 5659 ab
1328 5605 1442 5675 ipso
1469 5606 1551 5660 cui
1579 5606 1732 5673 dixit,
1762 5605 1903 5661 Sua-

312 5699 389 5752 vis
425 5713 478 5750 es
499 5707 590 5763 tu,
636 5694 872 5753 Domine.

397 5789 447 5840 7.
468 5789 620 5858 (vers.
654 5787 769 5859 69.]
799 5789 1034 5859 Denique
1053 5790 1312 5860 sequitur,
1346 5788 1690 5861 Multiplicata
1719 5801 1789 5845 est
1815 5809 1903 5847 su-

1407 349 1903 429 ENARRATIOJN
1945 348 2264 412 causam
2304 335 2531 417 estvm.

3489 369 3625 426 13538

2043 481 2132 534 per
2160 485 2238 521 me
2283 471 2522 542 iniquitas
2570 479 2895 544 super-borum
2927 496 2944 533 :
2974 495 3158 536 eorum
3200 483 3403 538 scilicet
3432 487 3623 553 quibus

2040 573 2144 612 non
2175 561 2389 630 profuit,
2422 566 2565 636 quod
2595 578 2934 640 posteaquam
2967 571 3205 642 deliquit,
3242 573 3514 630 humiliata
3539 591 3623 634 est

2041 649 2264 706 humana
2289 665 2494 709 natura.
2527 657 2636 727 Ego
2662 670 2826 713 autem
2856 663 2907 715 in
2929 672 3030 716 toto
3055 664 3205 719 corde
3228 683 3334 720 meo
3359 670 3620 724 scrutabor

2037 742 2276 798 mandata
2310 757 2417 799 tua.
2448 747 2804 816 Quantalibet,
2837 752 3024 823 inquit,
3053 756 3281 811 abundet
3327 757 3575 828 iniquitas
3602 802 3616 826 ,

2036 851 2140 888 non
2170 837 2220 890 in
2250 853 2335 892 me
2359 839 2661 910 refrigescet
2678 845 2907 898 Charitas
2930 846 3138 915 (Matth.
3159 865 3300 915 xxiv,
3335 851 3446 920 12).
3478 851 3617 907 Tan-

2037 943 2194 996 quam
2220 929 2308 983 ille
2339 930 2439 984 hoc
2464 931 2614 997 dicit,
2649 935 2738 1003 qui
2768 936 2817 988 in
2846 935 2961 1006 ejus
3002 939 3260 993 suavitate
3281 941 3619 1009 justilicatio-

2035 1033 2130 1071 nes
2162 1019 2251 1074 Dei
2299 1020 2475 1076 discit.
2517 1023 2727 1090 Quanto
2774 1029 2941 1096 magis
2966 1028 3107 1082 enim
3139 1032 3316 1084 suavia
3343 1043 3464 1085 sunt
3495 1049 3614 1102 que

2027 1109 2178 1180 jubet
2205 1113 2290 1182 qui
2337 1115 2518 1182 juvat,
2551 1125 2698 1172 tanto
2729 1119 2894 1188 magis
2915 1136 2974 1174 ea
3010 1130 3274 1176 scrutatur
3293 1139 3476 1178 amans
3501 1165 3514 1189 ,
3560 1135 3616 1178 ut

2032 1203 2241 1273 Cognita
2272 1202 2428 1259 faciat
2456 1215 2508 1261 et.
2540 1205 2782 1263 faciendo
2813 1222 3146 1289 cognoscat;
3177 1214 3294 1282 quia
3329 1214 3615 1284 perfectius

2031 1305 2443 1363 cognoscuntur,
2475 1314 2595 1353 cum
2628 1299 2779 1354 fiunt.

2103 1385 2156 1440 8.
2187 1384 2334 1459 [vers.
2367 1387 2480 1462 70.]
2509 1389 2842 1461 Coagulatum
2863 1403 2933 1446 est
2955 1403 3006 1447 ut
3035 1395 3116 1448 lac
3143 1411 3228 1449 cor
3257 1412 3446 1450 eorum.
3471 1398 3614 1466 Quo-

2030 1493 2147 1531 rum
2173 1521 2187 1544 ,
2227 1479 2326 1534 nisi
2355 1481 2702 1550 superborum
2735 1499 2960 1553 quorum
3005 1500 3166 1556 super
3202 1503 3260 1541 se
3291 1487 3612 1558 multiplica:

2031 1576 2137 1622 tam
2163 1568 2297 1622 dixit
2343 1571 2709 1641 iniquitatem?
2735 1573 3061 1629 Obduruisse
3092 1585 3269 1632 autem
3296 1593 3390 1633 cor
3416 1594 3602 1633 eorum

2028 1660 2373 1732 Vultintelligi
2405 1661 2506 1717 hoc
2535 1664 2696 1719 verbo
2723 1673 2777 1720 et
2803 1664 2904 1720 hoc
2926 1666 3064 1720 laco.
3097 1666 3228 1722 Nam
3256 1667 3451 1722 dicitur
3473 1677 3529 1725 et
3559 1671 3610 1724 in

2028 1750 2190 1818 bono,
2219 1751 2356 1808 sicut
2408 1755 2459 1808 in
2515 1756 2722 1825 psalmo
2765 1759 3099 1828 sexagesimo
3137 1760 3367 1828 septimo
3394 1762 3609 1828 dicitur,

2028 1843 2179 1898 Mons
2215 1845 2516 1912 ineaseatus,
2565 1865 2707 1902 mons
2733 1849 2850 1902 uber
2876 1849 3042 1920 (Psal.
3069 1866 3231 1918 LXVII,
3262 1853 3289 1905 -1
3303 1851 3354 1920 6)
3380 1869 3393 1918 ;
3425 1861 3478 1908 et
3523 1854 3611 1908 ius

2027 1937 2285 2007 tclligitur
2313 1938 2479 2008 gratia
2509 1939 2698 2008 plenus
2731 1958 2745 1994 :
2774 1957 2892 1995 nam
2918 1952 2972 1997 et
3013 1942 3138 1997 illud
3161 1944 3395 2014 quidam,
3420 1962 3610 2017 coagu-

2025 2027 2178 2094 latus,
2209 2029 2539 2098 interpretati
2569 2042 2712 2086 sunt.
2741 2029 2845 2086 Sed
2890 2032 3009 2088 vide
3035 2033 3160 2104 quid
3185 2049 3215 2088 a
3265 2050 3325 2091 se
3368 2046 3606 2106 Opponat

2024 2118 2235 2174 duritia:
2259 2120 2436 2177 cordis
2463 2123 2675 2177 illorum
2701 2140 2715 2176 :
2741 2119 2854 2195 Ego
2883 2140 3018 2191 vero,
3067 2126 3259 2196 inquit,
3291 2128 3447 2199 legem
3472 2129 3609 2182 tuam

1979 2273 1982 2277 I
2023 2214 2291 2267 meditatus
2319 2231 2450 2268 sum.
2481 2214 2649 2283 Quam
2701 2214 2916 2286 legem?
2946 2217 3505 2289 Utiquejustissimam
3555 2231 3608 2274 et

2023 2303 2581 2359 misericordissimam
2609 2324 2622 2360 :
2654 2306 2792 2361 unde
2820 2307 2892 2361 illi
2920 2306 3134 2371 dicitur,
3159 2306 3228 2362 Et
3255 2310 3363 2380 lege
3383 2321 3468 2364 tua
3514 2313 3584 2364 mi
3595 2341 3608 2354 -

2021 2409 2185 2447 serere
2203 2395 2318 2448 mei.
2344 2393 2605 2465 Superbis
2633 2397 2853 2463 resistit,
2882 2407 2940 2452 ut
2964 2397 3330 2464 obdurentur;
3379 2400 3600 2455 humili-

2019 2485 2119 2540 bus
2139 2495 2316 2541 autem
2332 2486 2421 2542 dat
2443 2489 2664 2558 gratiam
2689 2487 2891 2560 (Jacobi
2917 2505 2989 2555 tv,
3023 2491 3086 2557 6;
3117 2499 3164 2544 et
3202 2472 3390 2546 lPetr.
3417 2509 3470 2561 v,
3518 2495 3601 2565 5),

2022 2589 2080 2632 ut
2105 2579 2325 2649 diligant
2353 2580 2710 2636 obedientiam
2731 2623 2745 2647 ,
2779 2590 2832 2637 et
2860 2583 2876 2614 ί
2909 2581 3166 2652 recipiant
3197 2584 3596 2640 excellentiam.

2021 2669 2362 2725 Mcditatione
2389 2671 2585 2742 quippe
2614 2672 2744 2742 legis
2772 2672 2929 2743 hujus
2949 2714 2963 2738 ,
3019 2672 3319 2728 voluntaria
3352 2683 3599 2730 servatur

2021 2762 2310 2830 humilitas,
2335 2772 2392 2819 ut
2424 2765 2649 2836 poenalis
2671 2766 2940 2830 humilitas
2963 2765 3243 2834 eradatur,
3263 2767 3331 2823 de
3351 2783 3452 2838 qua
3471 2785 3594 2824 mox
3684 2837 3687 2841 l

2019 2856 2165 2910 dicit.
3530 2905 3534 2909 .
3601 2865 3606 2874 '

2090 2946 2142 2999 9.
2174 2946 2322 3019 [vers
2351 2946 2464 3020 71.]
2486 2947 2683 3002 Bonum
2713 2949 2836 3002 milii
2877 2952 3114 3020 quoniam
3155 2953 3435 3007 humiliasti
3474 2971 3553 3007 me
3575 2996 3590 3020 ,

2017 3047 2072 3092 ut
2101 3039 2290 3093 discam
2309 3040 2699 3109 justiﬁcationes
2725 3050 2856 3095 tuas.
2897 3041 3139 3096 Vicinum
3169 3043 3366 3113 aliquid
3408 3054 3462 3099 et
3502 3059 3596 3099 su-

2017 3129 2196 3199 perius
2238 3128 2346 3199 jam
2399 3128 2624 3194 dixerat,
2654 3129 2966 3200 Priusquam
2993 3130 3307 3198 Immiliarer,
3340 3149 3431 3203 ego
3471 3134 3598 3186 deli-

2019 3220 2107 3290 qui
2126 3237 2142 3284 ;
2175 3229 2439 3290 propterea
2483 3219 2734 3290 eloquium
2764 3230 2903 3274 tuum
2929 3223 3192 3275 custodivi.
3247 3220 3367 3292 Ipso
3397 3223 3594 3292 quippe

2019 3311 2190 3365 fructu
2221 3311 2455 3366 osmndit
2477 3312 2617 3382 quod
2649 3312 2847 3367 bonum
2886 3314 2960 3366 illi
2989 3314 3144 3368 fuerit
3168 3313 3471 3379 humiliari;
3505 3316 3606 3370 seti

2019 3403 2127 3456 illic
2157 3402 2296 3456 dixit
2327 3410 2380 3456 ct
2409 3417 2646 3468 causam,
2671 3403 2809 3472 quod
2835 3403 3184 3459 humilitatem
3213 3407 3476 3475 pmnalem
3504 3405 3600 3460 de-

2018 3493 2308 3564 liuquendo
2341 3494 2693 3563 prmeesserit.
2726 3493 2878 3562 Quod
2907 3511 3036 3550 vero
3065 3495 3135 3550 ibi
3167 3498 3278 3562 ait,
3313 3495 3599 3566 PrOpterea

2016 3588 2267 3656 eloquium
2319 3598 2456 3641 tuum
2508 3587 2793 3654 custodivi;
2867 3587 2952 3642 hic
3005 3597 3182 3644 autem
3212 3631 3226 3655 ,
3280 3588 3348 3644 Ut
3403 3591 3600 3644 discam

2005 3681 2401 3750 justi/icationes
2453 3690 2564 3734 tuas
2598 3695 2616 3733 :
2645 3679 2775 3733 satis
2817 3680 3142 3750 significasse
3192 3681 3321 3735 mihi
3379 3681 3586 3736 videtur

2016 3772 2117 3826 hoc
2148 3787 2266 3824 esse
2295 3772 2390 3825 ista
2446 3785 2605 3825 nosse
2641 3769 2782 3839 quod
2822 3769 3110 3831 custodire,
3171 3769 3271 3823 hoc
3316 3770 3590 3824 custodire

2014 3863 2154 3932 quod
2181 3876 2356 3916 nosse.
2388 3860 2569 3932 Neque
2597 3860 2738 3914 enim
2778 3855 3021 3913 Christus
3063 3874 3165 3911 non
3197 3867 3419 3912 noverat
3449 3861 3588 3929 quod

2014 3955 2294 4026 arguebat;
2335 3962 2387 4007 et
2440 3964 2614 4008 tamen
2659 3951 2914 4020 arguebat
2960 3957 3235 4019 peccatum
3263 3989 3278 4014 ,
3333 3965 3453 4004 cum
3510 3950 3595 4005 di-

2013 4057 2156 4100 ctum
2178 4046 2246 4099 de
2285 4046 2374 4098 illo
2409 4046 2477 4098 sit
2505 4043 2648 4114 quod
2699 4059 2799 4096 non
2843 4050 3045 4095 noverat
3073 4050 3330 4110 peccatum
3374 4039 3439 4115 (11
3469 4041 3586 4096 Cor.

2013 4155 2066 4204 ν,
2096 4137 2211 4208 2t).
2243 4136 2471 4191 Noverat
2499 4149 2627 4205 ergo
2655 4131 2882 4204 quadam
2912 4132 3095 4188 notitia
3123 4174 3138 4198 ,
3168 4140 3222 4187 et
3247 4147 3435 4187 rursus
3460 4149 3596 4203 qua.

2013 4231 2134 4286 dam
2162 4230 2453 4300 ignorantia
2482 4243 2588 4282 non
2616 4233 2854 4281 noverat.
2881 4225 2969 4281 Sic
2994 4233 3046 4279 et
3066 4223 3472 4295 iustificationes
3491 4225 3585 4280 Dei

2014 4327 2165 4380 multi
2199 4325 2440 4390 discunt,
2481 4331 2535 4377 et
2561 4337 2668 4376 non
2708 4321 2939 4376 discunt.
2992 4317 3263 4372 Noverunt
3305 4317 3446 4373 enim
3474 4332 3588 4402 eas

2010 4417 2235 4488 quadam
2268 4416 2486 4493 notitia;
2519 4423 2573 4468 et
2600 4427 2785 4468 rursus
2810 4410 3033 4483 quadam
3083 4409 3376 4480 ignorantia
3407 4449 3421 4474 ,
3447 4423 3588 4478 quo-

2011 4513 2153 4566 niam
2181 4526 2284 4564 non
2329 4508 2549 4574 faciunt,
2578 4523 2684 4563 non
2713 4513 2997 4560 noverunt.
3030 4502 3109 4556 Eo
3149 4501 3308 4558 modo
3340 4500 3427 4556 hic
3455 4517 3586 4571 ergo

2012 4601 2383 4674 intelligendus
2402 4610 2484 4656 est
2501 4600 2718 4665 dixisse,
2746 4597 2812 4654 Ut
2829 4597 3020 4652 discam
3034 4595 3424 4666 justi/icationes
3449 4603 3596 4659 tuas;

2011 4712 2070 4752 ea
2099 4695 2282 4772 notitia
2312 4709 2413 4766 qua
2443 4694 2594 4746 tiunt.

2084 4790 2168 4844 10.
2209 4786 2361 4861 [uers.
2390 4782 2505 4857 72.]
2532 4783 2644 4838 [loc
2671 4789 2847 4836 autem
2879 4780 2998 4850 quia
3031 4794 3136 4834 non
3169 4778 3224 4832 lit
3263 4778 3362 4832 nisi
3390 4792 3488 4848 per
3510 4775 3587 4831 di-

2009 4881 2316 4942 lectionem,
2343 4877 2428 4930 ubi
2456 4878 2543 4945 qui
2576 4873 2700 4929 facit
2719 4871 2880 4934 habet
2908 4870 3340 4935 delectationem,
3370 4876 3593 4937 propter

2009 4973 2152 5044 quod
2181 4955 2379 5026 dictum
2410 4977 2492 5023 est
2519 5008 2533 5034 ,
2583 4964 2650 5019 1η
2681 4975 2770 5018 tua
2793 4963 3037 5018 suavitate
3073 4959 3197 5014 dare
3224 4975 3303 5013 me
3330 4957 3592 5028 justified-

2014 5067 2172 5118 tiones
2218 5073 2367 5127 tuas;
2411 5073 2639 5129 sequens
2685 5072 2869 5111 versus
2907 5051 3168 5118 ostendit,
3205 5049 3293 5104 ubi
3320 5049 3413 5112 ait,
3447 5047 3594 5101 Bona

2013 5155 2135 5208 mihi
2160 5155 2241 5207 lea:
2269 5153 2370 5206 oris
2399 5151 2490 5214 tui,
2514 5165 2668 5220 super
2695 5148 2852 5201 millia
2879 5144 2995 5198 auri
3040 5150 3084 5196 et
3122 5140 3317 5211 argenti
3340 5155 3356 5192 :
3383 5147 3439 5192 ut
3468 5153 3586 5190 am-

2011 5248 2150 5316 plins
2180 5245 2365 5313 diligat
2389 5241 2619 5296 Charitas
2647 5239 2818 5310 legem
2860 5236 2975 5302 Dei,
3006 5248 3162 5306 quam
3191 5229 3360 5300 diligit
3385 5227 3590 5298 cupidi-

2011 5349 2093 5395 tas
2134 5335 2295 5392 millia
2324 5333 2439 5390 auri
2467 5341 2522 5389 et
2548 5331 2772 5404 argenti.

2643 5459 2815 5503 883.0
2847 5455 2996 5501 XVIII.

2084 5590 2135 5642 1.
2166 5584 2317 5658 [vers
2351 5579 2468 5656 75.]
2512 5579 2736 5647 Quando
2767 5579 2904 5633 Deus
2931 5574 3202 5630 hominem
3231 5571 3353 5629 fecit
3375 5589 3441 5628 ex
3471 5573 3606 5643 pul-t

2015 5699 2160 5747 vere,
2184 5689 2235 5731 ct
2256 5675 2510 5731 animavit
2539 5673 2686 5738 ﬂatu,
2721 5687 2825 5726 non
2875 5670 2944 5725 ibi
2977 5676 3449 5722 commemoratum
3501 5675 3584 5719 est

2081 5820 2095 5849 ί
2123 5814 2258 5870 eum.
2278 5819 2397 5864 etne
2423 5808 2671 5872 recipiant.
2695 5803 2937 5864 Particula,
2968 5813 3047 5857 ne,
3072 5800 3210 5851 abest
3231 5811 3256 5848 a
3283 5806 3386 5848 :tss.
