4026 6202
363 343 494 401 εῖδει

361 455 506 526 quod
550 451 792 508 manibus
819 447 1021 504 fecerit.
1069 441 1185 498 Cur
1223 441 1398 510 itaque
1428 435 1743 508 quibusdam
1773 433 1940 486 visum

360 551 532 606 fuerit
553 547 716 602 verbo
765 543 926 596 Deum
970 537 1156 592 fecisse
1202 541 1395 590 cmtcra
1422 572 1437 597 ,
1501 529 1770 584 hominem
1808 539 1936 578 vero

366 643 512 696 vultu
538 634 732 707 aliquid
770 630 1098 702 praecipuum
1139 625 1330 704 iecisse
1380 621 1625 676 manibus
1666 619 1798 680 suis,
1833 631 1936 669 non

327 737 342 744 “
363 731 522 785 video
554 747 567 783 :
600 725 697 781 nisi
735 724 868 776 forte
913 719 1034 790 quia
1085 733 1150 772 ex
1183 715 1405 785 pulvere
1435 711 1718 766 formatum
1751 707 1941 776 legitur

368 817 598 875 hominis
639 827 836 882 corpus
875 809 1029 881 (Gen.
1087 823 1144 870 ιι,
1168 805 1246 876 7),
1284 820 1389 859 non
1425 802 1656 872 potuisse
1687 798 1801 854 ﬁeri
1840 796 1940 851 nisi

366 911 610 966 munibus
639 905 1001 965 arbitrantur;
1033 914 1130 953 nec
1156 896 1436 951 attendunt
1484 892 1626 963 quod
1669 892 1720 944 in
1763 890 1936 942 Evan-

364 1003 504 1072 gelio
551 998 620 1053 de
651 996 826 1051 Verbo
875 993 967 1048 Dei
1000 993 1256 1060 scriptum
1287 998 1388 1049 est,
1421 986 1604 1038 Omnia
1655 999 1744 1052 per
1773 982 1940 1052 ipsum

365 1098 502 1167 facta
523 1099 640 1144 sunt
669 1088 851 1158 (Joun.
875 1101 910 1150 ι,
936 1083 1013 1155 3),
1046 1098 1150 1136 non
1176 1096 1328 1150 posse
1354 1087 1622 1141 constare,
1641 1075 1684 1128 si
1713 1087 1816 1128 non
1849 1087 1946 1140 per

365 1164 600 1238 Verbum
628 1180 823 1235 factum
852 1187 934 1232 est
959 1177 1116 1230 etiam
1143 1188 1337 1242 corpus
1359 1171 1669 1226 humanum.
1701 1164 1806 1220 Sed
1845 1164 1940 1216 ad-

367 1274 558 1327 hihent
588 1269 952 1325 testimonium
980 1266 1045 1319 de
1077 1264 1180 1327 hoc
1205 1263 1429 1333 l‘isalmo,
1459 1271 1506 1313 ct
1553 1259 1738 1312 dicunt
1765 1274 1778 1310 :
1812 1256 1947 1309 Ecce

367 1366 458 1419 ubi
487 1362 824 1431 apertissime
850 1359 1045 1415 clamat
1065 1342 1244 1417 homo,
1270 1352 1456 1406 Manus
1479 1361 1579 1403 tua:
1599 1353 1824 1420 frcerunt
1847 1361 1946 1412 me,

367 1467 413 1510 et
451 1456 708 1523 ﬁnxerunt
731 1467 826 1505 me.
860 1449 1020 1518 Quasi
1051 1463 1154 1502 non
1185 1457 1368 1514 aperte
1420 1443 1578 1498 etiam
1611 1441 1811 1496 dictum
1839 1439 1947 1502 sit,

377 1545 567 1600 Videbo
594 1545 766 1609 caalos,
805 1559 958 1613 opera
989 1541 1262 1612 digitorum
1286 1549 1486 1592 tuorum
1509 1535 1678 1605 (Psal.
1704 1549 1816 1597 vin,
1849 1532 1904 1604 4)
1933 1548 1950 1598 ;

371 1651 473 1693 ιιι-ε
499 1636 670 1688 minus
695 1643 896 1703 aperto,
925 1630 992 1684 Et
1017 1647 1176 1700 opera
1205 1644 1446 1682 manuum
1474 1637 1676 1680 tuarum
1701 1634 1818 1680 sunt
1842 1623 1952 1678 caeli

373 1727 544 1796 (Psal.
575 1741 641 1791 Cl,
674 1724 782 1795 26)
809 1741 824 1790 ;
858 1723 1130 1790 multoque
1159 1721 1417 1791 apertius,
1448 1717 1511 1771 Et
1541 1717 1740 1771 aridam
1766 1725 1950 1770 terram

372 1835 551 1872 manus
571 1818 681 1888 ejus
714 1817 972 1886 ﬁnxerunt
1003 1813 1174 1884 (Psal.
1197 1827 1338 1876 χειν,
1369 1811 1444 1881 5).
1494 1809 1678 1864 Manus
1705 1823 1830 1877 ergo
1863 1807 1952 1860 Dei

377 1920 500 1965 sunt
529 1917 766 1980 potestas
811 1907 924 1961 Dei.
956 1907 1062 1960 Aut
1100 1905 1144 1960 si
1176 1902 1396 1973 pluralis
1424 1914 1678 1955 numerus
1702 1914 1794 1954 eos
1837 1913 1952 1952 mo-

371 2015 483 2070 vet,
509 2002 628 2072 quia
653 2015 758 2056 non
785 1999 983 2053 dictum
999 2004 1102 2062 est,
1131 2009 1319 2048 manus
1343 2003 1449 2056 tua,
1479 1991 1593 2056 sed,
1622 2006 1802 2044 manus
1819 1999 1919 2044 tum
1935 2005 1955 2052 ;

378 2097 640 2166 accipiant
670 2106 857 2147 manus
903 2092 1012 2154 Dci,
1065 2089 1310 2142 virtutem
1353 2094 1408 2140 et
1456 2082 1770 2154 sapientiam
1819 2082 1950 2144 Dei,

384 2187 524 2258 quod
548 2195 828 2253 utrumque
853 2197 987 2236 unus
1000 2179 1174 2236 dictus
1194 2189 1278 2233 est
1299 2173 1543 2231 Christus
1569 2174 1610 2244 (Ι
1634 2173 1749 2230 Cor.
1775 2189 1813 2237 ι,
1839 2169 1951 2243 24);

380 2280 469 2347 qui
502 2277 663 2332 etiam
704 2272 1013 2344 intelligitur
1038 2269 1311 2324 brachium
1342 2266 1572 2331 Domini,
1605 2264 1690 2318 ubi
1742 2263 1953 2333 legitur,

379 2367 448 2422 Et
475 2367 735 2422 brachium
776 2362 983 2417 Domini
1009 2361 1092 2413 cui
1117 2358 1388 2412 revelatum
1428 2365 1498 2410 est
1525 2353 1675 2426 (Isai.
1709 2370 1820 2418 un,
1854 2353 1957 2421 l)?

377 2460 483 2513 Ant
500 2456 763 2527 accipiant
779 2467 968 2509 manus
991 2451 1104 2514 Dei,
1127 2449 1320 2504 Filium
1343 2456 1398 2503 ει
1412 2446 1668 2516 Spiritum
1685 2453 1954 2510 sanctum;

377 2549 500 2619 quia
525 2556 577 2601 et
599 2545 830 2616 Spiritus
876 2552 1096 2598 sanctus
1129 2546 1445 2609 c00perator
1473 2545 1557 2591 est
1577 2535 1752 2590 Patris
1778 2543 1833 2590 et
1873 2535 1958 2589 Fi-

376 2640 471 2695 lii:
505 2638 643 2692 unde
688 2637 762 2690 ait
812 2634 1128 2704 Apostolus,
1176 2629 1360 2684 Omnia
1403 2629 1510 2682 haec
1545 2637 1784 2700 operatur
1827 2643 1958 2681 unus

379 2741 527 2798 atque
551 2729 684 2782 idem
722 2723 1014 2795 Spiritusll
1037 2721 1156 2778 Cor.
1192 2737 1283 2787 xu,
1309 2719 1420 2792 11).
1454 2720 1745 2790 Propterea
1765 2721 1959 2789 quippe

376 2821 528 2884 dixit,
563 2817 707 2872 Unus
726 2825 874 2884 atque
900 2814 1068 2879 idem;
1093 2827 1159 2866 ne
1189 2821 1265 2865 tot
1285 2811 1503 2880 spiritus
1523 2818 1649 2880 quot
1672 2824 1836 2879 opera
1857 2824 1956 2879 pn-

377 2919 638 2973 terentur,
669 2922 770 2962 non
794 2905 934 2976 quod
956 2905 1070 2958 sine
1095 2903 1251 2957 Patre
1271 2910 1324 2955 et
1346 2899 1482 2955 Filio
1517 2900 1744 2970 Spiritus
1770 2914 1960 2968 opere-

376 3014 484 3057 tur.
509 3001 755 3054 Liberum
784 3007 866 3052 est
889 2996 1047 3065 igitur
1070 2991 1339 3064 quomodo
1381 2990 1741 3061 intelligantur
1769 3005 1958 3046 manus

375 3094 471 3150 Dei
502 3111 514 3146 :
539 3093 662 3147 dum
690 3101 868 3145 tamen
897 3103 993 3144 nec
1015 3101 1079 3142 ea
1100 3102 1215 3156 qua:
1247 3085 1368 3140 facit
1391 3084 1654 3148 manibus,
1678 3082 1854 3139 Verbo
1876 3083 1955 3138 fa-

375 3201 498 3240 cere
519 3193 778 3254 urgetur;
821 3195 918 3235 nec
942 3194 1005 3233 ea
1030 3193 1148 3248 quae
1174 3175 1302 3230 facit
1350 3174 1526 3230 Verbo
1551 3217 1565 3240 ,
1596 3173 1844 3229 manibus
1875 3174 1956 3230 la-

377 3292 500 3334 cere.
521 3292 624 3332 non
649 3284 862 3344 putetur
888 3290 902 3337 ;
927 3286 1025 3325 nec
1047 3277 1262 3340 propter
1285 3281 1473 3321 manus
1499 3264 1668 3319 forma
1693 3265 1953 3334 corporis,

381 3378 470 3424 aut
503 3367 608 3421 alia
649 3379 838 3420 manus
867 3363 1082 3417 sinistra
1114 3401 1127 3419 .
1175 3359 1280 3413 alia
1325 3358 1536 3420 dextra,
1595 3371 1692 3410 nec
1740 3365 1957 3425 propter

381 3459 612 3514 Verbum
645 3469 808 3511 sonus
836 3454 963 3520 oris,
988 3452 1070 3506 vel
1095 3457 1269 3505 motus
1289 3450 1449 3503 animi
1475 3447 1810 3502 transitorios
1829 3461 1955 3515 ope-

382 3551 522 3606 ranli
546 3550 654 3602 Deo
680 3547 855 3600 inesse
882 3542 1152 3598 credatur.

451 3637 506 3693 9».
531 3636 639 3693 Nec
667 3634 954 3690 defuerunt
979 3631 1066 3702 qui
1107 3631 1214 3686 duo
1237 3629 1340 3683 ista
1375 3627 1559 3689 verba,
1609 3629 1828 3698 fecerunt
1856 3641 1952 3691 me,

377 3741 426 3784 et
473 3729 724 3797 [nuerunt
763 3741 860 3788 me,
890 3723 968 3778 sic
1011 3720 1417 3790 distinguerent,
1449 3726 1504 3771 ut
1525 3717 1758 3771 animam
1790 3715 1952 3768 Deum

381 3820 598 3883 fecisse,
620 3831 814 3886 corpus
838 3823 1015 3868 autem
1045 3810 1266 3865 ﬁnxisse
1296 3809 1567 3870 dicerent;
1601 3806 1724 3874 quia
1745 3805 1809 3860 de
1838 3805 1954 3858 ani-

382 3925 469 3966 ma
490 3909 620 3967 dixit
649 3909 807 3970 Deus,
835 3902 1044 3960 Omnem
1071 3903 1248 3972 ﬂatum
1272 3915 1362 3970 ego
1393 3897 1489 3968 feci
1509 3895 1661 3968 (Isai.
1691 3911 1812 3959 Lvtt,
1842 3895 1950 3964 16);

382 4004 448 4057 dc
474 4013 699 4070 oorpore
743 4006 920 4054 autem
973 3994 1182 4063 legitur,
1237 3990 1298 4044 Et
1339 3989 1483 4059 ﬁnxit
1529 3989 1665 4042 Deus
1706 3987 1956 4041 hominem

385 4093 636 4162 pulverem
669 4089 732 4142 de
776 4098 906 4141 terra
933 4083 1087 4154 (Gen.
1127 4099 1182 4146 ιι,
1207 4081 1259 4153 ’7)
1287 4099 1300 4134 :
1333 4092 1580 4149 tanquam
1612 4079 1699 4132 liat
1741 4076 1953 4146 quidem

381 4197 543 4236 ιιιιιιιε
571 4177 710 4250 quod
763 4178 995 4247 lingitur,
1028 4189 1129 4228 non
1162 4183 1334 4227 tamen
1374 4171 1600 4241 ﬁngatur
1628 4184 1785 4223 omne
1813 4166 1953 4237 quod

383 4272 461 4325 lit.
495 4269 562 4323 Et
592 4268 710 4322 ideo
731 4268 960 4320 animam
993 4263 1187 4317 laetam
1223 4262 1397 4331 potius
1441 4259 1623 4314 dicunt
1649 4273 1767 4313 esse
1794 4272 1952 4327 quam

391 4363 593 4425 tictam,
625 4357 748 4428 quia
776 4371 878 4409 non
906 4364 986 4409 est
1011 4369 1223 4423 corpus,
1256 4352 1347 4406 sed
1376 4353 1591 4418 spiritus
1621 4367 1635 4415 ;
1668 4351 1822 4421 quasi
1849 4366 1952 4403 non

380 4453 636 4522 scriptum
667 4450 754 4513 sit,
779 4447 880 4514 Qui
908 4447 1052 4515 ﬁnxit
1105 4445 1338 4513 spiritum
1386 4443 1601 4496 hominis
1621 4444 1672 4496 in
1697 4444 1806 4512 ipso
1834 4441 1954 4512 (Za-

381 4549 524 4603 char.
557 4560 648 4610 xu,
682 4541 764 4612 Ι).
818 4539 1200 4595 Verumtamen
1269 4534 1482 4605 quando
1532 4545 1813 4604 utrumque
1853 4533 1955 4589 hoc

383 4639 602 4696 verbum
629 4635 698 4690 de
729 4632 942 4688 homine
973 4629 1026 4684 in
1070 4629 1188 4683 loco
1227 4642 1336 4681 uno
1375 4625 1620 4695 ponitur,
1666 4635 1720 4679 ct
1745 4634 1954 4679 utrum-

379 4747 484 4808 que
537 4725 788 4792 hominis,
822 4724 874 4780 id
917 4731 1038 4789 est,
1079 4731 1132 4777 et
1160 4719 1337 4774 anima
1386 4727 1438 4772 et
1468 4733 1660 4787 corpus
1703 4717 1954 4772 divinitus

379 4823 653 4882 Conditum
682 4835 786 4874 non
831 4823 1087 4887 negatur;
1127 4827 1232 4867 non
1260 4811 1586 4881 ineleganter
1626 4808 1954 4863 distribuun-

275 4954 290 4972 ς
386 4929 472 4972 tur
490 4913 712 4984 singulis
739 4910 972 4980 singula,
1025 4915 1083 4961 ut
1123 4906 1305 4962 anima
1358 4903 1521 4968 facta,
1552 4916 1744 4972 corpus
1775 4913 1952 4956 autem

383 5010 569 5064 lictqu
605 5004 949 5073 intelligatur,
980 4999 1093 5055 sive
1138 4999 1445 5059 formatum,
1470 4995 1581 5049 sive
1610 4994 1952 5064 plasmatum.

385 5099 520 5157 Nam
544 5096 759 5166 quidam
792 5096 1110 5162 interpretes
1141 5090 1425 5144 noluerunt
1472 5085 1668 5151 dicere,
1703 5086 1957 5155 ﬁnxerunt

380 5207 490 5253 me;
519 5187 612 5242 sed
633 5229 647 5253 ,
679 5185 1053 5257 plasmaverunt
1093 5196 1170 5233 me
1190 5195 1210 5233 :
1240 5179 1407 5248 magis
1465 5177 1742 5250 diligentes
1784 5177 1957 5230 minus

385 5276 550 5333 latine
588 5277 860 5332 declinare
904 5273 970 5328 de
1021 5285 1195 5342 grzuco
1219 5312 1233 5334 ,
1285 5285 1444 5339 quam
1473 5268 1652 5323 dicere
1681 5268 1953 5336 ﬁnxerunt,

380 5369 520 5440 quod
549 5366 836 5437 aliquando
877 5363 1038 5419 etiam
1065 5361 1132 5416 de
1175 5360 1512 5416 simulatione
1551 5358 1653 5412 dici
1692 5358 1849 5413 solet.

455 5461 509 5514 3.
557 5457 662 5514 Sed
693 5467 870 5513 utrum
897 5453 1000 5508 hoc
1019 5449 1312 5508 secundum
1353 5447 1520 5503 Adam
1552 5449 1748 5502 dictum
1771 5457 1870 5514 est,
1892 5463 1957 5502 ex

381 5564 490 5621 quo
509 5564 628 5604 cum
659 5549 765 5604 sint
803 5560 990 5602 omnes
1032 5543 1280 5597 homines
1307 5540 1602 5611 prOpagati,
1630 5539 1750 5609 quis
1785 5539 1959 5594 hou‘ii-

388 5659 540 5702 num,
567 5640 780 5710 quando
811 5639 901 5693 ille
927 5637 1097 5692 lactus
1119 5645 1220 5702 est,
1251 5633 1412 5690 etiam
1434 5647 1494 5688 se
1517 5631 1710 5687 factum
1735 5645 1838 5686 non
1866 5645 1958 5700 po-

386 5743 491 5792 test
517 5732 694 5787 dicere
712 5730 931 5801 originis
955 5727 1279 5798 semiuisque
1305 5725 1510 5781 ratione
1531 5724 1556 5776 ἲ
1585 5724 1664 5779 An
1693 5722 1853 5778 etiam
1875 5736 1960 5778 se-

1601 320 1656 377 S.
1699 312 2058 375 AUCUSTINI
2089 311 2386 367 EPiSCOPl

3489 309 3631 371 135‘}

2050 449 2278 504 cundum
2313 449 2412 501 hoc
2460 457 2605 501 recte
2646 445 2746 501 dici
2799 449 2987 518 potuit,
3035 449 3223 503 Manna
3265 458 3365 502 tua:
3403 449 3630 518 fecerunt

2049 557 2146 600 ine.
2175 549 2222 594 et
2267 540 2641 608 plasmaverunt
2685 556 2780 603 me,
2825 542 3076 610 quoniam
3132 541 3496 609 unusquisque
3525 555 3634 592 ιιοιι

2048 633 2164 686 sine
2187 646 2346 700 opere
2380 631 2468 683 llei
2495 631 2656 684 etiam
2686 630 2752 684 de
2774 633 3082 699 parentibus
3113 634 3168 685 lit
3190 673 3205 695 ,
3238 633 3352 702 ipso
3389 641 3634 691 creante,

2050 721 2152 776 illis
2183 720 2592 792 generautibus?
2619 719 2880 787 Quoniam
2907 723 2950 774 si
2995 723 3296 791 operatoria
3319 720 3409 774 Dei
3440 729 3640 788 poten-

2052 815 2122 868 tia
2204 813 2365 867 rebus
2437 813 2779 867 subtrahatur
2815 852 2831 878 ,
2895 814 3192 879 intereunt;
3265 827 3365 867 nec
3435 810 3637 881 aliquid

2053 904 2267 957 cumino
2312 904 2423 957 sive
2465 903 2531 956 de
2582 902 2764 956 mundi
2809 904 3106 969 elementis,
3152 905 3265 956 sive
3307 903 3376 957 de
3420 905 3636 970 genito—

2053 996 2219 1058 ribus,
2264 996 2377 1050 sive
2405 996 2471 1049 de
2524 994 2820 1049 seminibus
2869 997 3123 1058 nascitur,
3173 996 3219 1050 si
3245 1010 3308 1049 ea
3363 1009 3467 1048 non
3501 1009 3638 1062 Ope-

2051 1095 2198 1138 retur
2245 1085 2402 1139 Deus.
2460 1084 2683 1152 l‘ropter
2721 1085 2861 1154 quod
2916 1087 2989 1138 ait
3021 1085 3293 1154 propheta:
3342 1083 3631 1146 Jeremiae,

2051 1171 2356 1242 Priusquam
2412 1183 2459 1226 te
2513 1175 2783 1240 [οι-ιιιατριιι
2827 1174 2876 1227 in
2923 1184 3061 1227 utero
3094 1215 3109 1239 ,
3155 1175 3268 1226 nari
3318 1184 3364 1226 te
3415 1172 3634 1241 (levent.

2055 1279 2094 1328 ι,
2140 1264 2218 1333 ὅ).
2270 1265 2374 1316 Sed
2447 1264 2701 1332 numquid
2764 1266 2879 1318 sine
2941 1266 3212 1320 intellectu
3267 1265 3394 1319 fecit
3459 1265 3636 1319 homi-

2053 1370 2173 1409 nem
2213 1355 2372 1418 Deus,
2406 1356 2518 1408 sive
2543 1355 2792 1423 primum,
2821 1356 2931 1410 sive
2961 1372 3388 1426 unumquemque
3409 1369 3638 1409 nascen-

2057 1445 2210 1510 tium,
2261 1455 2315 1499 et
2347 1459 2486 1498 nunc
2510 1445 2655 1498 dicat
2683 1446 2754 1512 ei,
2790 1445 2976 1499 Manus
3033 1456 3134 1500 tut:
3184 1451 3403 1517 fecerunt
3453 1462 3550 1509 me,
3589 1454 3640 1500 et

2055 1535 2433 1604 plesmaverunt
2477 1551 2556 1588 me
2570 1549 2590 1598 ,°
2635 1535 2702 1588 da
2739 1536 2864 1588 mihi
2904 1535 3260 1589 intellectum?
3303 1536 3488 1590 Nonne
3534 1536 3638 1606 ipsi

2056 1637 2261 1681 natura:
2285 1626 2530 1681 humanae
2559 1627 2863 1682 intellectus
2889 1638 2971 1681 est
3000 1628 3216 1694 inditus,
3248 1637 3306 1682 ut
3343 1643 3407 1682 eo
3433 1627 3639 1682 discer-

2058 1729 2217 1774 natur
2254 1734 2285 1773 a
2307 1719 2541 1789 pecore?
2569 1721 2649 1774 An
2695 1719 2772 1774 sic
2798 1730 2880 1773 est
2907 1720 3201 1774 deformata
3233 1719 3526 1789 peccando,
3583 1729 3648 1776 ut

2065 1812 2228 1866 etiam
2277 1810 2457 1864 hocin
2495 1826 2560 1866 ea
2586 1809 2984 1866 reformandum
3019 1813 3133 1866 sit?
3163 1812 3386 1882 Pr0pter
3407 1811 3543 1880 quod
3584 1820 3642 1868 et

2061 1903 2350 1972 Apostolus
2375 1903 2625 1957 omnibus
2651 1901 2717 1956 ad
2747 1903 3214 1972 regenerationem
3256 1901 3642 1971 pertinentibus

2065 1994 2212 2057 dicit,
2239 1993 2573 2048 Renouamini
2610 1995 2790 2064 spiritu
2815 1995 2992 2048 mentis
3019 2005 3193 2049 vestra:
3223 2010 3241 2048 :
3272 2007 3324 2049 et
3351 1995 3532 2063 utique
3557 1994 3641 2048 iu-

2064 2084 2306 2139 tellectus
2327 2085 2380 2138 in
2407 2095 2584 2138 mente
2621 2093 2724 2139 est.
2767 2083 2902 2139 Hinc
2933 2099 3120 2139 rursus
3145 2092 3239 2150 ait,
3269 2083 3640 2156 Reformamini

2057 2175 2110 2228 in
2151 2175 2369 2229 nouitate
2419 2191 2592 2228 sensus
2620 2175 2767 2228 vestri
2795 2173 2971 2244 (Rom.
3002 2191 3070 2228 xu
3091 2215 3106 2240 ,
3129 2174 3188 2245 2)
3217 2192 3230 2230 :
3259 2175 3327 2230 de
3353 2175 3434 2229 his
3458 2184 3640 2230 autem

2058 2265 2147 2334 qni
2176 2263 2332 2334 hujus
2361 2265 2778 2335 regenerationis
2805 2273 3086 2318 consortes
3116 2281 3219 2318 non
3242 2275 3415 2330 erant,
3445 2264 3589 2318 illoc
3615 2285 3634 2318 ι

2059 2355 2228 2424 inquit
2261 2397 2276 2423 ,
2331 2373 2349 2406 ι
2379 2353 2500 2410 dico
2526 2363 2580 2409 ει
2623 2354 2880 2422 testiﬁcor
2912 2357 2961 2408 in
3011 2355 3256 2420 Domino,
3303 2365 3361 2409 ut
3390 2371 3492 2409 non
3526 2355 3639 2422 jam

2058 2447 2344 2502 ambuletis
2369 2446 2504 2500 sicut
2526 2455 2578 2501 et
2601 2445 2798 2502 Gentes
2818 2447 3091 2501 ambulant
3113 2446 3166 2500 in
3193 2447 3424 2500 vanitate
3445 2445 3640 2501 mentis

2059 2555 2170 2596 sou:
2199 2581 2214 2606 ,
2243 2539 2512 2595 obscurati
2562 2540 2910 2610 intelligentia
2937 2581 2949 2602 ,
2982 2539 3195 2593 alienati
3224 2553 3255 2592 a
3296 2539 3378 2591 via
3413 2539 3502 2592 Dei
3541 2553 3640 2606 per

2059 2630 2438 2700 ignorantiam,
2471 2646 2590 2700 qum
2620 2641 2701 2685 est
2732 2631 2782 2684 in
2817 2631 2923 2684 illis
2963 2638 3178 2699 pmpter
3199 2631 3495 2684 cmeitatem
3517 2643 3641 2684 cor-

2059 2721 2143 2776 dis
2167 2737 2350 2776 eorum
2377 2740 2394 2772 ι
2429 2719 2645 2792 (Ep/tes.
2679 2739 2750 2788 Iv,
2792 2723 2877 2786 l7,
2907 2722 2992 2787 l8,
3025 2719 3140 2792 23).
3171 2721 3395 2790 Propter
3423 2720 3520 2774 hos
3541 2720 3640 2789 igi-

2060 2821 2145 2868 tur
2182 2813 2466 2868 iuteriorcs
2489 2813 2694 2876 oculos,
2725 2829 2950 2883 quorum
2979 2813 3194 2868 eiecitas
3233 2822 3315 2868 est
3343 2828 3444 2866 non
3477 2813 3636 2866 intel-

2059 2905 2244 2975 ligere,
2275 2914 2333 2958 ut
2356 2906 2688 2974 aperiantur,
2717 2916 2770 2960 et
2795 2907 2964 2975 magis
2995 2905 3268 2974 magisque
3295 2914 3636 2971 sereneutur,

2060 2995 2164 3051 ﬁde
2192 2997 2355 3051 corda
2385 2995 2708 3050 mundantur
2739 2996 2871 3066 (Act.
2913 3013 3001 3062 xv,
3046 2995 3130 3064 9).
3171 2997 3422 3064 Quamvis
3447 2996 3589 3051 enim
3617 3037 3636 3060 ,

2058 3088 2159 3143 nisi
2182 3087 2379 3158 aliquid
2408 3089 2686 3158 intelligat,
2718 3104 2875 3143 nemo
2910 3090 3076 3158 possit
3111 3089 3331 3144 credere
3351 3089 3402 3143 in
3430 3089 3637 3155 Deum;

2059 3187 2238 3234 tamen
2296 3179 2409 3248 ipsa
2463 3178 2566 3234 ﬁde
2616 3194 2722 3249 qua
2751 3179 2961 3243 credit,
3003 3190 3240 3242 sanatur.
3284 3191 3340 3235 ut
3381 3181 3640 3251 intelligat

2059 3271 2339 3339 ampliom.
2374 3271 2490 3324 Alia
2517 3281 2640 3324 Sunt
2677 3271 2818 3326 enim
2841 3287 2957 3341 qua:
2995 3273 3098 3327 nisi
3124 3274 3498 3342 intelligamus,
3530 3289 3638 3328 non

2059 3360 2324 3414 credimus
2348 3401 2363 3425 ,
2396 3369 2447 3413 ει
2475 3361 2580 3415 alia
2611 3371 2734 3414 sunt
2761 3377 2880 3431 qua:
2909 3363 3008 3416 nisi
3057 3363 3368 3429 credamus,
3420 3379 3525 3417 non
3554 3364 3637 3418 in-

2060 3453 2364 3522 telligimus.
2393 3451 2524 3507 Nam
2564 3468 2686 3506 cum
2721 3452 2848 3506 ﬁdes
2881 3453 2948 3506 sit
2978 3469 3043 3508 ex
3075 3454 3271 3518 auditu,
3311 3454 3522 3508 auditus
3541 3469 3635 3508 auo

2060 3553 2164 3598 tem
2207 3559 2300 3612 per
2351 3543 2570 3597 vcrhum
2607 3542 2805 3597 Christi
2855 3542 2875 3616 (
2904 3544 3054 3597 Itoni.
3086 3561 3140 3606 Χ,
3176 3546 3240 3598 i7
3267 3546 3318 3614 );
3360 3545 3637 3614 quomodo

2059 3632 2233 3688 credit
2265 3633 2574 3702 praedicanti
2631 3635 2787 3688 iidem
2815 3677 2828 3698 ,
2857 3634 2946 3704 qui
2969 3675 2984 3700 ,
3028 3643 3084 3688 ut
3114 3636 3217 3690 alia
3253 3645 3482 3700 taceam,
3530 3637 3638 3691 lin-

2058 3741 2216 3796 guam
2245 3726 2413 3794 ipsam
2437 3739 2593 3794 quam
2628 3725 2858 3795 loquitur
2899 3743 3002 3780 non
3054 3728 3337 3798 intelligit?
3381 3728 3486 3783 Sed
3531 3728 3637 3783 nisi

2059 3829 2238 3874 essent
2279 3833 2460 3873 rursus
2487 3818 2665 3888 aliqua
2693 3835 2810 3886 quae
2849 3819 3145 3889 intelligere
3173 3835 3279 3874 non
3307 3835 3593 3889 possumus
3616 3827 3642 3886 ,"

2059 3909 2158 3962 nisi
2190 3917 2314 3962 ante
2335 3907 2632 3971 credamus,
2664 3907 2921 3976 propheta
2945 3925 3048 3962 non
3076 3909 3296 3973 diceret,
3325 3908 3443 3963 Nisi
3465 3910 3637 3964 credi-

2060 3999 2255 4062 deritis,
2285 4015 2383 4052 non
2413 3997 2700 4070 intelligetis
2731 3999 2884 4069 (lsai.
2912 4016 3007 4065 vn,
3040 4000 3092 4063 9,
3124 4018 3222 4055 sec.
3255 3999 3441 4070 LXX).
3465 4001 3641 4056 Proﬁo

2059 4089 2129 4144 cit
2158 4103 2284 4158 ergo
2314 4097 2495 4142 noster
2523 4088 2818 4143 intellectus
2834 4089 2899 4143 ad
2918 4089 3254 4159 intelligenda
3282 4106 3400 4160 quze
3426 4091 3636 4159 credat,

2059 4189 2113 4234 et
2133 4177 2266 4233 ﬁdes
2289 4177 2494 4247 proﬁcit
2521 4177 2587 4232 ad
2613 4178 2876 4233 credenda
2901 4195 3020 4249 qua:
3045 4180 3341 4250 intelligat;
3369 4191 3422 4235 ct
3444 4181 3635 4236 eadem

2059 4269 2174 4340 ipsa
2213 4280 2268 4322 ut
2295 4269 2464 4336 magis
2495 4271 2768 4340 magisque
2808 4271 3190 4341 intelligantur,
3239 4271 3290 4326 in
3319 4274 3435 4342 ipso
3473 4273 3639 4327 intel-

2059 4358 2197 4413 lectu
2231 4357 2446 4427 proﬁcit
2495 4372 2666 4414 meus.
2718 4357 2824 4414 Sed
2870 4360 2970 4414 hoc
3013 4375 3117 4414 non
3151 4360 3201 4414 lit
3253 4362 3481 4431 pmpriis
3515 4371 3638 4416 tan-

2059 4464 2216 4518 quam
2251 4448 2575 4504 naturalibus
2603 4449 2802 4504 virihus
2824 4491 2838 4513 ,
2883 4451 2975 4504 sed
3028 4451 3135 4504 Deo
3161 4451 3447 4519 adjuvautc
3477 4463 3643 4522 atque

2060 4539 2320 4603 donante;
2355 4539 2490 4594 sicut
2535 4540 2799 4594 medicina
2829 4542 2916 4604 lit,
2967 4531 3070 4594 non
3102 4551 3309 4605 natura,
3340 4551 3396 4595 ut
3421 4544 3644 4597 vitiatus

2059 4631 2242 4685 oculos
2270 4630 2373 4684 vim
2405 4629 2655 4685 cernendi
2689 4632 2934 4700 recipiat.
2961 4631 3058 4699 Qui
3082 4647 3209 4701 ergo
3231 4632 3360 4688 dicit
3393 4633 3522 4698 Deo,
3555 4632 3644 4688 Da

2059 4721 2184 4774 mihi
2213 4721 2534 4784 intellectum,
2568 4730 2621 4772 ut
2649 4719 2840 4775 discam
2870 4721 3108 4774 mandata
3147 4732 3256 4786 tua,
3310 4739 3414 4776 non
3463 4723 3646 4776 omni-

2060 4813 2221 4868 modo
2247 4827 2439 4882 expers
2469 4812 2582 4881 ejus
2611 4821 2713 4874 cst,
2744 4811 2887 4867 velut
2925 4828 3122 4882 pecus;
3155 4829 3252 4867 nec
3279 4813 3372 4880 ita,
3394 4814 3646 4884 quamvis

2061 4905 2242 4969 homo,
2273 4913 2326 4958 ut
2355 4904 2405 4957 in
2436 4918 2620 4958 eorum
2655 4919 2880 4959 numero
2900 4903 3238 4972 deputandus
3273 4905 3375 4968 sit,
3407 4905 3494 4974 qui
3521 4921 3646 4958 ans-

2061 4993 2232 5048 bulnnt
2276 4993 2327 5046 in
2358 4994 2575 5046 vanitate
2603 4994 2782 5047 mentis
2809 5009 2915 5047 sum
2933 5033 2946 5055 ,
2981 4993 3232 5046 obscurati
3257 4993 3592 5064 intelligentia
3623 5037 3640 5063 ,

2061 5086 2266 5140 alienati
2291 5102 2322 5138 a
2352 5085 2431 5139 via
2455 5084 2568 5139 Dei.
2601 5085 2730 5140 Nam
2762 5085 2804 5139 si
2849 5085 2966 5139 talis
3001 5094 3145 5140 esset
3168 5127 3184 5151 ,
3218 5101 3326 5141 nec.
3344 5085 3446 5141 hoc
3488 5085 3643 5142 diee-

2062 5186 2162 5232 ret.
2217 5175 2331 5230 Non
2385 5184 2562 5230 autem
2606 5175 2752 5245 parvi
2783 5184 2866 5228 est
2895 5175 3228 5239 intellectus,
3283 5191 3444 5231 nosse
3471 5191 3502 5231 a
3531 5192 3646 5244 quo

2064 5267 2360 5337 poscendns
2385 5269 2451 5321 sit
2480 5268 2802 5323 intellectus.
2831 5268 2892 5322 Et
2936 5268 3275 5338 cogitandum
3317 5276 3400 5322 est
3437 5277 3641 5338 quanto

2062 5360 2167 5414 sint
2187 5359 2344 5412 altius
2370 5358 2709 5426 intelligenda
2735 5359 2910 5412 divina
2939 5358 3219 5424 mandata;
3251 5358 3467 5428 quando
3489 5359 3556 5414 ad
3575 5375 3645 5415 ea

2062 5450 2315 5506 discenda
2361 5450 2457 5504 sibi
2486 5451 2658 5505 adhuc
2693 5451 2806 5506 dari
2859 5451 3186 5506 intellectum
3221 5452 3384 5521 petit,
3412 5453 3498 5522 qui
3524 5454 3643 5522 jam

2065 5543 2142 5597 sic
2168 5541 2443 5612 intelligit,
2475 5551 2530 5596 et
2573 5543 2660 5612 qui
2693 5543 2902 5612 eloquia
2934 5541 3024 5597 Dei
3072 5556 3131 5596 se
3165 5542 3468 5597 custodisse
3513 5552 3644 5599 ante

2060 5631 2168 5703 jam
2195 5631 2346 5686 dixit.

2137 5721 2192 5778 ι.
2231 5719 2382 5786 Quod
2421 5730 2595 5777 autem
2644 5721 2972 5795 interpretati
3013 5729 3137 5777 sunt
3182 5703 3369 5791 nostri,
3401 5721 3480 5776 Da
3519 5721 3652 5778 mihi
