3964 6204
281 424 420 480 1555

275 541 618 605 intellectum;
664 537 881 593 brevius
927 536 1058 592 dixit
1085 550 1308 606 grwcus,
1349 543 1582 590 συυξτισόν
1616 556 1675 601 μι
1699 550 1711 585 :
1735 535 1855 603 quia

275 650 383 686 uno
420 631 584 687 verbo
621 631 929 702 complexus
962 638 1064 694 est,
1100 628 1182 682 Da
1218 629 1340 682 milii
1368 628 1687 691 intellectum,
1716 625 1856 696 quod

274 734 353 776 est
380 731 635 788 συνέτισον,
666 721 806 791 quod
837 719 997 776 latine
1031 734 1138 774 uno
1168 719 1329 774 verbo
1364 718 1464 773 dici
1497 733 1601 772 non
1641 724 1852 788 potest:

276 822 530 883 tanquam
558 812 601 866 si
633 827 737 866 non
768 820 946 882 posset
972 811 1131 864 latine
1157 811 1279 875 diei,
1314 825 1443 864 sana
1481 825 1604 875 me;
1635 819 1689 864 et
1712 808 1858 864 dicc-

274 915 446 967 retur,
495 904 561 958 da
594 904 720 958 mihi
761 904 1062 968 sanitatem,
1100 904 1236 958 sicut
1267 905 1351 957 hic
1396 902 1592 957 dictum
1629 913 1728 984 est,
1778 901 1856 954 Da

274 1000 398 1051 mihi
439 998 777 1062 intellectum;
801 1008 910 1062 aut,
938 1013 1125 1052 sanum
1169 1012 1255 1051 me
1285 995 1386 1061 fac,
1418 997 1554 1050 sicut
1587 995 1743 1051 etiam
1773 995 1857 1051 hic

274 1089 380 1144 dici
413 1099 606 1158 potest,
633 1089 1012 1159 intelligentem
1040 1105 1125 1142 me
1154 1089 1252 1143 fac.
1277 1087 1426 1156 Quod
1453 1088 1662 1157 quidem
1689 1088 1857 1156 potuit

273 1189 326 1235 et
347 1181 572 1250 angelus
595 1180 796 1241 facere;
829 1196 948 1234 nam
976 1180 1114 1234 dixit
1145 1180 1364 1243 Danieli,
1409 1179 1530 1233 Veni
1553 1180 1854 1234 intellectum

275 1272 400 1324 dare
423 1274 509 1324 tibi
541 1271 698 1342 (Dan.
733 1289 785 1336 ιι,
807 1271 906 1340 λιιι)
933 1289 945 1298 ·
991 1279 1044 1325 et
1079 1271 1179 1325 hoc
1214 1271 1429 1325 verbum
1461 1281 1542 1325 est
1581 1271 1630 1324 in
1657 1285 1850 1339 gnem.

271 1364 414 1432 quod
451 1365 612 1417 etiam
643 1364 727 1417 hie
766 1373 867 1430 est,
911 1373 1142 1418 συνιτίσσιι
1177 1379 1257 1426 as;
1290 1371 1536 1431 tanquam
1583 1361 1626 1415 si
1655 1362 1856 1416 dit-cret

275 1457 493 1517 latinus,
541 1457 818 1509 sanitatem
851 1455 980 1509 dare
1029 1455 1144 1519 tibi,
1176 1453 1315 1524 quod
1367 1468 1570 1522 gra'cus
1612 1453 1851 1519 dixisset,

271 1563 466 1602 sanare
506 1557 576 1601 te.
610 1547 722 1600 Non
771 1546 908 1600 enim
939 1547 1446 1614 circumloipteretur
1471 1545 1664 1599 latinus
1691 1547 1855 1600 inter-

275 1654 397 1706 pres
425 1637 670 1700 dicendo,
713 1637 1036 1692 intellectum
1082 1636 1209 1692 dare
1259 1637 1348 1690 tibi
1380 1655 1391 1690 :
1426 1637 1470 1691 si
1511 1636 1855 1706 quemadmo-

275 1729 401 1782 dum
435 1728 537 1781 diei
573 1737 746 1796 [otest
772 1743 799 1779 τι
831 1729 1075 1794 sanitate,
1099 1743 1306 1782 sanare.
1332 1738 1380 1781 te
1404 1769 1418 1794 ,
1453 1728 1519 1781 ita
1547 1728 1648 1782 diei
1677 1736 1854 1798 posset

272 1819 338 1872 ah
361 1820 650 1884 intellectu,
680 1819 1037 1874 intellectuare
1064 1828 1132 1873 te.
1158 1819 1261 1873 Sed
1281 1820 1324 1872 si
1345 1828 1520 1888 potest
1547 1820 1646 1873 hoc
1673 1828 1727 1872 et
1754 1835 1853 1872 an-

273 1913 425 1982 gelus
455 1911 647 1973 facere,
683 1911 805 1980 quid
835 1919 918 1966 est
944 1899 1081 1980 quod
1112 1912 1210 1964 iste
1244 1910 1343 1965 hoc
1367 1926 1394 1963 a
1420 1911 1530 1964 Deo
1557 1911 1656 1964 sibi
1687 1911 1854 1979 poscit

277 2015 332 2057 ut
359 2006 486 2058 liat?
515 2006 591 2057 Au
622 2007 743 2073 quia
784 2005 920 2058 Deus
960 2005 1145 2073 angelo
1170 2003 1401 2073 jusserat
1437 2013 1491 2057 ut
1522 2003 1747 2057 faceret?
1779 2003 1850 2058 Ita

275 2112 403 2149 vero
435 2113 447 2148 :
479 2110 600 2148 nam
621 2094 861 2149 Christus
889 2094 1197 2164 intelligitur
1217 2093 1315 2147 hoc
1336 2094 1557 2163 jussisse
1585 2094 1770 2164 angelo
1797 2103 1852 2182 ιιι

275 2189 496 2250 iaceret,
537 2203 604 2244 eo
632 2189 749 2243 loco
788 2187 876 2242 ubi
920 2189 994 2241 ait
1034 2188 1312 2256 Propheta,
1357 2207 1373 2238 ι
1410 2188 1475 2242 Ει
1514 2189 1706 2244 factum
1747 2199 1846 2254 est,

273 2297 393 2334 cum
428 2277 663 2334 viderem
705 2294 804 2349 ego
834 2279 1017 2332 Daniel
1050 2280 1238 2346 visum,
1268 2281 1652 2348 et.qua:rebam
1695 2281 1852 2335 intel-

272 2369 492 2433 lectum,
522 2377 571 2422 cl
602 2384 727 2424 ecce
755 2369 897 2423 stetit
926 2369 976 2422 in
1007 2378 1292 2440 conspectu
1327 2385 1444 2424 meo
1474 2371 1702 2437 utvisus
1726 2373 1845 2438 viri,

270 2469 323 2512 et
350 2459 531 2513 audivi
557 2475 739 2514 vocem
771 2461 870 2514 viri
894 2460 1032 2514 inter
1053 2460 1204 2524 Ubal,
1235 2469 1286 2514 et
1317 2461 1540 2526 vocavit,
1570 2471 1624 2515 et
1651 2461 1788 2516 dixit
1808 2464 1846 2529 ¹,

270 2552 377 2606 Fac
404 2552 699 2623 intelligere
725 2553 871 2606 illum
890 2553 1146 2607 visionem
1179 2573 1196 2603 ι
1226 2552 1464 2621 (ld.vm,
1492 2555 1615 2610 lSet
1645 2552 1731 2626 16)
1758 2573 1771 2608 :
1796 2563 1850 2609 et

269 2645 340 2698 ibi
365 2646 416 2699 in
444 2661 616 2716 graeco
639 2646 860 2700 verbum
887 2645 987 2699 hoc
1012 2656 1088 2700 est
1123 2646 1260 2715 quod
1293 2656 1344 2700 et
1384 2646 1486 2711 hic,
1516 2647 1568 2701 id
1608 2657 1690 2701 est
1717 2657 1849 2702 cout-

269 2759 416 2790 τισο-ι.
451 2737 588 2790 Deus
612 2737 786 2805 itaque
815 2753 910 2807 per
937 2737 1191 2805 scipsmn,
1236 2737 1354 2805 quia
1385 2738 1471 2791 lux
1499 2746 1580 2792 est
1608 2735 1781 2808 (Joan.
1809 2754 1846 2804 ι,

269 2826 322 2888 ι,
352 2825 429 2895 9),
462 2826 719 2880 illuminat
748 2827 862 2895 pias
890 2835 1114 2892 mentes,
1145 2835 1199 2880 ιιι
1220 2842 1279 2878 ea
1311 2843 1428 2895 qua:
1452 2827 1632 2881 divina
1662 2827 1848 2882 dicun-

269 2925 356 2971 tur
379 2918 457 2972 vel
492 2917 864 2984 ostenduntur,
898 2919 1209 2987 intelligant.
1243 2919 1348 2973 Sed
1386 2920 1430 2972 si
1471 2919 1536 2973 ad
1563 2918 1665 2974 hoc
1695 2920 1850 2974 mini-

266 3020 380 3062 strn
409 3011 572 3063 utitur
598 3011 804 3079 angelo,
836 3019 1006 3078 potest
1033 3011 1245 3081 quidem
1275 3011 1471 3080 aliquid
1502 3026 1660 3082 agere
1686 3028 1851 3083 ange-

265 3101 350 3153 lus
386 3101 437 3154 iu
489 3113 666 3155 mente
707 3101 955 3167 hominis,
998 3113 1053 3155 ut
1090 3103 1260 3170 capiat
1296 3103 1466 3156 lucem
1501 3103 1612 3169 Dei,
1655 3113 1709 3158 et
1752 3119 1847 3173 per

265 3193 407 3244 hanc
442 3192 701 3260 intelligat
727 3211 739 3245 :
765 3193 856 3246 sed
903 3193 969 3245 ita
1002 3192 1194 3246 dicitur
1239 3194 1562 3250 intellectum
1592 3195 1719 3250 dare
1751 3197 1846 3249 ho-

263 3282 419 3346 mini,
448 3292 498 3337 et
529 3284 700 3352 quasi,
735 3292 791 3335 ut
820 3284 887 3336 ita
918 3284 1110 3348 dicam,
1155 3284 1518 3339 intellectuare
1549 3286 1838 3353 hominem,

261 3373 714 3441 quemadmodum
737 3374 1012 3443 quisquam
1048 3374 1240 3429 dicitur
1271 3377 1443 3431 lucem
1470 3376 1599 3432 dare
1637 3377 1839 3442 domui,

262 3465 348 3518 vel
373 3464 673 3518 illuminare
702 3464 938 3529 domum;
971 3466 1053 3520 cui
1082 3465 1364 3520 fenestram
1395 3466 1549 3532 facit;
1574 3482 1694 3531 eum
1721 3483 1840 3522 eam

260 3571 369 3609 non
411 3571 506 3610 sua
543 3557 660 3611 luce
701 3565 943 3627 penetret
983 3569 1036 3612 et
1075 3559 1318 3622 illustret,
1352 3561 1444 3614 sed
1477 3561 1842 3616 tantummodo

259 3648 466 3702 aditum
490 3665 595 3718 quo
620 3659 925 3716 penetretur
955 3658 1112 3719 atque
1137 3651 1446 3716 illustratur,
1479 3653 1701 3722 aperiat.
1734 3651 1842 3708 Sed

259 3753 360 3792 nec
393 3739 473 3791 sol
506 3739 592 3809 qui
619 3755 712 3808 per
734 3739 1015 3794 fenestram
1045 3742 1273 3796 illustrat
1297 3742 1534 3808 domum,
1567 3744 1679 3812 ipse
1704 3758 1847 3798 crea-

259 3829 337 3882 vit
371 3829 615 3883 eamdem
642 3819 880 3898 dtiinum,
910 3841 1002 3885 aut
1041 3832 1306 3885 hominem
1338 3834 1426 3902 qui
1455 3833 1739 3888 fenestram
1771 3833 1847 3889 fe-

257 3921 332 3974 cit
362 3920 416 3973 in
443 3920 626 3986 domo,
653 3929 744 3974 aut
772 3921 886 3990 ipse
916 3922 990 3975 illi
1011 3922 1167 3988 jussit
1189 3932 1243 3975 ut
1269 3923 1491 3989 faceret,
1520 3935 1609 3978 aut
1639 3925 1844 3992 adjuvit

259 4012 376 4080 ipse
405 4011 708 4077 facientem,
734 4022 822 4066 aut
840 4013 1030 4082 aliquid
1051 4017 1156 4082 egit
1184 4015 1550 4082 utaperiretur
1566 4031 1667 4085 qua
1687 4032 1840 4070 suum

260 4102 444 4157 lumen
482 4103 780 4157 iufunderet
807 4121 821 4157 :
850 4104 994 4159 Deus
1031 4117 1208 4158 autem
1253 4116 1307 4160 et
1343 4105 1572 4161 hominis
1611 4118 1841 4163 mentem

258 4193 578 4247 rationalem
608 4201 766 4263 atque
795 4194 1200 4250 intellectualem
1239 4194 1383 4261 fecit,
1412 4212 1516 4265 qua
1545 4206 1723 4266 posset
1750 4213 1842 4252 ca-

257 4299 394 4354 pere
425 4284 600 4338 lumen
630 4284 775 4353 ejus;
806 4294 857 4339 et
884 4285 1126 4353 angelum
1158 4287 1312 4340 talem
1348 4286 1489 4353 fecit,
1518 4289 1606 4357 qui
1633 4289 1840 4358 eperari

254 4383 450 4446 posset
477 4375 672 4443 aliquid
715 4375 852 4430 unde
892 4375 956 4429 ad
987 4375 1300 4446 capiendum
1333 4366 1519 4432 lumen
1552 4379 1643 4432 Dei
1693 4393 1842 4432 mens

252 4468 605 4538 adjuvaretur
630 4468 855 4522 humana
877 4486 891 4534 ;
915 4479 966 4524 et
983 4470 1225 4524 eamdem
1255 4472 1332 4525 sic
1352 4471 1564 4540 adjuvat
1585 4481 1837 4536 mentem,

253 4570 311 4613 ut
356 4559 656 4629 angelicam
684 4561 906 4628 recipiat
933 4540 1337 4630 iipcrationem;
1379 4571 1432 4616 et
1456 4577 1572 4616 eam
1615 4564 1692 4618 sic
1721 4562 1842 4617 illu-

251 4651 429 4704 minat
458 4650 525 4705 de
567 4652 762 4720 seipSo,
807 4661 862 4706 ut
906 4669 1009 4706 non
1037 4653 1206 4708 solum
1249 4654 1336 4708 illa
1379 4670 1497 4725 quae
1540 4670 1570 4708 a
1619 4655 1840 4711 veritate

251 4751 646 4808 monstrantur,
689 4744 781 4798 sed
823 4743 989 4813 ipsiim
1032 4759 1243 4815 quoque
1282 4745 1609 4814 proticieudo
1639 4748 1842 4815 perspi-

248 4837 355 4906 (iat
383 4835 685 4891 veritatem.
711 4835 812 4891 Sed
841 4837 1088 4906 quoniam
1129 4852 1213 4891 res
1240 4837 1451 4906 quidem
1491 4838 1836 4903 necessarias,

248 4903 514 4996 quantum
542 4927 806 4991 existimo,
833 4903 1006 4981 tamen
1036 4930 1232 4998 prolixa
1257 4903 1614 4998 disputatione
1641 4939 1838 4983 tracta-

247 5019 456 5082 vimus,
512 5017 694 5073 dilatis
743 5022 1086 5088 sequentibus
1131 5022 1316 5089 psalmi
1363 5021 1526 5091 hujus
1575 5024 1835 5091 versibus,

245 5122 565 5163 sermonem
597 5109 754 5162 istum
784 5109 885 5163 isto
917 5111 1020 5165 tiue
1047 5111 1377 5166 claudamus.

894 5217 1063 5258 δειιιο
1103 5221 1210 5258 XIX.

322 5292 386 5345 1.
425 5287 576 5361 [verm
608 5290 720 5364 75.]
763 5294 1016 5349 Dominus
1055 5297 1208 5351 Jesus
1253 5300 1305 5353 in
1359 5300 1457 5353 hoc
1502 5301 1705 5370 psalmo
1744 5317 1838 5370 per

248 5381 602 5452 Prophetam,
638 5393 884 5455 tauquam
933 5388 1053 5450 sibi,
1088 5391 1271 5458 petivit
1311 5392 1633 5445 intellectum
1665 5394 1775 5447 dari
1807 5410 1836 5449 a

249 5474 370 5528 l)eo
411 5475 626 5542 corpori
651 5490 748 5530 suo
775 5478 914 5546 quod
945 5488 1027 5533 est
1068 5480 1326 5545 Ecclesia,
1369 5483 1434 5536 ad
1470 5484 1562 5537 Dei
1591 5486 1836 5540 mandata

245 5564 530 5619 discenda.
557 5565 687 5621 Cum
729 5568 845 5638 ipso
872 5571 1010 5624 enim
1041 5572 1142 5625 vita
1175 5576 1415 5643 corporis
1451 5574 1587 5643 cjus‘,
1625 5577 1724 5630 hoc
1758 5587 1840 5630 est

246 5658 437 5728 populi
470 5658 606 5726 ejus,
633 5660 936 5715 abscondita
970 5670 1051 5717 est
1080 5664 1132 5718 in
1168 5665 1274 5720 Deo
1303 5665 1518 5738 (Coloss.
1562 5684 1637 5734 ιιι,
1676 5667 1751 5739 5),
1784 5677 1839 5724 et

249 5849 285 5898 τ’
313 5792 509 5899 ζει).ιὲ
533 5797 662 5846 t.ov..
687 5801 732 5844 rt
755 5792 880 5844 dixit
912 5795 1031 5846 t'lat'.
1058 5797 1219 5856 Abest,
1253 5797 1374 5861 Liui,
1399 5801 1460 5851 ab
1485 5810 1583 5850 Am.
1612 5810 1660 5852 et
1680 5814 1706 5853 a
1732 5801 1835 5866 plc-

278 5865 425 5899 tswe
447 5887 452 5898 .
509 5866 550 5899 s.

278 5865 425 5909 isqve
447 5865 550 5900 ωδ.

1328 417 1715 474 ENARRATIO
1757 415 1817 470 ΙΝ
1859 414 2177 475 ΡδΑιιιωι
2216 421 2445 480 CXVIII.

3408 437 3536 492 1551

1965 535 2077 604 ipsa
2116 538 2168 592 in
2215 538 2404 595 eodem
2442 555 2666 612 corpore
2705 560 2803 600 suo
2849 546 3186 618 indigentiam
3227 551 3439 618 patitur,
3485 563 3538 608 ct

1963 631 2132 698 poscit
2157 632 2295 700 quod
2344 636 2598 693 membris
2637 638 2751 697 suis
2792 649 2874 695 est
2920 642 3302 697 necessarium.
3347 643 3534 698 Manus

1961 732 2079 789 tum,
2108 723 2297 794 inquit,
2321 730 2544 796 fecerunt
2568 746 2666 796 me,
2696 740 2742 784 et
2771 733 3146 802 plasmaverunt
3176 751 3286 799 me;
3314 738 3380 790 du
3411 737 3534 790 mihi

1959 813 2283 882 intellectum,
2316 827 2370 870 ut
2410 819 2602 874 discant
2640 823 2880 878 mandata
2925 835 3029 878 tua.
3059 826 3192 896 Quia
3237 837 3313 893 tu,
3345 829 3537 898 inquit,

1960 905 2217 972 formasti,
2243 917 2297 962 tu
2323 909 2587 976 reforma;
2623 922 2678 967 ut
2709 915 2796 968 ﬁat
2824 916 2873 969 in
2903 931 3128 989 corpore
3147 920 3364 983 Christi,
3391 922 3532 990 quod

1958 998 2033 1052 ait
2060 1000 2365 1068 Apostolus,
2417 1001 2779 1074 Reformamiui
2816 1008 2868 1062 iu
2911 1011 3128 1064 novitate
3169 1021 3344 1067 s’msus
3387 1011 3538 1068 vestri

1959 1086 2132 1160 (ιιοηι.
2165 1092 2364 1160 311,2).

2029 1178 2078 1230 2.
2124 1178 2274 1252 [verm
2317 1182 2430 1256 74.]
2473 1185 2571 1250 Qui
2608 1188 2778 1242 timent
2827 1199 2892 1254 te,
2939 1190 3127 1260 inquit,
3174 1193 3405 1250 videbunt
3435 1213 3534 1260 me,

1958 1281 2004 1324 et
2019 1271 2439 1342 jucundabuntur
2453 1292 2474 1340 ,'
2498 1278 2602 1343 vel,
2637 1279 2774 1335 sicut
2797 1265 2993 1336 habent
3016 1283 3103 1337 alii
3128 1284 3362 1352 codices,
3386 1287 3531 1340 la'ta-

1959 1362 2158 1427 buntur,
2182 1367 2415 1430 quoniam
2442 1368 2492 1420 in
2521 1370 2666 1421 verba
2685 1380 2772 1423 tua
2792 1373 2986 1441 sperari
3011 1389 3029 1426 :
3057 1373 3105 1428 id
3127 1384 3227 1437 est,
3253 1377 3302 1429 iu
3333 1391 3393 1430 ea
3417 1392 3536 1445 qua!

1958 1456 2260 1522 promisisti,
2295 1469 2346 1510 ut
2380 1458 2485 1511 sint
2513 1462 2878 1528 promissionis
2922 1464 3032 1525 lilii,
3065 1480 3245 1519 semen
3286 1466 3525 1531 .-\brult:r,

1960 1544 2011 1598 in
2063 1562 2169 1615 quo
2217 1547 2599 1604 benedicuntur
2643 1568 2829 1608 omnes
2877 1565 3061 1623 gentes
3113 1555 3275 1627 (Gen.
3331 1575 3419 1620 xu,
3472 1560 3535 1622 5;

1956 1646 2003 1688 et
2025 1653 2168 1703 xxvi,
2191 1636 2265 1708 4).
2292 1639 2389 1706 Qui
2409 1651 2532 1695 sunt
2557 1632 2730 1697 autem
2755 1645 2842 1714 qui
2875 1646 3060 1700 timent
3089 1647 3275 1711 Deum,
3305 1658 3358 1702 et
3377 1665 3535 1718 quem

1957 1726 2209 1783 videbunt
2229 1739 2281 1784 et
2310 1731 2647 1799 laetabuntur,
2677 1738 2922 1805 quoniam
2962 1738 3012 1791 in
3041 1740 3196 1792 verba
3231 1741 3318 1794 Dei
3347 1757 3536 1810 spera-

1957 1818 2070 1872 vit“!
2107 1820 2160 1875 Si
2196 1835 2389 1891 corpus
2416 1823 2613 1879 Christi
2643 1834 2745 1890 est,
2789 1826 2838 1880 id
2869 1836 2952 1882 est
2985 1829 3241 1893 Ecclesia,
3274 1830 3424 1899 cujus
3453 1839 3537 1885 est

1958 1920 2059 1962 vox
2092 1909 2188 1963 ista
2237 1927 2333 1979 per
2358 1911 2645 1979 Christum,
2692 1917 2772 1969 vel
2819 1918 2870 1970 in
2903 1918 3012 1986 ipsa
3057 1929 3111 1974 et
3157 1919 3222 1972 de
3253 1920 3386 1990 ipsa,
3420 1932 3536 1975 tan-

1959 2016 2111 2069 quam
2148 2003 2214 2054 de
2247 2004 2423 2073 seipse
2463 2007 2560 2060 ista
2590 2023 2688 2060 vos
2729 2007 2922 2063 Christi
2971 2019 3087 2070 est;
3134 2011 3386 2079 ιιιιιιιμιὶιι
3428 2026 3532 2064 non

1958 2088 2054 2160 ipsi
2084 2100 2206 2146 sunt
2245 2093 2296 2146 in
2319 2095 2432 2149 eis‘
2465 2098 2551 2166 qui
2583 2099 2767 2152 timent
2793 2099 2954 2152 Deum
2976 2104 3000 2152 Υ
3029 2100 3158 2168 Quis
3184 2111 3260 2155 est
3299 2117 3425 2172 ergo
3448 2102 3534 2158 ille

1956 2197 2113 2249 quem
2141 2181 2340 2249 vident,
2369 2194 2424 2240 et
2446 2185 2846 2256 jucundautur?
2871 2179 2958 2244 Ani
2982 2180 3207 2261 populus
3237 2192 3348 2261 ipse
3378 2208 3437 2248 se
3467 2195 3538 2248 vi-

1955 2272 2064 2339 det,
2096 2284 2148 2327 et
2170 2275 2509 2343 jucundatur,
2541 2289 2596 2335 et
2641 2281 2718 2335 sic
2749 2282 2949 2337 dictum
2992 2292 3094 2348 est,
3129 2285 3229 2351 Qui
3255 2286 3426 2339 timent
3463 2295 3532 2351 te,

1955 2363 2187 2418 videbunt
2214 2383 2310 2432 me,
2338 2377 2383 2422 et
2407 2369 2730 2436 (celabantur,
2760 2374 2880 2441 quia
2917 2374 2968 2427 in
3005 2375 3150 2428 verba
3181 2385 3266 2428 tua
3295 2378 3534 2446 speravi;

1956 2455 2037 2509 vel
2087 2454 2223 2510 sicut
2276 2457 2364 2512 alii
2425 2459 2725 2530 diligentius
2793 2473 3210 2530 expresserunt,
3262 2482 3533 2536 superspe-

1954 2547 2061 2599 ιναυί
2089 2545 2165 2618 (τι)
2197 2566 2209 2602 :
2243 2556 2491 2619 tanquam
2535 2551 2773 2620 diceret,
2820 2553 2918 2618 Qui
2963 2554 3133 2607 timent
3172 2564 3250 2620 te,
3298 2555 3536 2610 videbunt

1957 2639 2246 2694 Ecclesiam
2285 2651 2450 2708 tuam,
2482 2653 2528 2695 et
2555 2645 2992 2714 jucuudttbuntur,
3019 2647 3136 2717 quia
3165 2648 3217 2701 in
3256 2649 3403 2702 verba
3445 2657 3535 2702 tua

1954 2735 2334 2802 supersperavi;
2377 2748 2496 2791 cum
2540 2736 2636 2804 ipsi
2671 2737 2778 2790 sint
2808 2737 3066 2803 Ecclesia,
3111 2740 3201 2809 qui
3230 2740 3407 2795 vident
3435 2741 3539 2796 Ec-

1955 2822 2172 2877 elesiam
2210 2834 2263 2879 et
2288 2825 2685 2893 jucundautur?
2723 2829 2826 2885 Sed
2871 2845 2967 2884 cur
3014 2847 3119 2886 non
3161 2833 3313 2899 dixit,
3352 2833 3440 2903 qui
3469 2835 3536 2889 ti-

1958 2923 2101 2966 ment
2146 2923 2214 2980 te,
2244 2915 2425 2970 vident
2469 2933 2571 2985 me,
2613 2927 2670 2976 et
2700 2919 3061 2988 jucundautur
3089 2939 3102 2975 :
3134 2923 3224 2977 sed
3260 2924 3431 2978 timent
3462 2934 3540 2992 te,

1956 3003 2174 3058 verbum
2207 3007 2777 3079 praesentistemporis
2825 3013 3029 3079 posuit;
3077 3013 3310 3066 videbunt
3353 3025 3532 3069 autem

1955 3101 2010 3148 et
2022 3095 2460 3164 jucundabuntur,
2488 3097 2644 3153 futuri
2669 3095 2920 3168 temporis
2946 3103 3101 3156 verba
3127 3104 3287 3156 sunt?
3308 3107 3386 3157 An
3408 3106 3532 3174 quia

1955 3184 2006 3238 in
2033 3187 2280 3255 praesenti
2320 3198 2558 3259 tempore
2585 3191 2742 3246 timor
2782 3203 2884 3258 est,
2915 3194 3166 3262 quamdiu
3203 3197 3422 3248 tentatio
3449 3206 3534 3250 est

1953 3276 2058 3346 vita
2107 3276 2335 3333 humana
2381 3295 2542 3350 super
2583 3292 2773 3337 terrain
2813 3283 2933 3356 (Job
2964 3301 3068 3351 vn,
3112 3287 3201 3356 l);
3227 3286 3536 3355 jucundilas

1953 3377 2127 3422 autem
2153 3386 2309 3438 quam
2339 3371 2501 3426 voluit
2529 3372 2616 3426 hie
2642 3373 2884 3444 intelligi,
2923 3385 3046 3429 tunc
3077 3374 3178 3429 erit
3207 3375 3417 3446 quando
3444 3376 3532 3443 ju-

1952 3459 2017 3511 sti
2040 3457 2313 3529 fulgebunt
2340 3461 2390 3515 in
2418 3477 2580 3532 regno
2602 3463 2774 3520 Patris
2798 3465 2877 3519 sui
2899 3467 3029 3520 sicut
3059 3465 3137 3520 sol
3169 3464 3381 3538 (Matth.
3411 3482 3528 3532 sui;

1952 3548 2081 3621 43)?
2111 3551 2242 3605 Hinc
2281 3551 2422 3606 enim
2461 3554 2617 3606 etiam
2668 3555 2792 3608 illud
2839 3556 2890 3608 in
2937 3556 3042 3609 alio
3082 3557 3286 3626 psalmo
3317 3557 3528 3625 legitur,

1958 3659 1977 3692 ι
2005 3642 2172 3707 Quam
2213 3659 2398 3714 magna
2445 3645 2725 3698 multitudo
2767 3645 3061 3700 dulcedinis
3102 3655 3226 3713 tua),
3279 3648 3533 3714 Domine,

1951 3748 2106 3802 quam
2134 3717 2455 3788 abscondisti
2499 3735 2803 3791 timentibus
2833 3745 2883 3791 te
2908 3738 2920 3790 !
2958 3755 2977 3788 ι
3009 3737 3159 3792 Nunc
3187 3753 3315 3808 ergo
3343 3755 3532 3808 quam-

1951 3825 2040 3881 diu
2091 3827 2295 3892 timent,
2350 3827 2582 3882 nondum
2629 3828 2844 3892 vident;
2902 3829 2995 3884 sed
3043 3849 3059 3881 ι
3091 3830 3362 3894 videbunt,
3400 3847 3420 3881 ι
3476 3840 3533 3886 et

1958 3937 1976 3970 ι
2000 3919 2466 3988 juemulalmntur:
2500 3940 2518 3972 ι
2552 3923 2671 3990 quia
2695 3932 2748 3975 et
2776 3922 2879 3976 illic
2906 3920 3168 3992 sequitur,
3201 3942 3221 3976 ι
3252 3924 3528 3978 Pcrfecisti

1949 4020 2122 4062 autem
2147 4012 2478 4078 Sperantibus
2501 4013 2550 4064 in
2577 4021 2630 4066 te
2657 4031 2675 4064 ι
2704 4012 2876 4083 (Psat.
2905 4029 3039 4079 xxx,
3061 4013 3151 4077 ‘20,
3179 4014 3310 4084 2t);
3339 4025 3392 4068 et
3422 4015 3525 4079 hic,

1955 4120 1973 4153 ι
1998 4102 2117 4172 quia
2147 4103 2197 4155 iu
2228 4103 2384 4157 verba
2415 4115 2499 4156 tua
2541 4104 2770 4174 speravi,
2800 4123 2818 4156 ι
2859 4106 2962 4171 vel,
3001 4123 3018 4156 ι
3054 4107 3428 4176 supcrsperavi
3455 4123 3467 4159 :
3503 4123 3522 4158 ι

1949 4205 2006 4248 ιιι
2034 4196 2084 4248 in
2116 4195 2277 4248 verbo
2309 4196 2378 4248 ita
2408 4197 2699 4264 COltlpt18llO
2724 4206 2776 4250 et
2816 4211 2938 4250 cura
2972 4197 3274 4266 interpretis
3300 4197 3528 4266 diligen-

1951 4287 2099 4340 tioris
2129 4301 2402 4355 CBpl‘CSSU,
2435 4287 2591 4340 etiam
2622 4287 2747 4340 illud
2777 4287 3154 4361 intelligamus,
3186 4288 3325 4358 quod
3353 4300 3528 4357 potens

1948 4389 2020 4431 est
2071 4377 2210 4430 Deus
2260 4380 2426 4449 facere
2471 4395 2625 4446 supra
2677 4395 2822 4444 quam
2865 4380 3076 4449 petimus
3117 4389 3162 4432 et
3203 4380 3526 4450 intelligimus

1948 4469 2161 4540 (Ep/tes.
2197 4485 2272 4531 ιιι,
2310 4471 2433 4541 20);
2467 4479 2521 4524 ut
2547 4473 2667 4538 quia
2699 4489 2854 4540 supra
2882 4489 3033 4541 quam
3063 4474 3274 4543 petimus
3301 4483 3347 4528 et
3373 4471 3526 4527 intel-

1947 4561 2148 4634 ligimus
2172 4572 2315 4627 sunt,
2345 4577 2530 4632 parum
2561 4563 2631 4617 sit
2655 4579 2714 4618 ea
2742 4579 2977 4634 sperare,
3006 4564 3098 4620 sed
3124 4566 3412 4621 debeamus
3433 4583 3526 4622 su-

1946 4673 2276 4727 persperare.

2017 4751 2069 4804 3.
2113 4749 2278 4822 [vers
2310 4749 2395 4813 75,
2421 4749 2506 4803 76.
2532 4746 2551 4821 ]
2593 4748 2720 4815 Quia
2750 4763 2876 4818 ergo
2902 4748 3074 4804 adhuc
3103 4750 3250 4804 timet
3278 4747 3522 4805 Ecclesia

1945 4859 2062 4912 qua:
2095 4843 2144 4896 in
2173 4845 2271 4896 hac
2306 4844 2408 4893 vita
2448 4851 2549 4906 est,
2579 4850 2628 4893 et
2665 4841 2894 4893 nondum
2928 4856 2985 4894 se
3027 4841 3170 4896 videt
3196 4843 3246 4896 iu
3272 4857 3339 4897 eo
3360 4858 3528 4912 regno

1945 4937 2032 4990 ubi
2067 4937 2168 4990 erit
2195 4935 2312 5004 ejus
2338 4949 2522 4989 secura
2543 4933 2870 5002 jucundilas,
2903 4933 2994 4988 sed
3026 4934 3163 4987 inter
3200 4935 3526 5003 periculosas

1947 5027 2264 5082 tentationes
2294 5028 2346 5079 in
2391 5025 2491 5079 hoc
2521 5025 2719 5078 n'mndo
2760 5025 2982 5090 laborat,
3017 5025 3103 5078 ubi
3134 5026 3300 5086 audit,
3333 5023 3431 5090 Qui
3468 5041 3529 5085 σε

1945 5127 2086 5188 putat
2114 5127 2266 5180 stare,
2295 5117 2455 5169 videat
2477 5132 2538 5168 ne
2560 5115 2708 5168 cadat
2735 5115 2772 5185 (I
2804 5115 2920 5169 Cor.
2947 5132 2998 5182 ιι,
3026 5115 3150 5183 12);
3177 5114 3522 5168 considerans

1879 5192 1885 5212 l'
1947 5208 2098 5278 hujus
2131 5206 2463 5262 mortalitatis
2494 5207 2781 5270 miseriam,
2815 5207 2865 5260 in
2896 5222 2997 5276 qua
3020 5205 3204 5276 iugum
3229 5219 3393 5276 grave
3423 5219 3519 5258 su-

1945 5318 2040 5372 per
2082 5303 2216 5355 tilios
2244 5299 2430 5362 Adam,
2475 5316 2503 5352 a
2547 5299 2632 5353 die
2672 5300 2842 5354 exitus
2883 5299 2950 5355 de
2987 5308 3173 5352 ventre
3214 5296 3396 5351 matris
3427 5313 3522 5352 00-.

1947 5409 2080 5456 rum,
2113 5392 2188 5446 sic
2217 5391 2266 5444 in
2289 5389 2533 5443 omnibus
2560 5390 2885 5456 pertenditur
2911 5403 3074 5458 usque
3096 5389 3146 5441 in
3173 5387 3310 5441 diem
3339 5387 3522 5456 sepuli

1948 5495 2076 5540 tunc
2121 5485 2171 5538 in
2213 5491 2434 5537 matrem
2480 5482 2716 5534 (nimium
2759 5479 2946 5549 (Eccli.
2977 5495 3062 5546 ιιι,
3093 5479 3167 5548 1),
3208 5487 3265 5533 ιιι
3307 5489 3524 5549 promer

1945 5591 2158 5629 czu'nem
2197 5573 2657 5640 concupiscentem
2686 5570 2941 5624 adversus
2966 5569 3211 5639 spiritum
3239 5569 3434 5642 (Gatat.
3463 5585 3520 5638 ν,

1950 5669 2060 5738 Π).
2089 5667 2246 5722 etiam
2285 5663 2576 5734 regenerati
2608 5676 2821 5733 gemere
2863 5661 2965 5716 sub
2992 5661 3108 5730 ejus
3133 5663 3388 5734 gravitate
3427 5678 3521 5719 co-

2010 5802 2024 5833 |
2052 5801 2269 5858 (minque
2295 5804 2420 5858 5155.,
2448 5807 2538 5845 non
2563 5795 2665 5858 ipsa
2687 5801 2755 5846 est
2777 5792 2826 5844 iu
2849 5794 2935 5856 eis,
2961 5803 3056 5848 etc.

2009 5856 2080 5924 (tt)
2097 5856 2271 5925 om,
2292 5856 2517 5922 epe'tpisa.
