4026 6202
334 395 477 452 £355

335 521 531 583 gantur
560 526 577 568 :
602 507 705 563 hoc
744 497 1277 580 ergo'considerans,
1331 511 1349 546 ι
1380 492 1635 564 Cognovi,
1672 511 1691 543 ι
1724 489 1915 579 inquit,

343 579 363 655 ἓ
398 604 637 668 Domine,
670 601 792 671 quia
816 592 1020 667 iustitia
1063 590 1257 662 judicia
1296 596 1405 654 tua,
1455 594 1509 642 et
1533 584 1788 640 verltate‘
1816 579 1923 635 ltu-’

342 696 555 751 miliasti
588 709 692 748 me.
723 688 843 746 Fiat
869 682 1234 742 misericordia
1272 688 1381 747 tua,
1414 686 1469 735 et
1505 675 1809 734 consoletur
1838 684 1925 726 me

342 786 634 843 secundum
676 764 947 850 eloquium
987 786 1136 831 tuum
1165 786 1322 828 servo
1360 778 1472 824 tuo.
1506 786 1526 822 s
1560 762 1926 821 Misericordia

344 887 397 930 et
432 875 623 929 veritas
655 872 727 925 ita
755 870 934 924 divino
961 864 1175 936 eloquio
1220 857 1679 922 commendantur,
1712 861 1771 908 ut
1805 866 1926 906 cum

346 970 398 1022 in
427 966 604 1020 multis
627 962 963 1017 inveniantur
992 955 1143 1017 locis,
1175 952 1405 1007 maxime
1432 948 1485 1004 in
1514 944 1760 1010 Psalmis,
1793 958 1929 1014 quo-

344 1061 468 1114 dam
499 1058 657 1112 etiam
686 1056 803 1110 loco
840 1054 1065 1121 legatur,
1098 1045 1352 1103 Universa:
1381 1032 1487 1098 vite
1509 1039 1716 1094 Domini
1740 1036 1933 1091 miseri-

351 1149 523 1205 cordia
549 1157 595 1202 et
620 1145 799 1201 veritas
826 1140 996 1214 (Psal.
1019 1155 1165 1205 xxiv,
1186 1137 1296 1203 10).
1324 1135 1393 1190 Ει
1421 1133 1507 1188 hic
1532 1130 1743 1201 quidem
1764 1127 1934 1198 primo

352 1243 634 1299 veritatem
668 1236 863 1307 pasuit,
905 1248 1007 1304 qua
1056 1226 1319 1284 bumiliati
1361 1238 1544 1280 sumus
1588 1222 1640 1276 in
1684 1224 1932 1281 mortem,

350 1332 624 1402 judizante
654 1328 743 1382 illo
772 1324 922 1396 cujus
941 1322 1134 1393 judicia
1157 1317 1355 1390 justitia
1401 1323 1519 1371 est:
1547 1310 1737 1367 deinde
1773 1309 1936 1363 mise—

360 1400 669 1485 ricordiam,
714 1432 816 1487 qua
860 1417 1218 1470 instauramur
1263 1407 1328 1462 ad
1366 1406 1549 1471 vitam,
1595 1400 1941 1474 promittente

361 1512 452 1567 illo
491 1511 643 1580 cujus
672 1507 985 1564 beneﬁcium
1028 1503 1195 1575 gratia
1237 1508 1337 1555 est.
1370 1497 1492 1552 ldeo
1533 1496 1627 1563 ait,
1668 1490 1943 1547 secundum

361 1601 618 1672 eloquium
639 1610 777 1654 tuum
804 1614 944 1669 servo
967 1605 1053 1649 tuo
1074 1592 1172 1649 :-id
1201 1598 1304 1656 est,
1335 1586 1625 1645 secundum
1651 1582 1793 1655 quod
1820 1594 1945 1652 pro-

363 1694 558 1750 misisti
597 1707 753 1748 servo
793 1702 902 1745 tuo.
947 1688 1069 1744 Sive
1097 1701 1225 1756 ergo
1252 1681 1586 1754 regeneratio
1615 1693 1718 1747 qua
1757 1675 1843 1729 bie
1889 1673 1943 1726 in

369 1786 462 1841 Dei
506 1783 671 1838 Filios
709 1780 1046 1849 adoptamur,
1086 1777 1199 1832 sive
1229 1773 1361 1827 ﬁdes
1390 1780 1444 1827 et
1488 1783 1610 1838 spes
1641 1777 1691 1821 ct
1716 1763 1947 1819 ebaritas

369 1892 487 1948 qua:
515 1858 614 1929 tria
641 1872 970 1928 adiﬁcantur
996 1869 1049 1922 in
1078 1865 1255 1931 nobis,
1285 1861 1523 1935 quamvis
1547 1858 1615 1913 de
1643 1855 1947 1910 misericor-

372 1945 455 2032 dia
484 1969 579 2024 Dei
604 1967 856 2032 veniant;
893 1973 1066 2018 tamen
1109 1961 1161 2015 in
1189 1958 1289 2013 bac
1329 1966 1626 2011 aerumnosa
1653 1958 1708 2004 et
1742 1945 1952 2019 procel-

373 2062 487 2121 losa
526 2060 632 2114 vita
672 2056 860 2113 solatia
888 2062 1011 2109 sunt
1039 2052 1376 2114 miserorum,
1402 2060 1509 2101 non
1554 2041 1741 2113 gaudia
1765 2038 1953 2094 beato-

382 2167 505 2208 rum
537 2170 550 2204 :
580 2151 701 2205 ideo
729 2148 924 2204 dictum
951 2151 1055 2213 est,
1088 2141 1206 2196 Fiat
1234 2134 1578 2195 misericordia
1617 2142 1722 2197 tua,
1754 2138 1808 2184 ut
1835 2144 1956 2183 con-

374 2242 560 2298 soletur
586 2257 683 2295 me.

385 2322 393 2409 ί
446 2335 501 2389 4.
535 2332 684 2407 [vers.
716 2328 830 2404 77.]
856 2328 959 2398 Sed
985 2327 1107 2398 quia
1152 2332 1271 2396 post
1299 2323 1413 2378 haec
1448 2329 1503 2377 et
1537 2334 1629 2390 per
1654 2316 1769 2372 haec
1797 2313 1957 2409 etiam

378 2407 467 2480 illa
496 2434 715 2479 ventura
745 2433 902 2489 sunt;
944 2420 1064 2476 ideo
1102 2416 1359 2489 sequitur,
1410 2411 1626 2470 Veniant
1653 2409 1777 2464 milii
1811 2407 1958 2460 mise-

375 2514 595 2572 rationes
621 2524 740 2580 tute,
766 2522 812 2568 et
838 2513 1018 2568 vivam.
1047 2510 1196 2565 Tunc
1219 2507 1362 2563 enim
1382 2519 1508 2561 vere
1527 2496 1959 2570 vivampquando

381 2604 509 2660 nihil
542 2614 727 2674 potero
757 2604 967 2669 timere,
994 2617 1061 2657 ne
1082 2599 1295 2655 moriar.
1322 2596 1439 2667 Ipsa
1462 2595 1604 2650 enim
1633 2602 1687 2647 et
1710 2591 1825 2646 sine
1849 2587 1959 2644 ullo

380 2698 744 2771 additamento
768 2695 962 2751 dicitur
983 2693 1090 2747 vita
1108 2733 1123 2758 ,
1155 2704 1255 2745 nec
1282 2686 1592 2757 intelligitur
1615 2682 1717 2738 nisi
1760 2690 1958 2772 aeterna

380 2797 433 2842 et
463 2787 636 2851 beata,
659 2793 909 2854 tanquam
935 2782 1046 2837 sola
1074 2780 1298 2836 dicenda
1320 2778 1390 2833 sit
1410 2777 1538 2843 vita,
1565 2775 1618 2829 in
1645 2772 1794 2844 cujus
1812 2786 1961 2826 com-

380 2879 655 2948 paratione
681 2877 780 2934 ista
810 2892 969 2948 quam
1000 2875 1276 2938 ducimus,
1309 2886 1453 2928 mors
1481 2868 1657 2941 potius
1681 2867 1750 2922 sit
1776 2865 1960 2935 appel-

380 2965 537 3024 landa
564 2982 723 3040 quam
752 2969 856 3022 vita
884 2986 896 3021 :
928 2966 1086 3038 quale
1111 2963 1239 3020 illud
1265 2971 1348 3019 est
1373 2963 1427 3018 in
1453 2959 1741 3030 Evangelio
1760 2999 1775 3023 ,
1808 2956 1868 3012 Si
1888 2957 1962 3011 vis

380 3064 545 3118 venire
571 3061 638 3116 ad
663 3063 832 3127 vitam,
862 3075 1003 3116 serva
1025 3058 1265 3113 mandata
1289 3053 1500 3129 (Matth.
1527 3068 1638 3119 nx,
1662 3050 1773 3122 17).
1800 3048 1966 3104 Num-

382 3155 507 3224 quid
534 3154 750 3220 addidit,
783 3161 1035 3209 aeternam
1055 3193 1071 3217 ,
1096 3150 1216 3214 vel,
1241 3146 1490 3204 beatam?
1519 3146 1647 3200 Item
1677 3142 1744 3198 de
1778 3156 1960 3197 resur-

382 3246 621 3301 rectione
647 3244 822 3299 carnis
842 3259 961 3298 cum
989 3242 1314 3312 loqueretur,
1346 3237 1444 3303 Qui
1466 3236 1585 3290 bene
1608 3237 1853 3307 fecerunt,
1882 3233 1965 3286 in-

382 3334 531 3404 quit,
560 3334 611 3388 in
637 3333 1050 3389 resurrectionem
1077 3331 1193 3385 vita:
1231 3327 1407 3401 (Joan.
1436 3343 1489 3394 v,
1520 3326 1612 3396 29)
1637 3342 1652 3379 :
1680 3339 1852 3394 neque
1879 3323 1964 3378 hic

383 3426 488 3491 ait,
516 3438 764 3491 :eternse,
789 3440 918 3491 seu,
948 3424 1136 3479 beatae.
1164 3421 1251 3479 Sic
1275 3428 1329 3476 et
1355 3419 1476 3487 hic,
1515 3417 1748 3483 Veniant,
1771 3416 1958 3488 inquit,

384 3518 511 3572 mihi
549 3517 893 3571 miserationes
930 3525 1065 3581 tute,
1102 3521 1150 3568 et
1185 3516 1347 3567 vivam
1377 3526 1396 3566 :
1425 3524 1598 3580 neque
1627 3507 1714 3563 hic
1751 3507 1860 3572 ait,
1909 3507 1965 3561 in

385 3618 645 3671 aiternum
675 3608 846 3663 vivam
866 3649 881 3674 ,
923 3607 1041 3674 vel,
1074 3606 1229 3662 beate
1257 3604 1464 3668 vivam;
1505 3600 1655 3672 quasi
1683 3599 1827 3655 aliud
1857 3614 1963 3654 non

383 3701 454 3756 sit
482 3702 680 3767 vivere,
705 3714 861 3770 quam
889 3699 1006 3754 sine
1033 3697 1142 3752 ullo
1167 3695 1271 3750 ﬁne
1291 3704 1344 3749 et
1373 3694 1488 3750 sine
1517 3692 1621 3747 ulla
1648 3690 1860 3745 miseria
1886 3690 1965 3743 vi-

383 3808 528 3849 vere.
557 3790 662 3848 Sed
690 3790 792 3846 hoc
815 3806 921 3862 quo
950 3788 1182 3846 merito?
1213 3787 1347 3853 Quia
1376 3786 1477 3853 lex,
1504 3784 1701 3855 inquit,
1742 3793 1830 3837 tua
1856 3800 1963 3837 me-

386 3883 562 3941 ditatio
593 3899 703 3937 mea
721 3891 815 3937 est.
845 3881 972 3938 Haec
999 3880 1270 3936 meditatio
1298 3878 1397 3932 nisi
1427 3884 1572 3932 esset
1600 3876 1650 3929 in
1684 3873 1817 3940 ﬁde,
1846 3888 1965 3942 qute

387 3988 483 4043 per
532 3972 869 4028 dilectionem
922 3977 1173 4039 Operatur
1221 3966 1415 4041 (Galat.
1462 3982 1515 4030 v,
1564 3965 1647 4036 6),
1696 3978 1965 4033 nunquam

386 4072 603 4135 propter
629 4077 745 4119 eam
771 4070 950 4132 posset
977 4060 1041 4114 ad
1069 4059 1211 4114 illam
1242 4057 1401 4112 vitam
1430 4054 1689 4127 quispiam
1717 4052 1967 4124 perveni-

386 4170 466 4209 re.
493 4154 605 4209 Hoc
633 4152 912 4210 dicendum
951 4151 1163 4220 putavi,
1206 4163 1274 4203 ne
1302 4147 1614 4218 quisquam,
1649 4158 1769 4198 cum
1804 4152 1966 4196 totam

386 4246 557 4318 legem
586 4243 856 4301 memoria:
884 4242 1246 4307 mandaverit,
1282 4253 1503 4309 eamque
1529 4234 1851 4292 creberrima
1882 4249 1969 4287 re-

388 4337 699 4393 cordatione
723 4334 1040 4397 cantavcrit,
1073 4346 1176 4386 non
1206 4338 1386 4384 tacens
1413 4328 1553 4401 quod
1585 4326 1841 4397 praecipit,
1872 4339 1970 4380 nec

385 4440 564 4484 mmen
590 4428 771 4483 vivens
792 4436 846 4480 ut
865 4423 1126 4496 prmcipit,
1148 4423 1435 4477 arbitretur
1450 4436 1509 4475 se
1532 4420 1721 4476 fecisse
1736 4419 1874 4489 quod
1896 4419 1970 4473 lev

298 4519 321 4531 ’
383 4523 487 4596 git,
520 4520 651 4586 Quia
680 4520 762 4575 lea:
788 4528 875 4572 tua
900 4517 1156 4571 meditatio
1181 4531 1292 4569 mea
1317 4524 1428 4578 est;
1451 4522 1504 4567 et
1530 4512 1654 4567 hinc
1674 4527 1733 4566 se
1748 4511 1969 4581 adeptu—

383 4629 501 4667 rum
527 4613 828 4678 existimet,
871 4609 1010 4680 quod
1040 4607 1218 4663 verbis
1245 4605 1607 4677 superioribus
1628 4613 1842 4674 propter
1866 4603 1968 4658 hoc

383 4702 632 4759 meritum
663 4701 976 4772 postulavit,
1005 4698 1091 4753 ubi
1123 4698 1322 4752 dictum
1344 4704 1445 4762 est,
1477 4693 1691 4750 Veniant
1714 4711 1864 4765 super
1889 4709 1968 4747 me

384 4795 726 4881 miserationes
746 4802 874 4859 tum,
911 4801 956 4846 et
979 4796 1159 4845 vivam.
1188 4788 1315 4844 ilree
1341 4786 1612 4841 meditatio
1637 4784 1862 4872 amantis
1886 4792 1969 4839 cst

385 4874 656 4958 cogitatio,
683 4892 738 4939 et
757 4880 959 4939 tantum
988 4879 1234 4947 amantis,
1259 4889 1315 4934 ut
1342 4877 1575 4932 eliaritas
1598 4891 1699 4928 non
1722 4874 1969 4958 frigescat

386 4946 544 5050 hujus
583 4976 939 5033 meditationis
963 4989 1101 5039 sum,
1135 4971 1459 5044 quantalibet
1492 4946 1969 5024 abundantia'con-

385 5072 612 5142 slipctur
637 5069 924 5140 iniquitatis
949 5068 1135 5123 alienze
1172 5065 1382 5139 (Matth.
1407 5062 1680 5133 xx1v,i?.).

455 5165 509 5220 ii.
541 5162 689 5238 [vers.
719 5160 830 5235 78.]
860 5161 1093 5240 Denique
1112 5158 1370 5230 sequitur,
1394 5166 1447 5211 et
1468 5155 1615 5220 dicit,
1640 5152 1968 5225 Confundan-

386 5265 469 5308 tur
493 5255 711 5325 superbi,
734 5236 971 5331 quoniam
998 5236 1182 5321 injuste
1199 5250 1511 5319 iniquitatem
1536 5252 1759 5319 fecerunt
1779 5247 1830 5301 in
1851 5263 1929 5300 me
1948 5263 1968 5301 :

390 5363 474 5415 rgo
504 5355 670 5400 autem
698 5346 963 5401 exercebar
989 5345 1039 5397 in
1066 5342 1316 5396 mandatis
1344 5342 1459 5394 tuis.
1490 5338 1629 5395 Ecce
1657 5340 1795 5410 quod
1824 5340 1899 5393 ait
1923 5340 1965 5403 ‘,

394 5437 660 5501 meditatio
692 5439 820 5507 legis
853 5436 964 5501 Dei,
999 5434 1084 5489 vel
1112 5434 1286 5502 potius
1317 5431 1590 5485 meditatio
1616 5430 1697 5486 ιθ(
1726 5431 1840 5486 Dei.

458 5532 512 5582 0.
545 5527 693 5601 [ι’ρνδ.
723 5528 836 5602 79.]
868 5528 1251 5590 Convertuntur,
1282 5524 1468 5595 inquit,
1496 5525 1564 5578 ad
1587 5541 1665 5578 me
1687 5526 1774 5595 qui
1798 5525 1969 5578 timent

396 5610 459 5684 ι»,
490 5629 534 5672 et
558 5620 643 5691 qui
669 5629 974 5690 cognoscunt
1000 5617 1284 5673 testimonia
1310 5627 1416 5669 tua.
1447 5615 1500 5670 In
1529 5616 1798 5670 nonnullis
1825 5614 1969 5671 codi-

450 5762 465 5825 '7
492 5759 564 5806 sic
589 5759 1076 5825 potiorestlsssjuxta
1096 5767 1222 5810 LXX.
1252 5770 1303 5809 At
1335 5760 1444 5808 Edd.
1464 5794 1478 5820 ,
1503 5764 1545 5809 et
1575 5758 1625 5811 in
1647 5758 1840 5809 unitate
1864 5764 1964 5808 tua.

453 5824 474 5850 ι
502 5830 511 5865 ι
534 5824 666 5869 tut'cs
686 5825 813 5880 uss,
834 5823 949 5882 agn.

1576 378 1631 464 Sp.
1674 370 2041 433 AUGUSTINI
2080 369 2377 427 EPISCOPi

3467 373 3608 430 1556

2031 482 2179 537 cibus
2224 482 2523 537 invenimus
2563 489 2615 535 et
2660 481 2846 553 graccis
2887 490 2942 537 et
2985 481 3196 549 latinis,
3248 482 3618 541 Convertuntur

2029 577 2186 641 mihi;
2219 575 2361 647 quod
2393 575 2721 630 tantumdem
2750 575 2928 631 valere
2962 576 3230 645 existimo,
3276 589 3528 648 quantum
3571 583 3616 635 si

2031 665 2254 730 dicatur,
2285 667 2353 720 ad
2388 683 2485 720 me.
2529 666 2635 721 Sed
2671 667 2791 737 quis
2816 676 2897 722 est
2922 668 3022 723 iste
3061 669 3148 739 qui
3176 668 3277 723 hoc
3307 669 3472 735 dicit?
3499 671 3620 728 Non

2033 757 2178 813 enim
2206 757 2487 829 quisquam
2520 757 2794 812 hominum
2836 757 2939 814 hoc
2965 758 3146 815 dicere
3173 760 3388 816 audebit
3408 804 3423 828 ,
3452 772 3544 818 aut
3575 765 3621 818 si

2034 847 2197 912 dicat,
2227 847 2522 902 audiendus
2552 856 2653 903 est.
2680 847 2940 903 Nimirum
2972 864 3099 919 ergo
3126 849 3215 905 ille
3242 846 3324 906 est
3348 853 3437 923 qui
3460 855 3623 909 etiam

2036 940 2281 1010 superius
2307 939 2624 1011 interposuit
2651 941 3026 1009 proprietatem
3052 941 3197 996 vocis
3221 958 3333 998 sua:
3351 985 3366 1008 ,
3399 944 3623 1000 dicens:

2038 1028 2304 1100 Particeps
2340 1046 2432 1101 ego
2461 1047 2574 1085 sum
2609 1030 2832 1085 omnium
2876 1032 3157 1085 timentium
3182 1041 3245 1087 te.
3282 1032 3414 1101 Quia
3454 1033 3627 1091 l'actus

2040 1127 2122 1175 est
2145 1120 2405 1190 particeps
2431 1122 2766 1176 mortalitatis
2792 1132 2987 1177 nostrae
3007 1165 3022 1189 ,
3052 1132 3111 1177 ut
3131 1135 3186 1179 et
3217 1139 3314 1180 nos
3341 1127 3628 1198 participes

2041 1208 2332 1265 divinitatis
2373 1211 2538 1280 ipsius
2586 1211 2867 1277 ﬁeremus;
2909 1228 3008 1268 nos
3049 1214 3206 1270 unius
3246 1218 3530 1289 participes
3557 1218 3629 1275 ad

2044 1304 2230 1370 vitam,
2258 1306 2323 1357 ad
2355 1312 2583 1358 mortem
2614 1319 2743 1360 vero
2774 1304 3039 1374 particeps
3065 1305 3151 1359 ille
3174 1308 3481 1362 multorum.
3511 1309 3633 1380 Ipse

2044 1401 2127 1447 est
2166 1394 2307 1448 enim
2348 1393 2413 1449 ad
2451 1409 2606 1464 quem
2636 1404 3018 1450 convertuntur
3047 1397 3295 1453 timentes
3324 1400 3526 1469 Deum,
3575 1412 3634 1460 et

2050 1484 2139 1555 qui
2166 1495 2497 1555 cognoscunt
2524 1486 2616 1540 Dei
2646 1487 2970 1554 testimonia,
3004 1487 3070 1544 de
3102 1488 3193 1543 illo
3222 1505 3317 1561 per
3340 1491 3634 1563 ProplteL'is

2049 1584 2196 1632 tanto
2235 1586 2358 1631 ante
2384 1577 2636 1648 prtedieta
2659 1621 2673 1643 ,
2713 1582 2765 1633 iu
2796 1579 2910 1650 ejus
2948 1583 3227 1651 praesentia
3253 1599 3349 1654 per
3379 1588 3634 1644 miracula

2052 1670 2211 1739 paulo
2238 1678 2362 1725 ante
2385 1679 2696 1726 monstrata.

2126 1763 2176 1815 7.
2211 1760 2362 1835 [vers.
2393 1762 2507 1838 80.]
2538 1763 2691 1834 Fiat,
2725 1765 2929 1838 inquit,
2956 1784 3043 1822 cor
3068 1786 3232 1824 meum
3257 1770 3637 1829 immaculatum

2053 1856 2106 1910 in
2123 1856 2572 1927 justiﬁcationibus
2593 1858 2710 1923 tuis,
2738 1870 2793 1914 ut
2819 1876 2920 1915 non
2945 1863 3249 1933 confundor.
3273 1863 3515 1921 Reditad
3541 1881 3639 1919 vo-

2056 1961 2172 2001 cem
2198 1947 2440 2017 corporis
2468 1948 2584 2016 sui,
2625 1950 2795 2005 sancti
2829 1950 3033 2007 scilicet
3075 1954 3252 2023 populi
3288 1955 3407 2022 sui,
3448 1965 3502 2012 et
3522 1957 3638 2027 jam

2058 2037 2453 2094 immaculatum
2500 2038 2613 2095 ﬁeri
2655 2055 2748 2096 cor
2785 2057 2939 2097 suum
2980 2054 3250 2113 precatur,
3295 2043 3398 2101 boe
3424 2055 3506 2101 est
3544 2062 3641 2104 cor

2059 2128 2419 2183 membrorum
2441 2144 2689 2198 suorum;
2722 2132 2772 2186 in
2798 2131 3260 2204 justiﬁeationibus
3287 2135 3411 2203 Dei,
3448 2153 3555 2193 nun
3588 2139 3641 2196 in

2062 2220 2265 2276 viribus
2288 2235 2473 2276 eorum
2500 2239 2513 2274 :
2546 2223 2786 2292 poposcit
2810 2225 2951 2279 enim
2982 2223 3117 2292 hoc,
3146 2240 3253 2281 non
3285 2229 3640 2300 praesumpsit.

2060 2310 2213 2377 Quod
2248 2320 2423 2368 autem
2452 2312 2681 2381 addidit,
2715 2312 2782 2370 Ut
2823 2331 2924 2370 non
2962 2318 3282 2388 confundor;
3311 2318 3418 2375 tale
3443 2320 3644 2392 aliquid

2062 2413 2116 2458 et
2158 2405 2209 2458 in
2254 2405 2440 2475 primis
2485 2406 2645 2476 hujus
2686 2408 2874 2477 psalmi
2918 2411 3161 2467 versibus
3206 2412 3505 2482 invenitur,
3555 2416 3646 2472 ubi

2061 2495 2223 2565 dixit,
2259 2496 2465 2553 Utinam
2500 2500 2786 2570 dirigantur
2808 2501 2901 2556 via:
2926 2519 3051 2559 mea:
3082 2504 3150 2557 ad
3182 2506 3533 2562 custodiendas
3546 2512 3649 2579 ju-

2062 2588 2391 2658 stificationes
2416 2599 2528 2644 tuas
2548 2607 2569 2645 :
2600 2600 2717 2645 tunc
2745 2609 2844 2647 non
2875 2594 3179 2664 confundor,
3212 2612 3326 2651 cum
3355 2599 3566 2669 inspicio
3595 2601 3649 2655 in

2064 2680 2234 2735 omnia
2259 2681 2499 2736 mandata
2523 2693 2630 2737 tua.
2656 2683 2806 2751 Quod
2830 2684 2924 2752 ibi,
2956 2687 3078 2756 quia
3103 2686 3255 2754 dixit,
3287 2687 3514 2751 Utinam.
3540 2707 3649 2746 uno

2064 2773 2230 2829 verbo
2257 2775 2575 2846 signiﬁcavit
2594 2777 2864 2848 optantis;
2897 2778 3000 2833 hoe
3025 2779 3128 2835 isto
3155 2781 3274 2835 loco
3294 2782 3651 2852 apertioribus

2065 2866 2242 2921 verbis
2270 2867 2531 2937 expressit
2556 2867 2781 2933 orantis,
2813 2868 3063 2938 dicendo,
3094 2869 3216 2925 Fiat
3244 2887 3332 2926 cor
3360 2890 3522 2927 meum
3545 2874 3650 2927 im-

2066 2957 2376 3011 maculatum
2398 2973 2417 3011 :
2441 2966 2499 3013 ut
2524 2972 2624 3013 nec
2653 2958 2705 3013 in
2731 2958 2841 3025 illa,
2874 2975 2974 3016 nec
2994 2960 3047 3015 in
3080 2961 3178 3016 ista
3205 2964 3463 3018 sententia
3483 3003 3503 3031 ,
3528 2979 3651 3036 qua

2067 3056 2289 3118 utraque
2319 3062 2421 3103 una
2450 3057 2551 3114 est,
2574 3049 2877 3105 inveniatur
2902 3051 3121 3108 audacia
3145 3053 3213 3109 de
3236 3053 3404 3110 libero
3427 3056 3653 3114 arbitrio

2066 3147 2254 3194 contra
2278 3140 2501 3209 gratiam
2533 3139 2868 3196 eonﬁdentis.
2899 3141 3052 3209 Quod
3081 3151 3258 3200 autem
3283 3146 3358 3200 ait
3383 3146 3473 3215 ibi,
3509 3146 3654 3203 Tunc

2067 3249 2169 3286 non
2207 3232 2524 3303 confundor;
2554 3231 2658 3289 hoc
2692 3233 2766 3288 ait
2806 3234 2923 3302 hic,
2974 3234 3042 3290 Ut
3077 3254 3179 3291 non
3219 3238 3525 3310 confundor.
3567 3239 3655 3297 Fit

2068 3339 2197 3394 ergo
2225 3339 2322 3380 eor
2350 3324 2746 3380 immaculatum
2771 3326 3132 3382 membrorum
3155 3336 3211 3385 et
3235 3331 3474 3400 corporis
3497 3329 3656 3387 Chri-

2068 3418 2173 3484 sti,
2201 3417 2369 3487 gratia
2397 3417 2490 3471 Dei
2515 3431 2612 3487 per
2634 3417 2807 3487 ipsum
2837 3419 3077 3490 corporis
3105 3430 3292 3490 caput,
3320 3421 3422 3477 hoc
3448 3430 3537 3489 est
3556 3438 3655 3493 per

2069 3509 2251 3565 Jesum
2288 3508 2559 3565 Christum
2597 3510 2881 3565 Dominum
2913 3520 3182 3579 nostrum,
3229 3528 3326 3584 per
3361 3529 3656 3586 regenera-

2072 3602 2230 3657 tionis
2262 3600 2529 3656 lavacrum
2564 3599 2690 3671 (Tit.
2728 3617 2784 3657 ιιι
2804 3644 2818 3666 ,
2848 3601 2930 3674 5),
2958 3602 3049 3658 ubi
3080 3603 3282 3659 abolita
3312 3613 3437 3660 sunt
3472 3606 3655 3662 omnia

2073 3693 2337 3768 praeterita
2380 3701 2593 3763 peccata
2638 3702 2856 3760 nostra;
2905 3708 3000 3764 per
3037 3694 3253 3764 spiritus
3293 3696 3652 3767 adjutorium,

2071 3799 2167 3859 per
2201 3782 2343 3853 quod
2369 3782 2796 3852 concupiscimus
2820 3781 3075 3838 adversus
3104 3799 3321 3841 carnem
3361 3784 3564 3859 (Galat.
3595 3803 3652 3854 v,

2073 3876 2185 3941 17),
2228 3890 2296 3930 ne
2337 3873 2613 3928 vincamur
2654 3872 2706 3927 iu
2748 3890 2920 3946 pugna
2964 3884 3182 3940 nostra;
3230 3891 3326 3945 per
3368 3876 3653 3934 dominicas

2072 3966 2327 4022 orationis
2350 3965 2596 4022 eﬁ’ectum
2624 3969 2666 4033 ⁸,
2693 3967 2744 4021 in
2772 3981 2873 4035 qua
2902 3965 3148 4033 dicimus,
3177 3965 3385 4022 Dimitte
3402 3968 3543 4022 nobis
3565 3969 3656 4022 de-

2073 4057 2175 4111 bita
2200 4067 2371 4112 nostra
2400 4056 2625 4127 (Matth.
2654 4074 2734 4121 vi,
2768 4057 2881 4128 12).
2914 4056 2987 4111 Ita
3015 4056 3206 4112 donata
3237 4058 3393 4113 nobis
3428 4074 3656 4128 regene-

2074 4150 2281 4205 ratione
2298 4191 2314 4216 ,
2341 4148 2518 4220 adjuta
2545 4149 2884 4204 conﬂictione
2909 4150 2952 4216 ²,
2981 4148 3093 4203 fusa
3122 4149 3448 4218 precatione,
3476 4150 3534 4204 ﬁt
3558 4165 3656 4206 cor

2074 4252 2316 4298 nostrum
2342 4243 2759 4308 immaculatum,
2784 4252 2842 4297 ut
2866 4256 2971 4296 non
2999 4241 3422 4297 confundamnr:
3451 4243 3573 4313 quia
3599 4251 3657 4300 et

2074 4333 2178 4389 hoc
2205 4334 2270 4388 ad
2294 4333 2697 4405 iustiﬁcationes
2730 4333 2824 4388 Dei
2850 4334 3109 4403 pertinet,
3138 4333 3350 4403 quando
3374 4335 3513 4389 inter
3538 4334 3656 4404 ejus

2074 4428 2177 4483 alia
2203 4436 2462 4497 prtecepta
2491 4426 2818 4496 praecipitur,
2844 4424 3078 4492 Dimitte,
3106 4436 3154 4480 et
3183 4426 3459 4481 dimittetur
3485 4425 3656 4493 vobis;

2075 4518 2210 4584 date,
2241 4526 2287 4571 et
2316 4516 2517 4572 dabitur
2544 4518 2679 4573 vobis
2704 4515 2854 4588 (Luc.
2875 4532 2947 4584 γι,
2970 4518 3047 4573 '57
3068 4527 3115 4571 et
3139 4515 3251 4589 58).

2710 4688 2881 4729 SEBHO
2918 4690 3004 4727 XX.

2147 4816 2198 4870 1.
2238 4813 2389 4887 [vers.
2415 4810 2528 4884 8L]
2556 4811 2851 4881 Adjuvante
2887 4811 3143 4875 Domino,
3172 4812 3325 4867 istam
3355 4811 3532 4881 magni
3558 4812 3662 4869 hu-

2069 4907 2158 4977 jus
2204 4906 2393 4977 psalmi
2445 4913 2647 4974 partem
2692 4901 3132 4960 considerandam
3182 4903 3661 4974 exponendamque

2075 4997 2405 5067 suscepimus
2424 5038 2439 5063 ,
2472 4995 2560 5051 ubi
2585 4995 2733 5061 dicit,
2768 4994 2960 5064 Deiecit
2989 4995 3040 5047 in
3063 4995 3290 5049 salutare
3317 5003 3459 5049 tuum
3485 4995 3661 5049 anima

2074 5104 2187 5142 mea
2206 5129 2221 5152 ,
2262 5096 2309 5141 et
2335 5087 2386 5140 in
2413 5086 2614 5140 verbum
2645 5095 2788 5139 tuum
2824 5084 3042 5154 speravi.
3071 5083 3188 5139 Non
3218 5084 3392 5140 omnis
3418 5080 3663 5140 defectus

2074 5179 2158 5232 vel
2185 5178 2353 5248 culpa:
2382 5176 2642 5247 putandus
2667 5184 2746 5230 cst
2770 5190 2910 5240 esse,
2935 5175 3016 5229 vel
3045 5190 3215 5245 paena:
3240 5193 3254 5229 :
3279 5184 3362 5230 est
3378 5175 3538 5229 etiam
3566 5174 3663 5230 de-

2076 5270 2245 5326 fectus
2271 5268 2551 5324 laudabilis
2578 5267 2661 5323 vel
2691 5267 2962 5335 optabilis.
2992 5265 3124 5321 Nam
3149 5280 3272 5320 cum
3302 5252 3405 5320 sint
3436 5266 3576 5320 inter
3600 5280 3663 5320 se

2075 5361 2183 5416 duo
2226 5361 2322 5414 ista
2366 5358 2665 5421 contraria,
2709 5357 2967 5427 proﬁcere
3011 5364 3066 5411 et
3104 5355 3371 5420 deﬁcere;
3418 5355 3664 5410 usitatius

2077 5450 2348 5522 profectus
2375 5451 2426 5504 in
2455 5450 2592 5505 bono
2617 5449 2894 5518 accipitur,
2915 5447 3159 5504 defectus
3179 5446 3230 5502 in
3254 5446 3416 5507 malo,
3445 5445 3664 5516 quando

2079 5558 2183 5596 non
2210 5540 2421 5595 additur
2446 5542 2530 5595 vel
2561 5539 2973 5610 subintelligitur
2998 5539 3050 5593 in
3077 5539 3200 5610 quid
3238 5538 3549 5610 proﬁciatur
3574 5538 3665 5595 vel
3738 5534 3753 5547 ⁸

2147 5698 2162 5728 ²
2192 5696 2264 5759 sic
2284 5702 2390 5745 Mss.
2413 5701 2467 5745 At.
2489 5695 2620 5755 Eddl,
2640 5696 2876 5759 affectum.

2085 5758 2393 5870 ευξὲξὶἓιηεὲ.
2418 5765 2473 5807 Al.
2498 5766 2619 5819 ADL,
2663 5756 2832 5821 adjnta
2854 5756 3159 5831 confessione.
3181 5763 3254 5807 Er.
3279 5764 3331 5810 et
3352 5763 3483 5820 ωιι
3505 5756 3672 5820 “diu”
