4026 6202
319 375 460 432 ἱῦῖρτ

312 493 637 550 deiiciatur:
671 505 790 545 eum
822 503 948 542 vero
988 485 1216 552 additur,
1261 494 1433 555 putet
1471 494 1524 538 et
1563 481 1758 535 malum
1792 491 1909 532 esse

318 588 618 661 proﬁcere,
666 589 969 656 bonumque
1007 585 1258 639 deficere.
1307 585 1502 653 Aperte
1543 582 1734 652 quippe
1779 581 1911 634 dixit

317 680 638 750 Apostolus,
678 678 936 744 Profanas
977 685 1139 730 autem
1179 678 1436 729 verborum
1477 675 1714 727 novitates
1742 674 1910 727 evita:

318 776 536 826 multum
569 772 700 824 enim
731 769 993 840 proﬁcient
1017 770 1084 821 ad
1105 768 1407 832 impietatem
1437 765 1502 836 (ll
1529 765 1657 818 Tim.
1688 782 1745 828 ιι,
1787 764 1867 835 16)
1896 784 1908 820 :

317 867 470 920 aitet
489 865 556 920 de
576 863 914 933 quibusdam,
942 861 1215 930 Proﬁcient
1235 861 1283 913 in
1306 861 1448 931 pejus
1468 859 1577 929 (Id.
1602 876 1677 924 ιιι,
1703 861 1809 926 l5).
1835 858 1909 912 ita

319 970 377 1013 et
392 957 630 1012 defectus
649 972 673 1007 a
694 956 834 1010 bono
857 955 906 1008 in
926 956 1121 1008 malum
1142 954 1312 1007 malus
1329 962 1426 1014 est,
1446 968 1471 1004 a
1490 953 1630 1004 malo
1647 952 1697 1005 in
1715 953 1908 1004 bonum

317 1047 494 1103 bonus
508 1058 608 1102 est.
631 1047 778 1101 Bono
796 1045 988 1117 quippe
1010 1043 1218 1099 defectu
1237 1043 1437 1097 dictum
1459 1053 1559 1108 est,
1582 1041 1912 1096 Desiderato!

317 1139 492 1206 deﬁcit
524 1139 693 1190 anima
734 1155 842 1190 utea
880 1137 933 1189 in
973 1135 1102 1189 atria
1143 1134 1350 1189 Domini
1380 1133 1548 1203 (Psal.
1581 1150 1802 1194 Lxxxtu,
1829 1134 1907 1202 5).

317 1231 413 1284 Sre
440 1239 492 1283 et
519 1230 602 1284 hic
636 1246 738 1281 non
762 1228 854 1293 ait,
888 1227 1089 1282 Deiecit
1117 1243 1146 1282 τι
1174 1228 1389 1282 salutari
1419 1236 1542 1291 tuo;
1574 1227 1687 1292 sed,
1720 1227 1911 1296 Defecit

320 1322 377 1374 in
407 1321 628 1381 salutare
656 1329 827 1384 tuum,
860 1319 961 1374 hoc
1005 1327 1114 1384 est,
1142 1319 1207 1373 ad
1245 1319 1476 1373 salutare
1518 1327 1659 1372 tutttn
1682 1360 1696 1384 ,
1742 1319 1913 1371 anima

318 1427 456 1464 mea.
485 1411 664 1464 Bonus
689 1419 770 1465 est
798 1426 924 1480 ergo
954 1410 1052 1464 iste
1077 1408 1314 1464 defectus
1341 1429 1352 1465 :
1384 1409 1581 1464 indicat
1604 1411 1744 1464 enim
1772 1410 1914 1465 desi-

320 1505 532 1559 derium
569 1505 712 1568 boni,
746 1504 978 1556 nomium
1009 1502 1222 1574 quidem
1249 1503 1460 1574 adepti,
1487 1503 1577 1557 sed
1607 1503 1913 1558 avidissime

322 1610 390 1648 ac
421 1594 891 1650 vehementissime
919 1594 1208 1664 concupiti.
1240 1593 1344 1648 Sed
1375 1592 1492 1662 quis
1522 1593 1624 1647 hoc
1654 1593 1781 1648 dicit
1811 1593 1911 1648 nisi

320 1701 493 1756 genus
519 1686 771 1749 electum,
801 1686 977 1753 regale
1003 1685 1379 1749 sacerdotium,
1411 1700 1541 1756 gens
1567 1693 1744 1739 sancta
1767 1725 1780 1747 ,
1811 1701 1910 1756 po-

323 1777 484 1844 pulus
509 1775 872 1846 acquisitionis
905 1776 948 1847 (ῐ
979 1775 1118 1830 Petr.
1148 1791 1215 1840 ιι,
1243 1776 1320 1844 9),
1364 1775 1430 1830 ab
1459 1776 1664 1845 origine
1701 1777 1913 1845 generis

325 1868 544 1922 humani
594 1881 763 1938 uSque
792 1868 857 1922 ad
886 1868 1040 1938 hujus
1066 1869 1244 1923 smeuli
1279 1868 1432 1923 tinem
1454 1908 1470 1934 ,
1503 1870 1556 1922 in
1595 1869 1673 1923 eis
1699 1869 1788 1938 qui
1809 1884 1912 1923 suo

323 1961 523 2029 quique
569 1968 810 2028 tempore
856 1959 940 2012 hic
980 1959 1255 2023 vixerunt,
1288 1959 1504 2024 vivunt,
1538 1958 1724 2012 victuri
1756 1967 1910 2023 sunt,

321 2051 644 2107 desiderans
671 2050 974 2105 Christum?
1000 2050 1160 2105 Teste
1187 2050 1524 2106 sanctissimo
1549 2067 1676 2105 sene
1701 2051 1931 2107 Simeo-'

332 2159 420 2207 ne,
448 2144 536 2212 qui
558 2158 679 2196 ettm
703 2157 823 2197 eum
851 2141 1104 2196 infantem
1124 2142 1418 2211 accepisset
1440 2142 1492 2196 in
1520 2157 1727 2209 manus,
1752 2143 1908 2209 dixit,

327 2233 483 2288 Nunc
507 2235 719 2288 dimittis
738 2276 752 2297 ,
788 2231 1038 2298 Domine,
1068 2249 1265 2288 servum
1293 2230 1464 2299 tuum,
1497 2235 1772 2289 secundum
1801 2250 1912 2288 ver-

325 2325 444 2379 bum
468 2335 609 2378 tuum
639 2326 691 2378 in
719 2340 878 2394 pace;
903 2324 1138 2395 quoniam
1160 2325 1386 2380 viderunt
1411 2326 1546 2380 oculi
1571 2327 1668 2380 mei
1690 2326 1912 2381 salutare

327 2429 489 2471 tuum.
533 2419 828 2485 Acceperat
868 2417 1009 2472 enim
1052 2433 1371 2488 responsum
1406 2418 1674 2484 divinum,
1720 2434 1824 2473 non
1855 2434 1914 2474 se

325 2520 659 2580 gttstaturttm
706 2517 931 2564 mortem
954 2551 968 2572 ,
1015 2509 1117 2563 nisi
1149 2509 1368 2564 vidisset
1406 2508 1674 2563 Christum
1707 2509 1914 2563 Domini

332 2604 475 2675 (an.
509 2622 568 2669 ιι,
599 2605 692 2671 ‘29,
723 2605 811 2668 30,
840 2605 947 2676 ε26).
981 2605 1146 2674 Quale
1171 2615 1347 2661 autem
1377 2605 1696 2662 desiderium
1739 2606 1834 2662 fuit
1861 2607 1912 2662 in

325 2698 430 2752 isto
460 2713 620 2764 sene,
656 2697 760 2752 tale
803 2697 966 2754 fuisse
992 2698 1315 2754 credendum
1356 2707 1438 2754 est
1465 2701 1517 2752 in
1548 2701 1794 2755 omnibus
1820 2715 1909 2754 su-

332 2792 600 2860 periorum
633 2798 930 2860 temporum
975 2791 1190 2845 sanctis.
1227 2790 1379 2846 Unde
1421 2801 1476 2846 et
1518 2792 1630 2861 ipse
1658 2792 1914 2847 Dominus

327 2881 596 2951 discipulis
623 2883 717 2948 ait,
752 2881 902 2935 Multi
924 2883 1182 2952 prop/tela:
1210 2893 1256 2936 et
1287 2901 1427 2954 reges
1457 2884 1720 2939 voluerunt
1743 2886 1914 2940 videre

327 2992 439 3044 qua:
467 2993 550 3028 ros
579 2976 773 3040 ridetis,
797 2987 842 3028 et
874 2993 972 3029 non
1001 2977 1263 3039 ridet-unt;
1289 2987 1335 3030 et
1360 2977 1538 3031 audire
1563 2995 1675 3049 qua:
1703 2978 1907 3044 auditis,

326 3077 369 3120 ct
397 3085 497 3121 non
537 3066 805 3120 audierunt
835 3066 1046 3132 (Matth.
1080 3085 1196 3134 xut,
1230 3069 1314 3139 Π)
1346 3086 1360 3125 :
1392 3079 1447 3124 ut
1488 3071 1722 3140 ipsorum
1752 3071 1912 3127 etiam

327 3171 430 3211 Vox
482 3160 580 3212 hoc
624 3159 740 3210 loco
783 3167 1119 3227 agnoscatur,
1169 3159 1363 3231 Defecit
1410 3161 1461 3215 in
1500 3161 1721 3216 salutare
1771 3172 1911 3215 tuum

326 3253 497 3303 anima
542 3267 670 3302 mea.
719 3249 827 3302 Nec
861 3261 982 3305 tunc
1027 3265 1154 3320 ergo
1201 3251 1403 3321 quievit
1446 3252 1546 3308 hoc
1586 3253 1911 3309 desiderium

327 3352 653 3405 sanctorum,
685 3357 781 3395 nec
815 3357 952 3396 nunc
975 3342 1194 3412 quiescit
1225 3342 1276 3396 in
1302 3342 1495 3399 Christi
1519 3359 1744 3415 corpore
1769 3345 1912 3416 quod

328 3438 409 3487 est
436 3434 692 3495 Ecclesia,
725 3450 891 3503 usque
911 3435 976 3488 ad
1005 3436 1293 3490 terminum
1314 3426 1516 3500 Steettli,
1543 3437 1714 3493 donec
1736 3440 1914 3505 veniat

330 3526 653 3580 Desidet-atus
676 3527 868 3580 cunctis
893 3527 1140 3596 gentibus,
1168 3528 1305 3582 sicut
1329 3529 1656 3597 promittitur
1678 3547 1769 3600 per
1790 3546 1913 3600 pro-

328 3619 538 3689 phetam
570 3620 764 3690 (Λῃίμινὶ
807 3636 877 3682 ιι,
909 3620 986 3690 8).
1023 3621 1241 3690 Propter
1263 3621 1403 3692 quod
1430 3623 1555 3677 dicit
1587 3625 1908 3693 Apostolus:

332 3731 348 3762 ι
382 3713 639 3782 Superest
684 3713 808 3766 mihi
838 3729 1032 3768 corona
1072 3715 1322 3783 justitiaa.
1369 3731 1526 3786 quam
1557 3716 1746 3770 reddet
1781 3716 1910 3770 mihi

328 3803 582 3857 Dominus
615 3803 664 3856 in
708 3804 798 3856 illo
842 3805 926 3857 die
963 3804 1138 3873 justus
1161 3805 1354 3872 judex;
1387 3822 1492 3858 non
1534 3806 1702 3858 solum
1735 3815 1910 3860 autem
1941 3804 1947 3811 ’

327 3895 487 3961 mihi,
531 3895 624 3950 sed
667 3905 720 3950 et
749 3897 994 3950 omnibus
1032 3897 1119 3967 qui
1161 3897 1385 3965 diligunt
1428 3897 1910 3952 manifestationem

325 3988 438 4055 ejus
468 4008 485 4039 ι
523 3988 587 4059 (lt
622 3986 750 4041 Tim.
782 4004 851 4050 Iv,
883 3988 960 4057 8).
996 3989 1105 4044 lloc
1148 3990 1321 4057 itaque
1349 3989 1672 4043 desiderium
1713 3989 1779 4044 de
1806 4006 1912 4060 quo

327 4098 465 4135 nunc
495 4083 718 4151 agimus,
753 4081 819 4134 de
842 4081 1125 4135 dilectione
1148 4082 1427 4150 consurgit
1464 4081 1910 4138 manifestationis

323 4175 472 4238 ejus;
505 4173 571 4226 tle
600 4189 702 4242 qua
737 4174 860 4226 item
888 4173 1014 4226 dicit
1039 4191 1050 4226 :
1085 4171 1209 4229 Cum
1238 4171 1467 4227 Christus
1492 4174 1786 4242 apparuerit
1812 4174 1912 4228 vita

323 4277 505 4323 vestra,
538 4277 653 4316 tunc
673 4274 718 4317 et
745 4280 828 4316 vos
852 4281 965 4316 cum
989 4265 1077 4317 illo
1101 4265 1406 4334 apparebitis
1433 4266 1482 4317 in
1507 4265 1667 4335 gloria
1691 4264 1908 4336 ((Joloss.

325 4373 403 4420 tu,
438 4359 512 4421 4).
549 4357 721 4410 ΡΓὶιιιιι
770 4372 896 4422 ergo
942 4365 1180 4425 tempora
1232 4358 1481 4412 Ecclesia:
1525 4367 1649 4412 ante
1681 4357 1910 4428 Virginis

325 4458 557 4517 partum,
590 4461 803 4502 Sattcttts
831 4449 1126 4503 habuerunt
1151 4451 1237 4518 qui
1267 4449 1635 4504 desiderarent
1663 4450 1912 4504 incarna-

326 4542 484 4594 tionis
534 4541 651 4608 ejus
697 4541 1028 4593 adventum:
1075 4540 1171 4592 ista
1226 4554 1354 4594 vero
1404 4549 1642 4607 tempora
1688 4556 1750 4594 ex
1806 4556 1911 4610 quo

325 4631 566 4683 ascendit
618 4631 668 4683 itt
710 4632 937 4695 C(Blltttl,
971 4638 1184 4683 sanctos
1229 4628 1424 4683 habent
1471 4630 1558 4698 qui
1606 4629 1912 4684 desiderent

325 4724 439 4791 ejus
462 4723 944 4778 tnaztifestationem
969 4721 1034 4777 ad
1063 4724 1212 4776 vivos
1233 4733 1285 4777 et
1312 4732 1548 4778 mortuos
1572 4725 1910 4792 judicandos.

325 4815 505 4886 Neque
538 4817 640 4872 hoc
685 4817 936 4872 Ecclesiae
979 4816 1300 4870 desiderium
1331 4817 1398 4870 ab
1443 4817 1592 4871 initio
1645 4833 1815 4885 usque
1861 4819 1911 4873 in

329 4908 482 4961 tinent
516 4908 700 4961 δωριιῆ
732 4908 990 4976 requievit
1027 4907 1386 4977 aliquantum,
1419 4908 1518 4963 nisi
1546 4908 1794 4978 quamdiu
1825 4908 1914 4964 hic

325 5013 442 5052 eutn
474 4999 745 5066 tliscip'tlis
775 4999 826 5053 in
853 5015 1015 5054 carne
1043 5009 1284 5054 versatus
1307 5009 1388 5054 est
1411 5041 1426 5065 ,
1458 5008 1514 5053 ut
1540 5000 1700 5053 totius
1725 5015 1915 5070 corpo-

323 5091 397 5142 ris
424 5090 620 5144 Christi
665 5090 714 5144 in
760 5089 859 5145 hac
901 5091 1006 5144 vita
1049 5091 1309 5159 gementis
1353 5106 1452 5145 vox
1477 5091 1493 5122 ί
1535 5091 1916 5147 convenienter

323 5181 668 5252 intelligatur,
700 5181 896 5250 Deiecit
925 5182 978 5234 in
1004 5181 1224 5236 salutare
1245 5191 1386 5234 tuum
1414 5182 1585 5236 anima
1613 5199 1722 5236 mea
1743 5224 1756 5247 ,
1787 5193 1832 5236 et
1859 5183 1913 5236 in

321 5274 524 5329 ret-imm
545 5284 684 5328 tuum
704 5276 902 5344 speravi
928 5290 946 5328 :
975 5274 1074 5328 hoc
1093 5275 1240 5330 estin
1264 5275 1618 5346 promissum;
1651 5292 1769 5345 qua:
1791 5290 1912 5344 spes

317 5363 448 5420 facit
486 5376 544 5418 ut
574 5381 667 5435 per
692 5366 998 5436 patientiam
1030 5377 1366 5436 eXSpcctctur
1391 5367 1530 5435 quod
1568 5384 1595 5418 a
1641 5366 1909 5421 credenti-

317 5456 419 5508 bus
452 5472 556 5509 non
595 5457 802 5511 videtur
841 5457 1018 5527 (Rom.
1049 5473 1180 5525 vnt,
1226 5457 1341 5529 25).
1383 5457 1552 5512 Etiam
1587 5459 1670 5512 hic
1707 5474 1910 5529 gra'eus

317 5549 449 5604 ilittd
482 5551 702 5606 verbum
732 5551 890 5607 habet
914 5552 1011 5625 (τι),
1040 5554 1181 5624 quod
1207 5554 1422 5625 quidam
1455 5555 1619 5610 nostri
1649 5555 1911 5624 interpre-

311 5698 611 5812 ‘i.:e,l.?,:,x,ss'
639 5715 736 5753 non
761 5709 857 5762 est,
883 5716 991 5767 Γοιτν
1014 5705 1152 5769 cuius
1165 5700 1272 5754 1000
1293 5699 1598 5765 subintelligi
1621 5707 1802 5765 potest,
1821 5697 1905 5751 de.

381 5822 451 5884 (ιι)
476 5833 621 5876 Graec.
646 5824 873 5891 epetpisa.

1387 358 1777 417 i-NAlliitVl'lO
1817 355 1879 411 ΙΝ
1922 354 2236 411 ιιδΑιιιυιι
2277 358 2504 413 CXV'LII.

3467 361 3602 416 1353

2021 483 2096 525 tes
2141 476 2488 544 διῳιτκρεναυὶ
2536 473 2822 529 transferre
2866 474 3200 539 maluerunt;
3251 475 3371 545 quia
3420 477 3604 545 procul

2018 565 2176 618 dubio
2206 565 2321 634 plus
2347 565 2575 618 futurum
2605 575 2702 626 est,
2734 582 2889 636 quam
2918 566 3018 620 dici
3050 575 3243 637 potest.

2086 654 2140 708 2.
2174 653 2323 726 [νει-δ.
2352 654 2468 729 82.]
2509 654 2841 725 Defccrrunt,
2883 658 3085 727 inquit,
3117 658 3247 712 oculi
3285 659 3379 712 mei
3412 659 3462 712 in
3502 659 3602 712 eie-

2015 749 2186 818 quiunt
2216 759 2354 800 tuttnt
2378 791 2390 811 ,
2430 748 2673 814 dicentes,
2711 749 2923 814 Quando
2961 749 3292 804 consolaberis
3320 750 3436 803 me?
3468 750 3604 805 Ecce

2018 858 2202 896 rursus
2229 843 2278 894 in
2308 842 2493 902 oculis,
2526 841 2618 896 sed
2650 842 2827 910 utique
2861 841 3221 905 interioribus,
3253 841 3531 895 laudabilis
3552 850 3602 895 et

2020 934 2140 986 felix
2184 933 2270 988 ille
2297 932 2564 997 defectus,
2602 949 2706 985 non
2734 933 2952 986 veniens
2983 947 3046 986 ex
3079 932 3384 986 infirmitate
3410 934 3603 999 animi,

2016 1025 2108 1079 sed
2157 1041 2219 1079 ex
2263 1023 2567 1079 fortitudine
2601 1024 2848 1080 desiderii
2890 1025 2940 1077 in
2975 1022 3291 1093 promissum
3341 1025 3469 1078 Dei:
3506 1024 3603 1078 hoc

2016 1119 2157 1171 enim
2198 1117 2304 1180 ait,
2348 1117 2401 1170 in
2445 1119 2696 1186 eloquium
2727 1127 2888 1170 tuum.
2935 1117 3214 1185 Quomodo
3253 1128 3427 1172 autem
3475 1118 3603 1172 tales

2019 1208 2156 1262 oculi
2201 1209 2414 1274 dicunt,
2463 1211 2676 1275 Quando
2717 1210 3051 1264 consolaberis
3082 1210 3196 1263 me?
3228 1209 3324 1264 nisi
3360 1225 3481 1264 eum
3517 1210 3602 1264 tali

2019 1301 2311 1356 intentione
2334 1309 2386 1354 et
2413 1303 2812 1370 expectatione
2838 1312 3020 1356 oratur
3041 1308 3095 1356 et
3113 1301 3372 1371 gemitur?
3406 1301 3603 1370 Lingua

2017 1394 2158 1446 enim
2189 1393 2353 1464 loqui,
2384 1410 2488 1446 non
2518 1393 2655 1447 oculi
2681 1395 2889 1448 Solent:
2920 1394 3315 1468 sed_oculorum
3345 1393 3603 1462 quodam-

2019 1483 2305 1537 modotvox
2331 1493 2410 1537 est
2431 1483 2752 1540 desiderium
2777 1469 3049 1539 orationis.
3079 1485 3274 1538 Verum
3303 1484 3352 1537 iu
3377 1499 3440 1539 eo
3466 1483 3606 1554 quod

2018 1575 2111 1640 ait,
2149 1574 2362 1641 Quando
2393 1577 2726 1630 consotabcris
2754 1577 2871 1630 me?
2901 1585 3144 1645 tanquam
3187 1589 3365 1630 moras
3393 1590 3450 1630 se
3481 1589 3607 1646 per-

2019 1669 2124 1736 peti
2154 1669 2405 1723 ostendit.
2437 1669 2589 1724 Unde
2617 1681 2698 1724 est
2739 1670 2896 1725 etiam
2930 1669 3088 1732 iltud,
3134 1669 3200 1723 Et
3231 1680 3283 1722 tu
3304 1711 3319 1734 ,
3357 1668 3604 1732 Domine,

2017 1777 2276 1830 quousque
2303 1761 2472 1833 (Psal.
2511 1779 2590 1825 vt,
2623 1763 2718 1831 4)?
2749 1762 2899 1828 Quod
2935 1772 3027 1816 aut
3069 1762 3186 1816 ideo
3229 1761 3286 1815 lit
3321 1773 3374 1814 ut
3404 1760 3609 1814 dulcior

2017 1856 2192 1909 veniat
2221 1856 2379 1909 dilata
2416 1856 2754 1926 jucunditas,
2786 1864 2876 1910 aut
2919 1856 3018 1910 iste
3055 1871 3245 1911 sensus
3283 1865 3366 1910 est
3394 1855 3608 1910 deside-

2019 1948 2268 2013 rantium,
2302 1963 2422 2001 cum
2453 1948 2678 2017 spatium
2715 1949 3003 2019 temporis,
3047 1949 3204 2003 etiam
3243 1948 3383 2018 quod
3411 1948 3608 2002 subve-

2019 2038 2180 2092 nienti
2213 2039 2227 2070 ¹
2268 2040 2427 2095 breve
2464 2049 2564 2107 est,
2613 2041 2826 2110 longum
2859 2050 2934 2095 est
2969 2040 3186 2094 amanti.
3229 2039 3384 2094 Novit
3431 2049 3608 2095 autem

2022 2130 2276 2184 Dominus
2303 2131 2427 2200 quid
2465 2131 2678 2202 quando
2704 2131 2890 2199 faciat,
2923 2133 3011 2201 qui
3057 2132 3106 2184 itt
3149 2147 3395 2186 mensura
3424 2139 3478 2186 et
3508 2147 3609 2186 ttu-

2019 2237 2166 2276 mero
2194 2233 2247 2278 et
2274 2224 2506 2292 pondere
2533 2232 2722 2278 cuncta
2753 2224 2986 2292 dispmtit
3017 2223 3170 2294 (ευρ.
3201 2239 3250 2276 rt
3271 2265 3285 2287 ,
3311 2222 3427 2292 2t).

2089 2315 2142 2368 3.
2175 2313 2325 2387 [vers
2359 2313 2472 2387 83.]
2503 2313 2826 2368 Ardeatibus
2855 2323 3029 2367 autem
3071 2314 3431 2382 spiritualibus
3463 2313 3607 2367 desi-

2019 2405 2199 2469 deriis,
2233 2407 2462 2460 carnalia
2491 2405 2749 2458 desideria
2778 2405 2894 2458 sine
2919 2404 3246 2458 dubitatione
3277 2403 3566 2474 frigescunt
3590 2421 3604 2457 :

2020 2507 2235 2568 promer
2279 2498 2378 2552 hoc
2424 2498 2664 2567 sequitur
2687 2540 2702 2564 ,
2739 2498 2988 2564 Quoniam
3019 2497 3183 2566 [actus
3211 2514 3320 2550 sum
3369 2507 3608 2566 tanquam

2018 2601 2127 2646 uter
2156 2592 2207 2644 in
2237 2593 2448 2660 pruina;
2466 2591 2857 2662 jttstiﬁcationes
2882 2598 2994 2644 tua:
3023 2607 3121 2642 non
3147 2607 3255 2642 sum
3283 2587 3485 2644 oblitus.
3513 2587 3606 2642 Ni-

2019 2684 2209 2738 mirum
2229 2685 2368 2736 enim
2401 2699 2493 2751 per
2521 2691 2690 2736 utrem
2708 2698 2922 2737 carnem
2944 2681 3127 2735 tttttt‘tis
3158 2680 3331 2751 hujus,
3354 2697 3446 2751 per
3463 2681 3607 2751 prui-

2020 2792 2140 2830 nam
2168 2793 2294 2830 vero
2323 2777 2540 2830 caeleste
2581 2775 2897 2830 beneficium
2927 2776 3037 2829 vult
3065 2773 3280 2843 itttelligi
3306 2815 3320 2838 ,
3352 2789 3458 2844 quo
3485 2788 3607 2829 ear-

2018 2868 2100 2920 nis
2118 2867 2561 2935 concupiscentia;
2588 2867 2727 2921 velut
2754 2865 2951 2936 frigore
2966 2866 3249 2920 cohibente
3277 2872 3604 2935 torpescunt;

2018 2969 2072 3014 et
2098 2958 2154 3014 ﬁt
2200 2958 2323 3012 hinc
2352 2967 2409 3012 Ill
2431 2957 2838 3028 justific:‘ttiones
2867 2957 2957 3013 Dei
3001 2957 3066 3011 de
3095 2958 3348 3012 memoria
3395 2974 3496 3010 non
3528 2957 3606 3009 la-

2019 3052 2249 3115 bantur,
2303 3051 2428 3105 dum
2478 3067 2583 3104 ιιοιι
2633 3050 2896 3120 cogitatur
2942 3049 3194 3114 aliunde;
3247 3049 3496 3120 quoniam
3549 3048 3606 3103 fit

2016 3141 2157 3212 quod
2203 3141 2275 3196 ait
2301 3140 2627 3211 ApoStolus,
2678 3141 2856 3196 Carnis
2901 3139 3264 3211 providentiam
3290 3155 3352 3194 ne
3393 3139 3608 3210 {cerritis

2016 3235 2068 3288 in
2096 3233 2511 3304 concupiscentiis
2539 3233 2715 3303 (Rom.
2748 3248 2844 3287 xm
2867 3273 2883 3299 ,
2917 3229 3025 3303 14).
3053 3231 3172 3286 Ideo
3199 3246 3321 3286 cum
3347 3229 3566 3285 dixisset
3589 3270 3604 3292 ,

2021 3326 2270 3394 Quoniam
2298 3329 2459 3396 [actus
2505 3342 2614 3379 sum
2647 3334 2885 3394 tanquam
2914 3333 3024 3378 uter
3051 3322 3103 3376 in
3153 3323 3378 3390 pruina;
3425 3320 3608 3390 subje-

2016 3421 2110 3482 cit,
2138 3419 2536 3489 Justiﬁcatioues
2568 3431 2679 3473 tuas
2705 3434 2805 3472 non
2831 3433 2938 3470 sum
2969 3414 3151 3470 oblitus
3181 3431 3200 3469 :
3232 3414 3332 3470 hoc
3359 3423 3462 3476 est,
3487 3413 3607 3468 ideo

2018 3529 2122 3566 non
2151 3529 2268 3567 sutn
2313 3512 2507 3565 oblitus
2529 3553 2543 3574 ,
2577 3510 2824 3578 quoniam
2876 3507 2997 3564 talis
3041 3507 3206 3562 factus
3235 3523 3373 3560 sum.
3405 3505 3609 3561 FCI‘VOI‘

2017 3603 2158 3659 enim
2184 3603 2484 3672 cupiditatis
2509 3601 2778 3671 obtorpuit
2805 3642 2818 3666 ,
2852 3608 2910 3654 ut
2936 3599 3166 3654 ferveret
3193 3597 3449 3653 memoria
3479 3599 3608 3653 cita-

2016 3697 2207 3750 ritatis.

2088 3760 2322 3858 4..[vcrs.
2355 3781 2469 3855 8L]
2503 3782 2636 3849 Quot
2659 3791 2774 3836 sunt
2801 3779 2906 3833 dies
2933 3779 3062 3832 servi
3088 3777 3198 3831 tui?
3222 3776 3423 3843 quando
3449 3781 3606 3850 facies

2017 3876 2079 3930 de
2103 3874 2506 3946 persequentibus
2538 3890 2615 3928 me
2630 3873 2880 3950 judicium
2903 3871 2927 3926 Ρ
2953 3871 3004 3923 lu
3035 3869 3356 3938 Apocalypsi
3396 3879 3478 3925 est
3507 3871 3605 3926 ista

2017 3985 2118 4022 vox
2147 3977 2437 4038 martyrum
2464 4008 2479 4032 ,
2512 3974 2565 4020 et
2591 3965 2670 4020 eis
2696 3965 2986 4031 imperatur
3015 3959 3266 4032 patientia
3299 3960 3468 4016 donec
3499 3959 3606 4016 fra-

2018 4069 2156 4114 trum
2187 4075 2368 4114 eorum
2403 4072 2653 4110 numerus
2693 4053 2972 4122 impleatur
3010 4052 3194 4123 (Apoc.
3230 4067 3322 4118 vt,
3356 4051 3422 4108 10
3446 4091 3459 4117 ,
3494 4052 3602 4121 ll).

2019 4156 2094 4210 De
2119 4154 2306 4209 diebus
2333 4168 2459 4222 ergo
2483 4150 2592 4207 suis
2619 4151 2907 4219 interrogat
2931 4161 3125 4217 corpus
3148 4143 3368 4211 Christi,
3398 4146 3485 4214 qtti
3520 4144 3604 4198 fn-

2019 4249 2120 4303 turi
2151 4257 2276 4303 sunt
2302 4248 2353 4300 in
2390 4247 2489 4300 hoc
2513 4243 2729 4307 Streulo.
2761 4243 2823 4296 Et
2849 4257 2914 4295 ne
2943 4241 3222 4316 quisquam
3250 4247 3458 4309 putaret
3481 4247 3610 4294 ante

2021 4341 2104 4395 hic
2129 4338 2421 4394 Ecclesium
2451 4352 2554 4390 non
2586 4337 2810 4390 futuram
2836 4378 2850 4399 ,
2891 4349 3046 4404 quam
3079 4332 3200 4387 linis
3229 4332 3410 4388 smeuli
3439 4347 3605 4386 vene-

2017 4435 2123 4497 rit,
2155 4447 2206 4488 et
2235 4431 2438 4501 aliquid
2458 4428 2715 4499 temporis
2744 4428 2974 4481 futurum
3020 4426 3074 4480 in
3106 4425 3206 4480 hoc
3231 4424 3433 4480 saeculo
3456 4465 3472 4488 ,
3500 4439 3608 4494 quo

2018 4525 2257 4581 Ecclesia
2282 4523 2390 4591 jam
2437 4536 2540 4576 non
2571 4520 2640 4575 sit
2667 4520 2718 4573 itt
2764 4518 2960 4582 terris;
2993 4526 3270 4588 propterea
3314 4531 3436 4570 cttm
3462 4531 3610 4585 qutu-

2019 4620 2176 4673 sissrt
2201 4618 2268 4671 de
2297 4615 2488 4670 diebus
2517 4613 2648 4679 suis,
2677 4611 2916 4680 adjunxit
2943 4610 3102 4664 etiam
3133 4607 3202 4662 de
3225 4606 3446 4676 judicio,
3481 4622 3610 4676 pro~

2021 4711 2156 4767 freto
2185 4711 2557 4764 demonstrans
2588 4722 2754 4776 tuque
2785 4705 2849 4757 ad
2875 4703 3150 4771 judicium,
3185 4700 3237 4755 in
3263 4716 3368 4770 quo
3393 4701 3462 4755 de
3489 4715 3604 4769 pera

2018 4805 2350 4860 secutoribus
2376 4803 2489 4871 ejus
2511 4810 2591 4854 est
2620 4799 2788 4853 i'utura
2818 4794 3044 4849 vindicta
3071 4836 3084 4857 ,
3120 4794 3286 4863 ipsam
3313 4806 3526 4864 quoque
3555 4791 3606 4845 in

2021 4897 2176 4953 terris
2205 4897 2453 4950 futuram.
2486 4891 2538 4946 Si
2586 4900 2766 4944 autem
2795 4901 3111 4957 quemquam
3139 4892 3315 4938 movet
3344 4899 3440 4938 cur
3463 4897 3608 4950 qua:-

2018 4997 2100 5042 rat
2138 4986 2278 5058 qttod
2306 5001 2424 5040 cum
2456 4980 2698 5048 discipuli
2739 4986 3040 5047 quatrercnt
3062 5015 3078 5042 ,
3111 4975 3359 5044 Magister
3385 4986 3608 5042 respon-

2019 5083 2133 5146 dit,
2185 5079 2304 5134 Non
2350 5087 2421 5132 est
2452 5084 2666 5128 vestrum
2708 5072 2835 5125 scire
2860 5080 3125 5140 tempora,
3171 5081 3284 5138 qua:
3312 5062 3465 5118 Pater
3509 5079 3606 5133 po-

2017 5176 2118 5231 suit
2147 5175 2198 5226 in
2236 5188 2329 5226 sua
2359 5177 2598 5238 potestate
2627 5166 2644 5232 (
2672 5163 2781 5219 Act.
2815 5180 2828 5217 I
2855 5206 2869 5228 ,
2902 5163 2933 5216 Ἰ
2956 5160 3014 5232 );
3045 5175 3140 5216 cur
3181 5173 3286 5213 non
3325 5154 3606 5211 credamus

2020 5268 2121 5320 isto
2167 5264 2284 5317 loco
2317 5259 2501 5330 psalmi
2533 5257 2689 5323 hujus
2734 5269 2854 5309 esse
2882 5251 3254 5323 prOphetatum
3300 5246 3403 5301 hoc
3432 5245 3602 5315 ipsum

2018 5361 2137 5415 illos
2167 5357 2329 5410 fuisse
2357 5351 2675 5425 qutesituros
2696 5390 2710 5415 ,
2742 5357 2796 5404 et
2826 5344 3078 5402 Ecclesia:
3102 5355 3286 5396 vocem
3311 5378 3328 5405 ,
3356 5354 3475 5409 quae
3518 5337 3606 5392 hie

2019 5463 2165 5509 tanto
2191 5459 2313 5505 ante
2342 5445 2594 5518 praedicta
2623 5453 2706 5499 est
2729 5482 2744 5509 ,
2779 5441 2991 5495 illorum
3017 5432 3430 5503 interrogatione
3456 5444 3607 5486 com-

2015 5547 2210 5619 pletam
2230 5543 2255 5599 ἲ

2087 5642 2139 5696 5.
2164 5636 2312 5710 [vers.
2343 5632 2458 5706 85.]
2473 5630 2623 5700 Quod
2655 5637 2832 5683 autem
2862 5621 3121 5694 sequitur,
3141 5615 3603 5674 Narrareruntmi-

2081 5755 2100 5784 π
2123 5760 2264 5812 t.ov.,
2315 5747 2468 5800 subito
2504 5741 2752 5796 venienti:
2789 5735 3192 5790 dissentientibus
3233 5731 3346 5784 Edd.
3391 5730 3498 5780 aliis
3547 5733 3601 5779 et

2016 5826 2104 5871 MSS
2111 5851 2122 5864 ο
2583 5841 2586 5844 ‘
