4026 6202
390 322 526 381 1359

387 438 438 492 lii
461 436 624 507 iniqui
647 435 1032 499 delectationes;
1060 433 1147 489 sed
1170 449 1271 487 non
1294 432 1422 488 sicut
1453 431 1535 487 lex
1553 442 1639 486 tua
1662 475 1677 499 ,
1709 431 1923 487 Domine
1941 448 1961 486 :

389 548 479 585 eas
504 531 581 585 sic
622 529 905 585 transferre
930 526 1212 582 voluerunt
1255 526 1570 596 interpretes
1594 525 1799 590 nostri,
1833 539 1964 594 quas

389 618 561 675 Graeci
587 622 858 686 ἀδολεσχίας
884 624 1113 682 vocant,
1140 614 1283 686 quod
1318 628 1483 684 usque
1507 613 1642 670 adeo
1668 629 1772 668 uno
1802 612 1963 668 verbo

380 724 717 781 nequaquam
733 708 846 763 diei
876 707 1040 762 latine
1059 714 1253 777 potest,
1279 715 1336 760 ut
1362 705 1544 775 aliqui,
1573 703 1923 759 delectationes
1945 741 1963 771 ,

380 801 569 869 aliqui,
598 800 930 871 [abutationes
958 814 1048 854 eas
1074 799 1343 863 dicerent;
1373 808 1429 852 ut
1456 812 1561 852 non
1592 797 1856 853 immerito
1876 811 1964 852 ac-

381 890 424 944 ei
441 890 611 957 piatur
636 903 757 944 esse
785 889 998 958 quidem
1028 888 1146 943 illas
1177 887 1580 942 exercitationes
1604 927 1618 948 ,
1651 886 1743 941 sed
1771 886 1823 940 in
1851 900 1965 941 ser-

381 995 547 1036 mone
572 995 690 1037 cutn
718 981 943 1051 quadam
969 979 1344 1034 delectatione.
1390 977 1496 1034 Has
1533 993 1659 1033 vero
1687 976 1880 1033 habent
1909 978 1963 1032 in

384 1069 619 1127 diversis
644 1071 802 1128 sectis
826 1087 888 1126 ac
914 1070 1347 1141 professionibus,
1367 1077 1421 1124 et
1445 1069 1636 1125 litterae
1659 1070 1960 1134 sreculares,

383 1188 403 1218 ι
420 1176 441 1218 ι
464 1164 769 1220 ,ιιιιίαξοι-υηι
795 1179 913 1235 quae
942 1162 1244 1218 Deuterosis
1273 1170 1622 1233 nuncupatur,
1644 1162 1922 1217 continens
1944 1163 1962 1194 ί

388 1268 583 1325 prmtcr
606 1257 903 1312 divinarum
928 1271 1186 1311 canonem
1209 1255 1600 1325 Scripturarum
1629 1255 1787 1310 millia
1816 1255 1966 1310 fabu-

388 1354 557 1401 larum
585 1363 601 1411 ;
632 1345 792 1401 habet
820 1360 912 1401 eas
951 1356 1006 1400 et
1049 1344 1418 1400 luereticorum
1456 1358 1590 1399 vana
1630 1354 1787 1416 atque
1811 1360 1964 1400 erra-

388 1435 563 1489 bunda
609 1433 1072 1506 loquacitas.’Hos
1115 1448 1301 1490 omnes
1346 1434 1559 1505 iniquos
1600 1435 1821 1505 intelligi
1862 1450 1963 1492 vo-

387 1526 502 1589 luit,
521 1541 550 1578 a
568 1525 759 1595 quibus
785 1526 882 1581 sibi
910 1532 1152 1580 narratas
1165 1524 1292 1580 dicit
1318 1527 1612 1592 ἀδολεσχίας,
1634 1524 1685 1578 id
1714 1533 1798 1580 est
1812 1539 1966 1579 exer-

385 1617 664 1673 citationes
690 1618 1029 1674 delectabiles
1051 1616 1225 1673 verbis
1257 1634 1271 1671 :
1305 1615 1412 1671 Sed
1435 1633 1535 1670 non
1556 1659 1572 1682 ,
1603 1616 1773 1686 inquit
1796 1658 1810 1682 ,
1837 1616 1964 1670 sicut

388 1710 470 1766 (ea:
510 1721 597 1762 tua
616 1750 631 1775 ,
663 1707 919 1773 Domine;
948 1709 1070 1779 quia
1100 1723 1185 1764 me
1224 1709 1278 1762 in
1306 1724 1366 1764 ea
1392 1708 1588 1764 veritas
1609 1747 1625 1772 ,
1668 1722 1773 1762 non
1805 1705 1963 1762 verba

383 1798 665 1854 delectant.

457 1890 508 1943 6.
535 1887 683 1961 [vera
705 1887 822 1961 86.]
845 1889 1081 1959 Denique
1105 1888 1380 1959 adjungit:
1407 1886 1590 1943 Omnia
1614 1888 1853 1942 mandata
1879 1897 1965 1942 tua

383 1981 564 2033 veritas
595 1996 614 2034 :
641 1982 827 2047 injuste
855 1980 1096 2050 persecuti
1120 1989 1235 2034 sunt
1259 1997 1338 2034 me
1358 2021 1373 2046 ,
1401 1980 1590 2052 adjuva
1616 1996 1714 2033 me.
1744 1979 1812 2033 Et
1839 1995 1966 2049 pen-

385 2068 473 2123 det
500 2079 641 2124 totus
660 2070 729 2127 de
749 2071 1112 2139 superioribus
1140 2086 1326 2126 sensus
1359 2087 1373 2124 :
1410 2071 1542 2137 Quot
1568 2081 1684 2126 sunt
1709 2072 1815 2127 dies
1838 2072 1965 2126 servi

385 2161 460 2213 tui
480 2161 505 2214 1’
528 2160 729 2230 quando
757 2162 910 2232 facies
948 2162 1011 2215 de
1036 2161 1436 2232 persequentibus
1464 2178 1542 2216 me
1568 2162 1824 2232 judicium
1843 2163 1869 2216 ?
1896 2161 1966 2218 Ut

384 2252 527 2305 enim
555 2260 942 2321 persequantur
967 2267 1053 2306 me
1075 2293 1091 2318 ,
1124 2259 1473 2306 narraverunt
1501 2251 1628 2305 mihi
1657 2266 1963 2306 sermonum

384 2359 601 2395 siturum
626 2341 1006 2397 delectationes
1038 2359 1053 2396 :
1085 2342 1178 2397 sed
1205 2341 1283 2397 eis
1312 2343 1573 2412 przeposui
1599 2341 1769 2412 legem
1797 2351 1960 2407 tuam,

385 2447 501 2499 qua:
532 2430 652 2487 ideo
675 2431 792 2501 plus
823 2448 907 2486 me
933 2431 1234 2499 delectavit,
1266 2431 1389 2501 quia
1419 2432 1588 2485 omnia
1612 2432 1854 2486 mandata
1878 2441 1964 2486 tua

382 2520 601 2586 veritas;
643 2536 750 2576 non
792 2521 928 2576 sicut
969 2521 1179 2576 illorum
1223 2521 1453 2576 abundat
1496 2523 1830 2578 sermonibus
1869 2538 1963 2577 va-

384 2611 542 2665 nitas.
590 2614 669 2668 Ac
712 2626 810 2680 per
854 2611 956 2667 hoc
997 2612 1185 2683 injuste
1229 2612 1473 2681 persecuti
1514 2620 1630 2666 sunt
1675 2629 1792 2678 me,
1841 2614 1961 2684 quia

385 2719 490 2757 non
537 2704 591 2757 in
619 2717 704 2757 me
745 2702 1008 2772 persecuti
1051 2710 1176 2756 sunt
1204 2702 1304 2756 nisi
1350 2703 1652 2757 veritatem.
1698 2703 1839 2773 Ergo
1864 2703 1961 2757 ad-

379 2796 502 2869 juva
541 2809 654 2858 me,
685 2802 744 2847 ut
772 2802 971 2848 certem
1004 2806 1100 2862 pro
1138 2793 1362 2849 veritate
1390 2809 1557 2865 usque
1583 2793 1649 2848 ad
1695 2804 1917 2850 mortem
1944 2811 1959 2860 ;

383 2883 506 2953 quia
536 2891 590 2938 ct
620 2882 723 2939 hoc
748 2881 1228 2938 tuum'mandatum
1253 2892 1356 2950 est,
1389 2891 1443 2940 et
1468 2884 1588 2940 ideo
1614 2893 1668 2941 et
1695 2884 1797 2941 hoc
1827 2886 1964 2941 veri~

384 2984 466 3029 tas
495 2981 592 3028 05!.

455 3064 505 3117 7.
527 3062 675 3136 [vera
690 3062 804 3136 87.]
821 3063 931 3118 lloc
946 3078 1065 3119 cum
1083 3062 1279 3120 t‘aceret
1294 3064 1551 3134 Ecclesia,
1559 3081 1709 3137 passa
1727 3070 1962 3139 estquod

381 3152 621 3221 adjunxit
641 3195 656 3219 ,
703 3151 872 3209 Paulo
900 3155 1066 3208 minus
1093 3164 1559 3210 consummaverunt
1584 3173 1664 3211 me
1699 3159 1752 3212 in
1780 3169 1913 3212 terra
1941 3174 1961 3214 :

383 3244 546 3299 multa
574 3245 776 3299 scilicet
800 3255 977 3315 strage
996 3254 1288 3315 martyrum
1313 3245 1472 3314 facta,
1494 3248 1617 3302 dum
1642 3250 1963 3305 conﬁtentur

382 3347 437 3391 et
465 3338 755 3407 praedicant
781 3337 1074 3392 veritatem.
1113 3336 1216 3392 Sed
1245 3339 1367 3407 quia
1397 3355 1502 3395 non
1546 3340 1737 3394 frustra
1760 3339 1975 3405 dictum,

382 3439 484 3495 est,
512 3430 710 3498 Adjuva
735 3443 844 3493 me;
867 3429 975 3501 Ego
1003 3439 1188 3497 autem,
1215 3429 1400 3500 inquit,
1426 3446 1525 3484 non
1553 3430 1794 3503 dereliqui
1818 3450 1961 3488 man-

380 3521 502 3576 data
530 3530 636 3576 tua.

451 3614 503 3669 8.
536 3596 686 3686 [ὗεν-ε.
717 3612 832 3687 88.]
865 3615 1035 3685 Atque
1064 3621 1121 3668 ut
1144 3622 1323 3684 posset
1351 3628 1694 3683 perseverare
1717 3629 1883 3685 usque
1905 3617 1958 3672 in

380 3705 539 3760 linem
562 3747 576 3770 ,
607 3704 898 3760 Secundum
914 3706 1307 3762 misericordiam
1326 3746 1340 3771 ,
1371 3705 1577 3775 inquit,
1606 3716 1745 3760 tuam
1764 3708 1959 3779 vioiﬁca

380 3810 474 3856 me,
494 3804 542 3847 et
567 3795 843 3848 custodiam
869 3796 1150 3849 testimonia
1174 3796 1276 3849 oris
1296 3796 1370 3848 tui
1388 3811 1406 3848 :
1421 3810 1538 3865 qua:
1554 3809 1758 3865 grmcus
1775 3796 1954 3866 habet,

384 3886 652 3961 Mai-(yria.
680 3886 829 3953 Quod
860 3887 1138 3943 tacendum
1164 3902 1272 3942 non
1304 3887 1401 3942 fuit
1422 3931 1436 3953 ,
1468 3897 1686 3959 propter
1710 3890 1956 3947 dulcissi-

380 3995 523 4033 mum
545 3989 834 4050 martyrum
857 3995 1073 4045 nomen,
1094 3980 1183 4050 qui
1211 3980 1391 4049 procul
1408 3978 1568 4036 dubio
1584 3982 1795 4049 quando
1813 3992 1955 4038 tanta

380 4071 810 4141 persequentium
838 4070 1124 4125 crudelitas
1149 4070 1417 4137 smviebat,
1449 4079 1506 4125 ut
1534 4071 1771 4127 Ecclesia
1801 4074 1957 4143 paulo

378 4161 556 4216 minus
584 4152 1046 4218 consuminaretur
1072 4163 1125 4215 in
1154 4171 1313 4228 terra,
1332 4163 1480 4217 nullo
1506 4162 1663 4218 modo
1694 4164 1785 4220 Dei
1812 4181 1955 4221 mar-

378 4252 514 4321 tyria
540 4251 888 4318 custodirent,
920 4251 1022 4305 nisi
1052 4251 1206 4306 ﬂeret
1230 4252 1309 4307 eis
1338 4251 1475 4322 quod
1507 4252 1593 4309 hic
1616 4262 1822 4309 oratum
1851 4264 1952 4322 est,

379 4332 1071 4394 Secunduritiitisericordiattt
1089 4349 1225 4394 tuam
1241 4341 1435 4410 viviﬁca
1448 4360 1544 4396 me.
1564 4344 1816 4399 Vix'ilirati
1834 4355 1956 4400 sunt

377 4432 542 4499 t‘llim,
572 4447 639 4485 ne
667 4431 895 4486 amando
924 4433 1084 4486 vitam
1140 4441 1394 4502 negarent
1420 4435 1599 4501 vitam,
1631 4444 1686 4490 et
1713 4438 1955 4505 negando

374 4524 537 4577 vitam
611 4523 913 4595 amitterent
954 4524 1114 4578 vitam
1149 4540 1164 4577 :
1194 4538 1256 4577 ac
1299 4523 1376 4577 sic
1418 4525 1504 4593 qui
1550 4542 1645 4593 pro
1675 4527 1778 4581 vita
1811 4530 1953 4582 veri-

377 4623 536 4669 tatem
564 4615 814 4670 deserere
842 4615 1125 4669 noluerunt
1149 4656 1163 4680 ,
1198 4614 1475 4669 moriendo
1505 4630 1601 4684 pro
1626 4618 1846 4672 veritate
1877 4619 1956 4672 vi-

373 4711 584 4760 serunt.

1008 4833 1178 4875 εεῐωο
1216 4833 1325 4873 XXI.

444 4957 499 5010 1.
524 4953 673 5026 [vers.
696 4951 811 5025 89.]
834 4952 1002 5007 Homo
1018 4951 1107 5023 qui
1130 4950 1364 5021 loquitur
1388 4951 1440 5005 in
1469 4951 1572 5007 isto
1594 4950 1816 5019 psalmo,
1837 4960 1952 5007 tan-

367 5061 529 5119 quam
558 5045 778 5101 tatderet
795 5059 915 5099 eum
944 5043 1310 5098 mutabilitatis
1333 5042 1605 5098 hominum
1629 5084 1643 5108 ,
1678 5043 1820 5099 unde
1845 5044 1947 5100 vita

368 5141 469 5195 ista
496 5137 873 5194 tentationibus
898 5136 1053 5206 plena
1078 5143 1160 5190 est
1182 5177 1197 5200 ,
1230 5135 1368 5191 inter
1392 5135 1758 5191 tribulationes
1783 5151 1906 5191 suas
1928 5178 1945 5205 ,

368 5242 743 5302 propteriquas
761 5244 919 5299 supra
939 5227 1148 5283 dixerat
1172 5267 1187 5292 ,
1216 5226 1390 5298 Iniqui
1419 5229 1660 5297 persecuti
1684 5238 1800 5282 sunt
1830 5246 1908 5283 me
1926 5271 1943 5297 ,

367 5332 423 5377 ct
444 5365 459 5389 ,
489 5320 657 5377 Paulo
680 5323 847 5377 minus
871 5330 1337 5375 consummavemut
1366 5337 1443 5374 me
1465 5321 1516 5374 in
1543 5329 1714 5389 terra;
1742 5321 1947 5377 inﬂatu-

367 5424 543 5470 matus
557 5414 824 5469 desiderio
840 5413 1074 5470 cmlestis
1089 5411 1386 5467 Jerusalem
1403 5429 1420 5479 ;
1444 5414 1494 5467 in
1513 5428 1741 5483 superna
1760 5430 1946 5485 suspe-

367 5505 464 5569 ait,
478 5514 531 5559 et
544 5507 691 5569 dixit,
708 5506 771 5559 In
788 5517 1049 5575 (uernum,
1068 5505 1298 5570 Dontine,
1312 5506 1513 5559 verbum
1530 5516 1671 5560 tuum
1687 5519 1944 5579 permanet

430 5642 444 5669 ι
478 5624 663 5699 Αιίιιιῖθι
691 5637 819 5692 libri,
850 5637 1116 5689 nenterosis
1152 5641 1494 5699 nuncupantur
1513 5636 1815 5697 continentes,
1844 5646 1939 5690 etc.

364 5705 557 5759 tueron.
580 5701 627 5769 in
666 5701 765 5765 [sai
790 5700 871 5755 59,
901 5701 1262 5769 straditiottes,
1283 5699 1367 5763 ait,
1400 5699 1660 5761 hominum,
1694 5714 1814 5764 quas
1855 5701 1939 5761 illi,

374 5783 398 5810 ι
418 5767 723 5818 (tentet'Oscts,
751 5767 933 5808 vocant.
956 5775 978 5803 ι

1619 319 1674 374 S.
1717 318 2076 376 AUGUSTINI
2119 319 2412 378 EPISCOPI

3508 346 3653 409 {560

2069 432 2120 521 in
2137 432 2289 489 caelo:
2304 433 2405 491 hoc
2420 446 2518 504 est,
2538 438 2589 494 in
2604 441 2817 513 Angelis
2834 446 2937 502 tuis
2950 450 3370 515 custodientibus
3385 471 3643 521 :eteruam

2069 520 2184 575 sine
2203 521 2500 581 desertione
2522 529 2779 587 militiam.

2068 803 2355 895 esteorum
2398 812 2519 857 octo
2542 806 2632 875 qui
2659 808 2723 863 ad
2755 810 2905 868 istam
2935 814 3164 875 litteram
3207 827 3493 895 pertinent.
3521 832 3649 887 Sin-

2069 884 2204 984 gulis
2455 891 2641 949 litteris
2670 897 2895 956 hebraais
2921 884 3223 967 subdantur:
3241 919 3439 984 octoni,
3461 884 3649 978 donec

2072 973 2258 1041 psalmi
2287 976 2441 1048 hujus
2466 984 2736 1049 prolixitas
2763 993 3090 1051 terminatur.
3113 997 3180 1055 In
3204 973 3573 1074 generationem
3598 1021 3649 1067 et

2068 1066 2431 1168 generationem
2456 1073 2633 1129 veritas
2658 1086 2784 1144 tua;
2813 1083 3041 1151 fundasti
3062 1066 3261 1159 terram,
3291 1106 3338 1149 et
3362 1114 3647 1168 permanet.

2070 1151 2196 1255 Post
2220 1156 2412 1259 caelum
2440 1176 2568 1232 ergo
2594 1173 2787 1223 terram
2817 1176 3054 1231 contuitu
3083 1151 3259 1237 ﬁdelis
3282 1151 3473 1244 mentis
3496 1151 3651 1264 aspi;

2069 1250 2250 1313 ciens,
2287 1250 2490 1307 invenit
2519 1253 2571 1309 iu
2600 1272 2662 1311 ea
2704 1265 3073 1329 generationes
3114 1289 3233 1341 qute
3273 1275 3324 1332 in
3353 1282 3491 1336 cmlo
3533 1250 3649 1343 rion

2068 1344 2228 1403 sunt,
2265 1341 2458 1432 etalt,
2504 1343 2572 1398 In
2599 1353 2966 1417 generationem
2990 1370 3038 1412 et
3071 1359 3435 1432 generationem
3464 1341 3649 1432 veritas

2069 1433 2157 1479 tua
2184 1443 2203 1481 :
2234 1428 2346 1485 sive
2372 1448 2560 1491 omnes
2584 1445 2953 1507 generationes
2979 1428 3090 1504 ista
3102 1458 3413 1523 repetitione
3437 1428 3648 1536 signifi-

2068 1530 2230 1613 cans,
2263 1535 2291 1575 a
2320 1524 2511 1592 quibus
2539 1543 2805 1601 nunquam
2831 1535 2998 1602 defuit
3024 1547 3219 1601 veritas
3248 1549 3338 1604 Dei
3366 1552 3416 1606 in
3446 1524 3650 1613 sanctis

2069 1608 2184 1677 ejus
2207 1652 2222 1675 ,
2254 1615 2412 1670 modo
2445 1620 2779 1687 paucioribus
2799 1669 2813 1692 ,
2848 1631 3007 1687 modo
3039 1635 3275 1704 pluribus
3300 1684 3314 1707 ,
3348 1657 3404 1700 ut
3428 1661 3489 1703 se
3513 1659 3651 1706 tem-

2070 1712 2256 1766 porum
2282 1705 2507 1807 varietas
2533 1709 2716 1768 habuit
2740 1717 2822 1771 vel
2850 1719 3089 1806 habebit;
3109 1728 3219 1784 sive
3243 1705 3372 1789 duas
3388 1741 3647 1807 quasdam

2069 1795 2439 1904 geqerationes
2462 1800 2676 1875 intelligi
2705 1809 2909 1879 volens,
2935 1802 3100 1873 unam
3132 1822 3335 1881 scilicet
3356 1795 3420 1884 ad
3448 1831 3646 1904 Legem

2069 1890 2123 1990 et
2150 1883 2443 1990 Prophetas
2464 1932 2479 1957 ,
2510 1894 2730 1952 alteram
2759 1916 2886 1957 vero
2913 1905 2978 1959 ad
3007 1907 3347 1983 Evangelium
3377 1883 3652 1990 periise;

2035 2047 2049 2062 .
2069 1980 2196 2076 tein.
2225 1974 2332 2076 Cur
2372 1990 2548 2037 autem
2575 2000 2843 2059 nunquam
2875 1994 3033 2051 etiam
3076 1974 3192 2058 istis
3216 1974 3650 2076 generationibus

2069 2066 2265 2130 veritas
2299 2068 2436 2126 desit
2458 2113 2473 2134 .
2503 2075 2650 2131 velut
2680 2082 2928 2150 aperiens
2953 2102 3164 2146 causam
3190 2066 3494 2159 {Fundani
3516 2146 3530 2168 ,

2068 2159 2181 2226 quit
2204 2201 2219 2225 ,
2251 2168 2433 2217 terram
2459 2174 2507 2220 et
2531 2181 2787 2238 permanet
2817 2190 2837 2229 :
2863 2192 2957 2233 eos
2981 2182 3070 2251 qui
3100 2184 3153 2239 in
3181 2195 3319 2242 terra
3344 2204 3469 2247 sunt
3490 2159 3651 2258 ,'ter-

2071 2348 2172 2395 test
2189 2356 2384 2441 ponere
2411 2359 2606 2441 praeter
2625 2352 2675 2407 id
2697 2357 2838 2425 quod
2866 2363 3094 2429 positum
3121 2380 3222 2437 est,
3240 2374 3378 2441 quod
3395 2348 3651 2436 estCliri-

2067 2444 2195 2540 stus
2207 2436 2366 2540 Jesus
2390 2439 2436 2511 (1
2454 2441 2568 2499 Cor.
2597 2461 2675 2512 tu,
2701 2448 2809 2522 ll).
2835 2452 3014 2525 Neque
3030 2459 3170 2514 enim
3187 2436 3238 2517 et
3257 2436 3402 2521 illius
3423 2484 3651 2540 genera.

2070 2527 2227 2584 tionis
2250 2531 2315 2586 ad
2343 2532 2535 2606 Legem
2565 2539 2960 2615 Prophetasque
2988 2553 3302 2619 pertinentis
3328 2527 3647 2621 fundamen-

2069 2626 2178 2722 tum
2205 2638 2309 2722 non
2339 2635 2453 2681 erat
2476 2628 2737 2699 Christus,
2760 2637 3118 2697 testimonium
3145 2646 3345 2704 habens
3373 2667 3400 2703 a
3432 2652 3574 2722 Lege
3592 2666 3648 2715 et

2068 2707 2344 2817 Drephet‘is
2371 2715 2563 2817 (Rom1
2576 2736 2653 2789 Ill,
2670 2722 2782 2794 2i).
2812 2726 2917 2783 Aut
2943 2747 3069 2787 vero
3089 2734 3300 2808 Moyses
3325 2750 3377 2795 et
3408 2707 3648 2817 Propino:

2068 2806 2136 2896 tte
2162 2800 2255 2896 lilii
2279 2802 2564 2875 deputandi
2585 2821 2710 2867 sunt
2739 2815 2790 2869 in
2821 2820 3130 2878 servitutem
3157 2800 3458 2896 generantis
3477 2800 3648 2889 nilnil-

2068 2888 2132 2944 la;
2159 2888 2324 2995 fuisse
2346 2936 2360 2959 ,
2388 2912 2493 2995 non
2524 2900 2705 2957 liberae
2727 2945 2741 2969 ,
2769 2922 2888 2975 qua:
2917 2919 3000 2965 est
3025 2888 3197 2970 mater
3219 2930 3396 2975 nostra
3427 2922 3446 2995 (
3470 2888 3641 2982 Colat.

2065 2994 2120 3077 tv
2142 3024 2159 3048 ,
2190 2983 2259 3038 24
2281 3027 2295 3051 ,
2324 2986 2394 3042 26
2414 2986 2434 3059 )
2458 3006 2472 3053 ;
2503 2991 2586 3045 cui
2610 3033 2625 3058 ,
2658 2993 2826 3050 Mater
2852 2998 2979 3055 Sion
3004 3044 3018 3067 ,
3051 3004 3181 3059 dicet
3206 3011 3353 3063 homo
3375 3027 3396 3077 ;
3421 2983 3467 3067 et
3494 3016 3648 3072 homo

2066 3076 2229 3142 factus
2250 3078 2400 3176 est-in
2428 3095 2485 3132 ea
2506 3120 2522 3144 ,
2554 3094 2600 3135 et
2625 3084 2730 3154 ipse
2753 3086 2983 3155 fundavit
3006 3110 3117 3148 eam
3144 3097 3428 3158 Altissimus
3454 3104 3643 3176 (Psat.

2066 3179 2277 3232 Luxu,
2310 3169 2411 3239 5)?
2440 3171 2557 3242 Ipse
2582 3182 2665 3229 est
2688 3178 2828 3233 enim
2860 3190 2914 3237 et
2936 3185 3073 3253 apud
3102 3188 3310 3246 Patrem
3331 3169 3641 3270 altissimus,

2062 3266 2119 3359 et
2141 3270 2480 3362 propterﬁnos
2510 3265 2560 3320 in
2591 3268 2685 3322 ista
2716 3281 2887 3329 matre
2914 3275 3083 3362 factus
3115 3280 3476 3356 humillimus;
3505 3265 3644 3362 quo;

2066 3346 2204 3402 niam
2233 3351 2322 3419 qui
2346 3351 2494 3409 Deus
2519 3368 2632 3412 erat
2660 3374 2820 3430 super
2846 3356 2985 3431 eam,
3016 3370 3164 3424 homo
3192 3377 3358 3444 factus
3383 3346 3535 3435 estin.
3556 3400 3642 3440 ea.

2064 3437 2176 3494 lloc
2199 3440 2374 3511 itaque
2396 3444 2738 3504 fundamento
2760 3493 2774 3518 ,
2805 3454 3028 3513 Domine
3053 3501 3067 3525 ,
3096 3437 3326 3531 fundasti
3346 3477 3528 3525 terram
3553 3515 3569 3541 ,
3596 3437 3644 3528 et

2064 3543 2318 3626 permanet
2347 3551 2367 3590 :
2396 3538 2516 3607 quia
2547 3539 2597 3594 in
2630 3542 2717 3596 tali
2742 3543 3088 3605 fundamento
3112 3558 3443 3614 constabilita
3470 3602 3486 3626 ,
3533 3538 3642 3621 non

2063 3621 2401 3723 inclinabitur
2436 3629 2489 3684 in
2516 3633 2766 3690 saeculum
2792 3642 2971 3695 saeculi
2999 3642 3172 3713 (Psal.
3200 3663 3290 3703 cut
3312 3691 3328 3718 ,
3361 3651 3416 3723 5)
3437 3669 3452 3719 ;
3472 3621 3535 3710 in
3563 3660 3642 3713 eis

2062 3712 2243 3805 utique
2271 3732 2587 3785 permanens
2624 3725 2813 3794 quibus
2839 3743 2896 3784 es
2923 3712 3082 3788 vitam
3113 3736 3335 3795 daturus
3361 3712 3640 3805 :eternam.

2062 3803 2205 3870 Quos
2253 3817 2428 3863 autem
2479 3813 2670 3870 ancilla
2719 3821 2971 3889 peperit,
3025 3824 3091 3879 ad
3143 3837 3298 3885 vetus
3350 3842 3641 3894 testamen-

2062 3901 2171 3949 tum
2213 3899 2538 3964 pertinentes
2560 3945 2574 3967 ,
2607 3904 2660 3959 iu
2703 3908 2857 3977 cujus
2885 3919 3062 3968 tamen
3095 3917 3273 3988 ﬁguris
3304 3923 3497 3983 latebat
3539 3946 3642 3984 no-

2059 3999 2183 4039 vum
2208 4028 2222 4050 ,
2256 3989 2386 4044 nihil
2413 3992 2555 4048 aliud
2598 3997 2851 4065 sapiendo
2895 4018 3051 4071 quam
3083 4010 3341 4075 promissa
3389 4025 3596 4073 terrena
3622 4063 3639 4087 ,

2062 4089 2168 4130 non
2216 4092 2544 4146 permanent.
2590 4085 2790 4145 Servus
2827 4092 2967 4148 enim
3013 4112 3116 4151 non
3161 4111 3340 4158 manet
3384 4105 3434 4160 in
3477 4085 3642 4166 domo

2060 4167 2112 4221 in
2139 4178 2395 4227 mternum
2420 4213 2435 4239 ,
2468 4174 2607 4232 ﬁlius
2631 4189 2807 4236 autem
2836 4195 3016 4241 manet
3058 4188 3109 4241 in
3136 4200 3393 4251 teternum
3441 4200 3639 4270 (Joan.

2060 4272 2149 4313 vni
2173 4301 2188 4325 ,
2218 4262 2333 4332 35).

2131 4350 2184 4443 ξ).
2218 4349 2365 4423 [υενδ.
2413 4353 2527 4430 91.]
2560 4357 2888 4439 Ordinatione
2933 4377 3019 4423 tua
3062 4386 3317 4443 permanet
3361 4380 3484 4433 dies.
3533 4380 3645 4441 Ista

2058 4440 2254 4537 quippe
2279 4446 2455 4500 omnia
2495 4448 2610 4505 dies
2633 4452 2651 4482 ί
2684 4470 2698 4507 :
2730 4464 2785 4508 et
2812 4456 2909 4512 iste
2935 4469 3017 4515 est
3053 4440 3168 4519 dies
3193 4482 3349 4537 quem
3383 4472 3499 4525 fecit
3533 4474 3647 4526 Do-

2059 4532 2255 4627 minus,
2287 4537 2612 4595 exsultemus
2638 4542 3064 4613 etjucundemur
3091 4552 3143 4607 in
3175 4532 3240 4609 eo
3269 4556 3439 4627 (Psal.
3472 4576 3642 4626 cxvu,

2057 4620 2169 4720 ξι.)
2192 4632 2290 4720 ἱθι
2317 4627 2452 4683 sicut
2479 4630 2530 4684 in
2557 4631 2643 4687 die
2675 4634 2895 4694 honeste
2922 4641 3252 4702 ambulemus
3276 4620 3301 4718 ‘(
3326 4650 3472 4704 Itoni.
3502 4669 3600 4707 xm

2061 4712 2172 4784 13).
2190 4715 2436 4783 Quoniam
2462 4723 2630 4777 omnia
2644 4729 2859 4783 serviunt
2884 4732 2989 4787 tibi.
3012 4734 3194 4789 Omnia
3214 4712 3416 4797 scilicet
3429 4743 3497 4798 de
3520 4712 3648 4813 qui;

2058 4805 2155 4861 bus
2173 4808 2529 4905 loquebatur;
2561 4819 2731 4872 omnia
2756 4836 2874 4891 qua!
2902 4826 3167 4893 pertinent
3194 4831 3260 4885 ad
3288 4832 3429 4889 hunc
3451 4805 3597 4891 diem
3622 4879 3642 4905 ,

2054 4899 2273 4953 serviunt
2303 4902 2409 4956 tibi.
2440 4902 2586 4973 impii
2613 4909 2808 4978 quippe
2833 4911 2902 4968 de
2927 4916 3118 4984 quibus
3144 4920 3355 4988 dicitur,
3385 4924 3540 4980 Nocti
3568 4899 3638 4981 si:

2055 4990 2226 5045 milavi
2250 5003 2460 5049 matrem
2483 5006 2695 5053 vestram
2725 5003 2741 5071 (
2769 5001 2897 5058 Osee
2920 5021 2974 5059 IV
2998 5047 3013 5073 ,
3045 5008 3079 5063 5
3100 5051 3115 5074 ,
3146 5026 3245 5065 sec.
3277 5013 3458 5088 LXX)
3484 5058 3499 5081 ,
3528 5033 3634 5074 non

2053 5081 2297 5149 serviunt
2322 5085 2436 5142 tibi.

2121 5175 2174 5230 4.
2208 5172 2357 5247 [rem
2389 5178 2504 5254 92.]
2536 5180 2736 5239 Deinde
2778 5189 3012 5256 respexit
3052 5193 3193 5249 unde
3221 5195 3479 5254 liberetur
3520 5200 3641 5258 hmo

2055 5273 2233 5333 terra,
2279 5277 2337 5322 ut
2383 5268 2595 5326 fundata
2640 5287 2985 5343 permaneat;
3032 5291 3190 5353 atque
3220 5286 3481 5356 subjecit,
3518 5290 3638 5347 Nisi

2050 5357 2186 5424 quod
2220 5358 2301 5412 lea:
2340 5369 2426 5413 tua
2463 5363 2718 5419 meditatio
2755 5383 2869 5421 mea
2911 5379 2981 5424 est
3004 5412 3020 5436 ,
3062 5381 3181 5427 tunc
3216 5376 3430 5444 forsitan
3467 5383 3637 5450 peris-

2049 5463 2154 5501 sem
2178 5448 2233 5503 in
2256 5450 2540 5506 humilitate
2576 5471 2705 5510 mea.
2738 5457 2841 5512 Ista
2882 5459 2969 5515 le:
2995 5461 3116 5518 ﬁdei
3160 5475 3279 5531 est;
3311 5483 3415 5522 non
3461 5448 3637 5526 inanis

2051 5539 2170 5593 tidei
2195 5578 2213 5604 ,
2240 5540 2333 5595 sed
2359 5558 2477 5611 qua:
2523 5560 2615 5613 per
2654 5547 2991 5606 dilectionem
3032 5564 3283 5623 operatur
3307 5556 3327 5627 (
3351 5555 3523 5613 Galat.
3556 5576 3633 5629 ν,

2049 5630 2141 5698 6).
2193 5630 2296 5685 Per
2344 5632 2476 5689 hanc
2523 5635 2835 5707 impetratur
2880 5644 3085 5711 gratia,
3132 5661 3250 5716 qua:
3300 5647 3461 5706 fortes
3504 5650 3635 5708 iacit

2113 5765 2126 5795 ί
2151 5769 2223 5812 Er.
2244 5765 2388 5827 Lugd.
2410 5775 2547 5830 \‘en.,
2591 5776 2683 5822 rsta
2703 5770 2879 5835 enim
2897 5781 2944 5825 et
2964 5774 3118 5829 omnis
3140 5776 3259 5831 dies.
3318 5787 3373 5831 η.
