4026 6202
216 359 340 416 1581

212 477 261 529 in
305 467 636 526 tribulatione
663 463 977 535 temporali,
1009 477 1078 518 ne
1119 471 1341 534 pereant
1385 462 1438 516 in
1481 458 1780 515 humilitate

210 561 434 618 mortali.

275 655 327 708 5.
361 651 506 724 [vers.
540 648 655 722 93.]
684 653 750 706 In
796 659 1076 714 (sternunt,
1125 645 1331 717 inquit,
1376 663 1478 700 non
1521 643 1782 699 obliviscar

210 744 615 814 justi/icationum
668 751 866 795 tuarum
899 781 913 804 ,
967 740 1201 810 quoniam
1251 740 1302 792 in
1350 738 1473 806 ipsis
1519 736 1780 804 viviﬁcasti

211 855 300 892 me.
330 836 470 890 Ecce
500 835 640 890 unde
669 834 861 888 factum
909 843 990 888 est
1032 841 1091 886 ut
1132 847 1238 885 non
1284 831 1478 900 periret
1519 829 1569 882 in
1601 827 1778 881 humi-

212 930 347 982 litate
377 942 490 980 sua.
520 925 651 978 Nam
688 925 794 979 Deo
822 939 926 977 non
970 923 1291 984 vivificante,
1325 919 1450 989 quid
1475 927 1554 972 est
1577 917 1734 971 homo
1761 957 1776 981 ,

210 1021 289 1090 qui
316 1017 636 1073 seoecidcre
679 1017 866 1086 potuit,
910 1015 1182 1068 vivilicare
1228 1023 1400 1066 autem
1439 1027 1541 1064 non
1569 1009 1781 1079 potest?

273 1113 322 1165 6.
347 1109 494 1182 [υετε.
517 1108 631 1182 9-ί.]
652 1109 877 1178 Subjicit
901 1107 1091 1162 deinde
1115 1121 1176 1160 ac
1197 1105 1324 1159 dicit
1344 1122 1357 1157 :
1376 1103 1517 1157 Tuus
1540 1119 1648 1156 sum
1667 1119 1776 1172 ego,

211 1205 389 1256 salvum
434 1218 510 1254 me
538 1202 658 1270 fac,
690 1200 926 1268 quoniant
951 1197 1343 1268 justificationes
1369 1205 1480 1247 tuas
1519 1193 1777 1261 exquisivi.

211 1292 312 1346 Non
340 1299 677 1345 transeunter
721 1287 1116 1357 intelligendum
1159 1295 1239 1341 est
1265 1283 1402 1354 quod
1433 1284 1630 1338 dictum
1659 1291 1741 1337 est
1761 1325 1774 1347 ,

214 1382 336 1438 Tuus
356 1401 468 1436 sunt
495 1400 605 1453 ego.
637 1381 772 1449 Quid
791 1381 941 1433 enim
970 1395 1072 1434 non
1097 1387 1178 1433 est
1203 1378 1361 1445 ejus?
1391 1379 1470 1430 An
1500 1376 1634 1430 forte
1658 1375 1778 1444 quia

214 1477 257 1529 iu
283 1477 430 1530 ctelis
453 1490 573 1530 esse
601 1473 792 1527 dicitur
823 1473 980 1536 Deus,
1013 1470 1132 1524 ideo
1161 1468 1449 1538 putandum
1479 1476 1559 1522 est
1583 1466 1780 1536 aliquid

215 1583 307 1620 non
331 1582 450 1620 esse
467 1565 580 1631 ejus
608 1563 661 1616 in
685 1573 850 1626 terra;
873 1577 991 1615 cum
1022 1561 1215 1614 clamet
1242 1558 1374 1612 alius
1401 1558 1654 1627 psalmus,
1677 1556 1784 1610 Do—

215 1657 323 1708 mini
345 1665 420 1710 est
446 1665 580 1708 terra
607 1664 652 1707 et
679 1651 936 1722 plenitudo
960 1651 1089 1721 ejus,
1109 1649 1242 1702 orbis
1269 1657 1413 1702 terra?
1436 1658 1481 1701 et
1510 1665 1678 1701 omnes
1697 1646 1784 1719 qui

215 1748 426 1802 habitant
450 1733 508 1800 in.
528 1763 584 1799 eo
607 1744 776 1818 (Psal.
803 1759 956 1804 χχιιι,
986 1743 1074 1811 l)?
1095 1741 1228 1808 Quid
1260 1751 1338 1795 est
1364 1755 1490 1808 ergo
1515 1739 1654 1809 quod
1684 1741 1782 1793 iste

215 1841 275 1894 ita
315 1856 370 1894 se
400 1835 792 1909 quodammodo
838 1833 1143 1888 familiarius
1173 1833 1280 1885 Deo
1303 1829 1780 1884 commendandum

215 1931 438 2002 putavit,
475 1938 532 1983 ut
576 1928 810 1991 diceret,
843 1925 983 1979 Tuus
1023 1942 1133 1978 sunt
1177 1940 1265 1994 ego
1289 1965 1303 1986 ,
1337 1921 1528 1975 salvum
1555 1937 1632 1973 me
1659 1923 1781 1990 fac;

215 2024 302 2077 nisi
329 2021 548 2090 intelligi
577 2020 758 2072 volens
784 2017 923 2087 quod
952 2016 1091 2070 malo
1121 2030 1216 2068 suo
1237 2028 1364 2068 suus
1389 2027 1508 2066 esse
1535 2011 1777 2075 voluerit,

214 2114 338 2184 quod
367 2123 453 2169 est
494 2110 866 2166 iuobedicntim
897 2109 1122 2176 primum
1151 2114 1203 2160 et
1231 2104 1517 2158 maximum
1546 2101 1783 2154 malum?

216 2205 274 2259 Et
312 2214 561 2271 tanquam
593 2202 812 2264 dicens,
857 2199 1005 2253 Meus
1047 2213 1167 2252 esse
1194 2195 1376 2260 volui,
1422 2204 1476 2249 et
1518 2192 1781 2263 perditum

217 2311 289 2349 me
332 2295 430 2348 feci
468 2313 480 2348 :
518 2292 659 2346 Tuus
697 2307 806 2344 sum
833 2333 848 2355 ,
899 2289 1107 2358 inquit,
1155 2287 1350 2340 salvum
1394 2301 1471 2337 me
1515 2289 1594 2354 {ac
1619 2325 1633 2347 ,
1665 2283 1783 2349 quia

217 2385 582 2452 iustiﬁcationes
622 2393 734 2434 tuas
777 2379 1059 2450 exquisivi;
1097 2393 1203 2431 non
1254 2377 1553 2430 voluntates
1596 2389 1780 2440 meas,

217 2476 390 2542 quibus
442 2474 512 2529 fui
545 2487 693 2527 meus
718 2514 732 2539 ,
764 2470 858 2526 sed
894 2469 1281 2540 justi/icationes
1329 2475 1439 2520 tuas
1462 2507 1476 2531 ,
1507 2473 1565 2520 ut
1610 2479 1782 2520 essem

217 2565 306 2632 jam
337 2575 479 2618 tuus.
1195 2546 1216 2563 .

279 2656 324 2708 7.
358 2653 514 2726 (vers.
545 2651 662 2725 93.]
695 2651 797 2716 Me,
831 2651 1018 2720 inquit,
1049 2655 1454 2719 exspectaverunt
1482 2656 1782 2716 peccatores,

217 2754 263 2797 ut
288 2746 546 2814 perderent
588 2759 706 2808 nte;
735 2741 1016 2796 testintonia
1059 2749 1222 2793 autent
1253 2749 1340 2792 tua
1377 2738 1618 2791 intellexi.
1649 2736 1787 2801 Quid

219 2845 323 2900 est,
367 2844 816 2900 exspectaverunt,
849 2843 904 2886 ut
951 2831 1258 2903 perderent?
1285 2846 1352 2884 an
1395 2830 1538 2884 velut
1582 2829 1787 2883 insidiis

220 2928 526 2982 obsederunt
552 2926 688 2979 viam
713 2967 729 2991 ,
775 2933 1146 2993 exsriectantes
1177 2931 1232 2976 ut
1256 2922 1468 2992 quando
1497 2921 1745 2975 transiret
1770 2961 1784 2986 ,

221 3016 557 3070 occiderent?
584 3014 844 3084 Numquid
873 3029 999 3084 ergo
1022 3022 1193 3067 morte
1212 3013 1452 3081 corporis
1479 3011 1650 3080 perire
1677 3026 1790 3064 me-

221 3108 432 3161 tuebat?
459 3107 630 3160 Absit.
678 3105 744 3158 Et
772 3104 894 3174 quid
922 3114 1004 3158 est
1027 3145 1040 3169 ,
1087 3121 1166 3157 nte
1205 3111 1613 3172 exspectaverunt
1637 3144 1650 3164 ,
1687 3102 1788 3154 nisi

222 3208 270 3251 ut
309 3200 390 3252 eis
435 3197 500 3251 ad
552 3197 748 3252 tnalum
791 3195 1166 3250 consentiret?
1210 3195 1361 3249 Tunc
1408 3195 1549 3250 enim
1598 3194 1789 3264 perde-

221 3299 343 3342 rent.
401 3287 550 3343 Unde
595 3296 773 3341 autem
823 3303 927 3340 non
974 3287 1188 3355 perierit
1233 3286 1370 3339 dixit
1419 3302 1431 3338 :
1484 3283 1792 3338 Testintonia

222 3391 299 3432 tua
321 3381 563 3433 intellexi.
584 3379 688 3433 Sed
717 3378 1024 3432 familiarius
1049 3377 1134 3431 hic
1152 3377 1404 3430 Ecclesiae
1430 3377 1644 3429 auribus
1661 3391 1792 3444 grte-

221 3489 330 3528 cum
361 3474 582 3528 verbum
615 3480 806 3536 sonat,
840 3471 1093 3541 Martyria
1137 3481 1220 3522 tua
1248 3470 1490 3523 intellexi.
1523 3470 1655 3535 Quia
1686 3469 1792 3522 sci-

225 3565 336 3620 licet
392 3583 474 3620 me
525 3564 624 3619 sibi
682 3579 787 3616 non
841 3561 1260 3616 consentientem
1315 3559 1522 3614 etiamsi
1580 3558 1793 3614 occide-

226 3667 333 3709 rent
356 3699 371 3720 ,
407 3665 490 3708 tua
541 3653 797 3724 martyria
843 3655 1102 3707 conlitens
1149 3667 1255 3705 non
1287 3651 1516 3721 perirem
1550 3666 1564 3703 :
1597 3650 1690 3705 sed
1723 3650 1795 3704 illi

226 3748 306 3816 qui
353 3757 410 3800 ut
459 3747 785 3816 perderent,
836 3746 1222 3813 exspectabant
1267 3743 1478 3812 quando
1523 3743 1796 3797 consenti-

227 3853 329 3890 rem
363 3878 381 3903 ,
439 3837 756 3906 torquebant
799 3835 956 3890 etiam
987 3849 1108 3888 cum
1155 3831 1460 3886 conﬁterer.
1490 3831 1596 3885 Nec
1622 3839 1796 3884 tamen

227 3931 356 3997 quod
390 3931 728 3983 intellexerat
749 3926 1082 3997 relinquebat
1107 3925 1317 3979 intuens
1341 3933 1394 3978 et
1416 3923 1605 3977 videns
1620 3923 1800 3992 utique

228 4022 335 4075 sine
365 4025 466 4075 line
497 4021 654 4074 linem
675 4059 691 4084 ,
739 4019 782 4072 si
815 4027 1186 4088 perseveraret
1215 4017 1231 4048 ³
1265 4031 1429 4084 usque
1460 4014 1512 4066 in
1545 4013 1724 4066 linem.

292 4113 344 4168 8.
385 4112 406 4184 [
435 4130 561 4166 vers.
598 4113 688 4167 96.
715 4111 736 4184 ]
767 4113 1000 4180 Denique
1050 4119 1261 4164 secutus
1304 4107 1546 4176 adjuuxit
1576 4123 1590 4160 :
1626 4104 1803 4159 Omnis

228 4206 662 4258 consummationis
722 4204 822 4257 vidi
870 4205 1062 4272 linem;
1121 4204 1278 4255 latum
1330 4200 1623 4253 mandatum
1667 4209 1806 4251 tuum

230 4297 387 4350 valde.
416 4297 706 4351 Intraverat
739 4296 932 4366 quippe
963 4295 1012 4348 in
1045 4293 1394 4348 sanctuarium
1422 4291 1535 4356 Dei,
1569 4298 1622 4345 et
1649 4289 1808 4343 intel-

229 4393 428 4446 lexerat
457 4392 508 4445 in
534 4391 815 4445 novissima
845 4389 863 4460 (
895 4387 1035 4441 Psal.
1068 4402 1239 4452 Lxxn,
1271 4387 1329 4438 l7
1361 4384 1400 4450 ).
1423 4383 1608 4438 Omnis
1631 4393 1808 4437 autem

230 4482 615 4535 cmismnmatio
667 4479 794 4534 mibi
845 4467 1204 4532 videtur‘boc
1258 4476 1376 4530 loco
1433 4473 1807 4543 intelligenda,

230 4589 396 4643 u<que
428 4572 494 4627 ad
531 4580 753 4625 mortem
784 4581 877 4640 pro
907 4570 1128 4623 veritate
1155 4575 1357 4621 certare
1380 4565 1564 4636 (Eccli.
1595 4581 1666 4630 IV,
1695 4565 1808 4633 53),

232 4673 282 4716 et
313 4679 407 4733 pro
439 4678 566 4717 vero
588 4677 649 4715 ac
675 4675 883 4714 summo
913 4659 1050 4712 bono
1078 4657 1212 4710 mala
1237 4657 1411 4709 omnia
1438 4655 1663 4708 tolerare
1687 4671 1699 4704 :
1723 4669 1814 4706 cu-

229 4755 314 4823 jus
346 4739 822 4808 consummationis
847 4751 966 4803 linis
995 4756 1076 4802 est
1100 4747 1359 4800 excellere
1391 4747 1440 4799 in
1470 4760 1632 4814 regno
1656 4742 1812 4798 Cbri-

231 4845 320 4908 sti,
354 4844 495 4914 quod
527 4859 632 4897 non
663 4842 822 4896 habet
842 4842 1032 4903 linem;
1065 4848 1117 4892 et
1146 4837 1339 4892 habere
1366 4837 1434 4891 ibi
1467 4837 1581 4889 sine
1608 4843 1813 4900 morte,

234 4938 347 4990 sine
373 4936 594 5000 dolore,
622 4943 675 4988 et
703 4947 821 4986 cum
850 4945 1041 5001 magno
1077 4929 1277 4983 honore
1307 4927 1486 4991 vitam,
1518 4935 1687 4979 morte
1718 4925 1816 4978 bu»

235 5028 316 5095 jus
342 5028 464 5080 vita:
493 5041 557 5080 ac
589 5023 862 5078 doloribus
890 5031 944 5076 et
983 5019 1280 5090 opprobriis
1307 5020 1639 5088 acquisitam:
1668 5014 1818 5082 Quod

236 5129 411 5173 autem
434 5117 670 5182 addidit,
704 5115 886 5168 Latum
910 5114 1202 5167 mandatum
1232 5123 1368 5165 tuum
1393 5111 1574 5174 valde;
1605 5125 1708 5162 non
1738 5109 1819 5162 in-

239 5211 416 5280 telligo
449 5209 547 5264 nisi
587 5208 920 5262 ebaritatem.
945 5204 1079 5274 Quid
1100 5203 1240 5257 enim
1267 5201 1551 5272 profuisset
1569 5213 1822 5269 quacum-

239 5315 339 5370 que
383 5309 554 5353 morte
585 5299 932 5363 imminente,
961 5304 1016 5350 et
1060 5295 1197 5349 inter
1237 5301 1664 5363 quantacumque
1713 5297 1823 5343 tor-

239 5399 416 5443 menta
445 5390 533 5443 illa
563 5388 816 5458 martyria
840 5385 1103 5452 conliteri,
1127 5384 1171 5438 si
1189 5384 1419 5438 cbaritas
1446 5383 1496 5436 in
1537 5380 1825 5437 confitente

241 5495 344 5533 ιιι-ιι
382 5479 557 5534 esset?
583 5479 874 5532 Audiamus
904 5476 1214 5546 Apostolnm
1241 5492 1254 5529 :
1287 5475 1394 5528 Etsi
1423 5472 1676 5526 tradidero
1696 5513 1710 5536 ,
1739 5473 1829 5525 in—

240 5570 387 5639 quit,
418 5585 599 5637 corpus
643 5583 806 5622 meum
857 5577 910 5620 ut
939 5566 1178 5630 ardeam,
1219 5564 1512 5639 charitalent
1537 5550 1704 5617 autem
1728 5578 1828 5616 non

309 5727 324 5756 ¹
354 5727 423 5775 sic
446 5725 640 5787 aliquoc
657 5731 764 5772 Mss.
807 5722 890 5773 Alii
918 5735 1034 5771 vero
1057 5735 1166 5772 cum
1190 5721 1320 5784 Μὰ,
1346 5719 1433 5772 etsi
1459 5725 1784 5784 ret‘set'en’aret
1811 5731 1826 5768 :

245 5785 370 5838 forte
397 5800 498 5851 pro,
529 5785 578 5837 ut
601 5785 669 5837 sic
694 5791 1040 5849 perseveraret.

1266 345 1661 405 ENARRATIO
1699 344 1764 402 IN
1803 345 2122 405 ρειιιιιιιι
2159 345 2385 405 CXVIII.

3326 353 3466 409 1562

1887 457 2094 511 habeant
2121 500 2136 522 ,
2167 460 2294 512 nihil
2322 460 2445 514 mihi
2468 461 2665 530 prodest
2692 459 2712 535 (
2737 459 2758 514 I
2784 457 2897 516 Cor.
2923 475 3013 516 xnt
3044 502 3057 526 ,
3087 460 3178 534 5).
3219 462 3462 522 Charitas

1885 558 2059 603 autem
2085 549 2174 602 Dei
2196 549 2383 603 dill‘usa
2411 559 2491 604 est
2518 550 2568 604 in
2593 551 2842 606 cordibus
2864 554 3058 607 nostris
3085 568 3181 623 per
3205 554 3458 624 Spiritum

1885 648 2124 693 sanctum
2148 679 2163 702 ,
2216 640 2305 708 qui
2348 639 2502 694 datus
2530 649 2612 696 est
2636 642 2786 697 nobis
2816 642 3002 715 (Rom.
3033 661 3088 708 γ,
3117 646 3210 718 5).
3264 646 3317 700 In
3361 647 3460 704 hac

1883 732 2161 787 dill‘usione
2185 732 2407 786 latitudo
2436 741 2546 792 est,
2579 734 2629 787 in
2661 749 2763 802 qua
2792 735 2906 790 sine
2929 738 3183 806 angustiis
3210 739 3292 792 via
3322 755 3460 808 quo-

1883 838 1986 892 que
2012 822 2311 876 ambulatur
2336 831 2554 891 angusta
2584 863 2600 887 ,
2628 822 2858 879 donante
2885 826 2973 879 illo
3001 827 3085 881 cui
3111 827 3306 887 dictum
3333 839 3416 884 est
3438 871 3457 896 ,

1885 914 2122 968 Dilatasti
2145 929 2343 983 gressus
2371 929 2504 966 meos
2528 913 2694 966 subter
2719 931 2795 967 nte
2813 955 2829 979 ,
2857 925 2902 968 et
2932 933 3031 969 non
3054 927 3169 970 sunt
3198 918 3456 986 inﬁrmata

1885 1004 2088 1075 vestigia
2112 1019 2222 1056 mea
2250 1002 2428 1072 (Psal.
2453 1019 2585 1065 xvn,
2610 1005 2729 1073 57).
2756 1005 2937 1058 Latum
2966 1014 3046 1060 est
3075 1022 3201 1076 ergo
3231 1008 3452 1061 manda-

1885 1103 1991 1147 tum
2023 1093 2326 1160 charitatis,
2356 1093 2657 1148 mandatum
2705 1094 2832 1148 illud
2883 1095 3149 1164 geminum
3176 1137 3190 1161 ,
3222 1110 3326 1164 quo
3368 1096 3458 1164 ju-

1884 1184 2037 1238 betur
2080 1185 2221 1240 Deus
2255 1194 2308 1239 et
2355 1185 2634 1254 proximus
2678 1183 2845 1254 diligi.
2882 1184 3016 1252 Quid
3055 1193 3230 1238 autem
3262 1184 3452 1250 latius,

1883 1292 2039 1346 quam
2083 1284 2140 1330 ut
2186 1277 2273 1331 ubi
2319 1278 2335 1308 ¹
2369 1277 2591 1346 pendeat
2621 1283 2726 1329 tota
2752 1275 2859 1329 Lex
2885 1285 2940 1330 et
2962 1290 3146 1330 omnes
3173 1274 3454 1344 PrOphette

1886 1366 2113 1439 (Matth.
2139 1383 2266 1434 xxn,
2297 1365 2537 1437 37-40)?

2500 1513 2668 1554 SERIO
2702 1515 2833 1554 XXII.

1957 1634 2006 1688 1.
2040 1631 2061 1705 [
2088 1649 2213 1687 vers.
2257 1630 2387 1704 97.]
2417 1632 2570 1702 Stepe
2595 1633 2968 1686 admonuimus
2997 1632 3307 1688 laudabilem
3341 1633 3462 1686 lati-

1885 1726 2148 1791 tudinem,
2183 1726 2232 1778 in
2271 1740 2372 1795 qua
2403 1726 2574 1779 nullas
2597 1767 2612 1792 ,
2642 1741 2770 1780 cum
2790 1725 3031 1778 mandata
3076 1725 3163 1777 Dei
3193 1723 3414 1778 facimus
3439 1763 3457 1788 ,

1885 1818 2144 1884 patiamur
2191 1816 2494 1885 angustias,
2535 1815 2925 1884 intelligendam
2977 1829 3094 1868 esse
3122 1814 3456 1869 cbaritatem.

1884 1906 2106 1975 PrOpter
2131 1905 2271 1975 quod
2300 1906 2458 1960 etiam
2487 1906 2538 1960 in
2576 1921 2766 1975 magno
2797 1906 2896 1959 isto
2917 1907 3121 1974 psalmo
3146 1921 3265 1959 cum
3295 1919 3458 1973 supe-

1884 1998 1993 2050 rius
2037 1997 2292 2061 dixisset,
2323 1995 2506 2050 Lutum
2555 1997 2848 2049 mandatum
2890 2006 3032 2048 tuam
3061 1995 3250 2059 valde;
3278 1994 3330 2048 in
3362 1995 3463 2048 hoc

1884 2088 2124 2157 sequenti
2155 2103 2315 2143 versu
2346 2088 2734 2143 ostenditunde
2757 2088 2827 2143 sit
2859 2088 3044 2150 latum,
3071 2087 3254 2141 dicens
3283 2105 3295 2140 :
3323 2087 3467 2153 Quo-

1885 2179 2034 2231 modo
2073 2179 2228 2232 dilexi
2255 2179 2412 2249 legent
2437 2189 2571 2232 tuam
2597 2221 2612 2244 ,
2645 2178 2858 2232 Domine
2884 2179 2905 2232 .'
2954 2179 3170 2233 Dilectio
3199 2187 3278 2232 est
3307 2180 3466 2248 igitur

1887 2269 2106 2323 latitudo
2134 2270 2385 2322 mandati.
2410 2269 2562 2324 Unde
2586 2269 2779 2338 quippe
2801 2269 2918 2324 lieri
2937 2278 3110 2339 potest
3135 2277 3191 2322 ut
3218 2269 3468 2338 diligatur

1886 2361 2025 2430 quod
2058 2361 2194 2414 Deus
2219 2361 2368 2426 jubet
2394 2359 2577 2429 diligi,
2625 2370 2678 2414 et
2710 2361 2818 2427 ipsa
2845 2359 3012 2428 jussio
3041 2376 3146 2412 non
3177 2360 3466 2429 diligatur?

1888 2451 2005 2519 Ipsa
2035 2460 2118 2505 est
2145 2450 2286 2504 enim
2318 2450 2422 2504 lex.
2456 2449 2598 2513 Tota,
2628 2449 2816 2513 inquit,
2849 2448 2931 2502 die
2958 2449 3213 2502 meditatio
3235 2466 3343 2501 mea
3373 2457 3462 2502 est.

1889 2541 2026 2596 Ecce
2052 2539 2318 2611 quomodo
2344 2554 2458 2594 eam
2491 2539 2647 2592 dilexi
2673 2579 2688 2598 ,
2718 2549 2773 2592 ut
2803 2547 2907 2592 tota
2937 2537 3023 2593 die
3049 2537 3324 2591 meditatio
3350 2552 3465 2590 mea

1888 2640 2029 2687 esset
2056 2649 2069 2685 :
2101 2632 2178 2685 vel
2209 2630 2399 2700 potius,
2433 2630 2569 2683 sicut
2595 2643 2797 2698 graecus
2827 2627 3006 2693 habet,
3035 2638 3190 2680 totam
3213 2629 3342 2679 diem
3364 2625 3464 2695 (ιι),

1888 2725 1975 2778 ubi
2008 2725 2173 2794 magis
2199 2723 2522 2778 continuatio
2549 2721 2852 2776 meditantis
2867 2701 3198 2788 cxpriinitur.
3223 2719 3275 2772 Id
3292 2727 3468 2771 autem

1891 2814 2192 2883 intelligitur
2222 2829 2317 2883 per
2345 2829 2502 2866 omne
2548 2822 2755 2880 tempus
2783 2852 2796 2874 ,
2826 2810 2966 2880 quod
2994 2819 3074 2863 est
3097 2825 3327 2876 semper.
3354 2806 3468 2861 Tali

1891 2915 2216 2977 expugnatur
2246 2906 2527 2960 dilectione
2553 2904 2838 2971 cupiditas,
2869 2919 2985 2970 qua:
3031 2917 3172 2970 saepe
3216 2897 3472 2953 faciendis

1889 2997 2021 3066 legis
2041 2995 2370 3065 jussionibus
2393 2993 2705 3049 eootradicit
2731 3034 2746 3057 ,
2779 2993 3188 3060 conwpisceute
3217 2989 3470 3043 adversus

1891 3088 2132 3156 Spiritum
2189 3099 2350 3139 carne
2405 3101 2419 3138 :
2464 3083 2720 3137 adversus
2775 3096 2928 3146 quam
2989 3081 3204 3148 spiritus
3272 3091 3472 3133 concu-
3554 3060 3558 3064 1

1895 3167 2100 3247 piscens
2127 3177 2145 3246 (
2169 3174 2338 3229 Galat.
2383 3189 2434 3238 v,
2459 3174 2524 3227 i7
2549 3172 2566 3241 )
2624 3172 2693 3225 ita
2719 3171 2877 3224 debet
2901 3170 3118 3239 diligere
3147 3170 3314 3238 legem
3340 3164 3470 3233 Dei,

1894 3279 1950 3320 ut
1977 3275 2136 3320 totam
2167 3265 2304 3318 diem
2344 3263 2615 3319 meditatio
2650 3263 2764 3331 ejus
2804 3261 2894 3315 sit.
2927 3261 3061 3315 Dicit
3099 3267 3274 3312 autem
3328 3259 3473 3325 Apo-

1895 3358 2061 3412 stolus
2117 3374 2128 3410 :
2165 3354 2262 3409 Ubi
2289 3364 2360 3408 est
2399 3369 2514 3424 ergo
2545 3352 2778 3423 gloriatio
2821 3352 2949 3404 tua?
2979 3349 3204 3403 Exclusa
3250 3356 3340 3401 est.
3376 3344 3475 3398 Per

1894 3464 2046 3518 quant
2088 3446 2299 3516 legent?
2348 3448 2595 3513 [actorum
2621 3442 2646 3494 ?
2689 3440 2842 3507 Non,
2887 3441 2972 3494 sed
3021 3455 3109 3508 per
3158 3439 3314 3507 legent
3353 3435 3474 3504 ﬁdei

1898 3541 1916 3610 (
1952 3541 2098 3593 Ront.
2149 3554 2240 3602 ιιι,
2269 3536 2336 3589 27
2366 3534 2410 3608 ).
2446 3535 2569 3587 Ilaec
2598 3542 2680 3587 est
2707 3531 2838 3585 lides
2867 3546 2984 3600 qua:
3014 3545 3106 3598 per
3139 3527 3479 3581 dilectionem

1899 3639 2150 3699 operatur
2171 3628 2188 3698 (
2214 3625 2385 3680 Galat.
2404 3641 2456 3688 ν,
2489 3625 2578 3693 6);
2605 3623 2852 3690 quoniam
2877 3619 3183 3689 quaerendo,
3215 3615 3441 3685 petendo
3460 3654 3478 3680 ,

1900 3718 2179 3789 pulsando,
2208 3718 2458 3786 impetrat
2483 3713 2734 3782 Spiritum
2762 3711 2954 3762 bonum
2981 3707 3127 3778 (Luc.
3153 3722 3227 3769 χι,
3254 3705 3338 3775 lt),
3366 3704 3479 3774 15),

1901 3827 1998 3882 per
2022 3825 2179 3879 quem
2203 3808 2417 3862 dilectio
2448 3808 2562 3874 ipsa
2590 3803 2897 3858 dillunditur
2929 3801 2980 3852 in
3007 3797 3482 3854 cordibusunostris

1905 3901 2092 3975 (Rom.
2117 3917 2167 3962 ν,
2191 3899 2283 3968 5).
2314 3899 2424 3951 Iloc
2454 3896 2593 3950 enim
2625 3894 2824 3963 Spiritu
2853 3891 2947 3946 Dei
2977 3890 3295 3960 quicumque
3315 3904 3482 3957 agun-

1908 4004 2011 4058 tur,
2042 3991 2092 4044 bi
2122 3990 2212 4043 ﬁlii
2241 3997 2364 4042 sunt
2394 3987 2484 4042 Dei
2513 3985 2622 4056 (Id.
2650 4000 2764 4048 vm,
2794 3982 2876 4053 14)
2914 3998 2929 4036 :
2961 3981 3050 4051 qui
3080 3980 3404 4048 recipiuntur
3428 3986 3486 4032 ut

1907 4085 2217 4138 recumbant
2245 4095 2366 4134 cum
2407 4077 2672 4132 Abraham
2705 4116 2721 4143 ,
2775 4075 2918 4129 Isaac
2956 4081 3010 4128 et
3041 4071 3202 4127 Jacob
3241 4071 3290 4123 in
3323 4084 3487 4138 regno

1909 4176 2164 4230 cmlorum
2196 4172 2214 4242 (
2244 4170 2432 4224 Matth.
2460 4186 2570 4232 Vill,
2606 4169 2664 4222 11
2691 4169 2709 4239 )
2733 4183 2748 4232 ;
2772 4164 2992 4236 expulso
3032 4177 3187 4218 servo
3214 4204 3229 4228 ,
3263 4161 3350 4231 qui
3383 4175 3488 4214 nou

1910 4278 2088 4323 manet
2114 4267 2166 4319 in
2192 4265 2352 4318 domo
2380 4263 2431 4316 in
2459 4272 2715 4316 aeternum
2753 4260 2770 4328 (
2800 4258 2957 4312 Joan.
2987 4271 3107 4321 vut,
3148 4255 3217 4309 55
3246 4254 3297 4324 );
3323 4252 3373 4306 id
3408 4259 3492 4306 est

1914 4359 2073 4414 Israel
2105 4354 2398 4412 secundum
2427 4367 2644 4408 carnem
2673 4394 2686 4415 ,
2715 4350 2799 4404 cui
2826 4349 3024 4404 dictum
3051 4353 3165 4408 est,
3199 4363 3216 4394 ι
3251 4343 3384 4397 Cum
3411 4342 3492 4395 vi-

1913 4447 2096 4503 deritis
2121 4444 2406 4510 Abraham,
2436 4443 2598 4505 Isaac,
2626 4448 2679 4494 et
2697 4433 2957 4516 Jacob,‘et
2984 4449 3172 4490 omnes
3199 4431 3494 4501 Pr0phetas

1917 4542 1967 4594 in
1997 4554 2156 4609 regno
2185 4537 2307 4601 Dei,
2342 4551 2438 4588 vos
2477 4541 2652 4587 autem
2690 4531 2881 4600 expelli
2913 4528 3074 4582 foras.
3107 4525 3170 4578 Et
3195 4523 3408 4578 venient
3429 4520 3498 4575 ab

1917 4631 2120 4686 oriente
2148 4670 2162 4693 ,
2193 4635 2247 4682 et
2274 4625 2548 4681 occidente
2573 4663 2586 4687 ,
2614 4632 2666 4676 et
2691 4620 2936 4691 aquilone
2961 4659 2975 4682 ,
3003 4625 3058 4671 et
3083 4623 3263 4669 austro
3287 4655 3300 4676 ,
3330 4621 3386 4668 et
3407 4627 3498 4665 ac-

1919 4719 2166 4775 cumbent
2211 4717 2262 4771 in
2306 4730 2469 4784 regno
2517 4713 2630 4765 Dei.
2671 4710 2736 4765 Et
2787 4724 2913 4763 ecce
2955 4715 3078 4760 sunt
3111 4702 3383 4758 novissimi
3411 4701 3501 4770 qui

1921 4819 2073 4865 erant
2120 4807 2274 4878 primi
2306 4845 2320 4870 ,
2353 4814 2406 4858 et
2461 4811 2580 4856 sunt
2631 4800 2783 4868 primi
2829 4798 2916 4867 qui
2963 4801 3114 4851 cra‘nt
3163 4792 3438 4848 novissimi
3476 4809 3495 4842 ι

1925 4900 2080 4971 (Luc.
2111 4915 2226 4962 χιιι,
2252 4894 2478 4965 28-30).
2516 4912 2534 4944 ι
2571 4892 2766 4947 Gentes
2803 4909 2821 4942 ι
2876 4897 3050 4942 autem
3079 4927 3093 4949 ,
3122 4887 3258 4939 sicut
3299 4884 3372 4936 ait
3398 4881 3506 4936 Vas

1924 4992 2238 5052 electionis,
2287 5006 2304 5040 ι
2372 5002 2488 5056 qua:
2533 5000 2635 5037 non
2689 4982 3025 5036 sectabantur
3074 4977 3366 5046 justitiam,
3409 4985 3507 5041 ap-

1928 5081 2321 5153 prehenderuut
2371 5075 2626 5147 justitiam
2673 5089 2688 5138 ;
2748 5072 3005 5141 justitiam
3035 5076 3236 5121 autem
3276 5076 3395 5132 qua:
3441 5076 3509 5115 ex

1930 5151 2031 5226 lide
2057 5181 2138 5225 est
2169 5187 2182 5223 :
2213 5168 2369 5222 Israel
2400 5178 2577 5219 autem
2608 5177 2933 5232 persequens
2960 5161 3128 5230 legem
3167 5153 3383 5226 justitire
3409 5191 3423 5215 ,
3459 5151 3508 5204 in

1928 5265 2097 5335 legeln
2124 5261 2340 5330 jnstitiae
2367 5274 2468 5313 non
2497 5257 2754 5326 pervenit.
2772 5254 2987 5322 Quare?
3013 5251 3142 5319 Quia
3165 5262 3266 5301 nou
3291 5261 3352 5300 ex
3379 5243 3503 5307 lide,

1932 5357 2025 5412 sed
2056 5353 2206 5425 quasi
2232 5347 2305 5407 ex
2335 5350 2602 5420 operibus,
2635 5347 2971 5401 oll'enderuut
3003 5344 3056 5396 in
3084 5339 3310 5410 lapidem
3342 5335 3513 5390 offen-

1932 5447 2097 5505 sionis
2135 5466 2152 5498 ι
2187 5444 2360 5517 (Rom.
2393 5440 2668 5512 1350-32
2689 5439 2726 5510 ).
2757 5439 2831 5493 Ita
2859 5436 2978 5492 facti
3000 5441 3121 5490 sunt
3143 5429 3338 5486 inimici
3361 5427 3515 5499 hujus

1937 5541 2024 5609 qui
2055 5539 2140 5605 hic
2171 5539 2222 5590 in
2252 5533 2528 5604 prophetia
2559 5531 2807 5601 loquitur.

2001 5696 2015 5727 ι
2043 5691 2188 5756 Lugd.
2215 5696 2333 5738 \‘en.
2352 5693 2405 5736 et
2427 5693 2555 5743 t.ov.,
2580 5681 2662 5732 ibi.
2760 5688 2816 5732 tu.

2000 5777 2072 5840 (ιι)
2096 5784 2222 5824 Graec
2262 5768 2368 5822 afen
2400 5766 2476 5819 ten
2498 5765 2708 5816 emeruit.
