4026 6202
464 319 605 378 i563

524 438 577 492 εὶ.
629 433 649 509 [
676 450 800 491 vers.
828 430 913 488 98.
950 426 971 503 ]
996 429 1071 484 Ac
1093 423 1285 482 deinde
1306 419 1581 493 conjungit
1620 435 1633 470 :
1668 415 1836 486 Super
1863 412 2032 509 ξηίηιξ.

458 548 545 587 cos
574 503 707 585 meos
732 540 904 595 sapere
926 521 1087 593 fecisti
1114 535 1192 575 me
1210 516 1504 573 mandatum
1534 524 1697 578 tuum,
1720 507 1958 579 quoniam
1984 503 2037 558 in

455 631 694 677 (sternunt
720 615 843 671 mihi
888 622 981 667 est.
1011 610 1089 666 llli
1119 623 1346 677 namque
1375 603 1545 659 zelum
1575 599 1784 670 quidem
1818 596 1909 651 Dei
1939 594 2035 649 ha-

458 713 618 776 bent,
645 709 747 764 sed
768 722 872 761 non
910 703 1198 761 secundum
1233 698 1526 755 scientiam.
1563 693 1867 763 ignorantes
1890 686 2034 743 enim

462 804 551 859 Dei
577 802 834 871 justitiam
856 840 871 862 ,
894 808 947 853 et
971 812 1119 851 suam
1143 801 1441 864 qtttcrentes
1461 779 2036 853 constituere,justiti:e

462 896 553 950 Dei
585 910 686 949 non
719 901 841 948 sunt
867 890 1090 958 subjecti
1122 886 1295 959 (Rom.
1322 899 1354 939 x
1378 924 1393 948 ,
1419 884 1456 936 ‘2
1474 890 1518 935 et
1544 881 1632 951 3).
1662 877 1765 935 Istc
1794 889 1920 930 vero
1946 871 2037 943 qui

458 1001 616 1054 Super
645 986 774 1039 istos
799 983 1040 1037 inimicos
1065 992 1190 1033 suos
1231 976 1368 1043 sapit
1392 971 1695 1027 mandatum
1724 967 1851 1031 Dei,
1884 966 2035 1021 iuve-

456 1079 554 1133 niri
585 1077 695 1131 vult
735 1090 856 1130 cum
905 1070 1159 1141 Apostolo
1198 1084 1301 1122 non
1330 1065 1529 1120 habens
1551 1061 1807 1133 justitiam
1847 1071 2032 1121 suam,

457 1185 575 1238 quae
600 1184 664 1222 ex
696 1167 810 1235 lege
833 1173 935 1228 est,
964 1162 1055 1218 sed
1078 1159 1333 1230 justitiam
1362 1172 1457 1226 per
1483 1153 1639 1209 iidem
1667 1150 1887 1211 Christi,
1916 1163 2035 1218 qua:

456 1253 536 1317 est
563 1277 629 1316 ex
660 1261 770 1314 Deo
798 1258 817 1327 (
851 1256 1079 1326 Philipp.
1113 1269 1190 1317 ιιι,
1220 1249 1296 1324 9)
1324 1268 1336 1303 :
1378 1263 1483 1303 non
1513 1246 1634 1317 quia
1660 1244 1745 1299 lex
1772 1256 1928 1313 quatn
1957 1239 2035 1294 le-

455 1363 585 1425 gunt
616 1351 811 1407 inimici
838 1350 972 1420 ejus,
1006 1363 1108 1401 non
1137 1354 1306 1401 estex
1336 1342 1477 1405 Deo;
1516 1338 1611 1397 sed
1639 1337 1761 1407 quia
1789 1349 1907 1391 eam
1930 1347 2035 1386 non

455 1443 686 1514 sapiunt,
720 1444 857 1496 sicut
880 1443 978 1495 iste
1006 1439 1095 1508 qui
1126 1450 1290 1507 super
1319 1433 1559 1489 inimicos
1584 1444 1709 1484 suos
1730 1442 1846 1482 eam
1874 1425 2032 1494 sapit,

458 1535 779 1592 coltznrendo
801 1533 957 1601 lapidi
982 1533 1031 1586 in
1063 1545 1217 1600 quem
1250 1527 1320 1581 illi
1343 1524 1695 1580 offenderunt.
1722 1519 1868 1575 Finis
1891 1518 2033 1573 enim

456 1630 589 1699 legis
604 1628 862 1689 Christus,
886 1623 949 1678 ad
970 1622 1223 1692 justitiam
1249 1619 1393 1674 omni
1418 1614 1653 1672 credenti
1674 1611 1849 1683 (Rom.
1872 1625 1927 1674 κ,
1952 1607 2029 1677 4),

457 1732 515 1775 ut
541 1717 897 1789 jttstilicentur
923 1712 1087 1784 gratis
1112 1727 1208 1783 per
1232 1709 1454 1780 gratiam
1483 1705 1646 1776 ipsius
1668 1702 1775 1776 (ιιι.
1800 1718 1879 1767 ιιι,
1902 1699 1993 1772 24)
2018 1715 2032 1752 :

455 1825 561 1865 non
588 1809 722 1863 sicut
753 1804 826 1860 illi
851 1804 939 1875 qtti
972 1802 1169 1856 viribus
1206 1801 1318 1855 suis
1360 1812 1419 1853 se
1452 1797 1623 1865 legem
1652 1793 1823 1849 facere
1851 1790 2036 1848 existi-

457 1911 606 1959 mant
628 1944 642 1967 ,
670 1910 727 1956 et
753 1901 870 1955 ideo
900 1901 916 1932 ¹
948 1915 1011 1953 ex
1044 1899 1160 1968 lege
1186 1895 1401 1967 quidem
1431 1892 1567 1956 Dei,
1589 1890 1682 1947 sed
1712 1904 1859 1945 suam
1876 1886 2036 1959 justi-

455 1997 582 2051 tiam
626 1994 951 2049 constituere
990 1997 1269 2060 quaerunt;
1314 1984 1409 2041 sed
1438 1982 1702 2054 quomodo
1743 1981 1881 2035 ﬁlius
1911 1993 2035 2049 pro-

455 2085 743 2149 missionis,
773 2082 861 2153 qui
889 2081 1129 2136 esuriens
1153 2085 1210 2134 et
1237 2078 1423 2132 sitiens
1450 2089 1569 2131 eam
1601 2070 1823 2145 (Matth.
1853 2085 1905 2136 v,
1933 2070 1965 2123 6
1989 2066 2034 2139 ),

456 2161 686 2248 petendo
717 2216 732 2240 ,
762 2171 1047 2243 quazrendo
1070 2213 1086 2238 ,
1118 2167 1375 2240 pulsando
1402 2163 1795 2238 quodammodo
1820 2178 1852 2218 a
1879 2161 2038 2217 Patre

456 2267 724 2323 nteudicat
754 2264 773 2338 (
803 2265 889 2319 Id.
922 2278 1017 2328 vn,
1046 2263 1077 2315 7
1102 2262 1147 2333 ),
1180 2269 1239 2316 ut
1271 2260 1550 2329 adoptatus
1575 2272 1670 2328 per
1695 2253 2036 2325 Unigenitum

456 2358 699 2428 accipiat.
726 2356 816 2416 Sic
842 2365 1015 2410 autem
1042 2352 1348 2408 mandatum
1389 2348 1481 2405 Dei
1508 2346 1721 2420 quando
1750 2344 2033 2416 sapuisset,

456 2453 558 2507 nisi
584 2467 703 2506 eum
732 2451 843 2520 ipse
862 2449 940 2504 sic
967 2463 1155 2517 sapere
1180 2445 1395 2501 fecisset
1419 2442 1506 2500 cui
1525 2441 1658 2498 dicit
1697 2458 1713 2495 :
1741 2438 1911 2511 Super
1936 2436 2038 2492 ini-

456 2545 612 2600 micas
639 2560 774 2598 meos
794 2557 970 2612 sapere
997 2540 1159 2603 fecisti
1180 2555 1260 2593 me
1297 2536 1590 2592 mandatum
1616 2542 1758 2588 tuum
1779 2533 1805 2586 ?
1832 2527 2036 2588 inimici

454 2637 651 2707 quippe
678 2636 795 2703 ejus
825 2634 896 2688 illi
921 2675 937 2699 ,
967 2632 1112 2687 velut
1153 2646 1220 2686 ex
1247 2630 1409 2701 Agar,
1455 2629 1507 2683 in
1535 2626 1842 2682 servitutem
1872 2635 2035 2694 gene-

457 2726 559 2781 rati
591 2722 799 2798 (Galat.
844 2739 930 2790 tv,
953 2722 1023 2777 24
1051 2720 1071 2794 )
1096 2763 1111 2787 ,
1142 2737 1206 2777 ex
1233 2719 1420 2776 eodem
1450 2716 1698 2772 mandato
1722 2712 2035 2783 temporalia

454 2818 670 2887 prmmia
701 2814 1056 2885 quaesierunt;
1082 2822 1128 2866 et
1159 2811 1279 2866 ideo
1300 2825 1405 2865 non
1428 2808 1522 2864 fttit
1542 2808 1646 2863 illis
1671 2808 1723 2862 in
1750 2813 2033 2871 aeternum,

455 2910 592 2964 sicut
621 2917 703 2964 est
734 2908 872 2966 huic.
904 2906 1092 2961 Melius
1118 2904 1314 2976 quippe
1342 2903 1716 2959 intellexerunt
1739 2899 1829 2971 qui
1872 2898 2039 2953 inter-

454 2994 642 3069 pretati
674 3008 797 3054 sunt
820 3000 872 3051 in
900 3008 1143 3052 azternum
1167 3038 1183 3063 ,
1219 3009 1376 3066 quam
1402 2993 1491 3064 qui
1524 2996 1589 3049 in
1611 2991 1852 3048 naculum
1875 3030 1892 3056 ,
1920 2998 2040 3044 tan-

453 3108 611 3162 quam
645 3092 791 3146 linito
816 3092 917 3145 isto
946 3090 1141 3145 sa'cnlo
1168 3088 1371 3145 nullum
1409 3086 1518 3157 jam
1549 3085 1679 3157 legis
1713 3092 1891 3155 posset
1917 3096 2038 3138 esse

455 3187 782 3242 mandatum.
815 3185 886 3238 ita
918 3198 1042 3238 vero
1078 3182 1283 3237 nullum
1325 3180 1456 3246 erit,
1482 3178 1576 3234 sed
1600 3178 1652 3232 in
1678 3176 1872 3242 tabulis
1911 3174 2039 3230 visi-

455 3275 648 3330 hilihus
676 3274 928 3345 librisque
955 3271 1312 3340 conscriptum
1344 3286 1358 3323 :
1388 3268 1439 3322 in
1472 3267 1663 3322 tabulis
1687 3281 1815 3321 vero
1836 3264 2034 3331 cordis,

455 3368 668 3423 dilectio
698 3368 791 3422 Dei
834 3374 889 3421 et
916 3363 1140 3435 proximi
1168 3361 1404 3418 manebit
1440 3360 1492 3414 in
1518 3368 1775 3415 :rternum
1805 3373 1821 3423 ;
1852 3357 1904 3411 in
1928 3370 2038 3427 quo

455 3457 705 3512 mandato
769 3454 1035 3526 geminato
1083 3460 1190 3508 tota
1248 3452 1356 3507 Lex
1402 3449 1599 3523 pendet
1646 3457 1701 3504 et
1758 3446 2038 3518 PrOpheta:

456 3549 680 3623 (Matth.
728 3563 857 3615 xxu,
889 3545 1091 3619 57-40)
1143 3564 1156 3602 :
1204 3544 1413 3615 eritque
1460 3542 1734 3614 prtemium
1788 3539 2037 3596 custoditi

455 3635 689 3696 mandati
720 3639 875 3711 hujus
905 3638 1018 3710 ipse
1042 3635 1339 3698 mandator,
1363 3642 1421 3689 et
1440 3632 1718 3705 prmmium
1737 3628 2039 3686 dilectionis

455 3733 570 3803 ipse
612 3732 870 3796 dilectus,
918 3728 1129 3802 quando
1172 3728 1273 3784 erit
1315 3727 1458 3784 Deus
1500 3725 1677 3782 omnia
1708 3724 1761 3779 in
1790 3722 2038 3780 omnibus

457 3823 519 3892 (1
546 3824 660 3880 Cor.
690 3840 779 3891 xv,
809 3821 935 3893 28).

524 3918 578 3972 5.
620 3915 794 3991 [vers.
823 3913 957 3989 99.]
988 3912 1094 3970 Sed
1145 3912 1272 3984 quid
1320 3920 1403 3967 est
1449 3909 1553 3966 hoc
1593 3908 1743 3982 quod
1776 3907 2034 3981 sequitur,

458 4009 627 4078 Super
667 4025 837 4063 omnes
867 4007 1097 4062 docentes
1138 4022 1217 4060 tne
1244 4003 1512 4059 intellexi?
1538 4003 1666 4070 Quis
1695 4002 1906 4058 estiste
1947 4000 2038 4072 qtti

457 4116 616 4170 super
635 4115 821 4155 otnnes
844 4098 1094 4155 docentes
1121 4114 1178 4153 se
1209 4094 1512 4153 intellexit?
1536 4095 1654 4166 quis
1674 4104 1775 4159 est,
1800 4094 2036 4163 inquam,

457 4191 546 4261 qui
571 4206 731 4261 super
758 4205 943 4246 omnes
981 4188 1292 4259 Prophetas,
1324 4187 1413 4259 qui
1439 4202 1544 4242 non
1572 4187 1744 4242 solum
1775 4184 2040 4256 loquendo

458 4298 554 4339 cos
579 4283 667 4353 qui
706 4296 887 4336 secum
919 4280 1203 4346 vixerunt,
1236 4295 1418 4334 verum
1446 4279 1603 4333 etiam
1633 4276 1912 4333 scribendo
1938 4291 2039 4347 po-

458 4383 633 4439 steros
663 4382 767 4427 tam
797 4372 1073 4426 excellenti
1098 4372 1411 4425 auctoritate
1437 4370 1731 4424 docuerunt
1756 4410 1769 4430 ,
1798 4367 1957 4422 audet
1982 4380 2040 4421 se

461 4463 806 4536 intelligendo
832 4462 1180 4534 praeponere?
1224 4461 1493 4518 Salomoni
1523 4460 1733 4531 quidem
1779 4468 1919 4514 tanta
1959 4465 2042 4514 est

458 4542 652 4610 donata
683 4553 940 4624 sapientia
973 4595 987 4619 ,
1019 4561 1078 4608 ut
1121 4553 1278 4608 etiam
1306 4551 1411 4606 lllS‘
1437 4550 1685 4606 omnibus
1713 4551 1800 4621 qui
1832 4549 2041 4604 fuerunt

460 4656 585 4702 ante
610 4646 780 4712 illum,
812 4644 1055 4701 videatur
1080 4659 1199 4700 esse
1222 4643 1469 4714 prmlatus
1499 4641 1606 4716 (lll
1639 4641 1762 4713 Reg.
1796 4656 1874 4707 ιιι,
1901 4640 2038 4712 12);

461 4738 553 4794 sed
579 4754 684 4794 non
714 4745 797 4794 est
818 4737 1137 4793 credendum
1187 4737 1356 4807 ipsum
1407 4735 1491 4790 hic
1516 4750 1544 4788 a
1571 4744 1852 4807 patresuo
1881 4730 2041 4786 David

462 4830 699 4902 potuisse
724 4827 1065 4900 prophetari;
1097 4827 1327 4882 maxime
1355 4826 1477 4896 quia
1503 4824 1605 4881 dici
1634 4838 1740 4878 non
1776 4829 1957 4892 posset
1976 4836 2043 4875 ex

463 4933 691 4994 persona
719 4919 1019 4975 Salomonis
1041 4918 1179 4988 quod
1207 4917 1293 4972 hic
1321 4916 1534 4982 dicitur,
1564 4913 1638 4967 Ab
1668 4912 1805 4967 omni
1830 4912 1909 4965 via
1938 4927 2044 4964 ma-

462 5013 601 5083 ligna
630 5010 863 5082 prohibui
892 5011 1041 5082 pedes
1067 5028 1221 5066 meos.
1252 5010 1418 5064 Porro
1446 5008 1511 5073 si,
1543 5007 1685 5078 qttod
1706 5012 1788 5061 est
1811 5013 2048 5075 accepta.

462 5103 643 5170 bilius,
669 5102 937 5159 Chrismm
966 5101 1285 5173 praenuntiat
1312 5103 1410 5156 iste
1438 5098 1716 5171 propheta,
1747 5113 1887 5153 nunc
1908 5112 1937 5151 a
1959 5112 2046 5150 ca-

462 5198 568 5266 pite
589 5197 728 5268 quod
752 5205 835 5252 est
854 5196 968 5267 ipse
990 5192 1250 5261 Salvator,
1275 5210 1416 5250 nunc
1435 5193 1502 5248 ab
1522 5193 1638 5263 ejus
1662 5203 1883 5261 corpore
1904 5187 2047 5259 quod

460 5298 541 5351 est
569 5288 829 5352 Ecclesia,
857 5288 1017 5343 verba
1063 5285 1372 5357 prophetica
1398 5285 1643 5357 digerens
1661 5324 1675 5347 ,
1714 5291 1767 5338 et
1797 5291 2045 5351 tauquam

461 5393 626 5439 unum
658 5378 965 5449 loquentem
997 5377 1194 5433 faciens
1218 5418 1231 5440 ,
1265 5384 1480 5447 propter
1507 5389 1753 5446 magnum
1800 5371 1928 5428 illud
1959 5387 2046 5426 sa-

463 5482 794 5531 cramentum
819 5512 833 5533 ,
879 5471 965 5525 ubi
996 5470 1193 5526 dictum
1222 5480 1303 5525 est
1328 5510 1342 5534 ,
1372 5467 1538 5523 Erunt
1576 5468 1677 5521 duo
1706 5466 1758 5520 in
1779 5482 1929 5519 carne
1950 5480 2049 5518 una

464 5557 693 5632 (Ephes.
726 5562 895 5628 v,5l,
938 5562 1086 5634 32);
1113 5575 1344 5633 agnosco
1388 5575 1509 5614 eum
1561 5559 1717 5629 plane
1753 5555 1842 5627 qui
1889 5569 2051 5624 super

468 5702 641 5810 μιξτξξ·
675 5676 877 5757 θὶίλονον
895 5699 1004 5750 ideo
1025 5711 1117 5751 non
1139 5710 1202 5749 ea:
1226 5694 1346 5762 lege,
1373 5704 1469 5747 etc.
1491 5696 1654 5756 Abest,
1678 5704 1789 5755 non,
1810 5705 1838 5743 a
1852 5692 2051 5743 cmtcris

1684 300 1740 357 S.
1784 291 2147 359 AUGUSTINI
2178 293 2485 352 EPISCOPI

3582 295 3734 351 liii-5

2147 426 2332 466 omnes
2358 410 2611 467 docentes
2635 425 2695 466 se
2739 409 2995 467 intellexit
3020 449 3036 476 ,
3069 408 3285 480 quando
3315 422 3432 462 cum
3468 420 3611 464 e~set
3633 426 3743 464 an-

2149 518 2338 557 norum
2367 503 2664 568 duodecim,
2697 504 2954 558 remansit
2983 516 3115 568 puer
3143 500 3301 556 Jcsus
3322 501 3373 555 in
3403 494 3735 569 Jerusalmu,

2142 602 2198 650 et
2220 609 2248 647 ει
2278 594 2588 663 parentibus
2635 593 2747 649 suis
2778 593 2795 625 ¹
2824 600 2944 663 post
2974 592 3204 647 triduum
3237 592 3485 648 inventus
3511 604 3591 647 cst
3621 584 3740 649 illic

2144 685 2196 739 in
2229 685 2424 754 templo
2461 685 2654 741 sedens
2683 685 2821 739 inter
2848 683 3094 739 doctores
3119 724 3132 745 ,
3161 683 3384 738 audiens
3412 683 3528 738 illos
3553 694 3603 737 ct
3648 686 3739 737 in-

2144 783 2454 846 terrogans;
2485 776 2568 831 ubi
2599 775 2880 845 stupebant
2908 790 3095 829 omnes
3132 775 3221 846 qui
3254 790 3372 830 eum
3401 776 3693 831 audii-haut
3716 818 3734 838 ,

2144 885 2303 938 super
2329 869 2603 939 prudentia
2629 878 2683 924 et
2705 868 3107 938 responsiscjus
3133 868 3283 941 (Luc.
3306 885 3359 934 tt,
3382 869 3594 939 42.47).
3620 870 3739 925 Nec

2144 959 2429 1021 immerito,
2448 958 2535 1029 qui
2559 974 2653 1029 per
2669 959 2823 1014 istam
2844 958 3174 1028 pr0pltctiam
3200 966 3344 1012 tanto
3363 959 3732 1025 antedivorat,

2146 1052 2313 1121 Super
2334 1069 2505 1107 omnes
2529 1052 2760 1106 docentes
2788 1068 2866 1105 me
2888 1052 3129 1105 intellexi.
3164 1049 3363 1106 Omnes
3382 1051 3522 1105 cuitu
3545 1053 3738 1119 utique

2147 1142 2390 1198 homines
2412 1143 2520 1196 vult
2547 1142 2782 1211 intelligi,
2807 1156 2909 1195 non
2933 1142 3095 1195 Deum
3121 1142 3328 1197 Patrem
3346 1159 3361 1206 ;
3378 1141 3443 1196 de
3462 1158 3569 1213 quo
3595 1142 3738 1197 dicit

2142 1235 2255 1303 ipse
2285 1233 2469 1299 Filius,
2505 1234 2649 1288 Sicut
2674 1233 2841 1285 docuit
2871 1249 2949 1286 me
2986 1230 3161 1293 Pater,
3185 1233 3292 1286 haec
3322 1234 3499 1304 loquor
3527 1232 3728 1305 (Jomr.

2138 1341 2254 1390 vui,
2280 1324 2409 1397 28).
2446 1325 2594 1393 Quod
2623 1324 2935 1378 difﬁcillime
2969 1339 3030 1377 ex
3066 1337 3289 1392 persona
3326 1322 3480 1376 Verbi
3532 1324 3735 1378 intelli-

2140 1416 2314 1485 gitur;
2368 1416 2467 1469 nisi
2507 1416 2625 1485 quis
2667 1424 2953 1484 utcumque
2997 1429 3187 1483 capere
3212 1415 3383 1469 valeat
3412 1414 3462 1469 id
3492 1432 3609 1470 esse
3637 1415 3735 1469 Fio

2141 1506 2268 1560 lium
2288 1520 2317 1559 a
2335 1505 2491 1560 Patre
2512 1506 2746 1570 doctum,
2767 1503 2906 1575 quod
2933 1505 3191 1574 genitum.
3215 1503 3309 1558 Cui
3339 1505 3479 1559 enim
3508 1520 3610 1557 non
3640 1513 3735 1560 est

2141 1595 2282 1651 aliud
2309 1610 2447 1660 esse,
2478 1594 2619 1649 aliud
2657 1595 2870 1650 doctum
2896 1610 3036 1660 esse,
3068 1595 3161 1651 sed
3190 1595 3329 1666 quod
3359 1595 3431 1649 illi
3461 1606 3542 1651 est
3570 1613 3693 1651 esse
3715 1638 3733 1660 ,

2141 1687 2243 1743 hoc
2269 1696 2353 1742 est
2377 1688 2589 1743 doctum
2633 1702 2786 1754 esse;
2817 1687 3056 1757 profecto
3083 1703 3112 1740 a
3141 1703 3245 1759 quo
3272 1689 3320 1744 ei
3363 1698 3445 1744 est
3472 1704 3589 1744 csse
3612 1732 3626 1754 ,
3656 1690 3738 1745 ab

2141 1779 2236 1833 illo
2255 1778 2413 1833 simul
2439 1779 2487 1835 ei
2516 1787 2595 1834 est
2625 1778 2840 1833 doctum
2868 1792 3006 1833 esse.
3043 1777 3120 1832 Ex
3151 1793 3375 1848 persona
3398 1795 3526 1833 vero
3552 1778 3737 1834 homi-

2141 1871 2245 1936 nis,
2273 1869 2361 1933 ubi
2392 1870 2613 1924 formam
2654 1869 2794 1924 servi
2838 1869 3042 1939 accepit
3069 1868 3089 1940 (
3118 1868 3347 1940 Philipp.
3379 1870 3492 1935 u,_7
3519 1869 3559 1941 ).
3595 1870 3733 1924 faci-

2144 1959 2246 2015 lius
2276 1958 2586 2030 intelligitur
2612 1974 2640 2012 τι
2684 1960 2840 2013 Patre
2866 1958 3114 2013 didicisse
3139 1974 3257 2028 qua:
3290 1958 3423 2013 dixit
3469 1976 3482 2013 :
3525 1959 3576 2013 in
3622 1975 3734 2028 qua

2141 2049 2314 2106 forma
2340 2051 2479 2105 servi
2506 2049 2874 2113 constitutum,
2909 2049 3139 2104 maxime
3160 2064 3404 2119 puerum,
3437 2060 3737 2120 potuerunt

2140 2154 2263 2196 eum
2304 2140 2550 2195 homines
2593 2140 2809 2210 majoris
2837 2139 3008 2194 aetatis
3049 2139 3346 2203 docendum
3380 2149 3597 2211 putare,
3629 2134 3737 2196 Sed

2141 2230 2229 2287 ille
2256 2246 2415 2301 quem
2440 2230 2598 2286 Pater
2623 2229 2804 2286 docuit
2825 2271 2840 2295 ,
2869 2244 3031 2300 super
3066 2244 3254 2285 omnes
3279 2228 3533 2285 docentes
3559 2246 3618 2286 se
3638 2231 3734 2285 in-

2141 2324 2360 2380 tellexit.
2393 2322 2524 2391 Quia
2546 2322 2849 2389 testimonia,
2880 2321 3068 2393 inquit,
3098 2331 3183 2375 tua
3214 2322 3470 2376 meditatio
3498 2340 3609 2377 mea
3629 2332 3732 2377 est.

2141 2416 2269 2473 Ideo
2294 2430 2457 2485 super
2480 2429 2667 2470 omnes
2688 2413 2946 2476 docentes
2965 2428 3024 2469 se
3050 2412 3395 2483 iutelligebat,
3422 2413 3543 2484 quia
3572 2414 3733 2467 testi-

2140 2509 2319 2565 monia
2362 2507 2463 2563 Dei
2513 2505 2869 2561 meditabatur
2920 2524 2934 2561 :
2977 2521 3095 2575 qua:
3123 2505 3314 2560 melius
3354 2520 3511 2575 quam
3540 2504 3615 2559 illi
3656 2504 3737 2561 de

2140 2600 2317 2672 seipse
2334 2606 2573 2664 noverat,
2597 2597 2687 2669 qui
2706 2597 2933 2661 dicebat,
2947 2615 2965 2651 ι
2989 2595 3097 2652 \los
3117 2596 3336 2651 misistis
3359 2595 3423 2649 ad
3439 2594 3741 2663 Joannem,

2139 2702 2196 2749 et
2235 2690 2597 2748 testimonium
2642 2688 2911 2761 perhibuit
2953 2686 3160 2743 veritati
3202 2705 3216 2741 :
3260 2702 3359 2757 ego
3401 2696 3577 2741 autem
3616 2701 3732 2739 non

2138 2784 2209 2841 ab
2228 2783 2444 2839 homine
2473 2781 2831 2839 testimonium
2859 2780 3063 2851 accipio
3085 2822 3100 2846 ,
3130 2779 3222 2835 sed
3254 2778 3369 2835 lucc
3394 2778 3513 2833 dico
3537 2785 3594 2832 ut
3628 2794 3735 2835 vos

2140 2876 2272 2930 salvi
2309 2875 2445 2930 sitis.
2475 2873 2570 2929 llle
2589 2880 2702 2927 erat
2729 2871 2943 2928 lucerna
2968 2870 3163 2925 ardens
3183 2880 3239 2925 et
3267 2870 3449 2925 lucens
3464 2883 3480 2935 ;
3509 2884 3603 2923 vos
3624 2885 3734 2922 au-

2141 2976 2247 3024 tem
2277 2966 2517 3023 voluistis
2531 2963 2799 3021 exsultare
2820 2963 2885 3017 ad
2905 2962 3089 3017 horam
3116 2962 3166 3016 in
3196 2961 3315 3017 luce
3337 2960 3453 3030 ejus
3476 2978 3490 3015 :
3512 2975 3610 3028 ego
3628 2976 3736 3015 au-

2140 3068 2248 3116 tem
2281 3057 2453 3113 habeo
2499 3042 2860 3112 testimonium
2913 3054 3088 3124 majus
3116 3052 3323 3108 Joanne
3377 3070 3396 3105 ι
3430 3049 3450 3123 (
3485 3049 3641 3104 Joan.
3664 3067 3734 3115 ν,

2141 3150 2313 3208 55-56
2333 3149 2375 3223 ).
2409 3147 2557 3204 Talia
2584 3145 2888 3202 testimonia
2916 3144 3290 3210 meditabatur,
3323 3141 3536 3215 quando
3564 3156 3735 3213 super

2140 3255 2329 3297 omnes
2352 3239 2606 3295 docentes
2634 3251 2692 3292 se
2721 3234 3000 3291 intellexit.

2210 3333 2264 3388 4.
2309 3330 2479 3405 [υενε.
2522 3327 2686 3403 100.]
2725 3326 2803 3384 llli
2850 3335 3027 3383 autem
3058 3324 3304 3381 doctores
3348 3339 3455 3378 non
3495 3323 3735 3379 absurde

2142 3423 2503 3493 intelliguntur
2527 3421 2686 3476 etiam
2715 3418 2815 3490 ipsi
2844 3432 2963 3474 esse
2983 3417 3221 3472 seniores
3241 3457 3255 3482 ,
3286 3415 3354 3470 de
3378 3415 3571 3485 quibus
3590 3431 3731 3469 con-

2141 3517 2289 3571 tinuo
2308 3513 2477 3578 dicit,
2512 3513 2682 3582 Super
2724 3509 2943 3565 seniores
2984 3507 3230 3563 intellexi.
3261 3505 3411 3574 Quod
3443 3505 3564 3561 ideo
3595 3504 3735 3561 mihi

2141 3623 2206 3665 eo
2230 3606 2390 3663 modo
2430 3604 2715 3676 repetitum
2746 3601 2954 3658 videtur
2976 3641 2991 3667 ,
3018 3610 3077 3655 ut
3106 3599 3259 3653 nobis
3286 3597 3401 3653 iure
3429 3596 3737 3668 legentibus

2141 3701 2229 3757 illa
2258 3709 2388 3755 tetas
2428 3698 2544 3769 ejus
2574 3696 2781 3753 veniret
2807 3694 2857 3749 in
2903 3702 3135 3749 mentem
3165 3734 3180 3757 ,
3211 3707 3328 3763 qua:
3358 3692 3513 3746 nobis
3567 3691 3734 3745 inno-

2141 3793 2241 3849 tuit
2282 3807 2347 3848 ex
2389 3789 2675 3860 Evangelio
2698 3827 2714 3850 ,
2740 3800 2844 3858 qua
2873 3792 3027 3840 acute
3052 3784 3240 3855 puerili
3270 3783 3409 3838 inter
3432 3790 3588 3836 atate
3611 3797 3738 3836 ma-

2136 3885 2303 3955 jores,
2327 3882 2428 3938 hoc
2453 3891 2564 3949 est,
2591 3879 2769 3951 junior
2791 3878 2928 3932 inter
2951 3877 3189 3932 seniores
3219 3875 3458 3937 sedebat,
3481 3884 3536 3930 et
3561 3889 3734 3945 super

2142 3990 2329 4031 omnes
2354 3973 2609 4029 docentes
2637 3985 2698 4027 se
2721 3967 3070 4039 intelligebat.
3095 3966 3281 4023 Solent
3306 3967 3447 4021 enim
3471 3966 3652 4037 junior
3668 3976 3735 4023 et

2143 4067 2322 4123 senior
2349 4064 2419 4120 ad
2454 4064 2681 4120 invicem
2721 4060 2825 4116 dici
2875 4060 3051 4115 minor
3081 4067 3135 4114 et
3178 4058 3366 4128 major,
3398 4058 3499 4112 etsi
3540 4064 3738 4111 neuter

2143 4173 2328 4214 eorum
2357 4155 2511 4211 senili
2542 4153 2770 4233 accessit
2799 4159 2892 4206 aut
2933 4150 3306 4221 propinquavit
3346 4149 3488 4204 artati
3515 4166 3528 4201 :
3553 4162 3730 4218 quan-

2141 4266 2298 4322 quam
2326 4249 2369 4305 si
2395 4257 2451 4304 et
2474 4260 2785 4317 expressum
2825 4258 3020 4299 nomen
3046 4243 3320 4297 seniorum
3359 4241 3412 4295 in
3439 4239 3736 4308 Evangelia

2144 4343 2367 4399 velimus
2406 4339 2677 4410 inquirere
2696 4378 2711 4403 ,
2754 4350 2914 4406 supra
2944 4349 3079 4406 quos
3110 4332 3399 4397 intellexit,
3428 4331 3741 4386 invenimus

2143 4434 2355 4507 quando
2380 4432 2431 4489 ei
2455 4432 2707 4487 dixerunt
2741 4428 2943 4486 Scribze
2966 4435 3022 4482 et
3050 4424 3303 4481 Phariszci
3324 4466 3339 4492 ,
3371 4423 3542 4489 Quare
3577 4421 3742 4475 disci-

2144 4529 2253 4599 puli
2298 4525 2370 4579 tui
2413 4520 2850 4594 transgrediuntur
2895 4516 3215 4571 traditionem
3266 4516 3520 4570 seniorum
3537 4514 3572 4567 ?.
3609 4510 3739 4568 Non

2145 4620 2277 4674 enim
2302 4618 2469 4672 lavant
2498 4628 2677 4668 manus
2705 4626 2844 4677 suas,
2875 4625 2989 4663 cum
3014 4624 3197 4679 panem
3234 4606 3565 4660 mandarunt.
3593 4603 3740 4660 Ecce

2147 4710 2352 4777 objecta
2376 4716 2458 4763 est
2481 4704 2531 4761 ei
2559 4701 2914 4773 transgressio
2954 4698 3253 4754 traditionis
3294 4696 3588 4752 seniorum.
3621 4695 3739 4751 Sed

2146 4802 2235 4873 qui
2278 4814 2440 4870 super
2466 4796 2707 4852 seniores
2746 4782 3038 4857 intellexit,
3070 4789 3196 4862 quid
3230 4789 3310 4844 eis
3352 4786 3693 4857 responderit
3720 4828 3739 4852 ,

2147 4893 2462 4948 audiamus:
2492 4889 2697 4957 Quare,
2729 4885 2930 4956 inquit,
2961 4892 3007 4939 et
3033 4899 3115 4938 ros
3146 4881 3556 4953 lransgredimini
3583 4897 3741 4933 man-

2148 4986 2322 5040 datum
2346 4981 2445 5036 Dei
2482 4988 2690 5052 propter
2710 4977 3034 5033 traditionem
3061 4973 3319 5030 vestram?
3349 4973 3545 5027 Deinde
3572 4972 3742 5044 paulo

2152 5086 2303 5150 post,
2330 5083 2390 5129 ut
2426 5087 2533 5128 non
2560 5056 2746 5128 solum'
2766 5070 2880 5139 ipse
2905 5066 2997 5139 qui
3026 5074 3107 5122 est
3142 5074 3299 5135 caput
3323 5063 3567 5134 corporis
3588 5103 3605 5129 ,
3640 5077 3743 5117 ve-

2152 5184 2266 5225 rum
2312 5166 2473 5222 etiam
2516 5175 2710 5232 corpus
2739 5161 2910 5231 ipsum
2957 5166 3012 5214 et
3036 5157 3276 5222 membra
3306 5156 3424 5224 ejus
3464 5168 3630 5225 super
3650 5168 3750 5209 sc-

2151 5261 2329 5315 uiorcs
2351 5257 2469 5312 illos
2494 5254 2872 5324 intelligerent,
2894 5265 3122 5321 quor-tm
3145 5247 3360 5303 traditio
3397 5246 3464 5302 de
3494 5244 3746 5301 lavandis

2152 5352 2399 5407 manibus
2423 5348 2721 5411 ferebatur;
2743 5343 3055 5400 convocatis
3080 5341 3147 5397 ad
3170 5358 3229 5397 se
3257 5340 3425 5396 turbis
3453 5340 3591 5397 dixit
3610 5339 3693 5394 eis
3725 5354 3744 5394 :

2152 5445 2354 5508 Audite,
2383 5453 2429 5496 et
2455 5439 2739 5511 intelligite.
2765 5436 3041 5507 Tanquam
3078 5433 3320 5489 diceret:
3353 5432 3527 5501 Super
3553 5430 3750 5486 senio-

2154 5553 2243 5593 res
2269 5535 2389 5590 illos
2412 5541 2465 5589 et
2493 5546 2587 5586 vos
2614 5527 2908 5599 intelligite,
2937 5536 2994 5582 ut
3022 5525 3184 5581 etiam
3212 5522 3283 5580 de
3316 5522 3467 5578 vobis
3498 5522 3590 5576 illa
3619 5535 3756 5591 pro.

2156 5629 2333 5703 phetia
2358 5608 2556 5682 clareat
2580 5639 2700 5680 esse
2720 5621 3013 5694 pnemissa,
3040 5618 3210 5688 Super
3230 5617 3451 5673 seniores
3475 5614 3753 5685 intellexi;

2223 5748 2239 5779 ³
2267 5753 2366 5799 Am.
2389 5750 2442 5794 et
2459 5750 2585 5797 ruas...
2609 5737 2977 5805 aquwrcntibus
2998 5734 3118 5790 suis.
