3964 6204
214 308 372 366 1365

205 437 319 476 nec
353 420 520 476 solum
566 420 746 489 capiti,
791 424 1177 478 verum~etiam
1206 427 1437 494 corpori,
1471 443 1531 481 ac
1557 428 1634 483 sic
1675 429 1796 482 uni-

207 527 376 567 Ver-So
413 512 628 568 Christo
675 523 851 580 aptata
897 517 1195 570 conveniat.
1229 516 1348 571 Non
1391 521 1527 589 quod
1555 521 1710 574 intrat
1747 523 1799 575 in

203 625 290 669 os,
331 608 620 675 coinquinat
645 606 934 671 hominem}
961 609 1048 661 sed
1075 609 1209 674 quod
1233 612 1456 678 procedit
1490 629 1551 666 ea:
1574 629 1677 678 ore,
1705 614 1797 668 hoc

201 701 503 770 coinquinat
520 700 790 753 hominem.
812 700 922 755 Hoc
938 701 1177 756 seniores
1197 703 1266 757 illi
1287 719 1390 756 non
1415 703 1792 774 intelligebant,

203 793 297 859 qui
336 791 406 844 de
449 791 685 845 lavandis
729 793 972 846 manibus
1011 807 1103 846 sua
1140 795 1282 848 velut
1323 811 1506 864 magna
1544 797 1789 851 mandata

204 880 565 934 tradiderant.
592 881 703 949 lpsa
728 898 938 951 quoque
967 868 1204 937 membra
1233 885 1418 954 capitis
1449 885 1602 952 hujus
1633 902 1792 955 super

199 974 450 1026 seniores
481 974 841 1044 intelligentis,
875 976 1106 1029 nondum
1139 977 1274 1045 quod
1303 977 1368 1029 ab
1393 993 1457 1031 eo
1484 979 1680 1032 dictum
1711 988 1792 1034 est

202 1068 605 1121 intellexerant.
634 1069 870 1137 Denique
896 1080 1015 1139 post
1048 1087 1208 1138 pauca
1239 1075 1568 1141 respondens
1603 1075 1791 1129 Petrus

199 1158 344 1212 dixit
363 1160 410 1213 ei
431 1177 442 1210 :
466 1158 698 1215 Edissere
717 1161 856 1214 nobis
874 1163 1163 1229 parabolam
1181 1165 1350 1218 istum.
1381 1165 1600 1219 Putabat
1618 1167 1789 1220 adhuc

199 1264 324 1303 esse
375 1251 709 1318 parabolam,
751 1251 889 1321 quod
944 1253 1196 1306 Dominus
1236 1255 1350 1308 sine
1395 1256 1572 1322 liguris
1622 1255 1789 1310 fuerat

202 1341 470 1395 elocutus.
515 1345 581 1394 At
632 1343 720 1396 ille
769 1343 938 1397 dixit:
985 1344 1165 1398 Adhuc
1203 1353 1248 1398 et
1281 1362 1364 1400 vos
1404 1347 1784 1400 sincintellectu

200 1431 351 1485 estis?
378 1430 494 1484 Non
539 1432 820 1502 intelligitis
857 1435 974 1504 quia
999 1451 1146 1490 omne
1179 1438 1314 1499 quod
1351 1437 1400 1490 in
1439 1454 1493 1489 os
1520 1438 1706 1504 intrat,
1732 1439 1785 1491 in

199 1534 421 1576 rpntrem
448 1523 601 1587 vadit,
630 1535 676 1576 et
693 1525 744 1576 in
773 1541 1016 1578 secessum
1045 1528 1304 1592 emittitur;
1332 1543 1443 1595 qua:
1469 1538 1632 1580 autem
1660 1545 1780 1599 pro-

198 1615 386 1667 cedunt
414 1615 475 1666 de
499 1632 602 1677 ore,
630 1616 693 1669 de
717 1617 867 1669 corde
894 1629 1093 1683 exeunt,
1115 1631 1160 1670 et
1184 1635 1241 1670 ea
1269 1620 1593 1687 coinquinant
1621 1620 1782 1671 homi-

204 1723 316 1758 nem
356 1705 581 1777 (Matth.
613 1723 699 1770 xt',
730 1708 918 1776 l-is)?
954 1708 1137 1763 Adhuc
1161 1717 1213 1764 et
1243 1724 1338 1762 vos
1365 1709 1481 1762 sine
1511 1710 1781 1764 intellectu

197 1797 353 1860 estis,
375 1807 426 1850 et
443 1812 604 1866 super
623 1797 744 1852 illos
763 1799 1001 1852 seniores
1029 1793 1132 1852 non
1157 1798 1604 1870 intelligitis?Sed
1626 1800 1782 1868 plane

194 1889 301 1955 jam
333 1905 473 1942 nunc
513 1889 694 1943 audito
724 1890 811 1943 tali
859 1892 1131 1959 magistro,
1162 1892 1332 1960 capite
1373 1901 1574 1958 nostro,
1609 1901 1781 1960 potest

198 1981 564 2048 Unusquisque
592 1989 830 2032 nostrum
861 1979 1060 2044 dicere,
1096 1981 1262 2051 Super
1287 1984 1506 2035 seniores
1532 1983 1774 2036 intellexi.

195 2069 327 2122 Nam
367 2070 523 2122 etiam
570 2070 778 2138 cerpnri
816 2072 1056 2139 congruit
1091 2071 1231 2140 quod
1275 2083 1489 2127 secutus
1516 2073 1775 2140 adjnnxit,

199 2164 330 2228 Quia
360 2162 599 2214 mandata
628 2172 713 2215 tua
740 2163 997 2232 exquisivi.
1036 2161 1281 2216 Mandata
1308 2174 1394 2216 tua
1414 2206 1427 2226 ,
1472 2179 1574 2218 non
1615 2180 1768 2217 man-

198 2255 315 2308 data
350 2254 624 2307 lt0u:it1ttm
658 2273 671 2308 :
703 2255 945 2306 mandata
991 2265 1078 2307 tua
1102 2295 1117 2320 ,
1157 2269 1260 2309 non
1309 2256 1554 2310 mandata
1600 2258 1776 2312 senio-

197 2363 336 2410 rum,
367 2346 456 2414 ηιιί
486 2348 722 2400 volentes
744 2362 862 2402 esse
895 2349 1026 2417 legis
1052 2348 1319 2412 doctores,
1342 2365 1448 2403 non
1478 2351 1776 2419 intelligunt

197 2454 368 2506 neque
384 2453 500 2506 qute
519 2439 819 2507 loquuntur,
834 2455 1002 2508 neque
1019 2440 1083 2494 de
1101 2440 1288 2510 quibus
1300 2440 1562 2496 affirmant
1576 2443 1618 2512 (1
1638 2442 1772 2498 Tim.

198 2530 246 2587 l.
268 2530 348 2596 7).
382 2528 574 2582 Merito
603 2528 668 2582 de
695 2529 955 2582 mandatis
989 2531 1099 2590 Dei,
1129 2547 1246 2600 qua:
1274 2541 1395 2584 sunt
1418 2533 1767 2601 exquirenda,

197 2629 248 2674 nt
292 2636 458 2688 super
501 2621 739 2674 seniores
783 2622 902 2675 illos
933 2623 1310 2691 intelligantur,
1340 2640 1651 2693 responsum
1694 2635 1774 2680 est

196 2711 257 2765 iis
297 2712 389 2780 qui
423 2726 606 2765 eorum
636 2714 1004 2766 auctoritatem
1047 2714 1254 2767 veritati
1294 2714 1680 2783 przct‘erebant,
1719 2726 1771 2769 et

197 2801 392 2854 dictum
428 2810 508 2854 est
530 2843 543 2865 ,
568 2801 670 2853 Cur
697 2811 742 2855 et
781 2819 866 2856 vos
896 2805 1301 2873 lransgrcdimini
1329 2805 1623 2858 mandatum
1657 2805 1766 2869 Dei,

193 2904 244 2948 ιιι
266 2894 562 2947 traditiones
589 2903 770 2947 vestras
795 2895 1026 2948 statuatis
1043 2895 1069 2948 ἲ

258 2988 313 3040 5.
349 2985 495 3057 [νει-ε.
520 2986 608 3041 lOl
625 2986 662 3058 .1
683 2985 797 3039 .lam
827 2984 952 3040 vero
971 2986 1110 3056 quod
1136 2987 1456 3058 adiungitur,
1482 3003 1585 3042 non
1610 2989 1766 3058 capiti

195 3077 400 3128 videtur
427 3080 730 3141 convenire,
764 3077 855 3131 Sed
883 3078 1093 3144 corpori
1119 3093 1132 3130 :
1160 3077 1236 3131 Ab
1261 3079 1398 3131 omni
1426 3079 1506 3131 uia
1543 3080 1768 3151 maligna

193 3167 425 3232 prohibui
462 3169 612 3238 pedes
657 3185 810 3234 nicas,
836 3178 888 3222 ut
933 3168 1216 3222 custodiam
1261 3171 1408 3222 verba
1456 3179 1559 3222 tua.
1585 3169 1766 3239 Neque

198 3261 334 3314 enim
365 3270 524 3329 caput
556 3261 682 3315 illud
714 3270 972 3321 nostrum,
1007 3260 1120 3330 ipse
1149 3259 1394 3315 Salvator
1420 3262 1680 3330 corporis,
1712 3263 1764 3316 in

191 3351 416 3420 aliquant
463 3353 742 3420 malignam
776 3352 912 3404 viam
957 3351 1155 3404 carnali
1186 3351 1471 3419 cupiditate
1513 3351 1761 3416 ferretur,

193 3456 244 3499 ιιι
272 3448 320 3500 ei
355 3463 575 3502 necesse
601 3456 744 3502 esset
772 3447 932 3515 pedes
959 3460 1085 3500 suos
1127 3445 1246 3499 inde
1276 3445 1557 3513 prohibere
1580 3487 1593 3509 ,
1612 3446 1759 3515 quasi

190 3538 309 3593 illuc
335 3550 524 3596 euntes
554 3541 784 3594 motibus
811 3541 919 3594 Sttis
944 3558 955 3592 :
995 3539 1132 3608 quod
1166 3553 1261 3592 nos
1291 3537 1526 3602 iacimus,
1553 3538 1763 3607 quando

193 3644 246 3683 ea
279 3647 399 3698 qum,
446 3631 535 3684 ille
577 3646 680 3684 non
714 3630 932 3693 habuit,
974 3645 1037 3681 ne
1074 3629 1185 3681 vias
1215 3629 1472 3696 malignas
1507 3637 1758 3691 teneant,

193 3723 453 3778 desideria
503 3734 681 3777 nostra
737 3739 894 3792 prava
943 3722 1274 3776 cobibemus.
1304 3722 1392 3775 Sic
1431 3720 1571 3774 enim
1602 3720 1758 3774 verba

191 3816 278 3873 Dei
304 3832 588 3886 possumus
633 3816 928 3879 custodire,
961 3817 1004 3869 si
1034 3825 1152 3884 post
1184 3825 1393 3868 nostras
1438 3813 1602 3867 malas
1629 3828 1758 3865 con-

187 3911 536 3977 cupiscentias
562 3925 664 3963 non
696 3924 879 3963 eamus
905 3910 922 3978 (
954 3908 1107 3961 Eccli.
1141 3923 1284 3969 ιιι-ιιι,
1309 3907 1421 3975 30),
1450 3913 1506 3958 ιιι
1532 3905 1594 3958 ad
1624 3905 1758 3957 mala

184 4001 458 4069 concupita
487 4002 834 4069 perveniant;
867 3999 958 4053 sed
990 4015 1080 4054 eas
1127 3997 1300 4066 potius
1339 3997 1599 4050 adversus
1644 4011 1760 4046 car-

186 4107 303 4147 nem
353 4093 538 4160 spiritu
584 4091 992 4160 cuneupisccnte
1022 4089 1289 4143 lrenemus
1315 4087 1332 4158 (
1362 4086 1531 4140 Galat.
1557 4103 1608 4150 v,
1639 4086 1756 4155 l7),

185 4202 245 4240 ne
274 4200 376 4240 nos
404 4197 579 4255 raptos
604 4193 762 4255 atque
792 4185 1078 4239 subversas
1102 4199 1197 4253 per
1226 4181 1481 4250 malignas
1508 4181 1617 4233 vias
1641 4193 1760 4248 per-

185 4279 412 4332 trahant.

248 4370 303 4423 6.
336 4368 485 4441 [vers.
520 4367 664 4441 l09..]
688 4371 730 4420 Α
750 4367 981 4439 judiciis,
1015 4364 1203 4434 inquit,
1238 4365 1336 4417 tuis
1363 4380 1464 4416 non
1491 4361 1758 4425 declinavi,

182 4462 418 4530 quoniam
449 4471 498 4512 tu
529 4461 691 4529 legem
731 4460 938 4527 posuisti
979 4453 1118 4510 mihi.
1153 4456 1296 4510 Dixit
1324 4455 1450 4525 quid
1492 4455 1756 4516 timurrit,

183 4561 236 4606 ιιι
258 4552 328 4605 ab
355 4551 498 4605 omni
530 4553 610 4604 via
643 4551 870 4620 maligna
906 4549 1214 4618 prohiberet
1258 4547 1418 4615 pedes
1455 4559 1599 4598 suos.
1623 4543 1757 4610 Quid

185 4655 260 4699 est
291 4647 454 4709 enim,
488 4633 756 4714 Ajutliciis
796 4643 892 4696 tuis
923 4657 1021 4694 non
1049 4639 1331 4703 declinavi;
1361 4637 1458 4690 nisi
1493 4635 1631 4705 quod
1654 4635 1758 4686 alio

185 4735 298 4790 loco
322 4737 452 4788 dicit
480 4778 492 4798 ,
535 4735 575 4787 Α
607 4735 805 4800 iudiciis
836 4743 998 4786 autem
1027 4733 1123 4784 tuis
1149 4730 1332 4783 timui?
1355 4731 1760 4783 Perseveranter

187 4829 256 4882 eis
285 4827 524 4892 credidi,
559 4827 676 4895 quia
705 4835 757 4877 tu
801 4825 955 4896 legem
999 4823 1209 4894 posuisti
1253 4821 1396 4874 mihi.
1425 4821 1500 4873 T11
1539 4819 1759 4873 interior

185 4914 378 4972 intimis
411 4918 542 4971 meis
565 4959 578 4980 ,
610 4928 662 4970 tu
696 4917 834 4969 intus
877 4917 925 4968 in
956 4915 1117 4968 corde
1144 4914 1312 4982 legem
1358 4910 1576 4980 pOSnisti
1627 4909 1756 4962 mihi

185 5011 364 5077 spiritu
416 5021 536 5071 tuo,
572 5019 818 5079 tanquam
859 5009 1022 5079 digito
1072 5013 1190 5067 tuo:
1241 5012 1299 5059 ut
1343 5020 1458 5059 eam
1498 5019 1603 5058 non
1645 5012 1758 5057 tan-

185 5117 334 5172 quam
364 5119 552 5159 scrvus
576 5105 692 5157 sine
718 5119 901 5157 amore
931 5113 1243 5166 metuerem,
1275 5099 1368 5152 sed
1395 5107 1544 5152 casto
1569 5097 1757 5150 timore

191 5204 244 5247 ut
274 5195 416 5248 lil'us
446 5195 462 5225 ¹
497 5194 791 5264 diligerem,
823 5204 875 5248 et
905 5193 1188 5247 dilectione
1215 5199 1357 5244 easta
1387 5189 1648 5243 timerem.

249 5287 301 5338 7.
335 5283 657 5356 [vers.105.]
685 5286 747 5337 Et
795 5285 912 5336 ideo
943 5283 1062 5337 vide
1107 5283 1228 5352 quid
1252 5282 1548 5350 sequitur:
1594 5279 1757 5344 Quam

189 5374 606 5447 duiciafancibns
633 5377 754 5428 meis
781 5374 925 5428 verba
955 5385 1039 5427 tua
1057 5375 1076 5426 .'
1095 5373 1198 5438 vel,
1231 5372 1370 5441 quod
1395 5372 1460 5425 de
1481 5386 1652 5440 gra-Co
1677 5377 1758 5421 est

187 5469 503 5537 expressius,
528 5467 723 5537 eloquia
761 5475 848 5518 tua
932 5482 1081 5533 super
1121 5464 1218 5517 mel
1242 5473 1288 5516 et
1321 5467 1492 5533 favum
1522 5461 1597 5514 ori
1622 5477 1749 5513 meo.

188 5555 302 5612 lla'c
345 5567 431 5613 est
464 5535 562 5611 nilla
612 5535 840 5612 suavitas
887 5574 1042 5626 quam
1077 5557 1330 5609 Dominus
1372 5555 1492 5618 (lat,
1529 5562 1584 5606 ut
1615 5564 1754 5607 terra

193 5660 366 5704 nostra
395 5649 484 5703 det
523 5648 751 5703 fructum
791 5665 944 5703 suum
973 5647 1144 5717 (Psal.
1179 5663 1393 5713 Lxxxlv,
1429 5646 1537 5718 15);
1573 5657 1628 5699 ιιι
1659 5646 1756 5700 bo-

246 5764 260 5793 ί
289 5761 417 5824 Apud
445 5766 542 5810 Ain.
562 5768 614 5810 et.
635 5763 688 5810 ia
707 5767 810 5812 Has.
834 5775 928 5812 non
947 5769 1041 5822 est,
1068 5765 1116 5812 ut
1147 5757 1292 5822 ﬁlius.
1363 5769 1365 5772 '

1293 314 1704 406 ENARRATIO'
1729 315 1791 372 lN
1830 283 2156 378 l’SliLllUM~
2183 323 2410 381 CXVlll.

2594 416 2603 426 .
3339 339 3481 402 {566

1913 448 2035 486 1unn
2076 451 2197 489 vere
2223 444 2377 504 bene,
2413 441 2462 494 id
2490 451 2590 506 est,
2623 459 2723 500 non
2754 447 2876 501 mali
2900 451 3130 507 carnalis
3154 451 3438 510 formidine
3460 497 3477 518 .

1905 522 1997 575 sed
2024 524 2145 578 boui
2170 527 2456 595 spiritualis
2487 531 2837 593 delectatione
2864 539 2880 570 ‘
2902 539 3172 596 faciamus.
3227 544 3480 602 Nonnulli

1902 624 2031 668 sane
2052 616 2260 671 Codices
2284 635 2384 670 non
2415 619 2639 689 habent;
2667 629 2856 696 favum,
2879 629 2970 700 sed
3003 631 3180 699 plures
3209 632 3475 690 habent’.

1902 703 2038 757 Melli
2073 717 2153 760 est
2199 719 2372 763 autem
2423 713 2612 768 similis
2652 717 2832 784 aperta
2877 719 3115 777 doctrina
3161 726 3473 794 sapientite;

1900 795 2021 850 favo
2044 813 2186 862 vero,
2219 815 2336 869 qua)
2375 801 2442 855 de
2485 804 2899 862 abstrusioribus
2937 817 3281 868 sacramentis
3305 858 3319 880 ,
3352 826 3471 869 tan-

1898 902 2052 954 quam
2085 887 2152 941 de
2179 890 2326 944 cellis
2355 894 2542 957 cereis,
2568 910 2661 950 ore
2682 897 3010 967 disserentis,
3041 904 3183 957 velut
3214 906 3472 960 manden-

1899 978 1984 1041 tis,
2014 981 2363 1048 exprimitur:
2405 1001 2586 1039 verum
2639 989 2717 1042 ori
2763 992 2972 1057 cordis,
3018 1010 3118 1048 non
3169 997 3346 1050 carnis
3388 1003 3471 1051 est

1894 1067 2081 1122 dulcis.
3340 1067 3346 1073 ’

1963 1161 2014 1214 8.
2048 1158 2197 1233 [vers.
2234 1164 2335 1218 104
2369 1163 2379 1235 1
2411 1165 2514 1220 Sed
2547 1169 2670 1236 quid
2705 1178 2786 1224 est
2811 1172 2950 1240 quod
2986 1173 3064 1227 hit
3089 1215 3103 1238 ,
3132 1173 3175 1226 Α
3217 1173 3468 1230 mandatis

1894 1251 1989 1304 tuis
2018 1253 2281 1306 intellexi?
2311 1256 2463 1309 Aliud
2495 1258 2634 1311 enim
2667 1271 2766 1326 est,
2801 1262 3043 1316 Mandata
3075 1275 3159 1317 tua
3193 1265 3464 1329 intellexi;

1890 1341 2030 1395 aliud
2052 1355 2132 1397 est
2155 1385 2171 1409 ,
2202 1347 2238 1397 Α
2271 1347 2523 1401 mandatis
2552 1351 2651 1403 tuis
2682 1352 2922 1407 intellexi.
2965 1354 3155 1409 Nescio
3182 1357 3306 1423 quid
3336 1372 3465 1426 ergo

1888 1432 2029 1487 aliud
2073 1449 2130 1488 se
2175 1436 2434 1505 signiﬁcat
2475 1439 2794 1495 intellexisse
2832 1459 2858 1495 a
2906 1445 3167 1498 mandatis
3192 1446 3322 1500 Dei:
3364 1448 3467 1500 hoc

1887 1534 1990 1590 est,
2020 1537 2270 1595 quantum
2297 1529 2422 1583 mihi
2449 1532 2676 1598 videtur,
2697 1533 2940 1588 faciendo
2965 1537 3207 1590 mandata
3234 1538 3326 1592 Dei
3353 1552 3466 1606 per-

1887 1617 2094 1670 venisse
2123 1632 2182 1672 se
2217 1620 2344 1673 dicit
2370 1622 2435 1675 ad
2463 1637 2643 1677 earum
2674 1641 2848 1678 rerum
2880 1627 3303 1698 intelligentiam,
3327 1643 3463 1697 quas

1887 1709 2264 1774 eoaenpiverat
2294 1712 2450 1765 scire.
2485 1713 2707 1782 Propter
2745 1716 2884 1784 quod
2912 1717 3164 1786 scriptum
3189 1728 3294 1783 est,
3325 1718 3460 1772 Con-

1887 1797 2067 1865 cupisti
2087 1800 2410 1868 sapientiam;
2436 1819 2577 1857 serva
2607 1809 2864 1870 mandata,
2889 1819 2934 1860 et
2958 1808 3202 1862 Dominus
3225 1810 3461 1878 praebebit

1884 1885 2024 1939 illam
2053 1889 2141 1942 tibi
2169 1893 2183 1956 (
2221 1890 2376 1944 Eccli.
2415 1893 2462 1959 l,
2485 1894 2619 1962 53):
2657 1912 2722 1948 ne
2757 1898 3035 1966 quisquam
3080 1905 3453 1967 prieposterus',

1886 1986 2170 2046 antequam
2217 1980 2409 2035 habeat
2452 1983 2801 2041 humilitatem
2844 1989 3196 2049 obedientite.
3223 1991 3349 2046 velit
3391 1990 3457 2044 ad

1883 2067 2215 2123 altitudinem
2249 2073 2523 2140 sapientite
2569 2079 2842 2143 pervenire
2866 2119 2882 2143 ,
2927 2095 3083 2148 quam
3131 2095 3322 2147 capere
3350 2094 3456 2134 non

1884 2167 2077 2226 potest,
2107 2160 2204 2214 nisi
2232 2163 2419 2215 ordine
2446 2165 2672 2218 venerit.
2697 2166 2888 2220 Audiat
2918 2183 3045 2238 ergo
3072 2187 3085 2222 :
3110 2169 3300 2222 Altiora
3323 2180 3371 2221 te
3394 2185 3457 2221 ne

1880 2250 2136 2316 quatsitris
2157 2293 2170 2313 ,
2201 2261 2246 2304 et
2277 2254 2488 2322 fortiora
2529 2264 2574 2309 te
2621 2272 2682 2309 ne
2709 2268 2962 2312 scrutatus
3001 2259 3192 2328 fueris;
3217 2260 3304 2313 sed
3341 2275 3452 2327 qua:

1883 2341 2119 2408 prwcepit
2140 2342 2229 2394 tibi
2257 2341 2527 2408 Dominus,
2555 2346 2645 2398 illa
2681 2350 2849 2417 cogita
2875 2365 3070 2418 semper
3103 2349 3191 2420 (Id
3240 2352 3453 2420 111,29).

1884 2429 1973 2483 Sic
1995 2429 2154 2484 homo
2179 2431 2244 2486 ad
2267 2434 2596 2490 occultorum
2621 2438 2933 2505 sapientiam
2957 2441 3194 2508 pervenit
3217 2456 3308 2505 per
3326 2441 3454 2494 obe-

1885 2521 2546 2580 dientiammaudatorum.
2575 2529 2704 2582 Cum
2735 2538 2910 2584 autem
2938 2532 3178 2597 dixisset,
3211 2531 3337 2596 Qua:
3364 2532 3452 2585 tibi

1879 2614 2112 2682 pracepit
2157 2613 2402 2670 Dominus
2426 2659 2439 2680 ,
2470 2619 2562 2671 illa
2597 2621 2801 2689 sagita;
2833 2622 2952 2675 ideo
2982 2621 3200 2686 addidit,
3229 2639 3450 2692 semper,

1874 2704 1997 2774 quia
2026 2714 2078 2758 et
2100 2708 2442 2762 custodienda
2473 2721 2554 2764 est
2581 2711 2876 2766 obedientia
2898 2754 2910 2773 ,
2933 2723 2987 2765 ut
3015 2715 3332 2782 percipiatur
3357 2730 3446 2768 sa-

1876 2795 2163 2864 picntia,et
2187 2809 2431 2867 percepta
2458 2803 2718 2868 sapientia
2746 2785 2849 2857 non
2890 2815 2971 2858 est
2999 2805 3288 2858 deserenda
3323 2805 3450 2859 obe-

1874 2885 2090 2939 dientia.
2122 2887 2486 2956 Spiritualium
2517 2892 2692 2960 itaque
2720 2894 3083 2961 membrorum
3112 2895 3306 2948 Christi
3345 2911 3448 2949 vox

1873 2977 1971 3030 ista
1997 2987 2096 3042 cst,
2118 2978 2159 3031 Α
2179 2980 2431 3034 mandatis
2459 2985 2557 3036 tuis
2583 2984 2826 3038 intellexi.
2853 2985 2963 3038 Hoc
2987 2987 3126 3040 enim
3150 2997 3294 3040 recte
3319 2987 3447 3040 dicit

1872 3068 2067 3124 Christi
2119 3087 2311 3142 corpus
2343 3073 2393 3127 in
2440 3075 2518 3129 eis
2543 3117 2556 3140 ,
2585 3077 2776 3145 quibus
2822 3077 3068 3131 mandata
3111 3080 3444 3133 servantibus

1871 3170 2086 3231 propter
2111 3162 2278 3232 ipsam
2304 3166 2597 3220 custodiam
2631 3167 3000 3223 mandatorum
3030 3170 3442 3238 praebeturube-

1869 3253 1983 3307 τίοι·
2005 3252 2242 3308 doctrina
2272 3257 2564 3324 sapientiae,
2593 3258 2894 3328 Propterea,
2923 3260 3126 3330 inquit,
3157 3261 3272 3314 odio
3295 3261 3446 3313 habui

1869 3359 2064 3397 onmem
2112 3345 2243 3398 uiam
2284 3346 2577 3418 iniquitatis.
2619 3348 2848 3404 Necesse
2878 3359 2960 3403 est
2989 3350 3128 3403 enim
3171 3359 3227 3402 ut
3270 3348 3445 3403 oderit

1870 3451 2081 3490 omnem
2128 3437 2458 3507 iniquitatem
2505 3456 2657 3495 amor
2701 3442 2954 3511 justitiic:
2988 3443 3076 3512 qui
3106 3453 3251 3496 tanto
3277 3443 3445 3511 major

1867 3536 1968 3590 est,
1999 3539 2204 3596 quanto
2226 3546 2344 3583 eum
2388 3532 2554 3601 magis
2602 3533 2888 3587 inﬂammat
2917 3535 3192 3602 amplioris
3220 3535 3444 3588 dulcedo

1867 3619 2160 3685 sapieuliic,
2191 3635 2308 3688 quze
2338 3623 2605 3690 pra-betur
2627 3625 2674 3677 ei
2705 3625 2795 3694 qui
2825 3625 3157 3694 obtemperat
3181 3627 3309 3693 Deo,
3338 3635 3441 3682 ct'a

1867 3712 2126 3766 mandatis
2155 3713 2270 3783 ejus
2308 3715 2570 3782 intelligit.

2465 3860 2636 3901 εειιιιο
2665 3864 2813 3902 XXIII.

1937 3971 1988 4024 1.
2016 3968 2348 4044 [υενε.105.]
2375 3971 2704 4026 Scrutandos
2732 3981 2889 4041 atque
2922 3974 3224 4030 tractandos
3241 3990 3336 4044 pro
3357 3975 3440 4030 vi-

1863 4060 2010 4115 ribus
2047 4077 2176 4129 quas
2225 4062 2362 4116 Deus
2405 4062 2599 4127 donat,
2646 4078 2786 4117 nunc
2843 4064 2972 4118 istos
3015 4079 3199 4118 versus
3255 4065 3439 4132 psalmi

1865 4152 2023 4221 hujus
2070 4153 2426 4222 aggredimur,
2459 4170 2682 4222 quorum
2708 4155 2907 4223 primus
2935 4167 3016 4210 est
3036 4198 3056 4222 ,,
3086 4156 3312 4210 Lucerna
3352 4173 3438 4224 pe-

1864 4246 2008 4300 dibus
2051 4248 2170 4299 meis
2199 4246 2399 4299 verbum
2430 4257 2606 4310 tuum,
2634 4257 2680 4300 et
2707 4249 2874 4300 lumen
2913 4249 3096 4302 semitis
3123 4250 3262 4301 meis.
3289 4247 3437 4314 Quod

1863 4348 1964 4403 est,
1984 4338 2227 4402 lucerna;
2252 4341 2351 4390 hoe
2379 4339 2658 4408 repetitum
2690 4348 2788 4401 est,
2809 4339 2976 4394 lumen
3002 4357 3020 4395 :
3043 4339 3205 4408 quod,
3231 4339 3438 4408 pedibus

1863 4429 2018 4491 meis;
2041 4429 2170 4493 hoc,
2203 4428 2390 4480 semitis
2419 4429 2559 4481 meis.
2590 4427 2722 4496 Quid
2752 4437 2831 4483 est
2853 4444 3003 4498 ergo,
3037 4428 3238 4482 verbum
3261 4429 3435 4482 tuum?

1864 4520 2253 4589 Numquidnam
2289 4521 2413 4573 illud
2443 4521 2583 4590 quod
2619 4521 2670 4574 in
2701 4520 2958 4588 principio
2988 4528 3104 4574 erat
3133 4521 3271 4574 Deus
3300 4519 3438 4588 apud

1866 4612 2054 4677 Deum,
2080 4611 2311 4665 Verbum
2345 4613 2544 4666 scilicet
2585 4627 2678 4681 per
2709 4612 2849 4681 quod
2883 4612 3013 4666 iacta
3057 4622 3180 4666 sunt
3217 4611 3438 4674 omnia?

1863 4703 1977 4757 Non
2009 4713 2091 4758 est
2121 4703 2213 4756 ita.
2233 4703 2361 4756 Nam
2387 4703 2511 4757 illud
2533 4704 2758 4756 Verbum
2785 4703 2961 4756 lumen
2981 4711 3078 4767 est,
3106 4703 3198 4756 sed
3223 4703 3442 4762 lucerna

1865 4811 1968 4848 non
2001 4805 2101 4850 est.
2130 4795 2366 4848 Lucerna
2408 4795 2604 4861 quippe
2646 4802 2885 4845 creatura
2914 4801 3028 4858 est,
3073 4807 3175 4846 non
3198 4793 3445 4855 Creator,

1863 4899 1981 4953 qua:
2022 4883 2431 4954 participatione
2474 4880 2918 4935 incommutabilis
2949 4881 3080 4934 lucis
3105 4880 3438 4938 accenditur.

1864 4975 1976 5030 lloc
2018 4984 2135 5029 erat
2177 4975 2430 5036 Joannes,
2475 4971 2540 5026 de
2575 4988 2682 5043 quo
2712 4971 2841 5026 dicit
2866 4971 3098 5027 Verbum
3130 4974 3302 5037 Deus,
3340 4971 3441 5026 Illo

1863 5077 1969 5119 erat
1997 5067 2202 5119 lucerna
2229 5066 2411 5118 ardens
2441 5075 2484 5118 et
2507 5065 2675 5117 lucens
2695 5062 2869 5135 (Joan.
2904 5080 2953 5116 v.
2987 5064 3097 5133 35).
3129 5064 3231 5119 Sed
3257 5064 3436 5117 lumen

1863 5169 1946 5214 est
1968 5167 2020 5212 el
2048 5157 2262 5210 lucerna
2293 5173 2307 5209 :
2351 5165 2402 5210 et
2434 5165 2610 5210 tamen
2655 5155 2704 5209 in
2733 5154 3128 5224 comparatione
3160 5153 3342 5218 Verbi,
3371 5153 3441 5214 de

1863 5265 1969 5319 quo
1996 5249 2194 5302 dictum
2227 5256 2328 5313 cst,
2361 5247 2496 5300 Deus
2543 5255 2652 5300 erat
2687 5243 2925 5312 Verbum,
2963 5263 3064 5299 non
3098 5254 3214 5300 erat
3241 5245 3326 5299 ille
3363 5245 3441 5297 lu-.

1868 5357 2026 5404 men;
2058 5339 2150 5394 sed
2184 5339 2376 5392 missus
2407 5348 2484 5392 est
2507 5379 2521 5402 ,
2557 5349 2614 5392 ut
2645 5338 3006 5392 testin‘ionium
3041 5337 3343 5405 perhiberet
3372 5335 3439 5396 de

1865 5433 2083 5486 lumine.
2111 5433 2235 5486 Erat
2257 5433 2396 5486 enim
2430 5432 2604 5484 lumen
2633 5446 2834 5496 verum,
2865 5446 2970 5483 non
3003 5431 3143 5496 quod
3173 5429 3439 5482 illumina-

1867 5535 1969 5587 tur,
2000 5533 2056 5577 ut
2099 5523 2278 5585 homo,
2309 5521 2403 5576 sed
2454 5521 2593 5591 quod
2625 5521 2884 5574 illuminat
2923 5534 3138 5574 munem
3170 5518 3442 5574 hominem

1928 5639 1944 5669 ί
1980 5644 2142 5696 Forte,
2169 5635 2434 5686 dilectione.

1865 5762 1895 5824 r
1927 5702 1945 5729 ³
1973 5702 2051 5748 ttic
2072 5693 2252 5764 aliquot
2288 5698 2393 5747 libri
2418 5696 2615 5756 addunt,
2641 5693 2732 5746 mel
2761 5707 2780 5746 .'
2804 5696 2944 5756 cuius
2984 5695 3089 5749 loco
3118 5696 3442 5765 ιειιιιιὶιιιειῐιεἸ

1886 5773 2039 5812 actim.

1886 5773 2039 5812 avum.
