4026 6202
474 331 609 392 1567

480 447 717 518 (laena,
750 438 1008 514 i-9).Nisi
1034 442 1209 498 autem
1237 441 1291 489 et
1318 431 1534 488 lucerna
1566 426 2050 518 lumenAessetu-i-on

483 509 686 596 diceret
711 509 1013 604 Apos'tolis;
1039 527 1139 582 Vos
1164 526 1281 582 estis
1311 523 1476 578 tamen
1504 516 1701 572 mundi.
1724 512 1841 580 Quo
1865 509 2045 564 audito

483 647 550 687 ne
567 630 617 684 id
644 642 703 683 se
731 631 975 695 putarent
998 635 1141 687 esse,
1158 615 1297 690 quod
1322 616 1409 669 ille
1431 611 1521 683 qui
1544 607 1867 664 hocdixerat
1890 620 1906 668 ;
1929 615 2052 656 nam

483 733 536 778 et
580 720 648 775 de
695 717 873 786 seipse
926 712 1175 785 quodam
1205 710 1321 764 loco
1361 705 1534 767 dixit,
1578 699 1690 771 Ego
1729 713 1841 752 sum
1885 695 2054 750 tamen

484 809 659 865 mundi
690 807 708 879 (
740 806 825 861 Id.
867 821 980 870 vui,
1015 801 1081 858 12
1107 799 1126 872 )
1149 816 1168 854 :
1210 799 1284 853 ait
1329 796 1434 851 illis
1459 793 1527 848 de
1568 791 1693 855 illis,
1723 787 1841 841 Non
1895 789 2055 856 potest

483 901 657 960 civitas
679 897 916 953 abscondi
942 910 1094 964 super
1127 898 1340 945 montem
1369 885 1671 945 constituta;
1708 893 1862 948 neque
1881 890 2057 929 accen-

489 991 614 1044 dunt
658 990 915 1043 lucernam
949 994 995 1038 et
1043 988 1235 1053 ponunt
1272 994 1382 1033 eam
1413 974 1501 1030 sub
1543 971 1711 1027 modio
1734 1011 1749 1035 ,
1791 968 1879 1022 sed
1906 981 2058 1033 super

482 1080 874 1147 candelabrum,
901 1088 954 1132 ut
984 1077 1145 1131 luceat
1170 1069 1395 1128 omnibus
1429 1067 1516 1138 qui
1551 1066 1603 1118 in
1631 1064 1780 1117 domo
1801 1068 1916 1114 sunt
1939 1074 1957 1111 :
1984 1058 2057 1111 sic

488 1174 654 1227 luceat
670 1171 835 1225 lumen
850 1177 1064 1222 vestrum
1086 1180 1255 1219 coram
1274 1157 1574 1219 hominibus(
1588 1154 1772 1210 Matth.
1789 1148 2053 1216 miti-16);

492 1273 549 1319 ut
592 1264 791 1318 scirent
837 1276 895 1316 se
924 1270 1173 1328 tanquam
1204 1258 1449 1311 lucernas
1484 1251 1551 1306 de
1577 1250 1666 1304 illo
1695 1248 1891 1302 lumine
1915 1241 2057 1313 quod

490 1352 890 1408 immulabiliter
933 1350 1109 1413 lucet,
1161 1358 1431 1401 accensas.
1463 1340 1615 1395 Nulla
1662 1337 1859 1407 quippe
1903 1345 2059 1387 erea-

490 1446 649 1501 tura,
678 1434 924 1505 quamvis
976 1429 1247 1486 ralionalis
1275 1436 1330 1483 et
1370 1422 1770 1484 intellectualis,
1813 1434 1844 1473 a
1885 1417 2061 1485 Seipsa

491 1528 841 1591 illuminatnr,
872 1525 967 1580 sed
1002 1520 1405 1593 participatione
1443 1515 1782 1586 sempiternae
1820 1507 2063 1564 veritatis

492 1618 801 1677 accenditur
828 1632 841 1668 :
874 1613 1088 1670 etiamsi
1115 1607 1403 1680 aliquando
1424 1607 1537 1661 dies
1561 1611 1799 1669 vocatur,
1820 1614 1922 1653 non
1948 1596 2063 1652 dies

494 1684 780 1773 Dominus,
817 1705 909 1761 sed
950 1719 1107 1774 quem
1153 1701 1276 1756 fecit
1302 1699 1677 1762 Dominus;et
1702 1696 1821 1748 ideo
1842 1689 1991 1746 audit
2017 1691 2061 1752 ⁸,

495 1799 741 1855 Accedite
766 1797 834 1854 ad
855 1812 974 1852 eum
994 1836 1010 1862 ,
1047 1806 1098 1849 et
1149 1789 1520 1847 illumiuamini
1548 1787 1567 1860 (
1591 1784 1737 1840 Psat.
1766 1796 1953 1847 χχχιιι,
1981 1778 2061 1846 6).

494 1892 716 1960 Propter
741 1904 900 1959 quam
926 1885 1407 1957 participationem,
1438 1882 1492 1935 in
1514 1885 1764 1950 quantum
1796 1874 1958 1928 homo
1982 1877 2068 1926 est
2124 1942 2133 1951 ι

494 1993 551 2040 et
594 1984 705 2052 ipse
732 1980 1013 2044 Mediator,
1050 1977 1254 2031 lucerna
1301 1975 1352 2028 in
1384 1969 1698 2043 Apocalypsi
1731 1971 2067 2035 nuncupatur

498 2074 679 2144 (Apoc.
702 2087 812 2138 χχι,
842 2070 959 2139 23).
986 2067 1091 2123 Sed
1120 2063 1403 2136 singularis
1426 2071 1507 2118 est
1536 2060 1639 2115 ista
1663 2056 1929 2126 susceptio
1951 2071 1981 2144 :7
1998 2052 2068 2144 de

497 2143 643 2219 nullo
685 2163 827 2218 enim
856 2168 1160 2217 sanctorum
1189 2155 1293 2211 dici
1320 2152 1575 2209 divinitus
1601 2149 1810 2221 potuit,
1838 2154 1932 2202 aut
1955 2143 2067 2199 dici

495 2256 603 2311 ullo
632 2253 792 2308 modo
817 2255 898 2307 fas
927 2259 1040 2313 est;
1079 2248 1293 2303 Verbum
1316 2262 1434 2300 caro
1464 2249 1653 2316 factum
1683 2249 1756 2295 est
1801 2236 1997 2311 (Joan.
2022 2250 2067 2303 ι,

496 2351 521 2400 t
532 2346 609 2417 ι),
624 2345 723 2399 nisi
739 2343 805 2397 de
821 2356 929 2397 uno
943 2341 1231 2397 Mediatore
1244 2339 1337 2393 Dei
1354 2346 1409 2393 et
1425 2334 1696 2390 hominum
1711 2330 1755 2403 (l
1768 2327 2035 2398 Tim.u,5)
2048 2364 2064 2381 .

493 2437 627 2493 Cum
652 2437 810 2508 igitur
825 2435 1001 2490 lumen
1030 2433 1238 2488 dicatur
1253 2428 1583 2499 unigenitum
1602 2424 1839 2481 Verbum
1864 2418 2070 2490 aequale

495 2530 769 2601 gignenti,
805 2528 978 2581 lumen
1006 2525 1215 2579 dicatur
1241 2531 1296 2576 et
1321 2522 1484 2575 homo
1512 2520 1580 2572 ab
1620 2518 1713 2572 illo
1746 2515 1918 2570 Verbo
1940 2512 2065 2566 illu-

496 2622 751 2685 nunatus,
783 2620 871 2688 qui
902 2619 1095 2673 dicitur
1122 2625 1176 2671 ct
1205 2616 1443 2679 lucerna,
1476 2612 1613 2666 sicut
1635 2609 1899 2673 Joannes,
1930 2605 2069 2659 sicut

496 2713 758 2785 Apostoli,
792 2725 890 2764 nec
912 2710 1050 2764 ullus
1075 2722 1259 2763 eorum
1288 2706 1450 2761 homo
1474 2704 1543 2758 sit
1575 2701 1830 2763 Verbum,
1858 2707 1916 2754 et
1939 2696 2067 2752 illud

496 2803 730 2859 Verbum
758 2816 790 2856 a
827 2815 931 2871 quo
963 2799 1241 2854 illutninati
1272 2806 1397 2852 sunt
1424 2796 1641 2850 lucerna
1681 2807 1789 2847 non
1817 2792 1918 2856 sit;
1943 2786 2071 2858 quid

506 2902 587 2947 est
613 2891 714 2946 hoc
748 2890 965 2945 verbum
988 2930 1004 2955 ,
1050 2888 1190 2958 quod
1221 2888 1296 2942 ita
1324 2887 1501 2940 lumen
1531 2884 1745 2947 dicitur,
1771 2891 1828 2937 ut
1854 2882 2072 2937 lucerna

500 2983 570 3049 sit
593 2982 612 3053 (
637 2982 713 3036 ait
756 2982 920 3044 enim,
953 2979 1182 3032 Lucerna
1206 2977 1411 3049 pedibus
1440 2977 1563 3030 meis
1584 2973 1789 3029 verbum
1820 2982 1964 3026 tuum
1985 3011 1998 3034 ,
2021 2978 2067 3024 et

501 3075 668 3128 lumen
715 3072 904 3128 semitis
942 3070 1111 3142 meis),
1139 3068 1240 3123 nisi
1290 3067 1512 3122 verbum
1545 3064 1902 3133 intelligamus
1931 3058 2072 3130 quod

500 3165 697 3218 factum
736 3169 819 3217 est
840 3161 907 3216 ad
933 3159 1230 3230 Prophetas
1250 3197 1265 3221 ,
1292 3157 1377 3212 vel
1424 3154 1568 3226 quod
1613 3152 1961 3224 praedicatum
1992 3158 2075 3205 est

501 3268 601 3322 per
629 3251 945 3321 Apostolus?
973 3248 1088 3303 Non
1122 3246 1340 3302 verbum
1381 3244 1652 3300 Christum
1673 3282 1689 3309 ,
1732 3241 1827 3297 sed
1854 3240 2074 3296 verbum

502 3340 722 3408 Christi,
749 3340 818 3395 de
842 3354 948 3409 quo
972 3338 1224 3407 scriptum
1250 3344 1352 3401 est,
1375 3333 1531 3388 Fides
1551 3348 1616 3386 ex
1636 3332 1839 3395 auditu,
1866 3330 2073 3384 auditus

499 3441 666 3485 autem
692 3446 780 3494 per
808 3430 1009 3483 uerbum
1035 3427 1219 3482 Christi
1251 3426 1270 3496 (
1295 3424 1444 3479 Rom.
1473 3440 1527 3490 χ,
1552 3424 1616 3478 i7
1643 3422 1687 3495 ).
1713 3422 1846 3478 Nam
1877 3430 1931 3477 et
1955 3436 2077 3476 vcr-

500 3522 627 3577 bum
658 3520 1023 3591 propheticum
1054 3518 1284 3573 lucerna:
1309 3530 1627 3585 comparans
1667 3513 1942 3585 apostolus
1970 3514 2074 3573 Pe-

500 3627 651 3672 trus:
688 3615 972 3681 Habemus,
999 3615 1188 3685 inquit,
1219 3615 1476 3668 certiorem
1509 3612 1856 3684 propheticum
1879 3626 2072 3666 sermo—

500 3724 613 3762 nem
637 3749 652 3772 ,
694 3708 777 3761 cui
804 3707 1093 3779 benefacitis
1118 3706 1429 3760 intendentes
1448 3746 1462 3767 ,
1487 3704 1618 3759 velut
1640 3702 2074 3761 lttcerntelucenti

498 3799 553 3854 in
578 3798 787 3854 obscuro
815 3799 925 3853 loco
950 3798 969 3869 (
1009 3797 1053 3854 ll
1084 3796 1226 3852 Petr.
1255 3813 1305 3864 ι,
1327 3797 1435 3867 l9).
1461 3795 1612 3864 Quod
1643 3797 1821 3866 itaque
1840 3795 1927 3851 hic
1952 3794 2028 3850 ait
2055 3835 2072 3858 ,

500 3890 733 3944 Lucerna
772 3889 977 3961 pedibus
1021 3889 1145 3943 meis
1183 3888 1575 3955 verbum‘tuum,
1603 3898 1648 3943 et
1693 3887 1860 3942 lumen
1883 3886 2075 3940 semitis

500 3984 643 4047 meis,
671 3982 894 4038 verbum
929 3989 1013 4037 est
1040 3980 1183 4052 quod
1212 3981 1262 4035 in
1290 3979 1578 4050 Scripturis
1598 3978 1798 4035 sanctis
1824 3976 2074 4033 omnibus

501 4074 825 4129 continetur.

568 4167 623 4220 2.
640 4164 785 4239 [vers.
811 4164 932 4230 £06,
957 4161 1106 4235 i07.]
1122 4161 1325 4229 Juravi,
1357 4162 1545 4232 inquit,
1571 4170 1619 4216 et
1650 4162 1802 4216 statui
1824 4158 2077 4215 custodire

488 4257 689 4328 judicia
702 4256 1064 4326 justitiaztute:
1091 4265 1339 4323 tanquam
1369 4253 1502 4307 bene
1522 4251 1805 4309 ambulans
1830 4251 1898 4306 ad
1927 4250 2073 4305 illam

499 4350 792 4410 lucernam,
822 4355 877 4402 et
912 4356 1087 4402 rectas
1111 4346 1329 4401 semitas
1357 4345 1578 4400 habens.
1605 4345 1863 4416 Sequenti
1891 4353 2072 4400 autem

498 4440 665 4495 verbo
715 4438 842 4494 illud
904 4438 1047 4508 quod
1098 4437 1365 4493 antecedit
1402 4439 1701 4505 expositum
1750 4445 1852 4492 est.
1910 4437 2075 4504 Quasi

499 4533 641 4588 enim
664 4545 1026 4599 quaereremus
1049 4529 1175 4599 quid
1192 4537 1357 4607 esset,
1379 4529 1587 4593 Iuravi;
1611 4528 1876 4598 adjunxit,
1900 4538 1946 4584 et
1971 4540 2076 4584 sta-

500 4624 592 4678 tui.
611 4622 723 4679 Hoc
748 4622 890 4678 enim
915 4621 1203 4693 appellavit
1216 4620 1577 4691 juramentum
1600 4621 1741 4690 quod
1767 4621 1953 4675 statuit
1979 4635 2075 4690 per

499 4725 893 4771 sacramentum
919 4731 935 4781 ;
967 4714 1095 4785 quia
1121 4714 1193 4768 ita
1218 4713 1379 4768 debet
1403 4726 1523 4768 esse
1549 4726 1703 4767 mens
1729 4710 1835 4765 lixa
1864 4711 1918 4765 in
1946 4727 2074 4767 cus-

498 4805 764 4860 todicndis
787 4805 1003 4874 judiciis
1033 4804 1244 4873 iustitia:
1274 4802 1398 4871 Dei,
1433 4811 1492 4856 ut
1513 4802 1585 4857 sit
1620 4801 1840 4856 omnino
1865 4816 1960 4871 pro
1981 4800 2075 4872 ju-

496 4896 704 4952 ratione
724 4895 865 4967 quod
900 4896 1107 4951 statuit.

565 4990 619 5044 5.
659 4988 787 5043 Fide
820 4997 996 5044 autem
1036 4986 1407 5043 custodiuntur
1439 4984 1636 5054 judicia
1672 4982 1893 5054 iustitia:
1937 4983 2071 5049 Dei;

493 5098 613 5138 cum
642 5080 741 5135 sub
775 5081 886 5135 Deo
909 5080 1055 5150 justo
1085 5076 1283 5148 judice,
1314 5093 1415 5133 nec
1450 5087 1607 5133 recte
1653 5074 1850 5131 factum
1903 5076 2073 5130 infru-

492 5182 758 5239 ctuosum,
787 5185 888 5226 nec
916 5177 1192 5240 peccatum
1207 5167 1443 5223 creditur
1467 5166 1779 5238 impunitum
1808 5185 1823 5223 :
1852 5166 1945 5222 sed
1976 5181 2073 5235 pro

493 5264 594 5319 hac
620 5264 723 5319 (ide
740 5264 860 5333 quia
884 5262 1046 5316 multa
1067 5271 1122 5317 et
1145 5261 1457 5330 gravissima
1482 5259 1617 5314 mala
1643 5274 1839 5330 corpus
1856 5259 2074 5329 pertulit

491 5357 709 5421 Christi,
760 5354 1074 5410 Ilnmiliatus
1117 5368 1250 5419 sum,
1295 5352 1484 5423 inquit,
1526 5368 1683 5422 usque
1725 5351 1892 5405 valde.
1955 5350 2070 5404 Non

491 5449 633 5501 enim
662 5447 755 5512 ait,
788 5444 1070 5501 iiumiliavi
1095 5459 1210 5509 me;
1238 5452 1295 5498 ut
1323 5442 1671 5497 humilitatem
1701 5458 1821 5512 qua:
1847 5442 1898 5495 in
1931 5457 2071 5510 pne-

490 5547 644 5608 cepto
672 5545 776 5603 est,
824 5536 1045 5608 intelligi
1091 5534 1161 5591 sit
1200 5531 1575 5589 necessezscd
1609 5533 1703 5599 ait,
1758 5530 2071 5585 Humiliatus

489 5643 599 5680 sum
625 5642 781 5695 usque
806 5626 949 5680 valde
968 5641 989 5690 ;
1034 5624 1320 5680 maximam
1345 5623 1547 5678 scilicet
1583 5638 1771 5694 passus
1814 5637 2067 5694 perseeu-

552 5757 571 5790 ι
595 5762 671 5806 Ει.
694 5752 826 5815 ιυεά
870 5762 987 5806 ven.
1015 5731 1067 5807 et
1087 5762 1218 5814 non,
1242 5760 1296 5804 ει
1316 5754 1425 5805 ideo
1447 5753 1607 5804 adhuc
1624 5752 1843 5829 subdidit
1915 5760 1972 5803 ιι.

1690 307 1750 364 s.
1791 278 2159 361 aucusrmt‘
2189 298 2487 357 Eptscort

3595 302 3743 363 1568

2159 411 2380 477 tionem,
2415 426 2510 481 pro
2536 426 2601 468 eo
2628 411 2768 482 quod
2792 412 2989 483 juravit
3016 422 3071 469 et
3096 415 3276 469 statuit
3303 415 3571 472 custodire
3589 418 3741 487 judi-

2155 502 2235 556 cia
2261 502 2477 570 justitiae
2505 503 2619 557 Dei.
2652 504 2718 558 Et
2746 520 2812 560 ne
2841 505 2889 559 in
2909 515 3051 560 tanta
3082 507 3448 563 hutuiliatione
3468 508 3599 565 lides
3618 515 3740 579 ipsa

2156 594 2433 661 deficeret,
2477 595 2698 660 addidit,
2730 596 2960 663 Domine,
2990 598 3185 669 viviﬁca
3209 616 3289 654 me
3314 600 3588 655 secundum
3617 619 3742 657 ver-

2155 689 2272 741 bum
2301 676 2438 740 tuuni
2470 703 2490 740 :
2520 686 2619 742 hoc
2637 695 2719 742 est
2738 689 3029 744 secundum
3062 690 3379 759 promissum
3401 703 3569 745 tuum.
3601 692 3743 746 Nam

2155 786 2210 833 et
2238 777 2456 832 verbum
2495 779 2875 847 prcutissorum
2910 781 3000 835 Dei
3025 781 3240 836 lucerna
3281 792 3363 838 est
3407 783 3651 851 pedibus,
3685 794 3745 839 et

2156 868 2360 923 semitis
2387 869 2582 923 lumen.
2608 868 2697 923 Sic
2725 879 2781 923 et
2809 871 3074 940 superius,
3120 881 3179 926 ut
3206 887 3328 928 eum
3380 874 3522 930 Deus
3569 874 3747 929 viviti-

2156 967 2321 1024 caret,
2349 959 2520 1014 oravit
2549 960 2601 1014 in
2627 960 3002 1017 “humiliatione
3044 966 3448 1032 persecutionis,
3494 967 3579 1021 ubi
3622 967 3742 1022 ait:

2160 1050 2327 1106 Paulo
2353 1054 2517 1107 minus
2542 1063 3005 1108 consumnmverunt
3035 1072 3114 1111 me
3154 1057 3207 1110 in
3253 1048 3423 1123 terra);
3456 1075 3546 1130 ego
3570 1070 3746 1113 autem

2158 1159 2256 1196 non
2297 1145 2539 1214 dereliqui
2581 1147 2822 1199 mandata
2879 1156 2963 1199 tua
2992 1150 3305 1203 :secundum
3346 1151 3750 1207 misericordiane

2159 1244 2295 1288 tuam
2321 1238 2516 1306 vivi/ica
2544 1255 2642 1303 me,
2672 1248 2719 1293 et
2745 1239 3021 1295 custodiam
3053 1241 3351 1304 testimonia,
3399 1244 3449 1297 id
3488 1253 3574 1298 est
3596 1261 3749 1299 utar-

2163 1325 2294 1395 tyria
2321 1328 2423 1380 oris
2450 1328 2541 1381 tui.
2566 1328 2664 1383 Ubi
2696 1330 3025 1398 intelligitur,
3049 1332 3092 1385 si
3122 1331 3236 1401 ipse
3263 1348 3364 1385 non
3391 1334 3618 1391 viviﬁcet
3642 1336 3752 1389 do-

2162 1416 2339 1470 nando
2386 1418 2712 1487 patientiam,
2740 1430 2960 1491 propter
2995 1418 3133 1490 quod
3177 1422 3378 1477 dictum
3412 1434 3515 1485 cst.
3569 1424 3632 1479 In
3664 1442 3755 1481 ste-

2160 1516 2266 1560 stra
2293 1509 2533 1577 patientia
2549 1510 2861 1580 possidebitis
2885 1513 3081 1567 animos
3107 1524 3293 1569 vestras
3317 1514 3467 1584 (Luc.
3488 1533 3600 1580 χχι,
3622 1519 3750 1584 l9);

2162 1611 2217 1657 et
2243 1601 2309 1655 de
2346 1615 2452 1669 quo
2480 1602 2679 1657 dictum
2702 1612 2805 1669 est,
2862 1604 3114 1669 Quoniam
3141 1606 3204 1659 ab
3239 1608 3349 1677 ipso
3391 1619 3464 1664 est
3501 1612 3755 1681 patientia

2163 1709 2272 1747 mea
2303 1691 2471 1763 (Psal.
2494 1709 2603 1758 ιχι,
2634 1694 2688 1767 6)
2719 1712 2731 1749 :
2762 1711 2866 1751 non
2889 1711 3084 1765 corpus
3109 1700 3159 1752 in
3202 1704 3570 1769 persecutione
3603 1720 3756 1759 mn!“

2166 1782 2377 1845 tillcari,
2423 1782 2515 1837 sed
2544 1784 2799 1851 animam,
2874 1800 2978 1840 non
3006 1768 3355 1845 custodiendo
3398 1768 3650 1862 martyr-ia
3695 1803 3757 1849 et

2162 1871 2355 1944 judicia
2390 1873 2609 1943 jnstitim
2632 1875 2743 1931 Dei.

2237 1961 2455 2035 4.[oers.
2491 1963 2635 2037 108.]
2689 1964 2984 2020 Voluntaria
3006 1969 3112 2024 oris
3157 1970 3256 2023 mei
3290 1969 3602 2043 beneplacita
3638 1975 3753 2041 fac,

2168 2054 2383 2110 Domine
2408 2072 2427 2110 :
2457 2056 2558 2111 hoc
2586 2066 2700 2123 est,
2730 2058 2973 2127 placeant
3003 2061 3125 2125 tibi;
3160 2062 3266 2116 noli
3302 2065 3605 2133 reprohare,
3650 2066 3757 2121 sed

2167 2148 2422 2217 approba.
2471 2149 2614 2205 Bene
2665 2160 2842 2207 autem
2879 2151 3244 2223 intelliguntur
3294 2157 3397 2211 oris
3436 2158 3754 2226 voluntaria,

2168 2240 2428 2294 sacriﬁcia
2476 2240 2670 2306 laudis,
2706 2242 3043 2299 confessione
3070 2245 3365 2313 charitatis,
3411 2265 3514 2302 non
3560 2251 3759 2305 timore

2169 2332 2501 2387 necessitatis
2546 2332 2722 2387 oblata
2750 2352 2765 2389 :
2792 2334 2933 2390 unde
2962 2335 3161 2391 dictum
3201 2346 3304 2404 cst,
3346 2339 3629 2393 Volttnlaric
3654 2358 3754 2393 sa-

2166 2421 2404 2491 criﬁcabo
2428 2423 2517 2477 tibi
2548 2422 2717 2496 (Psal.
2751 2440 2841 2491 ιιι,
2870 2426 2950 2496 8).
3003 2427 3106 2482 Sed
3138 2428 3261 2498 quid
3288 2438 3369 2483 est
3393 2430 3532 2497 quod
3557 2431 3756 2498 adjun-

2168 2514 2266 2585 git,
2300 2514 2361 2569 Et
2379 2516 2580 2587 judicia
2612 2528 2700 2571 tua
2722 2518 2844 2573 doce
2869 2520 2984 2574 me?
3026 2519 3213 2577 Nonne
3251 2522 3363 2593 ipse
3413 2523 3464 2578 in
3505 2525 3757 2581 versibus

2171 2607 2535 2676 superioribus
2576 2608 2802 2675 dixerat,
2853 2608 2899 2662 Α
2916 2611 3130 2680 judiciis
3182 2613 3280 2666 tuis
3323 2630 3424 2667 non
3460 2614 3760 2670 declinari!

2172 2695 2450 2764 Quomodo
2479 2697 2638 2763 istud,
2670 2699 2715 2754 si
2745 2715 2851 2754 non
2869 2716 2932 2756 ea
2959 2702 3221 2757 noverat?
3240 2703 3409 2758 Porro
3434 2705 3476 2758 si
3504 2716 3758 2774 noverat,

2172 2787 2440 2857 quomodo
2473 2787 2560 2844 hic
2582 2788 2730 2853 dicit,
2760 2789 2825 2844 Et
2845 2791 3048 2860 judicia
3077 2802 3163 2847 tua
3192 2794 3313 2848 doce
3340 2812 3417 2849 me
3441 2796 3467 2848 .9
3506 2798 3586 2850 Au
3612 2806 3763 2851 sicut

2173 2876 2302 2933 illud
2332 2887 2433 2946 est,
2464 2878 2776 2934 Suavitatem
2800 2882 2965 2950 fecisti
2990 2898 3104 2936 cum
3138 2899 3279 2938 seruo
3316 2894 3448 2949 tuo;
3490 2896 3548 2939 et
3571 2894 3763 2955 postea

2174 2969 2323 3036 dicit,
2356 2970 2673 3026 Suavitatem
2702 2972 2826 3026 doce
2846 2975 2959 3027 me?
2980 2960 3150 3041 Quod
3188 2975 3258 3029 ita
3292 2976 3652 3046 exposuimus,
3696 2986 3765 3031 ut

2174 3061 2590 3133 iutelligeremus
2618 3063 2779 3119 verba
2807 3064 3151 3133 proﬁcientis,
3200 3075 3256 3121 et
3283 3065 3406 3121 addi
3443 3066 3546 3122 sibi
3586 3067 3654 3123 ad
3703 3067 3763 3123 id

2173 3153 2314 3224 quod
2341 3162 2621 3224 acceperat
2643 3155 2984 3225 postulantis.

2244 3246 2298 3301 5.
2330 3244 2351 3318 [
2379 3262 2506 3301 vers.
2540 3246 2685 3321 l09.]
2711 3248 2894 3303 Anima
2912 3266 3022 3304 mea
3051 3250 3106 3305 in
3143 3252 3372 3306 manibus
3397 3254 3495 3305 tuis
3537 3271 3759 3324 semper.

2173 3333 2422 3390 Nonnulli
2443 3337 2654 3392 codices
2680 3337 2900 3405 habent,
2928 3341 3232 3396 inmanibus
3251 3343 3375 3397 meis
3397 3343 3526 3397 :scd
3554 3346 3760 3413 plures.

2174 3427 2229 3482 in
2253 3429 2385 3493 tuis;
2427 3429 2615 3485 ethoc
2641 3431 2855 3501 quidem
2897 3434 3115 3501 planum
3164 3443 3264 3489 est.
3314 3435 3588 3491 Justorum
3614 3440 3762 3493 enim

2175 3521 2369 3577 animm
2395 3522 2447 3577 in
2462 3526 2620 3578 manu
2648 3523 2742 3579 Dei
2771 3534 2894 3580 sunt
2921 3525 3074 3599 (Sap.
3109 3543 3183 3590 III,
3211 3528 3306 3597 1);
3338 3528 3388 3582 in
3418 3529 3570 3596 cujus
3594 3546 3762 3586 manu

2175 3622 2301 3668 sunt
2324 3622 2378 3669 et
2397 3628 2496 3668 nos
2516 3625 2569 3670 et
2598 3630 2875 3671 sermones
2909 3606 3073 3672 nostri
3104 3617 3212 3690 (Id.
3240 3634 3332 3684 vn,
3365 3618 3472 3692 ιϐ).
3514 3619 3575 3673 Et
3610 3620 3762 3690 quis,

2175 3703 2366 3775 inquit,
2413 3714 2514 3760 tute
2539 3722 2640 3761 non
2679 3723 2791 3761 sum
2833 3706 3017 3762 oblitus
3041 3724 3060 3763 :
3086 3718 3338 3780 tanquam
3360 3710 3427 3766 ad
3470 3727 3575 3766 non
3619 3712 3763 3766 obli-

2175 3794 2481 3852 viscendum
2510 3797 2603 3852 Dei
2629 3797 2797 3869 legem
2825 3799 3072 3855 manibus
3114 3800 3280 3870 ipsius
3324 3803 3612 3873 adjuvetur
3638 3805 3764 3872 ejus

2176 3888 2455 3954 memoria,
2486 3887 2574 3943 ubi
2596 3888 2711 3957 ejus
2736 3898 2817 3944 est
2842 3890 3042 3945 anima.
3076 3891 3259 3946 Anima
3285 3909 3412 3949 vero
3438 3911 3549 3948 mea
3576 3896 3625 3949 in
3650 3912 3735 3948 ma
3752 3925 3766 3940 ο

2176 3976 2320 4031 nibus
2345 3979 2486 4044 meis,
2509 3978 2776 4048 quomodo
2796 3979 3139 4051 intelligatur,
3165 3981 3372 4051 ignoro.
3397 3983 3422 4038 ⁴Ι
3436 3985 3534 4037 usti
3564 3985 3765 4053 quippe

2176 4067 2280 4124 ista
2307 4069 2469 4124 verba
2493 4078 2635 4136 sunt,
2659 4084 2764 4124 non
2796 4070 2976 4139 injusti
3005 4088 3020 4136 ;
3088 4071 3360 4127 redeuntis
3402 4073 3469 4128 ad
3516 4074 3762 4142 Patrem,

2178 4174 2284 4215 non
2305 4160 2675 4217 discedentisa
2693 4161 2870 4217 Patre.
2903 4162 3037 4217 Nam
3062 4173 3237 4233 potest
3261 4164 3430 4220 videri
3452 4165 3637 4236 junior
3671 4167 3766 4223 ille

2176 4254 2317 4309 ﬁlius
2344 4255 2577 4312 animam
2597 4272 2748 4313 suam
2776 4257 2830 4312 in
2860 4258 3105 4314 manibus
3129 4259 3238 4313 suis
3266 4258 3465 4314 habere
3491 4258 3723 4313 voluisse
3740 4301 3764 4326 ,

2175 4346 2389 4418 quando
2431 4347 2567 4404 dixit
2588 4350 2743 4418 patri,
2790 4348 2874 4404 Da
2905 4350 3034 4404 mihi
3068 4349 3400 4405 substantiam
3441 4366 3605 4405 meam
3647 4365 3766 4420 qua

2176 4455 2257 4494 me
2293 4440 2537 4511 contingit
2567 4456 2586 4494 :
2608 4439 2704 4495 sed
2750 4440 2871 4496 ideo
2900 4450 3145 4497 mortuus
3177 4449 3315 4506 erat,
3364 4441 3483 4496 ideo
3525 4441 3767 4510 perierat

2177 4529 2329 4602 (Luc.
2365 4546 2453 4596 xv,
2488 4531 2575 4595 12,
2605 4530 2721 4603 26).
2773 4532 2856 4587 An
2886 4533 3037 4589 'l'orte
3090 4535 3163 4588 ita
3209 4532 3410 4603 dictum
3449 4541 3554 4601 est,
3579 4533 3767 4586 Anima

2176 4637 2287 4675 mea
2306 4620 2358 4674 in
2387 4620 2619 4675 manibus
2643 4622 2785 4689 meis,
2839 4631 3088 4694 tanquam
3129 4638 3248 4679 eam
3279 4624 3644 4679 viviﬁcandam
3672 4623 3763 4677 of.

2179 4708 2342 4765 ferret
2372 4710 2519 4765 Deo?
2550 4710 2701 4766 Unde
2720 4711 2848 4767 alibi
2878 4712 3074 4767 dicitur
3105 4730 3118 4766 :
3150 4713 3233 4767 Ad
3274 4723 3322 4767 te
3354 4715 3510 4768 levavi
3535 4715 3765 4769 animans

2177 4817 2340 4855 meam
2370 4799 2538 4870 (Psal.
2568 4817 2713 4866 xxw,
2744 4803 2822 4875 1).
2853 4804 3067 4859 Dixerat
3111 4806 3254 4859 enim
3285 4812 3340 4860 et
3385 4804 3472 4860 hic
3491 4807 3761 4877 superius,

2186 4890 2393 4961 Vici/ica
2418 4909 2513 4947 me.

2245 4985 2301 5039 6.
2353 4984 2502 5057 [verm
2533 4982 2680 5057 il0.]
2736 4984 3045 5051 Posuerunt,
3101 4987 3293 5059 inquit,
3340 4996 3625 5059 peccatores
3675 4988 3765 5042 la-

2174 5094 2354 5147 queum
2377 5077 2519 5143 mihi,
2541 5085 2587 5132 et
2605 5092 2638 5130 a
2667 5078 2918 5132 mandatis
2942 5080 3040 5132 tuis
3072 5096 3173 5134 non
3194 5080 3379 5134 erravi.
3436 5079 3590 5136 Unde
3633 5080 3763 5143 hoc.

2158 5170 2274 5224 ‘nisi
2307 5170 2430 5237 quia
2458 5169 2574 5237 ejus
2603 5170 2783 5225 anima
2815 5172 2867 5223 in
2907 5170 3155 5226 manibus
3184 5171 3300 5237 Dei,
3332 5172 3413 5227 vel
3447 5173 3498 5226 in
3526 5174 3638 5226 suis
3669 5173 3763 5225 vi-

2173 5262 2433 5317 viﬁcauda
2460 5261 2681 5317 oll'crtur
2709 5262 2859 5316 Deo?

2245 5354 2297 5407 7.
2327 5352 2476 5426 [uers.
2522 5355 2669 5423 Hi.)
2713 5353 3026 5409 Ha'reditate
3067 5355 3308 5427 acquisiui
3348 5356 3632 5411 testimonia
3666 5365 3761 5412 tua

2171 5446 2227 5501 in
2250 5456 2513 5500 teternum.
2554 5446 2802 5501 Nonnulli
2827 5462 2933 5500 ttuo
2953 5447 3118 5502 verbo
3146 5447 3386 5502 volentes
3410 5447 3592 5503 dicere
3610 5447 3763 5519 quod

2173 5553 2281 5593 uno
2305 5540 2470 5594 verbo
2498 5538 2547 5591 in
2575 5551 2751 5608 graeco
2790 5537 3020 5607 positum
3070 5546 3172 5605 est,
3228 5537 3539 5592 Hmeditavi
3586 5540 3764 5592 inter-

2172 5628 2368 5699 pretati
2391 5637 2532 5683 sunt.
2556 5628 2707 5695 Quod
2748 5630 2848 5685 etsi
2901 5630 3121 5685 latinum
3164 5645 3286 5686 esse
3329 5640 3533 5701 posset,
3584 5630 3768 5700 magis

2177 5720 2500 5790 signiﬁcaret
2538 5735 2659 5775 eum
2695 5721 2782 5792 qui
2822 5719 2969 5776 dedit
3022 5721 3408 5790 bmreditatcm,
3442 5735 3605 5794 quam
3633 5736 3761 5777 etun
