4026 6202
211 233 343 291 1569

209 355 294 423 qui
327 349 536 418 accepit
562 365 577 414 ;
603 347 758 404 utsic
784 355 925 402 esset
963 345 1250 400 hereditarii
1274 388 1290 412 ,
1346 345 1634 416 quomodo,
1693 345 1788 400 Di-

207 443 333 496 tavi.
383 441 568 494 Melius
598 455 725 508 ergo
771 438 980 493 duobus
1016 437 1192 491 verbis
1237 438 1536 492 insinuatur
1585 438 1789 504 integer

207 547 426 592 sensus;
456 531 570 584 sive
615 529 843 592 dicatur,
890 527 1194 582 [hereditate
1238 528 1458 598 possedi;
1500 528 1611 581 sive
1641 527 1790 581 dica-

207 633 362 677 catur
387 664 401 682 .
435 620 751 674 Ila'reditate
792 619 1030 689 acquisiui
1060 635 1079 673 :
1107 635 1208 673 non
1259 618 1646 680 hzrreditatcm,
1695 619 1785 672 sed

208 714 518 769 haereditate.
550 713 605 768 Si
632 724 807 768 autem
836 712 1110 782 quaeritur.
1137 712 1262 781 quid
1294 712 1599 782 acquisierit
1632 712 1787 763 luere

207 806 403 866 ditate;
433 801 766 865 Testimonia,
800 803 986 872 inquit,
1019 810 1123 854 tua.
1161 801 1298 868 Quid
1331 801 1514 854 volens
1546 800 1786 866 intelligi,

209 897 330 958 nisi,
378 905 437 949 ut
460 896 612 949 testis
643 895 731 948 Dei
764 893 935 958 ﬁeret,
989 893 1209 964 ejusque
1241 893 1543 951 testimonia
1571 893 1791 946 conﬁte-

209 996 395 1048 retur;
448 986 498 1040 id
527 994 629 1052 est,
662 997 718 1038 ut
745 994 947 1055 martyr
970 985 1061 1038 Dei
1092 985 1256 1047 ﬁeret,
1306 993 1464 1053 atque
1498 983 1613 1054 ejus
1644 999 1787 1036 mar-

210 1079 346 1146 tyria
398 1075 624 1142 diceret,
676 1076 812 1129 sicut
843 1086 1107 1147 martyres
1150 1075 1352 1135 dicunt.
1396 1089 1426 1128 a
1464 1074 1622 1128 Patre
1665 1072 1786 1138 sibi,

212 1169 365 1234 t‘thIIS
409 1167 582 1220 hwres
619 1175 700 1220 est
731 1167 769 1227 ¹,
815 1181 932 1220 esse
959 1165 1253 1218 collatum?
1290 1163 1438 1218 Multi
1474 1164 1667 1234 quippe
1693 1178 1790 1215 vo-

214 1260 448 1323 luerunt,
497 1274 666 1327 neque
719 1267 1003 1326 potuerunt
1034 1275 1046 1309 :
1077 1256 1201 1309 nulli
1251 1264 1427 1309 tamen
1475 1263 1788 1324 poxuerunt,

213 1350 310 1402 nisi
343 1352 430 1418 qui
462 1349 784 1411 voluerunt;
819 1347 941 1416 quia
975 1364 1077 1399 non
1105 1347 1418 1416 potuissent,
1448 1346 1495 1400 si
1527 1346 1614 1399 Dei
1649 1346 1793 1398 testi-

214 1441 393 1494 monia
423 1441 443 1470 ²
476 1454 670 1508 negare
701 1438 1013 1491 ι·οιιιίς›θιιι.
1060 1436 1161 1491 Sed
1191 1437 1349 1491 etiam
1374 1437 1606 1506 ipsorum
1651 1453 1792 1506 pra:-

217 1539 403 1598 parata
431 1536 515 1582 est
556 1524 801 1582 voluntas
827 1543 857 1581 a
885 1527 1127 1582 Domino.
1181 1526 1304 1581 ldeo
1344 1526 1456 1581 huic
1487 1527 1793 1582 haereditate

211 1639 269 1678 se
294 1623 591 1691 acquisisse
644 1621 742 1675 iste
771 1630 1012 1686 testatur,
1059 1621 1236 1674 ethoc
1282 1621 1338 1674 in
1376 1620 1794 1722 teterr‘nmmuia

215 1733 322 1770 non
354 1722 436 1768 est
465 1715 518 1767 in
545 1714 623 1767 eis
653 1713 818 1782 gloria
839 1712 1143 1781 temporalis
1165 1711 1436 1768 hominum
1468 1711 1603 1765 vana
1645 1726 1792 1780 qua:-

214 1807 472 1870 rentium,
499 1802 591 1857 scd
620 1812 818 1856 interna
844 1801 1012 1871 gloria
1035 1809 1114 1854 est
1143 1799 1291 1855 brevi
1325 1810 1560 1868 tempore
1591 1801 1797 1868 patien-

215 1899 374 1967 tium,
419 1907 472 1950 et
494 1895 610 1948 sine
643 1894 746 1948 ﬁne
785 1892 1138 1964 regnantium.
1189 1890 1339 1948 Unde
1370 1893 1625 1961 sequitur,
1653 1889 1795 1957 Quo-

215 1991 358 2041 niam
382 1987 652 2041 exsultatio
669 1985 834 2038 cordis
860 1987 957 2037 mei
983 1993 1098 2038 sunt
1127 2000 1146 2037 :
1171 1983 1268 2039 etsi
1296 1983 1510 2038 afﬂictio
1534 1984 1792 2053 corporis,

217 2079 512 2134 exsul'alio
537 2087 710 2132 tamen
741 2075 934 2130 cordis.

289 2173 349 2227 8.
383 2169 536 2244 [rers.
569 2168 715 2242 112.]
747 2167 944 2223 Deinde
961 2167 1183 2236 subjecit
1210 2184 1222 2220 :
1253 2166 1505 2220 Inclinavi
1527 2183 1611 2219 cor
1632 2183 1797 2219 meum

217 2264 288 2316 ad
334 2261 597 2329 faciendas
633 2259 1027 2330 jnstiﬁcationes
1053 2268 1164 2310 tuas
1205 2259 1256 2310 in
1293 2244 1551 2320 céternnm,
1596 2267 1798 2326 proliter

213 2352 612 2406 retributionem.
639 2349 736 2417 Qui
762 2349 909 2412 dicit,
939 2346 1191 2402 Inclinavi
1209 2363 1300 2400 cor
1323 2364 1519 2408 meum;
1548 2335 1657 2415 ipse
1685 2347 1795 2416 jam

215 2442 450 2506 dixerat,
485 2439 683 2494 Inclina
709 2455 794 2492 cor
810 2455 972 2492 meum
998 2440 1048 2490 in
1077 2437 1358 2490 testimonia
1389 2447 1513 2500 tua;
1542 2447 1596 2489 ut
1641 2437 1800 2491 intel-

212 2534 447 2603 ligamus
475 2531 631 2585 simul
665 2532 763 2584 hoc
787 2545 905 2583 esse
927 2539 979 2583 et
1004 2529 1165 2582 divini
1209 2529 1442 2581 muneris
1488 2537 1541 2582 et
1571 2529 1798 2597 propria:

213 2623 528 2678 voluntatis.
556 2621 660 2676 Sed
693 2619 946 2690 numquid
995 2621 1044 2673 in
1087 2628 1342 2673 internum
1377 2617 1562 2672 facturi
1615 2633 1799 2672 sumus

211 2713 624 2786 iustificationes
656 2711 787 2765 Dei?
815 2710 987 2779 Opera
1023 2711 1110 2762 illa
1139 2709 1349 2778 quidem
1371 2725 1487 2785 qua:
1515 2723 1800 2777 operamur

213 2806 368 2859 circa
411 2803 774 2872 proximorum
834 2801 1216 2864 necessitates,
1273 2808 1472 2852 interna
1530 2813 1649 2852 esse
1695 2813 1798 2852 non

213 2906 463 2967 passm",
491 2896 626 2950 sicut
659 2910 757 2948 nec
779 2894 905 2962 ipse
934 2892 1314 2946 necessitates:
1351 2892 1441 2945 sed
1471 2889 1514 2946 si
1544 2906 1646 2945 non
1678 2889 1800 2944 dili-

211 2988 394 3056 gendo
421 2987 518 3041 ista
547 2986 826 3050 faciamus,
878 2984 1019 3037 nulla
1050 2995 1124 3037 est
1154 2982 1497 3052 justiﬁcatio;
1538 2983 1580 3035 si
1622 2992 1798 3037 autem

212 3077 508 3149 diligendo,
537 3087 737 3130 arterna
759 3084 839 3129 est
870 3075 983 3146 ipsa
1014 3073 1227 3128 dilectio
1247 3115 1260 3138 ,
1303 3073 1458 3142 eique
1483 3083 1681 3127 aeterna
1710 3087 1802 3142 pa-

213 3183 343 3226 rata
382 3181 460 3225 est
492 3169 808 3234 retributio;
858 3177 1070 3237 propter
1095 3182 1251 3236 quam
1286 3166 1688 3219 retributionem
1716 3164 1798 3219 di-

213 3265 288 3316 cit
323 3277 382 3315 se
413 3261 696 3315 inclinasse
725 3275 817 3314 cor
836 3274 988 3313 suum
1015 3257 1080 3312 ad
1104 3257 1370 3312 faciendas
1394 3257 1802 3325 justiﬁeationes

215 3352 342 3414 Dei,
382 3353 519 3404 utin
555 3359 810 3404 mternum
839 3349 1083 3420 diligens,
1135 3347 1185 3401 in
1231 3357 1487 3402 a'ternum
1535 3358 1804 3401 mereatur

215 3444 420 3497 habere
447 3441 592 3512 quod
611 3441 798 3510 diligit.

835 3587 1003 3627 εειιιιο
1041 3587 1184 3627 XXIV.

293 3709 349 3762 1.
379 3707 532 3781 [εει-ε.
569 3705 713 3780 113.]
745 3707 937 3761 Psalmi
971 3706 1128 3777 hujus
1151 3706 1300 3760 locus
1316 3705 1382 3760 de
1407 3705 1586 3776 quoin
1617 3705 1804 3759 volun-

218 3808 336 3855 tate
366 3799 456 3852 Dei
483 3799 797 3868 disputaturi
825 3813 1031 3864 sumus,
1061 3798 1137 3851 sic
1179 3796 1362 3864 incipit
1391 3813 1403 3848 :
1440 3794 1648 3864 lniqnos
1689 3796 1805 3849 odio

215 3890 400 3955 habui,
429 3899 475 3943 et
503 3890 661 3960 legem
685 3898 820 3942 luam
845 3887 1021 3942 dilexi.
1051 3886 1166 3941 Non
1184 3887 1279 3952 ait,
1313 3887 1524 3955 lniquos
1561 3886 1683 3939 odio
1707 3885 1806 3940 ha-

212 3981 337 4043 bui.
365 3993 416 4035 et
443 3981 616 4048 justus
641 3980 843 4045 dilexi;
875 3988 987 4039 aut,
1018 3977 1352 4046 lniquitatem
1381 3976 1504 4030 odio
1530 3976 1709 4041 habui,
1753 3983 1808 4029 et

213 4070 398 4141 legem
443 4080 586 4124 tuam
615 4069 800 4124 .dilexi
834 4087 847 4122 :
881 4069 974 4124 sed
1002 4085 1120 4124 cum
1165 4068 1408 4133 dixisset,
1457 4066 1667 4134 Iniqnos
1693 4067 1808 4120 odio

212 4163 402 4226 habui,
432 4164 679 4231 exposuit
708 4169 890 4229 quare,
921 4159 1186 4222 addendo,
1215 4169 1260 4211 et
1282 4159 1436 4227 legem
1465 4166 1604 4210 tuam
1630 4155 1806 4222 dilexi,

215 4265 276 4309 ut
307 4254 724 4314 demonstraret,
767 4267 870 4304 non
915 4265 972 4305 sc
995 4250 1044 4304 in
1084 4249 1386 4304 hominibus
1415 4247 1609 4317 iniquis
1633 4246 1810 4301 odisse

213 4358 500 4409 naturam,
519 4360 620 4414 qua
651 4343 891 4398 homines
915 4351 1056 4405 sunt;
1081 4341 1173 4396 sed
1198 4341 1547 4410 iniquitatem,
1577 4354 1680 4409 qua
1708 4337 1807 4408 legi

214 4454 392 4510 quam
423 4435 613 4505 diligit,
646 4435 841 4488 inimici
875 4441 1018 4486 sunt.

292 4530 356 4590 2.
385 4527 534 4599 (vers.
581 4523 730 4596 116.]
778 4523 976 4578 Deinde
1013 4521 1274 4591 sequitur,
1331 4519 1548 4589 Adjutor
1583 4535 1724 4573 meus
1767 4528 1811 4572 ct
1851 4528 1866 4544 ‘

212 4629 488 4687 susceptor
531 4633 670 4670 meus
705 4632 756 4668 es
783 4625 838 4667 iu
882 4630 902 4667 :
944 4613 1183 4683 Adjutor,
1225 4610 1291 4664 ad
1334 4610 1472 4663 bona
1524 4607 1810 4674 facienda;

213 4720 515 4780 susceptor,
545 4709 610 4764 ad
642 4709 778 4762 mala
809 4706 1100 4761 eradenda.
1133 4704 1284 4771 Quod
1330 4714 1509 4758 autem
1551 4702 1810 4772 adjungit,

215 4805 291 4858 In
326 4802 527 4855 verbum
553 4810 695 4879 tnum
728 4796 1103 4869 supersperavi,
1138 4803 1391 4865 tanquain
1419 4793 1557 4848 ﬁlius
1585 4793 1814 4864 prornis-

213 4896 401 4953 sionis
428 4893 683 4962 loquitur.

295 4988 361 5042 5.
393 4984 542 5058 [νει-ε.
577 4982 727 5056 115.]
753 4981 856 5038 Sed
886 4979 1010 5052 quid
1031 4980 1130 5034 sibi
1161 4979 1270 5034 vult
1298 4993 1487 5033 versus
1519 4977 1606 5048 qui
1638 4977 1821 5046 sequi—

215 5091 320 5135 tur
345 5097 358 5132 :
387 5077 650 5131 Declinate
671 5093 701 5128 a
723 5092 818 5138 me,
853 5073 1080 5144 maligni,
1103 5083 1149 5126 et
1174 5071 1434 5127 scrutabor
1463 5070 1701 5123 mandata
1727 5068 1819 5122 Dei

217 5172 372 5227 mei!
402 5169 518 5224 Non
546 5170 688 5225 enim
719 5169 812 5232 ait,
841 5167 1027 5226 faciam
1055 5181 1070 5230 ;
1120 5164 1236 5230 sed,
1267 5162 1541 5218 scrutabor.
1596 5161 1661 5217 Ut
1687 5177 1818 5230 ergo

214 5261 474 5334 perfecte
503 5277 563 5313 ea
593 5260 976 5328 diligenterque
1004 5256 1232 5314 noverit,
1273 5254 1532 5324 malignos
1569 5269 1600 5308 a
1631 5268 1688 5306 se
1725 5253 1822 5307 de-

216 5353 444 5409 clinare
496 5350 782 5416 desiderat,
834 5361 1035 5419 eosque
1073 5345 1232 5401 etiam
1275 5343 1643 5414 compelletth
1683 5358 1711 5396 a
1760 5357 1819 5397 se

291 5530 318 5590 ξ
339 5524 418 5590 sic
442 5531 544 5571 am.
573 5529 626 5571 et
647 5528 754 5570 Mss.
781 5526 1008 5590 tit-Eget
1024 5525 1155 5590 μοι,
1179 5515 1519 5590 cujusdonum
1540 5521 1630 5565 est.
1675 5575 1686 5585 .
1712 5575 1738 5590 ρ

216 5656 268 5700 D
295 5587 329 5655 ξ
449 5591 558 5637 uss.
586 5590 640 5634 At,
662 5593 784 5646 Αιιι.,
809 5581 850 5635 si
872 5579 992 5647 ﬁdei
1016 5575 1294 5633 testiuwniu'.
1322 5584 1397 5629 Er.
1417 5585 1468 5628 et
1490 5584 1621 5638 μοι,
1644 5575 1686 5626 si
1701 5575 1825 5641 ﬁdei

270 5659 345 5710 et,
370 5660 400 5696 e
423 5659 468 5695 c.

1258 225 1651 284 ENARRATIO
1687 224 1754 282 IN
1793 223 2108 285 PSALMDM
2146 227 2370 283 CXVIII.

3329 251 3350 311 1
3361 253 3463 311 570

1897 340 2078 410 abigit.
2124 345 2252 434 Nam
2282 345 2494 415 maligni
2523 361 2768 406 exercent
2795 351 2861 408 ad
2910 353 3146 416 facienda
3195 367 3462 434 mandata,

1897 444 1926 483 a
1953 433 2249 487 scrutandis
2275 445 2449 489 autem
2476 451 2736 508 avocant;
2780 460 2884 499 non
2913 448 3085 503 solum
3129 468 3248 508 cum
3280 433 3464 525 persas

1896 531 2147 589 quuutur,
2176 534 2264 577 aut
2296 525 2502 596 litigare
2533 530 2803 586 nobiscum
2832 537 3052 602 volunt;
3087 556 3269 598 verum
3299 549 3460 604 etiam

1895 625 2014 664 cum
2046 612 2413 681 obsequuntur
2438 628 2488 670 et
2517 618 2796 683 honorant.
2830 636 2881 679 ct
2909 637 3081 684 tamen
3121 635 3232 688 suis
3260 637 3464 694 νειίυεεε

1894 709 1942 752 et
1976 703 2262 799 negotiosis
2293 707 2666 774 cupiditatibus
2690 713 2999 783 adjuvandis
3021 732 3076 777 ut
3105 739 3461 799 occupemur,

1895 792 2044 845 cteis
2067 802 2246 883 nostra
2289 805 2527 867 tempora
2567 801 2947 873 impendamus,
2999 792 3318 883 efﬂagitant;
3374 792 3465 876 aut

1895 890 2039 936 certe
2068 882 2306 939 inﬁrmos
2329 900 2592 959 premunt,
2626 901 2679 946 et
2703 909 2889 949 causas
2915 913 3035 954 suas
3053 903 3116 957 ad
3147 921 3244 961 nos
3261 882 3465 968 deferre

1895 974 2218 1066 compellunt
2244 994 2257 1030 :
2286 978 2474 1046 quibus
2497 981 2674 1037 dicere
2706 1001 2808 1040 non
2836 989 3113 1060 audemus,
3151 996 3267 1064 Dic,
3293 1000 3461 1066 homo,

1895 1063 2004 1132 quis
2033 1080 2110 1115 me
2137 1068 2388 1120 constituit
2406 1070 2629 1139 judicem
2651 1085 2736 1125 aut
2763 1076 3026 1132 divisorem
3054 1083 3181 1137 inter
3200 1063 3282 1141 vos
3313 1063 3462 1162 (Luc.

1896 1167 1989 1216 xu,
2020 1154 2154 1224 14)?
2196 1155 2478 1212 Constituit
2513 1163 2653 1215 enim
2698 1166 2885 1222 talibus
2924 1173 3099 1226 causis
3143 1154 3465 1236 ecclesiasti-

1897 1255 1989 1339 cos
2018 1243 2034 1272 ί
2069 1245 2349 1312 Apostolus
2366 1250 2684 1319 cognitores,
2721 1254 2770 1307 in
2803 1256 2915 1312 foro
2948 1261 3229 1328 prohibens
3250 1266 3467 1339 jurgare

1898 1331 2228 1427 christianos
2255 1337 2299 1406 (1
2324 1339 2443 1394 Cor.
2479 1358 2548 1407 νι,
2581 1345 2720 1416 1-6).
2753 1346 2828 1402 Ne
2857 1350 2960 1405 illis
3001 1354 3210 1422 quidem
3242 1331 3467 1427 ἱιιιιῖιοη

1897 1425 2068 1521 aliena
2116 1429 2347 1521 rapiunt,
2401 1433 2494 1490 sed
2540 1451 2632 1488 sua
2685 1440 2873 1506 cupide
2912 1455 3176 1512 repetunt,
3217 1425 3466 1521 dicimus,

1896 1513 2091 1571 Cavete
2111 1519 2176 1573 ab
2199 1521 2343 1576 omni
2361 1523 2661 1592 cupiditate.
2686 1531 3065 1590 censtituentes
3087 1539 3163 1592 eis
3188 1551 3310 1596 ante
3338 1513 3468 1600 ocu;

1897 1603 1978 1658 los
2008 1606 2276 1664 hominem
2305 1613 2388 1665 cui
2420 1613 2615 1668 dictum
2657 1629 2756 1684 est,
2792 1620 2978 1686 Stulte,
3007 1626 3101 1680 liae
3146 1641 3288 1684 nocte
3327 1641 3471 1706 aufe-

1897 1706 2036 1749 retur
2064 1715 2094 1750 a
2121 1708 2167 1753 te
2185 1702 2356 1755 anima
2383 1713 2468 1757 tua
2490 1721 2510 1768 ;
2529 1723 2642 1776 quae
2671 1715 2966 1784 prwparasti
2988 1719 3130 1781 cuius
3152 1735 3294 1774 erunt
3319 1702 3466 1792 (Luc.

1900 1802 1996 1852 xu,
2028 1788 2163 1860 20)?
2190 1793 2313 1861 quia
2331 1805 2382 1848 et
2419 1798 2631 1864 quando
2661 1800 2906 1867 dicimus,
2938 1821 3038 1858 non
3083 1788 3334 1865 recedunt
3372 1830 3470 1870 nec

1897 1875 2164 1934 declinant
2208 1897 2238 1936 a
2285 1884 2474 1950 nobis;
2523 1886 2614 1940 sed
2661 1889 2878 1955 instant,
2915 1905 3120 1963 urgent,
3167 1914 3468 1967 precantur,

1901 1970 2303 2056 tumultuantur,
2335 1986 2670 2047 extorquent,
2705 1992 2757 2034 ut
2791 1983 2916 2051 ipsis
2943 1987 3116 2053 patius
3141 1989 3205 2042 ad
3237 1991 3332 2044 ista
3353 2009 3472 2062 quae

1900 2062 2140 2133 diligunt,
2189 2083 2344 2134 quam
2375 2072 2677 2126 scrutandis
2700 2074 2793 2128 Dei
2838 2078 3098 2133 mandatis
3149 2098 3266 2151 quae
3296 2083 3473 2154 diligi-

1901 2168 2018 2208 mus
2043 2169 2383 2226 occupemur.
2430 2160 2474 2214 0
2499 2172 2695 2230 quanto
2721 2166 2875 2220 tzedio
2903 2169 3172 2224 turbarum
3203 2173 3474 2229 turbulen-

1902 2255 2095 2312 tirum,
2147 2259 2200 2303 et
2245 2263 2442 2318 quanto
2481 2252 2747 2308 desiderio
2791 2257 3089 2314 divinorum
3137 2263 3474 2331 eloquiorum

1900 2339 2096 2393 dictum
2123 2351 2226 2406 est,
2259 2339 2518 2396 Declinote
2538 2361 2568 2396 a
2590 2362 2686 2411 me,
2711 2347 2941 2418 maligni,
2981 2360 3026 2403 et
3049 2353 3305 2407 scrutabor
3325 2369 3476 2411 man:

1901 2430 2019 2484 data
2047 2430 2141 2484 Dei
2180 2433 2318 2487 mei!
2363 2435 2635 2504 lgnoscant
2668 2437 2976 2493 obedientes
3024 2441 3205 2497 ﬁdeles
3235 2446 3324 2514 qui
3373 2462 3474 2514 pro

1901 2519 2009 2572 suis
2039 2521 2382 2576 saecularibus
2409 2527 2583 2578 causis
2609 2541 2729 2580 raro
2756 2541 2850 2580 nos
2879 2517 3141 2597 quierunt,
3185 2541 3240 2586 et
3262 2534 3476 2601 judiciis

1903 2613 2100 2667 nostris
2121 2611 2374 2670 facillime
2399 2617 2744 2686 acquiescunt
2770 2635 2784 2684 ;
2811 2635 2910 2674 nec
2942 2637 3038 2676 nos
3060 2634 3341 2680 conterunt
3364 2627 3475 2682 liti-

1900 2702 2094 2773 gando,
2124 2704 2215 2757 sed
2247 2705 2663 2776 obteinperaudo
2690 2709 2864 2776 potius
2907 2712 3270 2767 consolantur.
3319 2716 3478 2776 Certe

1902 2803 2120 2862 propter
2160 2809 2251 2848 eos
2293 2798 2381 2864 qui
2413 2805 2466 2851 et
2515 2797 2654 2852 inter
2703 2814 2762 2853 se
2801 2801 3143 2868 pertinaciter
3171 2812 3356 2875 agunt,
3423 2815 3478 2862 et

1901 2886 2112 2955 quando
2165 2886 2332 2941 bonos
2379 2897 2666 2959 premunt,
2738 2904 2920 2946 uoswa
2969 2892 3201 2960 judicata
3241 2904 3480 2950 contem-

1905 2987 2071 3042 nunt;
2121 2977 2422 3049 faciuntque
2468 2967 2624 3035 nobis
2669 2983 2842 3050 perire
2872 2992 3108 3054 tempora
3151 2986 3311 3043 rebus
3354 3003 3449 3044 cro

1903 3069 2069 3138 ganda
2099 3069 2324 3136 divinis,
2357 3082 2524 3138 certe,
2564 3074 2800 3143 inquam,
2844 3086 3061 3146 propter
3090 3079 3219 3133 istos
3247 3091 3300 3134 et
3327 3082 3482 3137 nobis

1904 3158 2056 3212 liccat
2090 3159 2391 3215 exclamare
2422 3163 2471 3214 in
2525 3165 2620 3217 hac
2660 3180 2789 3219 voce
2838 3168 3077 3235 corporis
3119 3169 3336 3233 Christi,
3375 3171 3483 3226 Dec

1904 3249 2087 3302 clinate
2110 3267 2140 3302 α
2166 3267 2261 3316 me,
2286 3253 2514 3322 maligni,
2545 3265 2590 3306 et
2620 3255 2878 3309 scrutabor
2905 3258 3142 3312 mandata
3173 3259 3266 3315 Dei
3294 3265 3410 3317 mei.

1979 3341 2025 3396 4.
2062 3340 2212 3414 [vers.
2245 3342 2392 3417 116.]
2421 3344 2617 3399 Deinde
2655 3357 2994 3417 posteaquam
3026 3351 3168 3403 velut
3213 3351 3279 3405 ab
3317 3354 3485 3408 oculis
3555 3363 3566 3374 ‘

1906 3431 2081 3485 cordis
2110 3433 2191 3486 sui
2221 3447 2428 3488 muscas
2455 3433 2715 3489 irruentes
2758 3436 2954 3505 abegit,
2984 3438 3121 3493 redit
3149 3440 3216 3494 ad
3250 3457 3369 3497 eum
3400 3444 3486 3498 cui

1907 3521 2116 3578 dicebat
2147 3541 2165 3575 ι
2206 3522 2429 3592 Adjutor
2467 3539 2617 3578 meus
2641 3536 2694 3578 et
2721 3537 2999 3595 susceptor
3027 3545 3175 3583 meus
3197 3545 3254 3584 es
3281 3539 3333 3584 tu
3359 3549 3374 3594 ;
3433 3534 3486 3588 in

1909 3613 2127 3667 verbum
2151 3622 2294 3666 tuum
2318 3614 2559 3682 Speravi;
2592 3634 2611 3666 ι
2637 3629 2955 3684 precemque
2973 3618 3485 3686 continuatis,¢Sus-

1907 3710 2024 3777 cipe
2050 3724 2153 3770 me,
2189 3727 2207 3759 ι
2243 3707 2432 3776 inquit,
2465 3725 2483 3758 ‹
2510 3707 2797 3762 secundum
2828 3709 3094 3777 eloquium
3125 3719 3296 3778 tuum,
3328 3692 3489 3766 etvi-

1910 3814 2062 3862 vam;
2107 3807 2162 3850 et
2193 3813 2258 3851 ne
2306 3796 2598 3851 confundas
2637 3812 2731 3852 me
2766 3797 2832 3852 ab
2869 3801 3265 3868 exspectatione
3293 3819 3428 3855 mea.
3461 3821 3480 3853 ι

1910 3887 2006 3953 Qui
2031 3887 2138 3957 jam
2166 3886 2386 3949 dixerat,
2421 3886 2699 3956 Susceptbr
2722 3905 2880 3953 meus,
2914 3889 3262 3960 poscitmagis
3291 3894 3486 3962 inagis-

1911 3994 2014 4049 que
2037 3977 2250 4046 suscipi,
2277 3986 2327 4031 et
2353 3977 2418 4030 ad
2449 3977 2571 4031 illud
2596 3988 2810 4046 propter
2825 3979 2963 4048 quod
2988 3979 3175 4034 tolerat
3197 3991 3299 4034 tam
3324 3984 3489 4038 multa

1913 4071 2155 4134 molesta,
2181 4068 2433 4140 perduci;
2466 4068 2641 4122 verius
2671 4069 2738 4122 ibi
2769 4085 2846 4132 se,
2877 4086 3032 4139 quam
3065 4071 3115 4125 in
3149 4072 3261 4126 istis
3298 4074 3491 4126 huma-

1913 4178 2097 4217 narum
2128 4177 2303 4215 rerum
2344 4160 2562 4214 somniis
2589 4159 2758 4214 ﬁdens
2784 4176 2902 4215 esse
2930 4161 3208 4216 victurum.
3236 4165 3321 4218 Sic
3346 4166 3490 4219 enim

1914 4253 1980 4308 de
2016 4253 2191 4307 futuro
2221 4253 2418 4307 dietum
2447 4260 2548 4314 est,
2580 4262 2625 4304 et
2663 4252 2844 4315 vivam.
2880 4261 3125 4322 tanquam
3166 4255 3214 4308 in
3248 4255 3347 4310 hoc
3372 4270 3494 4310 cor-

1918 4359 2044 4413 pore
2073 4352 2280 4396 uiortuo
2307 4358 2409 4395 non
2453 4342 2678 4395 vivatur.
2710 4341 2914 4410 Corpus
2941 4343 3078 4397 enim
3121 4348 3382 4398 mortuum
3409 4355 3493 4400 est

1916 4445 2134 4504 propter
2183 4442 2454 4502 peccatum
2505 4449 2517 4485 :
2566 4441 2617 4486 ct
2657 4440 3028 4502 exspectantes
3073 4432 3490 4504 redemptionem

1917 4527 2156 4596 corporis
2203 4526 2404 4588 nostri,
2463 4539 2557 4594 spe
2604 4523 2738 4577 salvi
2793 4522 2913 4577 lacti
2968 4539 3182 4589 smnus,
3247 4534 3302 4578 et
3352 4527 3492 4596 quod

1921 4634 2023 4672 non
2059 4617 2300 4670 videmus
2326 4625 2622 4684 sperantes,
2672 4629 2766 4682 per
2794 4614 3097 4682 patientiam
3127 4629 3493 4685 eXSpeetamus

1925 4708 2098 4780 (Rom.
2132 4723 2244 4769 \‘ttl,
2275 4706 2363 4770 10,
2411 4705 2614 4775 25-25).
2651 4704 2753 4759 Sed
2805 4719 2927 4772 spes
2962 4719 3066 4758 non
3108 4704 3403 4773 eonﬁtndit,
3447 4709 3491 4760 si

1924 4803 2152 4857 Charitas
2180 4801 2271 4855 Dei
2298 4798 2605 4854 diﬁ‘unditur
2634 4797 2684 4850 in
2728 4795 2964 4850 :ordibus
2992 4797 3183 4850 nostris
3215 4814 3307 4866 per
3331 4797 3496 4867 Spiri-

1924 4906 2032 4948 tum
2059 4902 2300 4948 sanctum
2322 4891 2408 4962 qui
2435 4890 2588 4945 datus
2609 4897 2688 4942 est
2709 4886 2861 4941 nobis
2889 4887 3062 4957 (Rom.
3092 4904 3142 4951 ν,
3174 4887 3247 4960 5).
3275 4889 3495 4958 Propter

1923 5001 2078 5055 quem
2117 4983 2315 5054 largius
2358 4978 2722 5050 accipiendum
2757 4977 3013 5032 clamatur
3039 4978 3102 5032 ad
3132 4977 3365 5044 Patrem,
3417 4977 3496 5030 Νι

1923 5076 2204 5147 confundas
2226 5091 2302 5127 me
2329 5075 2391 5128 ab
2417 5071 2782 5142 exspectatione
2805 5087 2935 5124 mea.

1996 5168 2048 5222 5.
2090 5166 2241 5238 [vers.
2271 5161 2418 5233 117.]
2460 5163 2525 5216 Et
2562 5171 2808 5230 tanquam
2835 5162 2880 5214 ci
2914 5175 3226 5238 responsum
3260 5159 3410 5213 fuerit
3442 5159 3494 5212 in

1925 5260 2135 5315 silentio
2153 5260 2194 5320 ²,
2229 5256 2343 5311 Non
2365 5255 2444 5309 vis
2471 5254 2719 5308 confundi
2741 5253 2808 5308 ab
2835 5233 3228 5323 exspEctatione
3252 5251 3371 5305 tua?
3390 5266 3494 5304 non

1926 5349 2244 5406 intermittas
2293 5345 2536 5401 meditari
2577 5345 2984 5414 justiﬁcationes
3028 5357 3174 5397 meas
3211 5359 3223 5394 :
3262 5341 3496 5397 sentiens

1989 5509 2006 5542 ί
2035 5506 2206 5557 Plures
2225 5512 2330 5554 Mss.
2355 5503 2600 5562 omittunt,
2619 5499 2866 5562 Constituit
2900 5497 3026 5562 enim
3047 5496 3219 5548 talibus
3239 5493 3396 5547 causis
3415 5506 3498 5544 cc-

1925 5568 2213 5622 clesiasticos
2242 5579 2260 5615 :
2282 5566 2369 5615 sed
2386 5559 2595 5622 habent,
2613 5561 2857 5626 Apostolus
2878 5559 3158 5625 wgnitores,
3175 5568 3269 5613 etc.

1991 5633 2013 5664 ³
2034 5637 2107 5680 Er.
2127 5628 2275 5693 Lugd.
2299 5636 2417 5678 Ven.
2445 5633 2495 5678 et
2516 5623 2712 5686 Lov.,'si
2735 5635 2844 5674 non.
2934 5623 2995 5672 lt.
