4026 6202
600 323 731 383 157!

594 439 752 494 istam
795 423 1189 490 meditationem
1236 427 1547 500 plerumque
1596 423 1786 480 anima:
1826 422 2170 495 languoribus

591 528 864 600 impediri,
894 525 1093 595 Adjuva
1120 538 1217 588 mc,
1250 521 1439 589 inquit,
1468 528 1512 574 et
1537 519 1707 574 salvus
1731 534 1853 584 ero;
1879 528 1925 572 et
1963 518 2174 571 medita-

596 620 687 675 bor
708 620 760 672 in
770 612 1212 687 justi/icationibus
1241 612 1339 666 tuis
1358 604 1571 680 semper.

666 712 717 766 6.
753 708 890 782 [vers
922 707 1040 761 118.
1062 704 1082 777 ]
1107 705 1577 774 Sprevistiomnes;
1601 702 1716 767 vel,
1738 700 1875 772 quod
1898 701 1965 756 de
2000 714 2173 770 grteco

594 801 898 872 diligentius
921 800 1133 853 videtur
1171 811 1517 867 expressum,
1560 795 1639 848 Ad
1678 794 1891 848 nihilum
1920 792 2173 847 deduxisti

592 911 763 949 omnes
790 892 1095 946 discedentes
1123 905 1154 943 α
1178 886 1626 960 justi/icationibus
1656 885 1791 947 tuis;
1828 883 1947 955 quia
1982 884 2173 953 iujusta

584 961 828 1055 cogitatio
849 985 1039 1037 eorum.
1070 979 1193 1035 ltleo
1218 995 1344 1049 ergo
1371 978 1618 1032 clamavit
1637 995 1648 1028 :
1666 976 1863 1042 Adiuva
1885 991 1961 1028 me
1990 983 2037 1028 et
2064 972 2171 1027 sal-

591 1093 681 1130 rus
720 1091 838 1137 ero,
876 1083 922 1127 et
949 1072 1225 1139 meditabor
1249 1070 1301 1123 in
1332 1067 1779 1140 justiﬁcationibus
1808 1065 1905 1119 tuis
1942 1079 2174 1135 semper;

593 1169 712 1235 quia
742 1168 792 1220 in
821 1165 1040 1218 nihilum
1072 1163 1260 1231 redigit
1284 1162 1422 1215 Deus
1442 1172 1627 1213 omnes
1646 1156 1983 1211 discedentes
2025 1170 2053 1207 a
2086 1156 2176 1225 ju-

594 1258 1003 1314 stilicationibus
1031 1256 1158 1311 suis.
1182 1253 1356 1319 Quare
1380 1262 1555 1306 autem
1582 1248 1897 1323 discedunt?
1938 1246 2070 1312 Quia
2089 1247 2179 1300 ἕης

595 1352 733 1414 iusta
775 1358 881 1414 est,
914 1348 1117 1418 inquit,
1147 1345 1383 1416 cogitatio
1426 1359 1618 1398 eorum.
1662 1339 1738 1395 lbi
1774 1339 2073 1403 acceditur,
2101 1338 2174 1394 ibi

595 1440 905 1496 disceditur.
932 1436 1122 1492 Omnia
1165 1450 1325 1504 Opera
1349 1476 1362 1497 ,
1390 1432 1472 1487 vel
1505 1432 1637 1485 mala
1655 1472 1670 1496 ,
1712 1431 1793 1485 vel
1825 1430 1959 1484 bona
1979 1470 1992 1494 ,
2018 1444 2048 1483 a
2075 1444 2169 1483 co—

594 1531 849 1601 gitatione
878 1529 1196 1598 procedunt:
1220 1528 1269 1579 iu
1299 1524 1616 1595 cogitatione
1636 1522 1859 1592 quisque
1887 1520 2170 1601 innocens,

595 1624 650 1677 in
693 1621 1013 1690 cogitatione
1040 1633 1162 1674 reus
1201 1627 1299 1671 est.
1334 1617 1559 1683 Propter
1596 1613 1737 1684 quod
1762 1612 2016 1682 scriptum
2047 1621 2170 1667 est:

593 1712 844 1782 Cagitatio
870 1702 1043 1764 sancta
1063 1709 1274 1762 servabit
1302 1717 1348 1759 te
1373 1705 1553 1774 (Prov.
1576 1720 1633 1767 ιι,
1656 1705 1715 1758 11
1742 1703 1758 1773 )
1780 1722 1792 1759 :
1821 1713 1876 1759 et
1904 1704 2027 1758 alibi
2045 1702 2176 1773 legi-

596 1812 682 1856 tur
704 1818 716 1855 :
738 1800 799 1854 In
819 1798 1199 1872 cogitationibus
1224 1797 1363 1867 impii
1384 1793 1709 1866 interrogatio
1730 1794 1821 1847 erit
1841 1792 1995 1860 (Sap.
2013 1809 2029 1847 ι
2048 1834 2062 1857 ,
2085 1791 2174 1862 9):

592 1903 649 1949 et
686 1894 972 1964 Apostolus
1009 1910 1023 1947 :
1064 1892 1493 1961 Cogitatiouibus,
1541 1891 1642 1955 ait,
1693 1888 2045 1943 accusantibus
2086 1897 2175 1942 aut

595 1985 750 2038 etiam
771 1982 1151 2052 defendentibus
1177 1981 1349 2055 (Rom.
1384 1998 1419 2035 ιι
1441 2024 1453 2045 ,
1476 1981 1585 2051 15).
1616 1981 1715 2037 Ubi
1741 1990 1917 2035 autem
1944 1979 2071 2035 felix
2084 1987 2176 2057 est

594 2070 760 2146 quiin
799 2075 1118 2146 cogitatione
1165 2076 1327 2129 miser
1357 2074 1478 2129 est?
1514 2084 1606 2128 aut
1645 2072 1912 2144 quomodo
1956 2072 2027 2127 ibi
2068 2087 2172 2127 non

593 2166 759 2222 miser
783 2176 865 2222 est
886 2167 976 2237 qui
1004 2165 1070 2221 ad
1102 2165 1325 2221 nihilum
1354 2165 1601 2221 redactus
1625 2164 1747 2220 est?
1769 2164 1955 2235 Magna
1980 2163 2173 2234 quippe

592 2268 675 2313 est
714 2259 990 2325 sterilitas,
1015 2258 1283 2328 iniquitas.
1320 2257 1508 2312 Merito
1546 2256 1746 2312 dictum
1788 2263 1905 2311 est:
1939 2254 2171 2326 Confun-

591 2351 778 2404 dantnr
804 2351 963 2420 iniqui
992 2350 1229 2421 facientes
1256 2364 1383 2403 vane
1428 2346 1598 2419 (Psal.
1626 2363 1749 2403 XXIV
1771 2388 1787 2415 ,
1826 2346 1922 2418 4);
1972 2345 2024 2401 id
2066 2355 2169 2414 est,

592 2441 821 2497 inaniter
844 2482 859 2504 ,
886 2450 1133 2510 tanquam
1162 2439 1362 2494 redacti
1387 2439 1454 2494 ad
1486 2439 1732 2493 nihilum.

661 2533 713 2587 7.
730 2531 877 2605 [vers.
901 2531 1046 2604 119.]
1062 2532 1313 2602 Sequitur
1332 2531 1385 2587 in
1410 2531 1617 2586 Psalmo
1637 2549 1649 2583 :
1672 2529 2073 2586 Prteoaricantes
2084 2528 2173 2584 de-

589 2624 781 2697 putari,
810 2624 893 2679 vel
946 2624 1118 2694 putavi
1137 2663 1153 2688 ,
1210 2624 1294 2678 vel
1346 2621 1628 2676 existimavi
1671 2637 1844 2675 oinnes
1885 2629 2171 2693 peccatores

589 2724 754 2769 terrai.
774 2714 946 2769 Multis
962 2714 1105 2770 enim
1136 2713 1310 2768 modis
1333 2713 1501 2768 nostri
1520 2712 1847 2782 interpretati
1863 2719 1987 2767 sunt
2005 2727 2169 2766 unum

589 2808 807 2863 verbum
824 2821 1078 2877 gnecum,
1100 2804 1243 2877 quod
1267 2814 1347 2861 est
1361 2810 1642 2874 ιλα-μσὰμιην
1665 2803 1789 2859 :sed
1807 2802 2067 2875 profunda
2087 2811 2171 2859 est

589 2900 679 2957 illa
707 2900 1006 2967 sententia,
1058 2909 1114 2953 et
1156 2898 1201 2952 si
1234 2896 1503 2968 adiuverit
1547 2896 1838 2964 Dominus,
1891 2896 2169 2966 operosius

588 2991 947 3062 disputatione
974 2990 1077 3045 alia
1121 2987 1444 3059 penetrantia
1470 2997 1571 3043 est.
1603 2986 1735 3042 Nam
1760 2996 1815 3043 et
1838 2987 1982 3058 quod
2019 2985 2169 3040 addi-

590 3090 700 3137 tum
751 3092 834 3136 est
878 3098 891 3133 :
947 3079 1225 3150 Propterea
1270 3080 1424 3133 dilexi
1473 3078 1760 3134 testimonia
1814 3088 1903 3131 tua
1932 3094 2165 3149 semper,

586 3175 753 3230 multo
773 3175 1001 3244 amplius
1022 3188 1140 3228 eam
1162 3172 1478 3243 profundam
1501 3171 1646 3226 facit.
1672 3171 1807 3226 Dicit
1831 3171 1972 3225 enim
1996 3172 2167 3241 Apos-

587 3269 728 3321 tolus
758 3284 771 3319 :
803 3264 912 3320 Lex
948 3266 1079 3320 iram
1132 3273 1403 3335 operatur,
1437 3263 1700 3334 bujusque
1743 3262 1871 3318 dicti
1902 3263 2165 3317 rationem

585 3356 814 3411 reddens
843 3375 853 3407 :
889 3355 988 3410 Ubi
1011 3356 1143 3409 enim
1171 3371 1271 3409 non
1297 3362 1369 3410 est
1407 3354 1490 3409 lea:
1512 3394 1526 3418 ,
1571 3353 1769 3423 inquit,
1801 3369 1891 3409 nec
1916 3353 2165 3423 pressari-

516 3432 531 3449 ’
584 3451 715 3504 ratio
747 3449 921 3521 (Rom.
952 3465 1037 3516 IV,
1069 3448 1200 3518 15);
1246 3450 1316 3502 ita
1353 3446 1641 3502 ostendens
1671 3461 1776 3500 non
1818 3460 2004 3501 omnes
2045 3459 2166 3500 esse

586 3540 1046 3610 praevaricatores.
1078 3538 1194 3593 Non
1224 3537 1365 3593 enim
1389 3551 1576 3593 omnes
1605 3536 1798 3592 habent
1826 3536 2018 3608 legem.
2049 3536 2165 3592 Non

582 3639 759 3685 autem
791 3643 976 3684 omnes
1004 3629 1199 3684 habere
1227 3629 1399 3699 legem
1419 3668 1436 3696 ,
1461 3627 1567 3682 alio
1597 3627 1715 3683 loco
1739 3626 2033 3683 evidentius
2053 3629 2160 3684 ait:

584 3723 685 3787 Qui
710 3722 818 3777 sine
860 3719 966 3793 lege
995 3729 1356 3793 peccaverunt,
1392 3721 1500 3775 sine
1532 3720 1642 3791 lege
1682 3720 1912 3792 peribunt
1942 3715 2050 3791 (Id.
2084 3733 2122 3773 tl
2146 3760 2161 3785 ,

583 3815 698 3884 12).
748 3815 887 3884 Quid
932 3815 1032 3870 sibi
1082 3828 1210 3884 ergo
1260 3813 1415 3868 vult:
1452 3812 1876 3868 Prwvaricatores
1931 3811 2166 3882 deputari

583 3925 755 3963 otnnes
785 3917 1068 3977 peccatores
1106 3905 1293 3960 terrae?
1316 3905 1419 3962 Sed
1461 3904 1549 3960 hic
1575 3905 1927 3975 qttmstiouem
1970 3918 2167 3976 propo-

584 3999 758 4052 suisse
798 3996 1100 4062 sull‘ecerit,
1130 3996 1271 4063 alio,
1315 3995 1359 4049 si
1389 3995 1533 4050 Deus
1562 3994 1871 4060 donaverit,
1917 4009 2165 4050 sermone

585 4087 911 4145 tractandam
934 4130 948 4153 ,
981 4103 1048 4142 ne
1077 4086 1235 4157 hujus
1263 4085 1539 4157 prolixitas
1563 4101 1681 4139 eam
1708 4094 1863 4154 cogat
1889 4084 2164 4154 angustius

582 4181 874 4251 explicari,
905 4194 1062 4252 quam
1093 4188 1151 4234 ut
1193 4179 1330 4234 bene
1368 4176 1535 4247 possit
1567 4174 1711 4246 quod
1748 4175 2040 4247 explicatur
2078 4176 2163 4230 in-

584 4277 765 4350 telligi.

1202 4360 1374 4401 BERIO
1412 4361 1540 4400 XXV.

866 4434 1102 4493 Psalmus
1126 4451 1239 4489 cum
1259 4437 1498 4515 Apostolo
1518 4437 1883 4493 conciliandus.

563 4574 573 4578 λ
655 4553 707 4607 1.
736 4548 887 4625 [νει-ε.
923 4547 1072 4623 119.]
1114 4548 1442 4617 Quaerimus,
1481 4549 1525 4603 si
1568 4549 1679 4604 Deo
1714 4549 1973 4621 largiente
2014 4550 2165 4607 inve-

581 4643 700 4698 nire
741 4655 1045 4712 possumus,
1072 4639 1341 4710 quomodo
1380 4640 1780 4721 intelligendum
1828 4642 1898 4696 sit
1925 4643 2065 4712 quod
2111 4643 2162 4696 iu

584 4738 686 4791 isto
724 4734 928 4806 psalmo
958 4748 1155 4804 magno
1183 4733 1381 4789 dictum
1414 4741 1498 4788 est
1527 4751 1541 4788 :
1573 4732 1996 4789 Prwtvaricatores
2019 4775 2033 4799 ,
2081 4734 2165 4791 vel

584 4828 761 4898 potius
782 4868 795 4892 ,
831 4826 1217 4897 prtevaricantes
1234 4842 1251 4890 ;
1267 4840 1472 4896 graecus
1491 4825 1632 4879 enim
1648 4831 2023 4896 παραϐαίνοντας
2050 4842 2079 4881 a
2108 4835 2123 4879 t
2146 4867 2163 4893 ,

586 4935 691 4974 non
749 4923 1030 4990 παραϐάτας
1058 4935 1071 4970 2
1099 4916 1386 4987 quaerimus
1417 4931 1545 4986 ergo
1574 4916 1841 4986 quomodo
1865 4916 2165 4984 intelligen-

582 5012 708 5066 dum
737 5006 834 5078 sit,
866 5008 1267 5065 Prwvaricantes
1282 5007 1522 5078 deputari
1540 5023 1711 5061 omnes
1740 5017 2023 5077 peccatores
2061 5017 2164 5059 ter-

581 5119 690 5170 rw;
711 5111 925 5172 propter
951 5099 1092 5171 quod
1121 5100 1195 5154 ait
1218 5099 1504 5169 Apostolus
1528 5116 1541 5151 :
1571 5096 1668 5153 Ubi
1693 5099 1826 5152 enim
1846 5099 1927 5151 lea:
1949 5114 2050 5151 non
2069 5106 2162 5164 est,

583 5210 674 5249 nec
703 5194 1071 5264 pra'uaricatio.
1100 5192 1212 5247 Hoc
1237 5202 1414 5246 autem
1445 5190 1615 5258 dixit,
1646 5206 1767 5246 cum
1793 5206 1822 5245 a
1854 5192 2002 5261 lege,
2042 5207 2164 5260 pro-

584 5287 747 5340 missa
778 5285 1154 5354 distingueret.
1200 5281 1334 5338 Nam
1378 5293 1437 5337 ut
1477 5283 1544 5338 de
1572 5284 1940 5353 superioribus
1975 5296 2165 5338 sensus

585 5379 795 5448 plenior
820 5377 1099 5447 colligatur
1127 5392 1142 5430 :
1174 5373 1297 5431 Non
1325 5376 1457 5431 enim
1484 5393 1573 5449 per
1601 5375 1788 5447 legem,
1814 5375 2015 5446 inquit,
2043 5392 2164 5447 pro-

585 5453 759 5524 missio
781 5467 1000 5523 Abrahae
1021 5476 1108 5521 aut
1135 5467 1312 5522 semini
1341 5468 1451 5535 eius
1470 5510 1483 5529 .
1524 5477 1578 5521 ut
1608 5468 1766 5522 Intres
1794 5476 1918 5522 esset
1952 5466 2162 5533 mundi,

584 5563 675 5614 sed
702 5576 794 5631 per
819 5559 1233 5630 iustitiam-ﬁdei.
1264 5559 1326 5615 Si
1354 5559 1488 5613 enim
1507 5559 1594 5629 qui
1623 5574 1713 5629 per
1755 5558 1913 5628 legem
1938 5557 2164 5612 heredes

586 5662 733 5715 sunt;
765 5653 1022 5706 exinanita
1050 5662 1121 5706 est
1138 5650 1306 5719 ﬁdes,
1334 5660 1379 5705 et
1408 5661 1647 5705 evacuate
1666 5661 1736 5704 est
1758 5649 2025 5721 promissio
2047 5664 2066 5703 :
2083 5650 2168 5705 lea:

583 5745 718 5799 enim
743 5742 873 5794 iram
899 5752 1153 5812 operatur;
1182 5742 1264 5797 ubi
1288 5743 1419 5797 enim
1446 5758 1546 5800 nou
1577 5751 1651 5797 est
1673 5743 1754 5797 (cx
1773 5782 1789 5811 ,
1819 5758 1907 5797 nec
1922 5743 2163 5812 praetori-

1833 309 1888 365 s.
1931 282 2296 366 ACCUSTISI
2338 280 2637 367 Εριεεορι

3722 314 3744 368 1
3757 313 3856 369 ἷἹὲ

2281 427 2430 479 ratio.
2456 424 2582 483 Ideo
2608 445 2674 483 ex
2694 429 2822 497 ﬁde,
2848 440 2901 484 ut
2924 432 3199 486 secundum
3226 430 3443 501 gratiam
3470 430 3615 501 ﬁrma
3643 431 3706 486 sit
3736 451 3852 501 pro-

2283 517 2453 572 missio
2479 521 2616 574 omni
2642 522 2856 585 semini;
2895 540 2993 577 non
3020 526 3066 577 ei
3103 533 3297 586 tantum
3332 524 3469 595 quod
3505 540 3568 577 ex
3609 523 3714 594 leg'e
3744 534 3811 578 cst
3835 567 3851 591 ,

2281 610 2369 662 sed
2389 621 2435 664 et
2460 612 2507 664 ei
2536 613 2669 682 quod
2688 630 2751 667 ex
2774 614 2876 683 [ide
2894 626 2964 669 est
2984 615 3260 684 Abraham,
3280 617 3364 687 qui
3385 626 3457 669 est
3474 625 3614 687 pater
3634 617 3852 669 omnium

2281 711 2505 756 nostrum
2537 702 2714 773 (Rom.
2765 722 2849 770 tv,
2903 707 2969 761 15
3006 708 3112 777 16).
3146 705 3253 761 Cur
3289 707 3390 761 boc
3424 708 3707 776 Apostolus
3752 708 3852 772 ait,

2281 792 2380 846 nisi
2401 803 2455 846 ut
2473 794 2774 850 ostenderet
2801 797 2972 866 legem
2995 798 3110 852 sine
3152 798 3516 866 premissionis
3537 798 3725 868 gratia,
3752 816 3850 853 non

2278 884 2449 938 solum
2475 901 2579 939 non
2608 888 2838 950 auferre,
2868 902 3054 943 verum
3082 898 3136 943 et
3156 905 3349 958 augere
3377 890 3686 958 peccatum?
3711 887 3853 944 Unde

2279 982 2334 1029 et
2370 975 2496 1029 illud
2532 988 2614 1030 est
2643 995 2654 1030 :
2686 976 2793 1032 Lex
2832 978 3158 1042 subiutruvit,
3206 990 3259 1033 ut
3288 980 3559 1032 abundaret
3597 979 3847 1034 delictum.

2280 1067 2385 1123 Sed
2408 1070 2531 1139 quia
2560 1071 2736 1124 Omnia
2771 1088 2866 1140 per
2893 1074 3117 1141 gratiam
3146 1072 3482 1127 dimittuntur
3502 1114 3516 1136 ,
3551 1090 3653 1125 non
3686 1074 3850 1127 solum

2278 1177 2396 1232 qua:
2426 1164 2543 1218 sine
2568 1164 2685 1234 lege
2712 1207 2726 1227 ,
2759 1181 2941 1219 verum
2974 1167 3131 1220 etiam
3176 1182 3292 1236 qua:
3320 1168 3370 1220 in
3416 1168 3528 1237 lege
3573 1168 3848 1221 commissa

2284 1263 2439 1316 sunt;
2465 1254 2584 1309 ideo
2616 1256 2683 1309 ibi
2709 1267 2924 1311 secutus
2952 1258 3192 1327 :uljunxit
3222 1277 3233 1312 :
3270 1258 3367 1313 Ubi
3392 1270 3557 1312 autem
3581 1260 3850 1313 abundavit

2291 1344 2560 1411 delictum,
2603 1347 3031 1418 superabundavit
3076 1352 3243 1421 gratia
3292 1348 3415 1421 (Id.
3446 1365 3479 1404 v
3502 1393 3527 1421 ,_
3562 1350 3631 1405 20
3649 1350 3689 1421 ).
3742 1351 3849 1407 Non

2278 1434 2455 1506 itaque
2483 1440 2891 1507 praevaricantes
2911 1440 3132 1510 deputat
3167 1456 3354 1496 omnes
3377 1452 3687 1511 peceatores
3718 1443 3851 1511 Apo-

2277 1526 2475 1593 stolus,
2522 1527 2616 1582 sed
2661 1544 2755 1584 eos
2808 1538 3010 1584 tantum
3042 1530 3450 1599 praevaricantes
3500 1532 3721 1603 deputat
3768 1533 3849 1604 qui

2278 1617 2737 1687 transgrediuntur
2761 1619 2953 1692 legem.
2996 1618 3094 1675 Ubi
3118 1622 3373 1674 enimnon
3403 1630 3474 1676 est
3505 1623 3619 1686 lex,
3654 1622 3847 1693 inquit,

2279 1723 2370 1762 nec
2424 1710 2791 1777 prmricatio.
2837 1716 2914 1765 Ac
2962 1726 3058 1779 per
3131 1710 3232 1766 hoc
3290 1710 3580 1766 secundum
3636 1713 3850 1782 Apo~to-

2277 1798 2417 1866 lum,
2449 1800 2621 1855 omnis
2643 1801 2855 1871 quidem
2890 1803 3266 1871 praevaricator
3294 1813 3543 1873 peccator
3572 1813 3658 1857 est
3677 1845 3692 1870 ,
3734 1805 3846 1874 quia

2280 1902 2461 1961 peccat
2482 1892 2534 1945 in
2563 1891 2711 1962 lege,
2736 1892 2829 1947 sed
2863 1910 2967 1947 non
2999 1895 3172 1947 omnis
3205 1903 3450 1963 peccator
3470 1896 3843 1963 praevaricator

2277 1990 2359 2037 est
2379 2022 2394 2045 ,
2427 1982 2547 2054 quia
2574 1991 2794 2051 peccant
2820 1983 2979 2055 aliqui
3012 1985 3126 2040 sine
3154 1984 3304 2054 lege;
3331 1983 3428 2039 Ubi
3452 1993 3633 2039 autem
3664 1998 3758 2039 non
3783 1995 3845 2039 est

2277 2074 2377 2137 lex,
2404 2090 2493 2128 nec
2522 2072 2888 2144 prtevaricatio.
2919 2077 3106 2140 Porro,
3130 2076 3173 2130 si
3203 2092 3359 2131 nemo
3388 2077 3502 2131 sine
3530 2077 3650 2147 lege
3676 2092 3846 2147 pecca-

2279 2176 2389 2232 ret,
2417 2182 2523 2220 nnn
2551 2166 2687 2221 idem
2717 2168 2829 2237 ipse
2858 2168 3131 2237 apostolus
3152 2168 3384 2234 diceret,
3415 2167 3729 2240 Quicumque
3748 2169 3845 2223 sine

2275 2260 2385 2331 lege
2413 2270 2743 2331 peccaverunt
2769 2302 2784 2327 ,
2814 2261 2923 2315 sine
2949 2261 3058 2332 lege
3085 2260 3336 2331 peribunt.
3363 2260 3673 2317 Secundum
3696 2263 3841 2317 istum

2274 2366 2405 2405 vero
2447 2351 2708 2421 psalmum
2734 2394 2749 2419 ,
2780 2352 2824 2407 si
2854 2353 3261 2423 prtevaricantes
3300 2361 3423 2409 sunt
3445 2368 3638 2408 omnes
3676 2367 3844 2422 pecca-

2277 2448 2420 2497 tores
2445 2451 2602 2498 terrze
2643 2483 2661 2512 ,
2692 2443 2894 2498 nullmn
2923 2452 3007 2499 est
3035 2445 3215 2515 utique
3255 2443 3371 2499 sine
3418 2444 3839 2513 prtevaricatioue

2274 2543 2548 2613 peccatum
2580 2553 2594 2588 :
2640 2535 2781 2590 nulla
2806 2545 2889 2590 est
2934 2546 3110 2592 autem
3145 2535 3511 2605 praevaricatio
3540 2535 3662 2589 sine
3701 2535 3840 2606 lege;

2274 2626 2477 2680 nullum
2504 2635 2586 2682 est
2624 2627 2783 2697 igitur
2805 2626 2904 2680 nisi
2935 2627 2986 2680 in
3018 2626 3134 2697 lege
3160 2636 3455 2696 peccatum.
3488 2628 3586 2693 Qui
3619 2644 3745 2698 ergo
3770 2627 3842 2682 dio

2271 2716 2387 2771 cit:
2422 2714 2821 2772 Prwvaricantes
2870 2717 3104 2789 deputaui
3143 2733 3315 2772 omnes
3331 2728 3621 2788 peccatores
3670 2730 3838 2787 teme,

2271 2807 2449 2862 nullos
2472 2822 2592 2864 esse
2620 2809 2869 2874 omnino,
2898 2809 2999 2864 nisi
3038 2810 3126 2880 qui
3156 2810 3326 2880 legem
3354 2812 3672 2880 transgressi
3698 2818 3837 2875 sunt,

2271 2899 2386 2955 vult
2404 2899 2625 2970 intelligi
2646 2910 2988 2969 peccatores;
3017 2908 3071 2954 et
3097 2899 3166 2953 ob
3198 2900 3299 2954 hoc
3319 2901 3639 2955 adversatur
3661 2901 3734 2954 illi
3758 2899 3836 2970 qui

2269 2990 2405 3046 dixit
2431 3007 2444 3044 :
2477 2990 2790 3063 Quicumque
2821 2991 2927 3044 sine
2952 2991 3057 3061 lege
3093 3001 3455 3061 peccaverunt,
3486 2993 3595 3045 sine
3620 2990 3726 3062 lege
3741 3009 3838 3060 pcr-

2270 3081 2435 3136 ibunt.
2459 3080 2762 3137 Secundum
2792 3080 2939 3135 illum
2968 3081 3164 3151 quippe
3189 3091 3309 3135 sunt
3329 3082 3488 3152 aliqui
3520 3092 3833 3151 peccatores.

2269 3171 2511 3244 quamvis
2531 3186 2635 3226 non
2662 3171 2770 3225 sint
2792 3173 3203 3240 praevarieautes
3225 3212 3240 3237 ,
3277 3171 3329 3226 id
3354 3182 3466 3237 est,
3496 3172 3584 3244 qui
3619 3175 3723 3228 sine
3745 3173 3836 3243 lege

2269 3273 2598 3335 peccaverunt
2624 3280 2643 3318 :
2680 3262 2778 3318 Ubi
2822 3263 2955 3317 enim
2998 3280 3097 3317 non
3142 3273 3215 3317 est
3256 3265 3371 3331 lex,
3416 3281 3505 3318 nec
3547 3265 3837 3336 prwvarica-

2270 3355 2339 3409 tio
2361 3371 2381 3411 :
2402 3355 2694 3409 secundum
2723 3354 2883 3409 istum
2927 3364 3106 3409 autem
3142 3355 3321 3408 nullus
3345 3365 3425 3409 est
3451 3355 3566 3409 sine
3597 3355 3832 3424 praevari-

2268 3449 2478 3503 catioue
2500 3457 2780 3518 peccator;
2819 3447 2946 3517 quia
2983 3448 3391 3516 prmvarieantes
3420 3446 3642 3517 deputat
3668 3461 3835 3501 OlllllCS

2268 3548 2581 3610 peccatores
2610 3549 2788 3594 terrm.
2816 3538 3004 3594 Nullus
3032 3554 3161 3608 ergo
3190 3538 3484 3594 secundum
3534 3539 3694 3592 istum
3734 3539 3833 3591 sine

2268 3632 2385 3702 lege
2418 3632 2693 3701 peccavit;
2717 3632 2838 3703 quia
2859 3632 2944 3685 ubi
2974 3648 3074 3685 non
3099 3641 3170 3685 est
3209 3631 3321 3695 lex,
3344 3648 3434 3686 nec
3478 3633 3830 3701 praevaricatio.

2268 3723 2350 3776 An
2378 3720 2513 3777 forte
2534 3722 2725 3776 dicturi
2752 3737 2937 3777 sumus
2953 3762 2968 3788 ,
2996 3737 3180 3777 verum
3205 3721 3421 3792 quidem
3443 3737 3563 3778 esse
3583 3722 3725 3793 quod
3747 3734 3831 3776 nec

2270 3815 2636 3884 praevaricatio
2679 3814 2749 3869 sit
2774 3814 2860 3870 ubi
2883 3830 2988 3868 non
3013 3823 3093 3870 est
3118 3815 3202 3870 lex
3228 3854 3243 3878 .
3272 3815 3366 3869 sed
3389 3830 3571 3869 verum
3600 3831 3703 3869 non
3726 3828 3833 3869 esse

2268 3905 2411 3976 quod
2441 3906 2607 3975 aliqui
2633 3905 2749 3961 sine
2771 3906 2889 3976 lege
2909 3905 3280 3974 peccaverint;
3312 3916 3401 3959 aut
3426 3921 3613 3960 verum
3637 3905 3831 3975 quidem

2268 4011 2389 4052 esse
2415 3996 2623 4067 aliquos
2646 3997 2763 4051 sine
2802 3997 2916 4067 lege
2945 4011 3217 4065 peccasse,
3238 3997 3330 4070 sed
3358 4013 3544 4052 verum
3576 4013 3681 4052 non
3702 4010 3829 4059 esse,

2268 4088 2357 4143 ubi
2381 4088 2467 4144 lex
2501 4104 2605 4142 non
2633 4096 2747 4153 est,
2778 4088 3265 4157 prawaricationem
3290 4104 3410 4145 esse
3439 4105 3543 4145 non
3567 4089 3754 4159 posse?
3773 4088 3835 4141 At

2270 4192 2559 4250 utrumque
2584 4179 2875 4248 Apostolus
2918 4178 3052 4235 dixit
3097 4196 3111 4233 :
3143 4196 3326 4235 verum
3356 4191 3437 4236 est
3485 4197 3616 4251 ergo
3646 4191 3836 4234 utrum-

2267 4286 2409 4341 que,
2466 4270 2589 4340 quia
2638 4280 2925 4341 utrumque
2967 4285 3062 4340 per
3083 4272 3397 4343 Apostolum
3438 4271 3651 4327 Veritas
3693 4271 3832 4327 dixit.

2268 4361 2544 4430 Quomodo
2587 4377 2715 4432 ergo
2758 4362 2862 4417 erit
2891 4377 3074 4428 verum
3123 4363 3265 4433 quod
3292 4363 3345 4417 iu
3372 4365 3576 4434 psalmo
3616 4365 3717 4418 isto
3755 4377 3835 4417 αι-
3870 4420 3875 4425 ,
3910 4428 3915 4432 δ

2266 4454 2388 4508 dem
2419 4456 2596 4524 procul
2626 4454 2789 4509 dubio
2820 4454 3028 4511 Veritas
3074 4455 3227 4521 dixit,
3261 4455 3661 4511 Prazvaricantcs
3690 4455 3835 4524 depu-

2268 4545 2368 4599 tavi
2407 4562 2579 4600 omnes
2616 4556 2900 4617 peccatores
2941 4548 3127 4602 terrm!
3168 4547 3546 4618 Respondetur
3568 4548 3712 4604 enim
3749 4563 3834 4602 no-

2268 4637 2353 4694 bis
2380 4656 2393 4691 :
2422 4637 2519 4705 Qui
2551 4648 2676 4692 sunt
2702 4653 2831 4707 ergo
2848 4638 2920 4692 illi
2948 4638 3039 4709 qui
3070 4640 3364 4694 secundum
3391 4642 3708 4710 Apostolum
3729 4639 3839 4698 sine,

2269 4731 2386 4801 lege
2408 4730 2795 4799 peccaverunt?
2815 4728 2931 4784 Non
2960 4730 3104 4786 enim
3129 4739 3182 4786 et
3202 4745 3388 4786 eorum
3415 4732 3692 4802 quisquam
3716 4746 3835 4800 pra:-

2271 4819 2515 4876 varicans
2558 4820 2892 4890 deputandus
2933 4830 3050 4886 est,
3095 4836 3214 4876 cum
3262 4821 3555 4877 secundum
3601 4820 3835 4878 eumdem

2270 4912 2568 4983 apostolum
2587 4953 2602 4976 ,
2635 4912 3003 4981 praevaricatio
3029 4926 3134 4965 non
3165 4914 3235 4967 sit
3264 4914 3351 4968 ubi
3395 4915 3479 4969 lex
3505 4930 3610 4969 non
3638 4924 3737 4969 cst.

2339 5002 2393 5056 2.
2425 5002 2531 5058 Sed
2581 5004 2830 5056 nimirum
2859 5019 2983 5058 cum
3010 5003 3213 5083 diceret
3244 5004 3554 5074 Apostolus,
3607 5005 3831 5072 Quirinus

2270 5112 2364 5165 que
2392 5095 2499 5150 sine
2539 5096 2646 5167 lege
2672 5105 2999 5165 peccaverunt
3022 5137 3038 5166 ,
3066 5097 3176 5150 sine
3202 5097 3311 5168 lege
3349 5098 3619 5167 peribunt,
3663 5099 3728 5153 de
3755 5095 3839 5153 illa

2273 5188 2387 5258 lege
2419 5187 2609 5257 agebat
2632 5203 2789 5257 quam
2835 5187 2974 5242 Deus
3016 5187 3163 5242 dedit
3208 5204 3304 5259 per
3346 5188 3561 5261 Moysen
3593 5187 3835 5251 famulum

2269 5295 2426 5335 suum
2455 5280 2650 5350 populo
2675 5295 2773 5334 suo
2806 5279 2991 5333 Israel.
3018 5279 3133 5335 lloc
3172 5282 3283 5352 ipsa
3322 5297 3443 5352 quae
3467 5282 3833 5343 circumstant,

2272 5372 2430 5428 verba
2460 5371 2574 5443 ejus
2603 5370 2906 5427 ostendunt.
2941 5372 3248 5442 Disputabat
3284 5375 3426 5429 enim
3464 5374 3531 5430 de
3557 5373 3752 5431 Judmis
3785 5377 3837 5426 et

2270 5464 2470 5521 Grmeis
2494 5505 2511 5529 ,
2561 5462 2614 5517 id
2658 5473 2742 5517 est
2769 5462 3062 5527 Gentibus,
3099 5480 3204 5518 non
3243 5465 3310 5518 ad
3348 5465 3831 5525 circumcisionem,

2269 5556 2367 5612 sed
2391 5555 2456 5610 ad
2496 5555 2813 5626 pneputium
2857 5554 3282 5624 pertinentibus;
3310 5555 3430 5610 ideo
3456 5538 3572 5610 sine
3601 5556 3728 5625 lege
3749 5566 3834 5606 cus

2270 5649 2456 5705 dicens
2476 5687 2493 5714 ,
2522 5648 2644 5717 quia
2664 5661 2769 5701 non
2791 5656 3109 5718 acceperant
3132 5648 3300 5718 legem
3322 5663 3479 5718 quam
3502 5664 3558 5703 se
3577 5646 3834 5716 accepisse

2269 5739 2635 5812 gloriabantur
2660 5737 2828 5795 Judzei
2863 5756 2876 5792 :
2907 5738 3046 5794 unde
3074 5738 3181 5794 illis
3224 5740 3330 5807 ait,
3363 5738 3423 5794 Si
3452 5748 3616 5794 autem
3643 5747 3695 5790 tu
3732 5730 3828 5789 Ju-
