3964 6204
192 319 340 378 i573

193 436 343 488 dotus
374 430 745 504 cognominaris
763 473 777 496 ,
804 438 850 484 et
872 428 1136 500 requiescis
1155 429 1208 482 in
1233 429 1340 500 lege
1357 470 1372 495 ,
1397 438 1441 482 et
1467 429 1703 500 gloriaris
1727 429 1780 482 in

203 528 336 582 Deo.
377 528 616 596 Denique
647 525 784 577 unde
810 524 874 576 ad
909 525 1042 576 hanc.
1081 533 1398 578 sententiam
1433 523 1668 587 venerit,
1703 524 1782 576 itt-

193 619 456 672 tnendmn
485 626 600 682 est,
631 628 686 670 nt
714 617 914 670 diceret
947 657 961 680 ,
999 617 1306 685 Quicumque
1336 616 1441 667 sine
1477 614 1582 684 lege
1603 631 1782 684 prcca-

191 721 378 766 eeruut
402 754 416 775 ,
450 711 553 765 sine
579 712 686 780 lege
713 708 960 777 peribunt.
997 709 1084 760 Ira
1105 752 1120 771 ,
1152 708 1352 777 inquit,
1389 718 1432 760 et
1462 707 1742 775 indignatio
1766 748 1780 772 ,

192 803 462 856 tribulatio
502 812 547 855 ct
578 803 812 868 angustia
844 802 894 852 in
940 817 1135 853 onmem
1163 800 1380 851 animam
1411 798 1625 850 hominis
1665 813 1783 865 ope-

193 896 363 948 rantis
387 894 573 947 malum
600 934 613 953 ,
639 893 812 945 Judtt'i
840 893 1057 961 primum
1087 902 1131 944 et
1172 890 1333 945 Graeci
1349 906 1370 955 ;
1416 890 1578 961 gloria
1617 899 1784 942 autem

197 1000 242 1042 et
267 991 438 1041 honor
467 997 512 1041 ct
539 1002 640 1056 pax
668 986 804 1039 omni
831 986 1058 1055 aperanti
1103 983 1289 1036 bonum
1311 1027 1324 1050 ,
1353 983 1536 1036 Juda'o
1565 983 1781 1052 primum

192 1092 238 1136 et
291 1081 470 1136 Graeco
497 1077 659 1134 :Non
705 1089 780 1132 est
826 1083 956 1131 enim
1009 1094 1334 1148 personarum
1379 1077 1602 1147 acceptio
1646 1075 1784 1146 apud

197 1173 390 1227 Deum.
424 1173 500 1226 Ad
531 1172 642 1224 haec
671 1169 871 1223 addidit
897 1170 1034 1223 umle
1057 1184 1194 1222 nunc
1219 1168 1443 1237 qua-stin
1465 1175 1577 1232 est,
1602 1175 1653 1220 et
1673 1168 1780 1230 ait,

200 1266 519 1332 Quicumque
547 1248 677 1314 cium
719 1263 825 1313 sine
854 1261 961 1328 lege
1003 1268 1326 1328 peccaverunt
1348 1300 1362 1323 ,
1394 1259 1501 1311 sine
1533 1259 1640 1328 lege
1668 1275 1782 1326 per-

194 1359 374 1417 ibunt;
406 1367 450 1409 ct
477 1356 770 1424 quicumque
793 1354 841 1404 in
871 1353 977 1420 lnge
1005 1361 1328 1418 peccaverunt
1350 1391 1364 1412 ,
1398 1367 1484 1414 per
1511 1350 1667 1418 legem
1690 1351 1748 1416 jn
1767 1380 1778 1389 -

198 1449 506 1504 (ticabuutur
541 1445 712 1516 (Rom.
742 1461 808 1508 ιι,
843 1444 1028 1510 8-17).
1062 1442 1166 1494 llos
1190 1443 1369 1510 utique
1390 1440 1632 1504 ,ΙιιιΙςι-ος,
1664 1440 1782 1492 illos

195 1553 380 1597 autem
429 1540 646 1595 Gra‘cos
674 1538 856 1591 volens
887 1535 1106 1602 intelligi
1134 1576 1148 1598 ,
1179 1534 1426 1602 quoniam
1451 1534 1518 1586 de
1551 1533 1629 1585 his
1657 1547 1782 1601 age-

196 1635 326 1696 bat;
359 1641 612 1700 utrosque
637 1628 735 1683 sub
760 1636 971 1696 peccato
993 1639 1111 1680 esse
1139 1624 1507 1677 demonstrans
1529 1666 1542 1688 ,
1571 1634 1628 1678 ut
1653 1639 1780 1692 ege-

194 1741 255 1779 re
293 1740 353 1779 se
384 1721 552 1793 gratia
587 1720 795 1788 utrique
827 1717 1089 1772 fateantur
1121 1733 1133 1769 :
1172 1724 1386 1784 prepter
1414 1714 1554 1784 quod
1607 1715 1732 1768 dicit
1761 1755 1776 1779 ,

196 1815 322 1870 Non
358 1815 491 1867 enim.
544 1819 613 1865 est
656 1811 907 1864 distinctio
935 1825 953 1863 :
983 1825 1154 1862 omnes
1201 1808 1331 1861 enim
1358 1816 1699 1878 peccauerunt,
1733 1816 1778 1859 et

194 1918 340 1977 egent
371 1905 537 1977 gloria
567 1903 696 1966 Dei;
731 1901 1004 1972 justiﬁcati
1029 1901 1188 1971 gratis
1215 1916 1304 1969 per
1341 1899 1553 1968 gratiam
1582 1898 1738 1968 ipsius
1759 1938 1774 1963 ,

195 2017 286 2069 per
313 1997 707 2066 redemptionem
733 2011 844 2064 qua:
879 2004 951 2048 est
983 1995 1034 2045 in
1078 1990 1274 2046 Christo
1301 1989 1448 2044 Jt'su.
1483 1989 1630 2055 Quos
1674 1991 1775 2043 ita-

193 2105 302 2160 que
328 2091 457 2143 dicit
481 2104 666 2142 omnes
698 2101 946 2157 peccasse
973 2125 988 2152 ,
1034 2086 1139 2138 nisi
1165 2084 1378 2139 indutos
1423 2092 1478 2138 et
1521 2083 1737 2138 Graecos
1758 2123 1773 2147 ,

193 2185 264 2238 de
290 2183 482 2252 quibus
507 2180 714 2235 dixerat
745 2221 759 2243 ,
795 2176 916 2232 Non
943 2179 1075 2232 enim
1102 2188 1173 2230 est
1216 2176 1512 2230 distinctio?
1551 2175 1681 2230 Nam
1711 2174 1780 2228 de

197 2277 282 2333 his
308 2286 362 2332 ct
389 2275 544 2345 paulo
569 2285 690 2327 ante
723 2290 736 2325 :
770 2271 973 2325 Causati
1017 2271 1148 2324 enim
1171 2285 1343 2322 sumus
1367 2309 1384 2333 ,
1425 2268 1629 2338 inquit,
1674 2265 1780 2321 Ju-

197 2370 336 2422 tltt-os
366 2377 410 2420 et
442 2365 642 2419 Graecos
662 2380 832 2418 omnes
859 2362 947 2415 sub
971 2371 1172 2431 peccato
1198 2377 1300 2414 esse
1319 2359 1372 2429 (l
1381 2362 1431 2414 tl.
1462 2375 1536 2423 nl,
1559 2359 1658 2424 22,
1685 2358 1777 2419 ‘23.

193 2459 288 2522 ει,
320 2458 402 2526 9).
434 2460 510 2511 Ac
542 2472 634 2524 per
661 2455 760 2510 hoc
785 2454 1087 2524 quicumque
1115 2454 1222 2506 sine
1269 2453 1374 2523 lege
1401 2461 1730 2521 peccaverunt
1759 2492 1775 2519 ,

196 2552 288 2604 ilia
319 2549 523 2604 scilicet
550 2547 616 2601 de
646 2564 746 2616 qua
777 2545 946 2602 Judai
979 2545 1373 2614 gloriabantur,
1404 2544 1510 2598 sine
1538 2544 1645 2613 lege
1665 2560 1782 2612 per-

195 2644 336 2694 ibunt
361 2657 380 2704 ;
410 2651 452 2693 ct
479 2639 775 2706 quicumque
795 2638 845 2690 itt
872 2637 979 2706 lege
997 2644 1320 2704 peccaverunt
1341 2677 1356 2702 ,
1381 2635 1432 2689 id
1453 2645 1532 2691 est
1555 2635 1651 2705 ipsi
1681 2634 1778 2690 Ju-

197 2733 300 2788 da‘i
322 2775 336 2797 ,
366 2750 457 2800 per
483 2733 637 2801 legem
659 2729 1048 2802 jttdicabuntur.
1079 2728 1186 2784 Nec
1209 2729 1328 2783 ideo
1355 2743 1459 2782 non
1505 2729 1776 2796 peribunt,

203 2825 304 2877 nisi
345 2823 562 2876 credant
597 2822 644 2875 in
683 2837 802 2874 eum
831 2819 918 2890 qui
964 2822 1107 2874 venit
1149 2835 1390 2890 quaerere
1435 2818 1574 2889 quod
1603 2820 1778 2888 perie-

201 2923 284 2970 rat
317 2911 481 2981 (Luc.
516 2928 601 2967 six
622 2952 636 2975 ,
662 2909 773 2984 10).

275 3004 328 3060 3.
357 3003 607 3058 Nonnulli
634 3004 831 3072 quippe
866 3001 1025 3056 etiam
1052 2998 1299 3055 catholici
1347 3007 1691 3064 tractaturos,
1727 2999 1778 3055 in

207 3094 289 3149 his
314 3093 558 3164 Apostoli
599 3092 773 3146 verbis
801 3091 957 3146 aliter
982 3104 1142 3160 quam
1171 3104 1230 3144 se
1255 3105 1342 3145 res
1373 3089 1561 3155 habet,
1595 3104 1779 3158 parmn

203 3184 527 3241 attendendo
567 3193 887 3253 sapuerunt,
939 3193 996 3236 ut
1024 3183 1264 3238 dicerent
1301 3183 1418 3236 illos
1467 3184 1640 3252 perire
1691 3185 1778 3256 qui

203 3281 318 3334 sine
349 3280 464 3347 lege
491 3286 878 3342 peccaverunt;
909 3275 1006 3331 hos
1027 3287 1202 3330 autem
1233 3276 1318 3345 qui
1348 3278 1398 3330 in
1435 3277 1550 3347 lege
1589 3293 1779 3346 pecca-

209 3383 392 3427 verunt
417 3415 430 3436 ,
454 3372 674 3438 iudicari
709 3369 1108 3435 tantummodo,
1141 3385 1245 3424 non
1275 3371 1448 3440 perire
1482 3388 1495 3423 :
1528 3380 1776 3440 tanquam

205 3481 300 3534 per
327 3479 514 3532 pinnas
539 3463 868 3518 transitorias
893 3462 1177 3517 credantur
1201 3477 1319 3518 esse
1350 3465 1604 3533 purgandi
1629 3503 1643 3528 ,
1674 3465 1781 3519 sic-

206 3569 264 3610 ut
310 3559 398 3611 ille
424 3557 491 3611 de
518 3547 624 3626 quo
652 3557 848 3610 dictum
874 3566 955 3611 est
976 3599 989 3622 ,
1021 3554 1142 3626 Ipse
1163 3540 1331 3610 autem
1350 3557 1518 3611 salvus
1557 3559 1648 3611 erit
1667 3601 1682 3624 ,
1711 3559 1782 3613 sic

208 3662 373 3701 tamen
404 3648 549 3715 quasi
581 3664 668 3709 per
703 3645 885 3715 ignem.
928 3646 1031 3701 Sed
1079 3646 1180 3701 hoc
1221 3648 1414 3701 merito
1449 3646 1778 3702 fundamenti

209 3739 341 3793 bene
363 3738 696 3807 intelligitur,
723 3737 788 3791 de
811 3752 916 3807 quo
944 3737 1130 3806 agebat
1160 3739 1464 3806 Apostolus,
1491 3750 1545 3792 ut
1571 3739 1672 3793 hoc
1700 3739 1780 3794 di-

205 3838 371 3883 tcrct.
402 3829 658 3896 Superius
687 3829 876 3896 quippe
929 3829 1159 3893 dixerat,
1193 3827 1259 3884 Ut
1302 3831 1502 3896 sapiens
1530 3833 1778 3884 architec-

204 3930 280 3972 tus
335 3922 716 3990 fundamentum
762 3920 907 3986 ponti
930 3938 949 3982 ,°
988 3921 1118 3972 alius
1155 3921 1523 3990 sttpera'tliﬁcat
1566 3938 1584 3975 :
1623 3939 1780 3977 imus-

202 4013 413 4080 quisque
437 4023 602 4064 autem
635 4011 794 4064 rideat
835 4012 1084 4078 quomodo
1122 4012 1513 4081 sttpcrtvtliﬁcat.
1570 4011 1781 4066 Funda-

203 4115 426 4155 mentum
455 4118 586 4155 emm
615 4103 755 4154 aliud
797 4118 941 4154 nemo
973 4113 1128 4169 potest
1156 4118 1341 4169 ponere
1365 4113 1544 4171 pra'ter
1567 4105 1621 4157 id
1650 4105 1782 4171 quod

205 4187 431 4262 positum
459 4204 531 4248 cst
556 4235 572 4257 ,
603 4193 739 4260 quod
763 4205 834 4248 est
860 4194 1088 4248 Christus
1109 4192 1261 4247 Jcsus
1285 4209 1304 4247 :
1328 4203 1379 4248 et
1400 4205 1592 4249 czctera
1619 4211 1782 4264 usque

209 4287 276 4340 ad
301 4286 548 4342 eumdem
579 4287 748 4341 locum
769 4327 782 4348 ,
817 4287 905 4340 ubi
926 4303 1047 4341 eum
1079 4288 1212 4342 dixit
1239 4303 1331 4343 uer
1353 4288 1525 4357 ignem
1553 4289 1778 4354 salvari,

204 4377 295 4448 qui
322 4391 487 4446 super
509 4376 608 4432 hoc
637 4376 1038 4432 fundamentum
1057 4420 1070 4442 ,
1103 4392 1206 4451 non
1228 4393 1447 4444 aurum,
1468 4390 1778 4449 argentum,

206 4470 416 4539 lapides
441 4471 700 4539 pretiosos
719 4511 735 4536 ,
767 4470 860 4524 scd
884 4471 1042 4538 ligna,
1064 4470 1263 4533 fenum,
1287 4472 1533 4548 stipulam
1560 4473 1785 4526 aediﬁcat

214 4564 254 4629 (l
277 4562 398 4615 Cor.
442 4576 496 4614 ιιι
518 4602 533 4624 ,
577 4561 802 4629 10-15);
847 4576 952 4615 ιιοιι
986 4570 1160 4615 tamen
1188 4563 1389 4629 respuit
1423 4578 1489 4616 ne
1525 4563 1780 4632 recipiat,

205 4668 304 4708 nec
337 4667 608 4722 receptum
637 4652 832 4708 deserit
870 4651 1302 4718 fundamentum;
1345 4653 1501 4723 idque
1541 4656 1785 4709 omnibus

208 4743 514 4798 carnalibus
547 4745 657 4797 suis
676 4782 692 4807 ,
719 4744 907 4812 quibus
934 4745 1142 4811 capitur
1165 4753 1321 4812 atque
1343 4745 1668 4806 succumbit,
1692 4745 1785 4800 de-

207 4834 584 4904 lectationibus
613 4835 914 4904 anteponit,
947 4851 1067 4889 cum
1090 4836 1154 4888 ad
1179 4836 1315 4889 hunc.
1342 4837 1624 4891 articulum
1655 4853 1784 4891 ven-

212 4934 318 4979 tum
345 4926 506 4980 fuerit
525 4960 543 4990 ,-
578 4935 634 4980 ιιι
661 4937 751 4980 aut
783 4928 882 4980 illae
909 4927 1242 4992 deserantur,
1268 4939 1357 4982 aut
1386 4929 1663 4993 Christus;
1696 4929 1786 4982 ubi

209 5018 252 5074 si
282 5033 389 5070 non
419 5017 760 5085 anteponitur
798 5015 1040 5073 Christus
1060 5059 1076 5084 ,
1106 5035 1208 5072 non
1241 5019 1313 5074 illi
1356 5029 1438 5074 est
1469 5020 1784 5075 fundamen-

210 5116 340 5161 tum.
370 5106 629 5162 Omnibus
665 5108 863 5177 quippe
892 5117 1173 5164 structura:
1215 5111 1594 5179 posterioribus
1623 5112 1785 5180 parti-

209 5195 305 5250 bus
337 5200 678 5267 anteponitur
703 5198 1124 5257 fundamentum.
1167 5201 1278 5256 Nec
1303 5204 1565 5273 cogitasse
1602 5204 1789 5258 existi-

210 5302 298 5343 mo
340 5303 435 5343 eos
475 5291 563 5360 qui
605 5302 886 5345 senserunt
916 5307 1020 5347 non
1053 5295 1226 5363 perire
1266 5295 1333 5350 de
1360 5296 1550 5366 quibus
1591 5297 1787 5363 dictum

209 5389 288 5433 est
313 5419 330 5444 ,
363 5378 468 5434 Per
495 5381 652 5452 legem
674 5381 1042 5451 judicabuntur
1064 5427 1079 5449 ,
1114 5387 1211 5442 nisi
1236 5387 1355 5454 quia
1389 5387 1787 5443 fundamentum

213 5469 412 5526 habent
437 5471 728 5526 Christum.
763 5474 954 5529 Parum
994 5491 1121 5545 ergo
1161 5479 1501 5533 altenderunt
1528 5481 1667 5550 quod
1694 5480 1792 5534 dc-

220 5565 672 5629 monstravimus;
702 5565 860 5636 atque
891 5568 1000 5635 ipsa
1047 5569 1319 5638 Scriptura
1349 5572 1572 5637 clamat,
1606 5575 1672 5628 de
1695 5574 1791 5628 Ju-

217 5655 349 5710 daeis
400 5656 502 5711 hoc
553 5658 866 5726 Apostolmn
920 5661 1138 5726 dicere,
1187 5664 1275 5733 qui
1321 5663 1438 5719 sine
1480 5665 1791 5722 t'uudatnen-

218 5754 271 5799 to
327 5755 454 5802 sunt
507 5746 738 5806 Christo.
801 5752 931 5819 Quis
977 5762 1150 5809 autem
1215 5755 1550 5826 Christianus
1603 5758 1796 5814 dixe'rit

1263 312 1656 370 EN.tl'tR.\Tl0
1697 315 1760 369 1N
1800 315 2125 376 PSALMUM
2164 319 2392 379 CXVIII.

3341 341 3474 402 15Ἱᾶ

1895 446 2000 484 ιιοιι
2044 434 2217 502 perire
2266 435 2542 503 Judaeum,
2589 442 2632 495 si
2679 457 2782 498 non
2833 446 3008 503 credat
3064 448 3117 504 in
3161 449 3466 521 Christum,

1889 524 1981 577 sed
2014 529 2377 582 tantummodo
2397 530 2622 599 judicari
2651 551 2663 586 :
2693 549 2811 589 cum
2833 537 3076 594 Christus
3103 542 3216 610 ipse
3240 545 3304 597 ad
3327 560 3476 598 eam-

1889 615 2009 671 dem
2040 630 2291 688 gentem,
2326 635 2541 691 propter
2579 640 2706 681 oves
2753 645 2871 697 qua:
2900 631 3023 686 inde
3055 635 3357 701 perierant,
3407 652 3468 692 se

1889 709 2108 762 missum
2133 725 2252 764 esse
2284 721 2504 767 testctur
2535 717 2549 746 '
2585 714 2794 787 (Matth.
2828 735 2926 787 xv,
2971 721 3062 790 2i)
3092 741 3106 786 ;
3136 734 3188 778 et
3222 727 3474 781 tolerabi-

1889 798 1991 852 lius
2014 799 2156 854 dieat
2198 803 2428 857 funtrutn
2462 805 2750 862 Sodomitis
2802 812 2852 864 in
2881 812 2966 866 die
3003 813 3185 882 judicii
3211 856 3226 882 ,
3254 818 3340 886 qui
3373 818 3476 871 uti-

1887 905 1990 964 qpe
2021 891 2136 945 sine
2162 893 2276 961 lege
2308 897 2598 963 perierunt.
2625 915 2782 969 quam
2811 904 3007 958 civitati
3037 905 3235 962 Iuda-ae
3261 926 3379 978 qua:
3416 911 3470 964 in

1888 995 2006 1033 cum
2038 997 2141 1035 non
2188 985 2412 1039 credidit
2463 998 2604 1042 tanta
2652 991 2844 1048 virtute
2885 995 3143 1051 mirabilia
3184 997 3469 1056 facientem

1889 1072 1996 1141 (id.
2052 1091 2137 1142 XI,
2168 1077 2272 1141 es,
2303 1079 2435 1150 at)?

1956 1166 2010 1220 4.
2033 1167 2083 1219 Si
2111 1183 2237 1237 ergo
2278 1171 2563 1238 Apostolus
2589 1177 2877 1231 secundum
2922 1179 3089 1250 legem
3119 1201 3274 1254 quam
3322 1189 3458 1244 Deus

1885 1279 1980 1334 per
2006 1266 2217 1338 Moysen
2265 1271 2458 1338 pepulo
2491 1272 2645 1328 Israel
2676 1275 2859 1341 dedit,
2889 1280 3097 1334 caneris
3126 1294 3301 1336 autem
3332 1301 3466 1354 gen-

1888 1357 2024 1411 tibus
2047 1377 2147 1412 uon
2176 1361 2341 1428 dedit,
2374 1365 2486 1417 sine
2517 1366 2629 1434 lege
2656 1368 2795 1422 dixit
2837 1385 2956 1424 esse
2984 1383 3204 1428 exteras
3234 1387 3417 1444 gentes
3446 1395 3460 1444 ;

1885 1449 2007 1517 quid
2041 1451 2352 1507 intellecturi
2386 1473 2569 1512 sumus
2614 1460 2664 1512 in
2698 1462 2797 1514 isto
2831 1465 3030 1531 psalmo
3081 1468 3276 1521 dictum
3323 1486 3464 1537 eSSe,

1886 1540 2283 1600 Prwvaricantes
2299 1549 2540 1602 atstimavi
2562 1567 2730 1606 omnes
2760 1565 3042 1622 peccatores
3063 1568 3226 1624 terrai,
3259 1561 3355 1614 nisi
3388 1562 3464 1615 in-

1885 1631 2182 1704 telligamus
2202 1637 2426 1707 aliquam
2457 1640 2621 1710 legem
2652 1659 2754 1695 non
2784 1660 2876 1713 per
2903 1646 3116 1718 Moysen
3148 1649 3348 1714 datam,
3378 1668 3468 1707 sc-

1883 1727 2114 1781 cundmn
2155 1744 2311 1799 quam
2358 1742 2480 1786 sunt
2529 1737 2934 1802 prarvaricanles
2972 1751 3282 1796 ceterarum
3329 1761 3464 1813 gen-

1887 1818 2013 1871 tium
2045 1824 2390 1889 peceatores?
2421 1824 2516 1878 Ubi
2551 1827 2682 1878 enim
2716 1827 2798 1880 lex
2837 1846 2934 1882 non
2975 1841 3067 1896 est,
3097 1849 3187 1884 nec
3219 1837 3465 1903 pt'ﬂ’vttt’i-

1883 1909 2036 1963 catio.
2064 1910 2190 1978 Quae
2219 1913 2315 1967 ista
2345 1915 2426 1970 lex
2455 1925 2554 1980 est,
2585 1918 2682 1971 nisi
2713 1918 2846 1974 forte
2875 1921 2961 1975 illa
2989 1921 3056 1977 dc
3083 1940 3183 1993 qua
3217 1926 3352 1980 idetn
3380 1926 3464 1981 di—

1883 2001 1956 2054 cit
1976 2004 2247 2072 apostolus
2266 2045 2282 2070 ,
2320 2004 2501 2059 Gentes
2530 2024 2641 2077 qum
2667 2009 2824 2079 legem
2848 2028 2947 2065 non
2978 2012 3177 2073 habent.
3222 2017 3466 2070 natttrali~

1884 2098 1958 2143 ter
1980 2108 2091 2162 qua:
2109 2092 2231 2163 legis
2264 2104 2378 2147 sunt
2405 2098 2628 2166 faciunt;
2658 2099 2707 2151 hi
2735 2101 2894 2170 legem
2939 2118 3037 2155 non
3068 2103 3301 2158 habentes
3325 2147 3338 2170 ,
3369 2108 3466 2168 ipsi

1883 2181 1975 2234 sibi
1995 2194 2110 2235 sunt
2139 2185 2220 2237 lex
2243 2185 2416 2256 (Rom.
2443 2203 2498 2248 ll,
2529 2187 2595 2241 14
2617 2189 2676 2258 )?
2707 2190 3008 2246 Secundum
3043 2195 3141 2248 hoc
3168 2211 3294 2265 ergo
3321 2203 3466 2267 quod
3505 2243 3508 2247 .

1884 2269 2031 2335 dicit,
2063 2270 2247 2342 Legem
2281 2291 2379 2328 non
2407 2275 2642 2331 habentes
2665 2297 2682 2344 ;
2712 2281 2828 2334 sine
2857 2281 2970 2351 lege
2996 2294 3365 2352 peccaverunt,
3413 2301 3467 2341 et

1883 2359 2000 2414 sine
2025 2362 2141 2431 lege
2167 2378 2200 2432 p
2221 2365 2412 2418 ‘ribnnt
2443 2385 2455 2419 :
2490 2369 2781 2424 secundum
2814 2372 2863 2426 id
2907 2389 3029 2426 vero
3056 2376 3194 2443 quod
3227 2377 3319 2440 ait,
3354 2377 3466 2445 Ipsi

1883 2452 1979 2532 sibi
2001 2463 2119 2506 sunt
2144 2455 2228 2508 lea:
2256 2471 2277 2520 ;
2306 2472 2408 2511 non
2439 2458 2705 2514 immerito
2732 2464 3167 2531 prmvarieatores
3193 2467 3465 2520 mstimau-

1885 2551 1972 2598 tur
2007 2559 2194 2599 omnes
2223 2558 2528 2615 peccatores
2574 2560 2748 2606 terrae.
2779 2552 2962 2608 Nullus
2990 2556 3130 2608 enim
3161 2567 3236 2610 est
3265 2558 3351 2626 qui
3385 2557 3464 2611 fa-

1884 2634 1990 2689 ciat
2011 2635 2161 2691 alteri
2187 2637 2454 2708 injuriam,
2488 2642 2588 2714 nisi
2619 2643 2704 2711 qui
2734 2643 2847 2698 ﬁeri
2880 2645 3010 2698 nolit
3036 2647 3132 2700 sibi
3163 2665 3175 2700 :
3206 2657 3259 2700 et
3287 2648 3338 2701 in
3364 2648 3466 2706 hoc

1885 2730 2268 2800 transgreditur
2295 2743 2496 2788 natura:
2527 2735 2719 2806 legem,
2749 2753 2907 2808 quam
2941 2756 3044 2794 non
3084 2742 3276 2796 sinitur
3304 2743 3461 2813 igno-

1883 2833 2025 2884 rare,
2064 2821 2190 2876 dum
2223 2823 2272 2877 id
2317 2826 2456 2894 quod
2489 2825 2614 2882 facit
2641 2845 2744 2882 non
2777 2831 2885 2884 vult
2911 2833 3037 2900 pati.
3079 2832 3344 2903 Numquid
3372 2851 3467 2888 auc

1887 2917 1990 2965 tem
2014 2912 2098 2966 lex
2131 2914 2226 2968 ista
2255 2917 2510 2972 naturalis
2539 2931 2775 2975 nouerat
2800 2923 2851 2975 in
2883 2924 3076 2992 papula
3105 2925 3266 2979 Israel
3291 2925 3313 2978 ?
3341 2926 3474 2980 Erat-

1885 3002 2063 3071 plane,
2091 3007 2339 3074 quoniam
2362 3018 2414 3060 et
2445 3010 2542 3078 ipsi
2574 3011 2817 3067 homines
2841 3024 2993 3068 erant
3020 3032 3035 3068 ι
3064 3017 3179 3069 sine
3226 3017 3340 3087 lege
3366 3034 3464 3071 au-

1885 3101 1991 3148 tem
2022 3098 2243 3152 naturali
2273 3109 2474 3166 essent,
2504 3102 2547 3155 si
2573 3111 2764 3170 prarter
2789 3113 3029 3159 naturam
3055 3107 3269 3162 humani
3299 3125 3466 3178 gene-

1883 3185 1956 3238 ris
1986 3200 2104 3241 esse
2153 3188 2465 3256 potuissent.
2517 3192 2682 3247 Multo
2725 3195 2890 3264 magis
2934 3211 3062 3267 ergo
3092 3200 3466 3266 pricvaricato-

1884 3289 1972 3331 res
2014 3276 2136 3331 lacti
2164 3288 2287 3333 sunt
2313 3281 2426 3351 lege
2466 3282 2662 3347 divina,
2693 3301 2792 3354 qna
2823 3289 3076 3344 naturalis
3119 3291 3203 3344 illa
3246 3290 3358 3346 sive
3385 3292 3468 3345 iu-

1883 3377 2134 3434 stanrata,
2165 3371 2277 3427 sive
2297 3383 2473 3440 aucta,
2503 3376 2613 3429 sive
2642 3378 2844 3432 tirmata
2871 3389 2970 3433 est.

1952 3459 2270 3516 5.1amvero
2289 3463 2399 3517 siin
2428 3466 2674 3519 omnibus
2702 3471 3067 3536 peccatoribus
3096 3481 3366 3528 terrmnon
3387 3475 3470 3528 iu-

1881 3565 2112 3620 congrue
2123 3552 2444 3622 deputantur
2456 3565 2505 3610 et
2525 3559 2744 3625 parvuli,
2761 3570 2976 3629 propter
2987 3578 3034 3613 ot
3050 3562 3255 3630 iginalis
3269 3564 3471 3619 vincula

1883 3644 2114 3711 peccati,
2139 3644 2296 3698 etiam
2318 3646 2413 3714 ipsi
2447 3648 2495 3700 in
2515 3648 2852 3703 sitnilitudine
2876 3653 3322 3719 praevaricationis
3344 3653 3472 3706 Ada:

1884 3735 1995 3804 (ld.
2021 3737 2201 3806 v,14),
2236 3738 2301 3791 ad
2330 3739 2469 3792 illaut
2509 3741 2990 3808 praevaricationem
3021 3747 3285 3810 pertinere
3322 3759 3474 3797 mon-

1884 3837 2139 3896 strantur,
2168 3845 2305 3898 qum,
2338 3829 2457 3882 data
2486 3829 2599 3900 lege
2630 3830 2680 3883 in
2707 3831 2971 3900 paradiso,
2997 3833 3161 3903 prima
3189 3833 3470 3888 commissa

1885 3930 1966 3972 est
1982 3917 2130 3988 (Gen.
2152 3935 2224 3987 tu,
2245 3922 2298 3988 6)
2318 3938 2330 3975 :
2348 3935 2409 3974 ac
2430 3933 2526 3990 per
2543 3921 2642 3975 hoc
2659 3931 2820 3989 recte,
2839 3924 2979 3977 nullo
2995 3938 3210 3992 prorsus
3225 3933 3468 3994 excepto,

1889 4013 2318 4080 prmvaricatore’s
2360 4014 2686 4068 aestimantur
2719 4030 2905 4070 omnes
2944 4025 3250 4086 peceatores
3294 4027 3467 4071 terrai.

1890 4102 2074 4157 Omnes
2103 4112 2277 4158 autem
2308 4115 2650 4175 peccaverunt,
2693 4118 2738 4158 et
2765 4116 2905 4177 egent
2942 4107 3105 4177 gloria
3138 4107 3249 4162 Dei.
3273 4106 3471 4162 Omnes

1887 4195 2044 4264 igitur
2065 4199 2470 4266 praevaricantes
2491 4201 2655 4269 gratia
2671 4200 2959 4257 Salvatoris
2981 4203 3197 4267 invenit,
3217 4203 3348 4256 alios
3362 4217 3476 4256 ma-

1887 4292 1986 4360 gis,
2011 4290 2144 4344 alios
2157 4290 2574 4356 minus.Quanto
2585 4291 2725 4345 enim
2739 4292 2865 4362 legis
2879 4293 3048 4362 major
3066 4296 3113 4347 in
3141 4309 3474 4362 quocumque

1887 4381 2137 4450 cognitio,
2170 4389 2314 4434 lauto
2344 4381 2518 4435 minor
2562 4383 2762 4450 peccati
2795 4384 3064 4438 excusatio
3094 4401 3106 4436 :
3140 4394 3336 4453 quanto
3370 4385 3474 4438 mi-

1895 4487 1992 4523 nor
2018 4473 2216 4539 peccati
2243 4473 2514 4527 excusatio
2541 4474 2560 4504 ⁸
2582 4515 2596 4538 ,
2633 4484 2775 4528 tanto
2803 4475 3130 4528 manifestior
3159 4477 3474 4544 prtevarica-

1889 4564 1980 4617 tio.
2016 4564 2268 4619 Restabat
2291 4580 2439 4635 ergo,
2465 4574 2521 4619 ut.
2543 4566 2788 4620 omnibus
2815 4565 2836 4596 ³
2868 4581 2970 4620 non
2998 4582 3113 4632 sna,
3141 4562 3231 4620 Sed
3265 4568 3353 4620 Dei
3373 4610 3388 4631 ,
3425 4567 3475 4622 id

1889 4664 1970 4709 est
1995 4671 2022 4706 a
2067 4655 2176 4708 Deo
2202 4655 2414 4722 donata,
2463 4656 2666 4725 justitia
2696 4658 3019 4712 subveniret.
3052 4657 3204 4712 Unde
3231 4659 3301 4711 ait
3329 4661 3478 4727 Apo-

1889 4749 2057 4802 stolus
2085 4766 2098 4803 :
2145 4747 2244 4802 Per
2268 4750 2424 4819 legem
2465 4751 2679 4820 cognitio
2709 4751 2914 4819 peccati.
2943 4749 3059 4805 Non
3088 4767 3214 4821 ergo
3237 4752 3434 4805 ablatio
3459 4792 3478 4819 ,

1889 4839 1981 4895 sed
2009 4842 2248 4911 cognitio.
2285 4840 2437 4895 Nunc
2459 4852 2625 4894 autem
2650 4842 2756 4894 sine
2784 4841 2909 4911 lege,
2945 4842 3132 4911 inquit,
3151 4843 3355 4912 justitia
3377 4841 3476 4896 Dei

1889 4933 2211 5004 manifestata
2229 4943 2321 4998 est,
2339 4933 2603 5000 testiﬁcata
2627 4949 2715 5001 per
2728 4932 2908 5003 Legem
2924 4943 2970 4987 et
2992 4933 3276 5006 Prophetas
3295 4936 3472 5005 (llam.

1892 5039 1970 5087 ιιι,
1997 5023 2170 5078 9.0-9.5
2192 5023 2230 5093 ).
2256 5024 2484 5078 Proinde
2514 5026 2672 5077 etiam
2702 5024 2803 5080 istc
2829 5025 3102 5094 sulijuusit
3134 5045 3145 5080 :
3175 5026 3472 5096 Propterea,

1893 5113 2077 5183 inquit,
2113 5115 2268 5167 dilexi
2299 5113 2580 5168 testimonia
2627 5126 2732 5168 tua.
2766 5116 3035 5186 Tanquam
3063 5116 3264 5170 diceret
3295 5119 3478 5181 :Qno-

1893 5207 2033 5259 niam
2063 5207 2145 5260 lex
2175 5207 2285 5261 sive
2310 5207 2625 5275 inparadiso
2645 5210 2785 5276 data,
2815 5211 2927 5265 sive
2959 5211 3269 5264 naturaliter
3297 5211 3475 5276 insita,

1894 5297 2005 5352 sive
2049 5299 2100 5351 in
2134 5299 2320 5353 litteris
2349 5301 2696 5370 promulgata,
2729 5305 3161 5371 prmvaricatores
3193 5303 3314 5356 fecit
3358 5320 3477 5356 om-

1897 5405 1994 5446 nes
2018 5401 2325 5460 peccatorcs
2355 5402 2537 5459 terra};
2561 5393 2837 5464 Propterea
2864 5396 3018 5450 dilexi
3062 5397 3343 5449 testimonia
3371 5407 3476 5462 tua,

1963 5526 1976 5555 ί
2005 5531 2077 5573 t-tr.
2105 5533 2238 5580 ιον..
2255 5530 2450 5575 testatur
2468 5540 2482 5583 ;
2499 5528 2751 5594 _rt’tttisst'tts
2773 5534 2820 5594 rt
2843 5528 3154 5594 tolerttltiiits,
3171 5529 3482 5594 ete.--t.ugd.

1899 5594 2035 5639 vena
2067 5594 2292 5643 testetur;
2317 5595 2362 5637 et
2389 5587 2633 5638 remissius
2657 5599 2698 5638 et
2717 5589 3025 5648 tolerabiius,
3055 5604 3149 5641 etc.
3249 5599 3304 5639 δι.

1899 5709 1938 5760 Γ
1960 5651 1980 5680 ¹
2009 5649 2234 5713 Plerique
2254 5656 2361 5700 Mss.
2387 5651 2642 5712 omittunt,
2668 5659 2844 5714 quanto
2881 5653 3034 5704 minor
3075 5653 3257 5718 peccati
3277 5666 3486 5705 excitan-

1919 5724 1980 5760 to.

1919 5724 1964 5761 ιο

2013 5777 2118 5821 \lss.
2140 5785 2291 5836 prope
2313 5786 2502 5837 clunes,
2528 5781 2576 5825 ut
2598 5773 2876 5828 hominibus.
