4026 6202
466 326 607 391 (575

470 462 591 519 quae
619 453 743 501 sunt
768 440 820 497 in
845 439 963 508 lege
988 443 1099 497 tua,
1125 431 1193 488 de
1216 428 1383 502 gratia
1415 435 1500 481 tua
1522 443 1537 492 ;
1563 434 1621 480 ut
1651 439 1757 478 non
1785 422 1853 519 sit
1876 421 1930 474 in
1961 430 2045 470 me

468 513 669 608 justitia
715 546 853 592 mea,
898 526 991 583 sed
1019 535 1129 580 tua.
1161 523 1269 578 Lex
1301 521 1441 575 enim
1487 517 1551 573 ad
1577 516 1680 571 hoc
1724 513 1957 608 prodest,
1991 521 2048 565 ut

475 606 642 682 mittat
673 624 738 679 ad
766 621 1006 691 gratiam.
1049 616 1163 672 Non
1208 613 1378 669 solum
1408 610 1548 666 enim
1600 606 1739 678 quod
1767 611 2047 660 attestatur

474 710 868 771 manifestandm
892 708 1108 779 iustitia:
1137 705 1251 767 Dei,
1281 719 1398 773 qua:
1424 702 1539 755 sine
1564 699 1679 768 lege
1707 706 1789 753 est
1813 714 1829 762 ;
1860 709 2044 750 verum

472 807 628 860 etiam
661 803 762 856 hoc
785 802 901 870 ipso
928 798 1067 870 quod
1098 795 1503 866 prtevaricantes
1528 790 1667 852 facit,
1700 789 1770 842 ita
1801 795 1857 840 ut
1883 785 2043 841 etiam

473 896 647 950 littera
693 891 936 950 occidat;
967 888 1031 943 ad
1059 886 1409 941 vivilicantem
1442 881 1695 951 Spiritum
1726 877 1788 950 (ll
1814 875 1930 930 Cor.
1967 890 2042 936 ιιι,

467 987 525 1056 6)
559 984 844 1054 confugere
875 982 1064 1036 timore
1098 977 1388 1047 compellit,
1410 990 1503 1044 per
1527 988 1681 1042 quem
1705 979 2043 1041 peccatorum

467 1077 708 1131 deleatur
726 1071 1057 1135 universitas,
1089 1079 1143 1123 et
1169 1075 1312 1123 recte
1343 1065 1599 1119 laetorum
1625 1061 1856 1115 cltaritas
1882 1058 2048 1128 inspi-
2070 1136 2083 1147 .

468 1176 615 1222 retur
648 1183 661 1220 :
694 1164 988 1231 Propterea,
1037 1158 1225 1229 inquit,
1272 1156 1427 1211 dilexi
1471 1152 1751 1207 testimonia
1777 1160 1881 1204 tua.
1912 1149 2045 1215 Qui-

466 1257 589 1312 dam
616 1255 826 1311 codices
846 1254 1060 1315 habent,
1083 1265 1295 1320 semper,
1323 1245 1534 1318 quidam
1566 1258 1668 1298 non
1698 1242 1916 1297 habent.
1938 1241 2044 1296 Scd

465 1348 511 1403 si
539 1358 640 1409 est,
672 1346 748 1400 sic
772 1341 1134 1413 accipiendum
1163 1350 1243 1395 est
1263 1354 1478 1407 semper,
1508 1345 1564 1390 ut
1589 1337 1665 1392 sic
1696 1334 2040 1404 intelligatur,

468 1437 729 1506 Quamdiu
758 1436 844 1490 hic
872 1434 1083 1489 vivitur.
1113 1432 1206 1485 llic
1226 1438 1348 1485 sunt
1368 1429 1510 1483 enim
1526 1425 1824 1482 testimonia
1852 1439 2041 1479 ncces-

467 1529 623 1593 saria,
670 1528 735 1581 de
765 1526 903 1596 Lege
931 1534 986 1579 et
1014 1521 1313 1591 Prophetis,
1353 1518 1653 1574 attestantia
1678 1516 1895 1587 justitite
1923 1515 2041 1581 Dei,

467 1635 570 1690 qua
592 1618 941 1688 justilicamur
966 1615 1127 1686 gratis
1157 1630 1169 1666 :
1199 1612 1283 1667 hic
1301 1619 1502 1667 suntet
1528 1618 1709 1664 nostra
1735 1607 2039 1664 testimonia

469 1710 787 1774 necessaria,
826 1723 921 1777 pro
948 1706 1137 1777 quibus
1184 1704 1353 1773 ipsam
1383 1717 1501 1772 qua:
1530 1699 1619 1754 hic
1645 1699 1849 1770 agitur,
1880 1698 2041 1752 vitam

468 1810 729 1873 martyres
755 1799 1025 1853 ﬁnierunt.
1249 1849 1269 1867 ,

539 1892 592 1948 6.
619 1890 768 1963 [vers.
802 1887 947 1961 120.]
977 1887 1195 1957 Cognita
1229 1886 1403 1955 itaque
1431 1885 1524 1939 Dei
1551 1883 1739 1954 gratia,
1784 1896 1903 1953 qute
1928 1881 2041 1936 sola

468 1983 712 2038 liberata
742 1980 1193 2050 praevaricatione,
1224 1993 1343 2047 qua:
1392 1977 1521 2047 legis
1546 1976 1847 2046 cognitione
1888 1989 2043 2030 com-

469 2075 715 2137 Intttitnr,
746 2071 949 2127 orando
971 2070 1098 2125 dicit
1128 2088 1140 2123 :
1169 2068 1376 2139 Conlige
1403 2068 1556 2124 claris
1576 2084 1607 2121 a
1626 2068 1802 2121 timore
1835 2077 1919 2120 tuo
1937 2083 2045 2119 car-

452 2181 558 2225 ,ιω
598 2181 752 2220 meas.
791 2163 879 2219 Sic
905 2162 1045 2217 enim
1074 2161 1379 2230 expressius
1403 2160 1736 2229 interpretati
1776 2167 1895 2213 sunt
1927 2159 2045 2228 qui-

468 2263 589 2311 dam
618 2255 801 2317 nostri,
830 2253 969 2324 quod
987 2268 1160 2323 graece
1181 2266 1286 2306 uno
1312 2252 1478 2305 verbo
1498 2251 1602 2305 dici
1634 2252 1823 2320 potuit,
1853 2250 1905 2305 id
1932 2259 2036 2318 est,

469 2355 751 2405 mammas.
780 2345 891 2399 [loc
931 2345 1018 2399 alii
1049 2344 1246 2415 conﬁge
1284 2334 1464 2398 dicere
1494 2343 1792 2409 voluerunt,
1823 2358 1921 2398 nec
1945 2342 2042 2396 ad-

469 2436 711 2492 diderunt
743 2436 937 2500 clavis;
980 2444 1137 2504 atque
1185 2435 1256 2490 ita
1307 2434 1431 2488 dum
1485 2434 1666 2488 volunt
1717 2446 1822 2488 uno
1879 2433 2043 2489 verbo

468 2542 642 2597 grtcco
670 2543 830 2582 unum
878 2527 1096 2580 latinum
1128 2524 1526 2594 interpretando
1554 2523 1797 2590 reddere,
1828 2531 2043 2579 sentcn-

468 2619 596 2674 tiam
641 2619 814 2673 minus
840 2618 1237 2687 explicaverunt
1267 2634 1281 2669 :
1326 2616 1574 2691 quoniam
1608 2616 1659 2670 itt
1702 2631 1765 2671 co
1794 2616 1933 2686 quod
1961 2625 2044 2671 est

467 2712 679 2783 conﬁge,
714 2726 819 2765 non
864 2718 1054 2763 sonant
1078 2709 1254 2774 clavi;
1281 2717 1543 2769 naulum
1569 2718 1743 2763 autem
1774 2707 1890 2763 sine
1929 2708 2043 2764 cla-

468 2803 551 2859 vis
574 2802 792 2873 intelligi
820 2818 924 2857 non
953 2811 1147 2874 potest,
1178 2816 1277 2857 nec
1303 2801 1402 2857 nisi
1431 2801 1637 2856 duobus
1680 2802 1855 2857 verbis
1881 2802 2044 2858 latine

469 2894 576 2952 dici
605 2902 795 2965 potest,
842 2896 978 2950 sicut
1002 2895 1201 2951 dictum
1227 2903 1329 2961 est,
1351 2895 1549 2965 conﬁge
1570 2892 1745 2949 clavis.
1791 2894 1890 2950 Ubi
1916 2893 2045 2964 quid

469 2989 580 3043 vult
608 2988 845 3057 intelligi,
886 2988 984 3042 nisi
1015 2987 1154 3056 quod
1205 2988 1279 3041 ait
1330 2986 1618 3056 Apostolus
1662 3003 1676 3039 :
1711 2984 1841 3040 Mihi
1876 2996 2044 3041 autem

419 3114 424 3119 -
468 3079 595 3134 obsit
623 3080 850 3151 gloriari,
875 3079 971 3141 nisi
1000 3079 1050 3131 in
1080 3094 1226 3132 cruce
1252 3075 1460 3132 Domini
1488 3077 1645 3131 nostri
1668 3062 1794 3132 Iesu
1816 3077 2043 3141 Christi;

468 3188 557 3241 per
594 3186 741 3239 quem
792 3170 917 3222 mihi
964 3168 1181 3222 mundus
1220 3169 1490 3236 cruciﬁxus
1516 3177 1610 3233 est,
1648 3176 1696 3221 et
1724 3184 1815 3238 ego
1852 3168 2041 3222 mundo

468 3258 680 3328 (Colat.
713 3275 787 3324 vt,
820 3257 964 3331 i4)?
993 3259 1055 3313 Et
1094 3258 1284 3312 iterum
1314 3274 1326 3309 :
1359 3257 1579 3324 Christo,
1603 3257 1790 3326 inquit,
1814 3258 2045 3326 conﬁxus

468 3368 577 3404 sum
601 3352 735 3404 cruci
759 3367 776 3414 ,'
801 3352 910 3403 vivo
952 3350 1261 3415 autemoiom
1302 3365 1404 3401 non
1440 3365 1552 3419 ego,
1582 3349 1697 3402 vivit
1736 3364 1850 3403 vero
1877 3350 1929 3403 in
1966 3366 2044 3404 me

468 3441 696 3495 Christus
723 3439 839 3513 (Id.
885 3456 943 3505 ll,
975 3439 1042 3493 i9
1064 3481 1078 3501 ,
1106 3439 1175 3494 20
1285 3438 1434 3506 Quod
1462 3438 1587 3509 quid
1618 3447 1701 3493 est
1728 3438 1889 3503 aliud,
1918 3440 2039 3505 nisi,

468 3533 583 3589 Non
618 3542 700 3588 est
726 3533 775 3586 in
815 3545 901 3587 me
922 3532 1124 3600 justitia
1152 3546 1290 3596 mea,
1331 3548 1449 3600 quae
1473 3547 1536 3586 ex
1566 3531 1683 3601 lege
1709 3541 1813 3599 est,
1862 3534 1913 3589 in
1938 3548 2042 3603 qua

469 3624 842 3693 lmevaricator
878 3622 1096 3679 ell'ectus
1134 3638 1285 3685 smn;
1328 3623 1421 3699 sed
1462 3623 1663 3691 justitia
1711 3623 1825 3690 Dei,
1859 3622 1910 3679 id
1937 3633 2038 3688 est,

467 3730 587 3784 qua:
613 3714 740 3768 mihi
767 3729 831 3768 ex
866 3714 974 3767 Deo
1004 3722 1086 3768 est
1112 3712 1383 3785 (Philipp.
1432 3730 1510 3780 ιιι,
1538 3712 1611 3786 9)
1636 3756 1652 3779 ,
1690 3724 1794 3768 neu
1820 3730 1883 3769 ex
1916 3714 2044 3771 me?

467 3806 555 3862 Sic
580 3808 774 3877 quippe
801 3807 850 3860 in
881 3823 965 3861 me
995 3805 1161 3871 vivit,
1189 3822 1292 3860 non
1323 3822 1422 3876 ego
1444 3848 1459 3873 ,
1489 3807 1582 3862 sed
1607 3806 1870 3875 Christus,
1905 3827 1926 3862 ι
1953 3811 2042 3879 qui

470 3900 638 3959 factus
666 3908 750 3956 est
771 3900 924 3955 nobis
949 3899 1206 3970 sapientia
1223 3914 1252 3954 a
1275 3899 1405 3967 Deo,
1427 3909 1483 3955 et
1502 3899 1699 3969 justitia
1717 3943 1733 3968 ,
1760 3910 1816 3957 et
1842 3902 2044 3957 sancti-

469 3992 677 4057 ﬁcatio,
711 4004 763 4046 et
790 3991 1125 4061 redemptio:
1170 4002 1249 4058 ut,
1295 3992 1738 4061 quemadmodum
1791 3996 2042 4064 scriptum

467 4091 568 4144 est,
599 4084 696 4149 Qui
722 4083 995 4152 gloriatur,
1028 4082 1080 4136 in
1107 4082 1330 4147 Domino
1353 4082 1607 4152 glorietur
1637 4102 1656 4136 ι
1679 4081 1721 4154 (ι
1753 4083 1870 4139 Cor.
1899 4085 2040 4151 1,30,

466 4173 578 4244 3i).
602 4174 728 4228 Item
755 4173 899 4240 dicit,
934 4191 954 4226 ι
984 4171 1083 4239 Qui
1104 4180 1280 4228 autem
1296 4181 1419 4226 sunt
1440 4171 1565 4227 Jesu
1588 4172 1798 4238 Christi,
1830 4189 2044 4229 carnem

469 4265 843 4319 cruciﬁxerunt
892 4278 1015 4319 cum
1064 4263 1399 4333 passionibus
1450 4272 1505 4318 et
1548 4264 1991 4333 cancupiscentiis
2019 4283 2039 4317 ι

469 4352 679 4427 (Galat.
712 4370 763 4418 v,
785 4352 855 4408 24
877 4352 917 4422 ).
963 4351 1095 4407 Cum
1144 4353 1231 4406 hic
1254 4351 1450 4408 dictum
1495 4353 1565 4407 sit
1583 4354 1727 4424 quod,
1763 4355 1859 4424 ipsi
1884 4356 2048 4410 cruci-

470 4446 685 4512 ftxerunt
709 4460 908 4496 carnem
950 4459 1115 4507 suam,
1152 4442 1202 4496 in
1230 4442 1332 4497 isto
1361 4451 1533 4498 tamen
1563 4445 1767 4514 psalmo
1799 4445 1935 4500 Deus
1958 4459 2046 4501 ro-

466 4542 622 4603 gatur
645 4540 701 4586 ut
727 4531 775 4587 id
805 4531 978 4596 iaciat,
1004 4532 1091 4587 cui
1130 4531 1322 4588 dicitur
1342 4573 1358 4599 ,
1390 4533 1598 4606 Con/ige
1622 4535 1776 4589 clavis
1799 4551 1830 4588 a
1868 4538 2045 4601 timore

471 4634 558 4677 tuo
599 4639 775 4678 carnes
814 4638 992 4688 meas;
1020 4631 1074 4678 ut
1117 4624 1471 4695 intelligamus
1509 4627 1668 4680 etiam
1712 4625 1764 4681 id
1789 4627 1929 4697 quod
1956 4642 2043 4684 re-

468 4725 555 4769 ete
599 4714 860 4779 iacimus,
906 4714 1090 4785 gratia}
1132 4714 1226 4770 Dei
1271 4703 1393 4781 esse
1432 4716 1804 4784 tribuendum,
1848 4719 1938 4789 qui
1990 4719 2044 4773 in

469 4804 623 4858 nobis
665 4814 915 4873 operatur
941 4813 996 4861 et
1024 4805 1159 4862 velle
1197 4815 1254 4863 et
1295 4807 1544 4878 operari,
1575 4823 1673 4879 pro
1697 4808 1835 4864 bona
1860 4808 2047 4865 volun-

469 4904 576 4951 tate
604 4894 874 4969 (Philipp.
905 4914 960 4959 ιι,
996 4898 1119 4969 l3).

539 4990 591 5043 7.
614 4989 718 5047 Sed
745 4990 873 5060 quid
907 4990 1008 5046 sibi
1032 4991 1165 5058 vult,
1209 4992 1351 5063 quod
1390 5007 1511 5048 cum
1552 4993 1805 5059 dixisset,
1838 4993 2046 5068 Con/ige

468 5080 622 5135 clauis
647 5097 679 5133 a
701 5082 878 5136 timore
898 5091 984 5136 tuo
1003 5099 1177 5137 carnes
1203 5100 1339 5137 meas
1360 5101 1380 5150 ;
1400 5083 1621 5150 addidit,
1644 5101 1675 5139 a
1686 5086 1890 5157 iudiciis
1912 5090 2044 5142 enim

468 5171 568 5224 tuis
595 5170 739 5226 timui
757 5172 783 5225 .9
810 5172 945 5241 Quid
965 5183 1069 5238 est,
1086 5171 1294 5244 Couﬁge
1312 5190 1344 5227 a
1359 5175 1537 5230 timore
1558 5186 1644 5230 tuo
1663 5194 1683 5242 ,°
1705 5178 1847 5231 timui
1868 5179 2001 5232 enim
2020 5180 2046 5233 2

470 5262 526 5317 Si
552 5262 662 5332 jam
696 5262 962 5328 timuerat,
993 5263 1076 5317 vel
1106 5263 1343 5327 timebat.
1370 5280 1466 5320 cur
1489 5266 1684 5334 adhuc,
1715 5275 1772 5322 ut
1797 5283 1826 5321 a
1857 5269 2046 5324 timore

469 5367 568 5407 suo
600 5353 738 5409 Dens
765 5353 1098 5425 erneillgeret
1140 5370 1329 5411 carnes
1355 5356 1503 5427 ejus,
1531 5358 1763 5413 orabat?
1807 5360 1887 5413 An
1921 5358 2046 5414 addi

469 5444 568 5497 sibi
616 5444 826 5501 volebat
870 5446 1148 5514 timorem,
1193 5456 1249 5501 ιιι
1298 5455 1499 5501 tantmn
1531 5450 1762 5516 timeret,
1792 5459 2045 5521 quantum

469 5533 738 5592 suillceret
756 5535 1124 5605 crucifigeudis
1150 5536 1260 5592 suis
1287 5539 1536 5595 carnibus
1557 5581 1572 5605 ,
1605 5539 1658 5595 id
1686 5550 1768 5596 est
1791 5543 2046 5612 concupi-

467 5628 685 5682 scentiis
728 5628 1105 5700 all‘ectibusque
1150 5630 1492 5687 carnalibus:
1539 5642 1787 5703 tanquam
1822 5634 2006 5691 dicens
2028 5675 2045 5702 ,

470 5714 680 5772 Perﬁce
707 5717 761 5774 in
792 5733 879 5774 me
922 5720 1165 5785 timorem
1211 5730 1396 5788 tuum;
1438 5722 1586 5779 timui
1612 5724 1754 5780 enim
1782 5740 1811 5780 a
1833 5725 2046 5797 iudiciis

1700 304 1757 364 S.
1797 296 2158 364 AUGUSTINI
2196 303 2497 364 EPISCOPI

3599 313 3737 371 15⁸78

2154 418 2291 472 tuis?
2324 419 2425 475 Sed
2461 429 2543 475 est
2567 418 2655 475 hic
2696 419 2832 476 alius
2857 419 3015 477 altior
3044 436 3255 488 sensus,
3300 430 3555 495 quantum
3588 425 3731 483 Deus

2150 510 2330 577 donat,
2359 521 2591 568 scrutato
2632 511 2751 568 sinu
2777 514 3063 584 Scriptura:
3094 514 3251 586 hujus
3271 502 3556 572 eruendus.
3590 518 3731 571 Cau-

2150 604 2268 675 ﬁge,
2298 605 2483 674 inquit,
2514 605 2668 678 cjavis
2692 623 2722 658 a
2744 606 2921 659 timore
2948 616 3033 660 tuo
3058 623 3234 661 carnes
3264 623 3441 672 meas;
3466 625 3497 661 a
3517 608 3732 678 judiciis

2149 698 2281 747 enim
2308 696 2406 748 tuis
2426 696 2570 749 timui
2597 711 2615 749 :
2642 696 2742 751 ltoc
2764 707 2865 762 est,
2895 712 2923 750 a
2957 698 3144 753 timore
3166 705 3256 752 tuo
3282 709 3451 766 casto,
3480 701 3569 769 qui
3600 716 3728 770 per-

2148 797 2329 841 manet
2351 787 2403 841 in
2433 787 2683 843 smculum
2712 789 2889 843 smculi
2919 786 3101 861 (Psat.
3136 805 3286 852 xvut,
3320 789 3422 862 t0)
3448 833 3464 857 ,
3491 792 3727 848 carnalia

2149 894 2266 934 mea
2295 878 2555 934 desideria
2595 879 3038 948 comprimantur;
3066 897 3098 933 a
3117 882 3328 951 judiciis
3371 883 3503 935 enim
3534 883 3635 937 tuis
3665 885 3733 937 ti~

2150 970 2276 1035 mni,
2302 985 2422 1026 cum
2453 972 2579 1026 mihi
2606 972 2689 1027 lex
2730 973 3020 1028 minaretur
3046 988 3278 1043 poenam,
3321 991 3440 1045 qua:
3467 971 3595 1031 mihi
3622 993 3731 1033 non

2152 1071 2360 1133 poterat
2385 1062 2514 1118 dare
2536 1062 2811 1133 justitiam.
2840 1063 2944 1119 Sed
2972 1063 3112 1119 hunc
3139 1065 3414 1128 timorem,
3447 1082 3553 1137 quo
3569 1082 3730 1138 poena

2153 1153 2438 1221 metuitur,
2466 1163 2829 1208 consummata
2859 1154 3086 1209 citarilas
3119 1154 3260 1209 foras
3289 1156 3450 1229 mittit
3479 1156 3497 1229 (
3521 1156 3725 1219 ileon.

2151 1258 2223 1309 tv,
2258 1242 2397 1315 18);
2429 1259 2548 1313 qua:
2602 1258 2706 1298 non
2754 1244 2943 1299 timore
2989 1259 3193 1313 poema,
3241 1246 3333 1300 sed
3375 1246 3735 1307 delectatione

2144 1333 2363 1402 justitia:
2406 1334 2603 1390 liberos
2632 1334 2825 1390 reddit.
2856 1335 3038 1390 Timor
3065 1351 3294 1406 namque
3318 1337 3417 1393 iste
3440 1381 3456 1407 ,
3483 1354 3592 1410 quo
3619 1356 3731 1396 non

2148 1431 2356 1479 amatur
2376 1424 2578 1493 justitia
2599 1466 2614 1492 ,
2646 1426 2739 1481 sed
2769 1426 2984 1480 timetur
3007 1441 3163 1497 pcena
3188 1467 3202 1489 ,
3230 1428 3442 1483 servilis
3470 1438 3572 1494 est,
3601 1432 3729 1500 quia

2149 1516 2377 1571 carnalis
2415 1525 2529 1582 est;
2577 1525 2632 1572 et
2682 1517 2802 1573 ideo
2847 1532 2951 1572 non
2981 1518 3238 1589 cruciﬁgit
3290 1534 3526 1576 carnem.
3582 1520 3732 1578 Vivit

2148 1607 2289 1662 enim
2321 1608 2571 1677 peccandi
2599 1608 2845 1663 voluntas
2869 1650 2885 1675 ,
2913 1625 3032 1679 qua:
3057 1618 3181 1666 tunc
3207 1620 3432 1680 apparet
3461 1611 3513 1667 in
3539 1628 3726 1683 opere,

2145 1698 2356 1767 quando
2385 1709 2628 1770 Speratur
2654 1699 2959 1769 impunitas.
2987 1701 3120 1756 Cum
3150 1717 3277 1757 vero
3307 1718 3460 1772 poena
3484 1704 3726 1762 creditur

2146 1800 2414 1857 secutura,
2438 1790 2663 1845 latenter
2688 1791 2817 1846 vivit
2846 1809 2858 1845 :
2889 1792 3015 1846 vivit
3043 1801 3238 1848 tamen.
3269 1793 3445 1849 Mallet
3488 1797 3630 1851 enim
3662 1797 3732 1853 li-

2146 1893 2268 1935 cere
2289 1921 2303 1945 ,
2335 1887 2389 1934 ct
2418 1879 2562 1935 dolet
2609 1896 2712 1935 non
2743 1880 2901 1937 licere
2946 1882 3086 1951 quod
3119 1883 3206 1938 lex
3236 1893 3415 1950 vetat;
3442 1887 3565 1956 quia
3616 1902 3725 1943 non

2145 1970 2489 2039 spiritualiter
2515 1970 2807 2026 delectatur
2834 1973 2950 2041 ejus
2978 1973 3140 2041 bono,
3169 1973 3260 2029 sed
3304 1976 3591 2031 carnaliter
3613 1993 3732 2032 ma-

2146 2062 2254 2118 lum
2280 2064 2468 2118 metuit
2505 2064 2645 2134 quod
2676 2065 2924 2119 minatur.
2955 2065 3171 2120 Timore
3197 2075 3374 2122 autem
3401 2077 3552 2123 casto
3579 2070 3720 2140 ipsa,

2145 2169 2262 2223 quae
2286 2154 2424 2209 hunc
2451 2156 2691 2210 timorem
2721 2155 2860 2209 foras
2886 2156 3067 2221 mittit,
3109 2171 3328 2228 peccare
3377 2158 3526 2214 timet
3550 2159 3729 2214 citari-

2149 2254 2250 2307 tas,
2282 2245 2486 2300 etiamsi
2532 2255 2784 2315 sequatur
2811 2246 3133 2316 impunitas;
3158 2248 3276 2317 quia
3310 2264 3409 2303 nec
3438 2250 3724 2320 impunita-

2148 2345 2252 2391 tem
2292 2337 2491 2407 judicat
2520 2348 2820 2393 secuturam
2847 2381 2861 2406 ,
2891 2338 3103 2408 quando
3131 2355 3313 2395 amore
3352 2340 3572 2412 justitia:
3602 2359 3731 2414 pec-

2146 2440 2320 2484 catum
2371 2429 2542 2501 ipsum
2593 2430 2810 2500 deputat
2853 2444 3084 2501 poenam.
3140 2431 3254 2487 Tali
3302 2434 3491 2490 timore
3536 2450 3729 2493 carnes

2146 2523 2557 2592 cruciliguntur;
2594 2523 2842 2592 quoniam
2888 2524 3130 2580 carnales
3171 2524 3568 2591 delectationes,
3602 2543 3726 2598 qua:

2147 2614 2278 2686 legis
2315 2614 2489 2669 littera
2525 2622 2764 2669 velantur
2799 2614 3135 2685 potiusqnam
3172 2617 3426 2684 vitantur,
3474 2618 3728 2688 spiritua-

2146 2707 2271 2762 lium
2289 2707 2545 2763 bonorum
2567 2707 2919 2763 delectatione
2945 2708 3245 2774 vincuntur,
3272 2718 3326 2766 et
3346 2710 3529 2765 eadem
3556 2728 3728 2785 usque

2146 2798 2212 2852 ad
2243 2796 2621 2870 perfectionem
2652 2808 2927 2856 crescente
2951 2800 3173 2856 victoria
3204 2802 3554 2872 perimuntur.
3597 2803 3731 2876 Con.

2149 2888 2249 2960 ﬁge
2275 2903 2403 2959 ergo
2442 2889 2595 2944 clavis
2617 2931 2632 2953 ,
2674 2888 2863 2959 inquit,
2905 2906 2937 2943 a
2962 2890 3140 2945 timore
3177 2900 3262 2945 tuo
3290 2908 3465 2948 carnes
3491 2909 3668 2960 meas;
3695 2912 3730 2949 η

2138 2981 2349 3053 judieiis
2374 2982 2504 3034 enim
2535 2983 2633 3035 tuis
2668 2982 2807 3036 timui
2837 2996 2856 3035 :
2877 2982 2977 3038 ltoc
3013 2990 3096 3038 est
3117 3025 3132 3048 ,
3166 2982 3239 3037 Da
3268 2984 3397 3039 mihi
3429 2994 3633 3040 castum
3663 2989 3729 3041 ti-

2146 3088 2372 3139 morem,
2410 3073 2477 3128 ad
2506 3088 2662 3142 quem
2698 3073 2984 3143 petendum
3013 3089 3099 3129 me
3128 3083 3376 3145 tanquam
3410 3076 3728 3147 ptedagojms

2147 3165 2305 3220 timor
2353 3164 2482 3235 legis
2517 3164 2605 3220 ille
2642 3165 2922 3235 perduxit,
2957 3181 3061 3236 quo
3091 3166 3283 3223 timore
3320 3184 3352 3221 a
3371 3169 3585 3240 judiciis
3626 3171 3728 3225 tuis

2144 3257 2308 3312 timui.

2743 3363 2913 3405 SBBIO
2980 3365 3124 3404 ικινι.

2220 3441 2268 3495 Ι.
2299 3439 2447 3511 [vers
2473 3438 2619 3512 l2l.]
2642 3440 2775 3495 Istos
2797 3440 2972 3511 magni
3002 3441 3187 3509 psalmi
3207 3440 3363 3511 hujus
3389 3456 3578 3501 versus
3595 3456 3732 3497 con-

2145 3530 2457 3586 siderandos
2484 3547 2625 3587 nunc
2649 3532 2976 3601 suscepimus
3010 3540 3171 3601 atque
3217 3533 3520 3588 tractandos
3556 3551 3569 3588 :
3603 3533 3729 3589 Feci

2138 3623 2392 3694 judicium
2415 3632 2462 3676 et
2472 3623 2727 3694 justitiam
2748 3641 2767 3689 ;
2797 3639 2860 3677 ne
2878 3622 3051 3676 tradas
3076 3639 3155 3678 me
3173 3623 3460 3678 nocentibus
3484 3641 3581 3679 me.
3607 3624 3725 3680 Non

2147 3716 2337 3769 mirum
2367 3725 2449 3769 est
2474 3731 2593 3769 cum
2622 3715 2809 3771 fecisse
2828 3712 3083 3785 judicium
3114 3725 3169 3771 et
3202 3716 3482 3786 justitiam,
3511 3718 3600 3788 qui
3628 3733 3724 3772 su-

2146 3807 2324 3876 peritis
2356 3815 2667 3876 poposcerat
2693 3823 2721 3860 a
2750 3807 2939 3862 timore
2966 3807 3078 3871 Dei,
3117 3808 3298 3878 utique
3328 3818 3497 3873 easto,
3526 3810 3726 3880 conligi

2146 3897 2311 3950 clavis
2336 3912 2523 3952 carnes
2546 3912 2671 3954 suas
2693 3938 2707 3961 ,
2743 3898 2843 3952 hoc
2866 3907 2946 3952 est
2968 3898 3211 3954 carnales
3239 3901 3725 3969 concupiscentiae,

2146 4004 2264 4057 qua:
2292 3991 2481 4053 solent,
2511 3990 2795 4059 quominus
2825 3999 3027 4045 rectum
3075 3991 3164 4055 sit,
3196 3999 3435 4045 nostrum
3465 3992 3732 4061 impedire

2143 4080 2700 4148 judicium.Quamvis
2728 4088 2904 4135 autem
2930 4081 3043 4136 sive
3071 4089 3295 4145 rectum,
3328 4084 3441 4137 sive
3472 4097 3728 4152 pravum,

2148 4169 2202 4224 in
2236 4172 2402 4225 nostri
2427 4171 2687 4226 sermonis
2713 4184 2808 4224 usu
2821 4170 3078 4239 judicium
3099 4180 3430 4241 nuncupetur
3456 4172 3597 4228 unde
3622 4173 3731 4228 ho-

2148 4262 2377 4318 minibus
2424 4263 2475 4317 in
2502 4262 2790 4332 Evangelio
2817 4262 3012 4317 dicitur
3032 4303 3046 4327 ,
3083 4260 3257 4316 Nolite
3291 4264 3527 4334 judicare
3554 4281 3734 4331 perso-

2148 4346 2348 4415 naliter,
2379 4353 2468 4406 sed
2489 4362 2678 4406 rectum
2716 4352 2964 4424 judicium
2981 4353 3208 4423 judicate
3233 4352 3418 4422 (Joon.
3451 4369 3542 4419 vlt,
3571 4353 3720 4425 24),

2148 4454 2323 4497 tamen
2351 4442 2452 4498 hoc
2476 4442 2594 4497 loco
2608 4444 2691 4521 _ita
2712 4442 2943 4513 positum
2982 4454 3065 4498 est
3096 4443 3376 4513 judicium,
3404 4454 3655 4515 tanquam
3682 4448 3729 4500 si

2147 4545 2351 4590 reatum
2399 4548 2503 4587 non
2554 4533 2727 4598 fuerit,
2777 4548 2882 4587 non
2909 4532 3101 4589 debeat
3139 4533 3394 4602 judicium
3425 4535 3728 4601 nominari;

2147 4627 2380 4696 alioquin
2407 4641 2514 4681 non
2540 4625 2809 4680 sulliccret
2846 4625 3043 4691 dicere,
3076 4624 3201 4679 Feci
3218 4626 3498 4697 judicium,
3521 4627 3617 4681 sed
3643 4627 3730 4681 di-

2147 4728 2394 4782 ceretur,
2439 4717 2559 4772 Feci
2605 4726 2806 4772 rectum
2833 4717 3109 4786 judicium.
3157 4716 3269 4772 Hoc
3293 4733 3490 4787 genere
3515 4718 3728 4775 locutus

2147 4820 2230 4867 est
2248 4810 2506 4865 Dominus
2528 4809 2703 4875 Jesus,
2730 4810 2817 4865 ubi
2845 4810 2951 4865 ait:
2973 4809 3264 4880 Reliquistis
3288 4811 3522 4882 graviora
3538 4809 3693 4881 Legis
3710 4827 3733 4874 :

2138 4902 2411 4973 judicium,
2435 4911 2481 4954 et
2504 4901 2916 4964 misericordiam,
2945 4910 2992 4955 et
3020 4900 3171 4971 [idem
3190 4900 3402 4973 (Matth.
3428 4916 3581 4968 xxm,
3609 4901 3729 4974 95).

2151 4993 2216 5048 Ει
2257 4993 2343 5048 hic
2370 4993 2511 5047 enim
2530 4981 2787 5062 judicium
2817 4992 2897 5047 sic
2934 4992 3163 5062 positum
3192 5000 3275 5045 est
3295 5033 3310 5056 ,
3342 5000 3592 5061 tanquam
3620 5007 3730 5046 non

2148 5085 2493 5157 sitjudicium
2557 5085 2601 5138 si
2629 5098 2938 5154 perversum
2974 5091 3075 5138 est.
3110 5084 3175 5137 Et
3202 5084 3385 5138 multis
3425 5084 3730 5139 divinarum

2149 5179 2542 5249 Scripturarum
2563 5177 2694 5233 locis
2720 5177 2791 5231 ita
2815 5176 3047 5245 ponitur,
3078 5174 3235 5244 quale
3266 5174 3395 5229 illud
3425 5182 3546 5228 est:
3581 5174 3735 5228 Mise-

2148 5270 2421 5336 ricordjam
2441 5278 2488 5323 et
2497 5268 2747 5339 judicium
2765 5266 2978 5321 cantabo
3002 5266 3109 5332 tibi,
3140 5263 3361 5334 Domine
3381 5261 3549 5332 (Psal.
3570 5278 3623 5329 c,
3649 5263 3730 5334 1).

2152 5362 2221 5417 Ει
2242 5363 2368 5418 illud
2399 5360 2539 5432 apud
2571 5361 2756 5416 Isaiam
2784 5379 2798 5415 :
2832 5359 3135 5431 [ἑτεροειαυὶ
3160 5368 3212 5412 ιιι
3237 5358 3424 5428 faceret
3438 5355 3734 5427 judicium;

2110 5450 2115 5455 ’
2151 5455 2264 5525 fecit
2290 5462 2454 5507 autem
2472 5451 2785 5523 iniquitatem
2810 5448 2961 5519 (Isai.
2983 5465 3037 5513 v,
3059 5447 3135 5519 7).
3154 5447 3271 5503 Non
3295 5446 3389 5508 ait,
3413 5445 3733 5514 Exspectavi

2153 5555 2210 5598 ut
2231 5542 2428 5598 faceret
2447 5542 2702 5613 judicium
2726 5541 2948 5611 justum,
2978 5539 3100 5596 fecit
3118 5547 3295 5594 autem
3326 5537 3563 5607 iniquum
3591 5554 3607 5590 :
3634 5536 3734 5591 sed

2153 5644 2402 5707 tanquam
2432 5634 2552 5690 ideo
2575 5634 2683 5703 jam
2705 5632 2964 5703 judicium
2984 5631 3074 5697 sit,
3101 5630 3224 5701 quia
3245 5629 3443 5700 justum
3481 5637 3599 5695 est;
3629 5643 3733 5685 nec

2158 5732 2227 5786 sit
2251 5728 2527 5804 judicium,
2559 5726 2700 5799 quod
2727 5726 2983 5799 iniustum
3004 5734 3103 5783 est.
3125 5722 3332 5781 iustitia
3362 5736 3489 5779 vero
3511 5734 3623 5778 non
3648 5738 3741 5780 se-
