4026 6202
311 289 447 343 18⁸17

312 402 384 457 let
410 400 513 455 dici
540 399 678 454 bona
697 396 911 468 justitia,
935 397 1016 452 vel
1035 397 1168 452 mala
1191 398 1415 467 justitia,
1438 399 1574 452 sicut
1593 397 1876 467 aliquando

309 490 502 544 dicitur
530 489 730 542 bonum
759 488 1021 541 ma‘lumve
1055 487 1312 556 judicium
1341 505 1354 552 ;
1388 489 1482 542 sed
1510 503 1574 541 eo
1607 488 1721 560 ipso
1768 487 1876 555 jam

311 579 446 634 bona
473 589 577 642 est,
607 579 726 647 quia
752 578 950 645 justitia
977 588 1074 632 est.
1101 578 1188 633 Sic
1211 594 1339 648 ergo
1364 579 1525 633 habet
1552 578 1878 633 consuetudo

313 668 559 738 loquendi
588 708 602 731 ,
645 677 700 721 ιιι
736 667 940 721 dicatur
966 677 1020 722 et
1062 668 1258 722 bonum
1293 667 1567 738 judicium,
1599 677 1652 722 et
1682 668 1876 721 malum

306 757 599 828 judicium;
631 757 1071 827 quemadmodum
1101 757 1285 824 habet,
1313 768 1370 812 ut
1395 757 1601 812 dicatur
1629 767 1682 812 et
1708 758 1879 812 bonus

308 850 466 920 judex
486 892 501 914 ,
533 857 587 903 et
613 848 781 902 malus
811 848 973 918 judcx
1014 867 1026 901 :
1063 849 1140 902 sic
1167 856 1342 902 autem
1374 863 1478 902 non
1523 847 1714 902 dicitur
1741 847 1877 902 bona

299 924 552 1009 justitia,
585 939 666 994 vel
697 939 832 993 mala
855 939 1092 1008 justitia,
1139 940 1276 994 sicut
1321 955 1422 993 non
1455 921 1666 1002 dicitur,
1711 939 1880 992 bonus

311 1031 502 1100 justus,
533 1041 585 1083 et
619 1029 785 1083 malus
806 1029 996 1100 justus,
1027 1029 1146 1098 quia
1173 1033 1422 1084 continuo
1445 1031 1612 1085 bonus
1637 1030 1875 1098 quisque,

312 1121 355 1173 si
378 1119 574 1188 justus.
601 1119 809 1174 Justitia
840 1133 968 1188 ergo
1005 1119 1169 1172 virtus
1185 1128 1266 1173 est
1291 1119 1450 1174 animi
1478 1134 1663 1190 magna
1691 1120 1876 1187 pra-ci-

314 1227 516 1282 pueque
546 1210 842 1276 laudabilis,
871 1210 937 1265 de
957 1225 1058 1278 qua
1088 1225 1228 1265 nunc
1253 1225 1359 1264 non
1386 1220 1467 1264 est
1487 1211 1752 1280 copiosius
1770 1210 1894 1276 ἀίε-ὁ

312 1300 527 1370 putandi
570 1300 878 1354 necessitas.
921 1299 1181 1355 Judicium
1207 1315 1370 1364 vero,
1412 1300 1628 1369 quando
1669 1301 1878 1355 nonnisi

312 1391 365 1445 in
391 1391 532 1446 bono
557 1391 1054 1460 ponitdistinctior‘
1086 1392 1328 1461 loquendi
1363 1393 1517 1456 ratio,
1551 1393 1703 1461 hujus
1724 1394 1880 1447 virtu-

313 1481 379 1536 tis
409 1492 490 1536 cst
515 1482 772 1551 operatio.
810 1481 909 1548 Qui
947 1483 1086 1536 enim
1118 1482 1276 1538 habet
1315 1483 1591 1552 justitiam,
1631 1484 1878 1553 recteju-

313 1572 451 1628 dicat
483 1589 498 1625 :
528 1573 635 1626 imo
679 1571 970 1627 secundum
1015 1572 1167 1626 istam
1212 1573 1555 1639 locutionem,
1603 1572 1691 1643 qui
1725 1572 1879 1628 habet

306 1663 588 1732 justitiam,
613 1662 848 1731 judicat;
876 1663 998 1732 quia
1025 1678 1122 1716 nec
1145 1662 1366 1731 judicat,
1395 1663 1438 1715 si
1483 1678 1585 1717 non
1619 1673 1760 1716 recte
1788 1663 1877 1732 ju-

312 1753 474 1807 dicat.
505 1755 568 1806 Et
602 1753 821 1823 justitite
860 1753 1072 1807 nomine
1109 1753 1211 1808 hoc
1240 1755 1374 1817 loco,
1408 1770 1512 1808 non
1549 1754 1660 1823 ipsa
1692 1754 1873 1819 virtus,

310 1845 407 1899 sed
434 1861 566 1918 opus
587 1846 701 1912 ejus
737 1847 1088 1915 significatum
1115 1855 1213 1899 est.
1241 1846 1370 1912 Quis
1395 1846 1532 1900 enim
1564 1845 1684 1900 facit
1709 1846 1759 1900 in
1784 1845 1878 1900 ho-

311 1935 458 1990 mine
497 1935 754 2005 justitiam
778 1977 793 2000 ,
826 1938 924 1990 nisi
967 1936 1054 2006 qui
1081 1936 1332 2006 justificat
1374 1937 1608 2006 impium,
1651 1937 1750 1991 hoc
1775 1946 1876 2001 est,

312 2040 409 2093 per
433 2025 653 2094 gratiam
694 2040 840 2079 suum
889 2040 951 2079 ex
1001 2027 1163 2094 impio
1199 2026 1321 2079 facit
1358 2025 1780 2094 justum?Unde
1807 2028 1880 2082 ait

311 2115 600 2182 Apostolus
631 2134 643 2168 :
669 2115 945 2184 Justiﬁcati
966 2117 1122 2186 gratis
1146 2132 1234 2186 per
1258 2116 1473 2185 gratiam
1500 2117 1656 2186 ipsius
1687 2115 1875 2188 (Rom.

311 2224 392 2273 ιιι,
422 2208 560 2278 9.1).
604 2208 754 2262 Facit
780 2224 907 2278 ergo
942 2208 1220 2278 justitiam,
1251 2208 1302 2262 id
1349 2218 1450 2274 est,
1478 2223 1610 2279 opus
1634 2208 1875 2278 justitite,

309 2299 402 2368 qui
426 2298 583 2352 habet
608 2300 658 2353 in
681 2313 737 2353 se
756 2299 1032 2368 justitiam,
1063 2298 1115 2353 id
1139 2307 1219 2354 est
1241 2313 1373 2368 Opus
1408 2300 1614 2370 gratia}.

381 2389 438 2443 2.
481 2388 620 2454 Feci,
642 2390 826 2460 inquit,
841 2390 1090 2460 judicium
1112 2399 1158 2442 et
1167 2390 1424 2460 justitiam
1453 2406 1474 2444 :
1514 2407 1576 2446 ne
1603 2391 1776 2448 tradas
1801 2409 1880 2448 me

308 2480 600 2533 nocentibus
617 2495 728 2532 me:
751 2478 800 2534 id
818 2489 917 2545 est,
941 2479 1063 2534 Feci
1079 2479 1331 2549 judicium
1342 2479 1540 2549 justum
1566 2498 1580 2544 ;
1606 2498 1671 2536 ne
1703 2482 1878 2538 tradas

306 2584 400 2624 me
432 2569 535 2624 illis
576 2570 662 2639 qui
701 2577 974 2638 propterea
1013 2584 1099 2623 me
1127 2577 1527 2639 persequuntur.
1563 2569 1692 2625 Nam
1720 2573 1877 2626 etiam

305 2659 523 2729 quidam
568 2657 779 2712 codices
805 2657 1000 2713 habent
1022 2699 1036 2722 ,
1071 2655 1152 2711 Ne
1179 2659 1349 2710 tradas
1377 2673 1455 2712 me
1480 2661 1879 2728 persequentibus

306 2765 391 2801 me
422 2763 442 2801 :
476 2747 613 2817 quod
653 2748 791 2801 enim
833 2762 1002 2818 grrcce
1039 2747 1234 2801 dictum
1268 2757 1384 2814 est,
1423 2765 1518 2808 τοῖς
1551 2752 1837 2804 ἀντιδικοΰσι
1857 2788 1876 2816 ,

300 2839 522 2910 quidam
544 2839 867 2909 interpretati
896 2848 1018 2893 sunt
1037 2880 1050 2902 ,
1078 2838 1360 2893 nocentibus
1384 2857 1402 2906 ;
1427 2841 1636 2909 quidam
1661 2881 1676 2904 ,
1709 2857 1877 2910 perse-

303 2931 603 2999 quentibus;
637 2931 870 3001 quidam,
901 2931 1336 2986 calumniantibus.
1375 2932 1534 2986 Miror
1557 2942 1730 2986 autem
1760 2947 1876 2987 om-

303 3022 456 3075 nium
483 3035 612 3088 quos
633 3020 683 3073 in
709 3028 947 3089 promptu
966 3019 1160 3074 habere
1186 3021 1327 3089 potui
1354 3020 1597 3075 codicum
1620 3037 1876 3091 nusquam

305 3125 396 3164 me
428 3109 617 3179 legisse
637 3109 1042 3174 adversantibus;
1067 3125 1186 3165 cum
1213 3112 1326 3165 sine
1353 3111 1707 3165 controversia
1736 3111 1876 3181 quod

300 3215 482 3269 grarce
532 3202 761 3260 ἀντίδικος
789 3240 803 3264 ,
837 3199 940 3253 hoc
989 3199 1149 3252 latine
1185 3199 1517 3255 adversarius
1557 3201 1875 3271 appelletur.

301 3293 479 3344 Urans
499 3291 671 3359 itaque
698 3305 763 3344 ne
791 3289 1069 3344 Iradatura
1090 3291 1310 3344 Domino
1337 3291 1734 3346 adversantibus
1754 3293 1874 3354 sibi,

300 3382 432 3452 quid
461 3391 595 3445 erat,
624 3381 725 3435 nisi
751 3382 889 3450 quod
911 3396 1124 3436 oramus
1152 3397 1270 3448 cum
1300 3382 1546 3447 dicimus,
1576 3383 1660 3436 Ne
1686 3400 1774 3454 nos
1799 3385 1878 3437 in-

297 3479 442 3544 [eras
469 3474 516 3525 iu
540 3472 856 3524 teutationcm
904 3471 922 3541 (
949 3463 1132 3524 Matth.
1157 3487 1229 3537 vt,
1259 3472 1324 3524 15
1346 3473 1363 3539 )
1385 3472 1408 3524 ?
1432 3471 1778 3527 Adversarius
1797 3483 1879 3527 est

298 3564 450 3616 enim
491 3563 556 3616 de
596 3577 699 3630 quo
737 3562 864 3616 dicit
905 3561 1186 3631 Apostolus
1212 3603 1228 3625 ,
1261 3561 1341 3615 Ne
1359 3564 1763 3631 fortetentaveiit
1793 3580 1878 3617 vos

296 3653 394 3723 qui
436 3662 585 3705 tentet
627 3652 678 3720 (I
709 3651 883 3706 Thess.
921 3668 1018 3717 ιιι,
1051 3651 1152 3721 5).
1194 3651 1256 3706 Ei
1300 3652 1457 3706 tradit
1493 3654 1513 3685 ³
1551 3652 1692 3706 Deus
1721 3668 1877 3722 quem

299 3743 526 3795 deserit.
559 3742 690 3795 Eum
718 3741 913 3811 quippe
945 3740 1032 3796 ille
1058 3757 1164 3794 non
1197 3739 1429 3809 decipit,
1459 3756 1615 3810 quem
1649 3741 1747 3796 iste
1772 3757 1876 3795 non

297 3831 538 3896 disserit,
572 3832 621 3883 in
659 3831 926 3884 voluntate
973 3845 1066 3884 sua
1119 3839 1376 3899 prmstans
1425 3829 1605 3884 decori
1651 3829 1879 3885 hominis

305 3925 560 3977 virtutem
586 3940 597 3975 :
629 3921 695 3975 ab
709 3922 798 3975 illo
814 3929 988 3976 autem
1008 3922 1098 3990 qui
1119 3920 1325 3974 dixerat
1345 3919 1396 3972 in
1423 3919 1742 3974 abundantia
1758 3935 1874 3986 sua,

301 4011 366 4066 Ν
371 4029 433 4064 ou
462 4013 685 4065 movebar
709 4012 758 4064 in
800 4020 1060 4076 wternum,
1089 4009 1278 4063 avertit
1303 4009 1487 4064 faciem
1517 4023 1685 4076 suam,
1718 4019 1772 4065 et
1797 4009 1877 4064 fa-

300 4114 432 4157 ctus
459 4112 537 4154 cst
574 4101 912 4156 conturbatus
951 4100 970 4168 (
1003 4099 1146 4153 Psal.
1178 4115 1303 4152 χχιχ
1333 4141 1348 4166 ,
1403 4101 1434 4153 7
1465 4141 1479 4166 ,
1520 4099 1625 4170 8),
1671 4101 1878 4171 sibique

303 4202 650 4249 monstratus.
681 4191 930 4260 Quisquis
955 4189 1111 4259 igitur
1134 4205 1164 4243 a
1191 4189 1382 4244 timore
1409 4189 1501 4245 Dei
1530 4199 1676 4245 casto
1704 4195 1876 4245 cruci-

305 4286 449 4338 fixas
493 4283 648 4337 habet
689 4295 876 4335 carnes
909 4295 1062 4346 suas,
1109 4290 1163 4334 et
1206 4280 1348 4334 nulla
1378 4281 1574 4334 carnali
1599 4289 1876 4350 corruptus

303 4374 561 4431 illecebra
588 4372 706 4427 facit
732 4373 986 4441 judicium
1009 4387 1243 4442 opusque
1263 4372 1502 4440 justitite,
1527 4387 1682 4427 orare
1719 4373 1878 4430 debet

304 4482 382 4522 ne
406 4464 801 4526 adversantibus
837 4462 1113 4526 tradatur;
1154 4463 1206 4515 id
1241 4472 1321 4516 est
1346 4503 1358 4527 ,
1401 4479 1468 4518 ne
1499 4463 1733 4518 timendo
1759 4480 1877 4535 per-

301 4557 420 4629 peti
449 4555 583 4609 tnala
608 4596 621 4620 ,
650 4555 713 4608 ad
750 4553 983 4608 facienda
1015 4554 1146 4608 mala
1178 4553 1612 4622 persequentibus
1637 4555 1806 4610 cedat.
1832 4559 1876 4610 A

302 4664 418 4719 quo
435 4649 576 4703 enim
602 4647 791 4717 accipit
813 4647 1087 4700 victoriam
1110 4645 1552 4714 concupiscentia:
1575 4688 1588 4711 ,
1629 4663 1698 4701 ne
1724 4649 1873 4702 volu-

303 4751 458 4812 ptate
490 4738 855 4808 pertrahatur;
884 4737 950 4792 ah
987 4737 1078 4791 illo
1107 4737 1263 4790 etiam
1293 4737 1453 4790 robur
1478 4738 1742 4806 patientia:
1764 4777 1781 4804 ,
1813 4755 1876 4794 ne

203 4817 208 4821 ’
300 4830 496 4885 dolore
527 4828 794 4897 frangatur
823 4844 835 4878 :
870 4827 1114 4895 quoniam
1145 4825 1210 4878 de
1247 4840 1351 4894 quo
1375 4826 1566 4880 dicitur
1587 4867 1601 4888 ,
1632 4826 1877 4883 Dominus

305 4922 448 4977 dabit
469 4919 800 4988 suavitatem(
833 4917 973 4971 I’sal.
998 4933 1216 4982 Lxxxtv,
1251 4916 1384 4987 13);
1411 4917 1476 4970 de
1507 4918 1594 4970 illo
1613 4919 1769 4971 etiam
1799 4919 1879 4972 di-

302 5013 478 5075 citur,
507 5010 580 5063 Ab
606 5011 716 5078 ipso
744 5019 814 5061 est
841 5009 971 5060 enim
997 5008 1235 5076 patientia
1265 5024 1373 5060 mea
1415 5006 1596 5078 (Psal.
1615 5025 1735 5082 λωιι,
1781 5010 1874 5081 6).

382 5103 434 5156 '5.
478 5100 638 5170 litters.
661 5099 781 5164 1'22,
816 5095 982 5168 123.]
1013 5098 1244 5166 Denique
1263 5098 1536 5167 sequitur:
1566 5097 1756 5168 Excipe
1775 5117 1880 5154 ser-

301 5209 423 5248 vum
456 5203 593 5244 tuum
615 5191 675 5260 in
707 5189 887 5243 bonum
912 5206 930 5254 ;
960 5206 1058 5242 non
1095 5189 1460 5242 calumnicntur
1493 5191 1617 5242 mihi
1655 5193 1872 5259 superbi.

304 5285 386 5340 llli
403 5283 698 5351 impellunt,
718 5291 774 5334 ut
790 5281 972 5334 cadam
997 5282 1046 5334 in
1066 5282 1259 5335 malum
1281 5299 1294 5345 ;
1321 5274 1372 5334 tu
1391 5284 1574 5350 excipe
1590 5284 1639 5336 in
1659 5285 1872 5338 bonum.

303 5374 409 5442 Qui
450 5383 627 5426 autem
667 5371 993 5439 interpretati
1029 5380 1180 5436 sunt,
1216 5370 1337 5424 Non
1374 5371 1738 5426 calumniantur
1769 5391 1874 5439 me,

303 5477 536 5536 graecam
566 5461 884 5516 locutionem
911 5461 1076 5514 secuti
1102 5469 1256 5527 sunt,
1285 5459 1464 5515 latinae
1489 5460 1679 5531 lingua:
1707 5464 1879 5520 minus

371 5596 388 5626 ι
417 5595 624 5651 Quidam
649 5593 780 5645 λιες..
805 5590 1096 5643 districtior.

371 5658 394 5693 ⁸
413 5657 495 5708 Sic
521 5659 713 5716 aliquot
736 5655 848 5705 Mss.
873 5655 998 5705 Edd.
1021 5667 1159 5712 vero,
1183 5657 1240 5705 Et
1260 5657 1422 5706 tradit.

591 5742 864 5804 PATROL.
901 5739 1233 5803 XXXVII.

1364 283 1758 342 εΝΑιιιιΑτιο
1795 281 1859 337 IN
1901 280 2218 339 PSALMUM
2258 283 2485 340 CXVlll.

3408 296 3548 352 1378

1987 394 2249 451 usitatam.
2291 398 2372 451 Att
2399 396 2535 452 forte
2566 394 2721 452 habet
2751 395 2855 452 vim
2889 408 3009 451 cum
3038 395 3228 453 dicitur
3251 439 3267 466 ,
3299 399 3421 454 Non
3462 417 3550 456 ea.

1981 485 2285 541 lumnientur
2323 505 2399 541 me
2422 527 2436 550 ,
2475 503 2632 558 quam
2673 487 2889 544 haberet
2922 491 2966 543 si
2989 487 3286 558 diceretur,
3317 490 3433 546 Non
3462 507 3548 547 me

1981 574 2190 641 Capiant
2218 574 2588 630 calumniando
2615 575 2638 626 ’ἒ

2052 665 2105 718 4.
2145 663 2320 719 Multae
2358 673 2532 720 autem
2565 675 2784 732 possunt
2811 666 3032 736 intelligi
3059 668 3336 723 calumnia:
3364 683 3550 738 super-

1983 750 2168 806 borum
2191 794 2206 818 ,
2235 768 2263 805 a
2289 753 2478 821 quibus
2503 754 2769 808 humilitas
2797 755 3080 811 christiana
3109 757 3423 828 despicitur;
3455 761 3548 814 sed

1982 843 2071 898 illa
2096 844 2179 898 vel
2200 846 2426 899 maxima
2456 854 2536 901 est
2557 887 2572 912 ,
2599 846 2643 900 si
2684 847 2926 902 homines
2955 848 3056 902 hoc
3079 849 3195 904 loco
3220 851 3548 919 accipiuntur

1981 934 2236 1003 superbi;
2280 934 2419 1000 quod
2459 950 2490 988 a
2531 936 2681 989 nobis
2709 945 2970 991 mortuum
3003 939 3393 994 calumniantur
3420 941 3546 995 coli.

1981 1023 2258 1079 lltunilitas
2287 1026 2482 1095 quippe
2510 1027 2618 1096 ipsa
2651 1027 2938 1081 christiana
2959 1069 2972 1091 ,
3002 1029 3197 1083 Christi
3232 1043 3399 1086 morte
3421 1033 3550 1086 insi-

1982 1124 2176 1167 nuatur
2198 1155 2213 1180 ,
2259 1114 2762 1186 commendaturque
2801 1117 3068 1172 divinitus.
3108 1119 3230 1174 lhec
3256 1132 3428 1175 autem
3457 1137 3548 1176 ca-

1982 1202 2179 1256 lumnia
2206 1205 2439 1273 utrisque
2457 1205 2777 1272 infidelibus,
2795 1207 2846 1261 id
2876 1219 2976 1275 cst,
2989 1209 3183 1265 Judwis
3196 1211 3551 1281 Genlibusque

1981 1294 2276 1346 communis
2295 1303 2395 1346 est.
2439 1293 2639 1348 llahent
2661 1296 2952 1351 calumnias
2973 1313 3095 1352 suas
3113 1299 3270 1354 etiam
3293 1299 3546 1367 lncretici,

1980 1381 2198 1449 singulis
2212 1382 2505 1451 quibusque
2520 1382 2810 1438 lneresibus
2828 1387 3094 1455 preprias:
3119 1387 3317 1442 habent
3333 1399 3386 1443 et
3413 1390 3525 1444 sebi
3537 1421 3553 1430 -

1980 1470 2186 1523 smatici
2209 1510 2224 1536 ,
2251 1487 2384 1540 quos
2408 1487 2593 1526 omnes
2622 1475 2864 1542 superbia
2894 1475 2960 1530 de
2980 1477 3333 1532 membrorum
3361 1479 3552 1535 Christi

1981 1574 2232 1630 compage
2288 1562 2544 1631 preecidit.
2600 1563 2769 1632 Ipsius
2822 1575 2997 1621 autem
3049 1566 3244 1622 diaboli
3292 1570 3553 1624 calumnia

1983 1658 2180 1718 quanta
2208 1651 2291 1703 vel
2321 1652 2491 1720 qualis
2515 1661 2596 1706 est
2619 1694 2634 1718 ,
2663 1669 2766 1723 qua
2788 1655 3135 1711 calumniatus
3167 1668 3246 1712 est
3272 1659 3445 1727 justo,
3469 1660 3551 1715 di-

1979 1752 2125 1803 cens,
2155 1738 2416 1812 Numquid
2434 1744 2592 1812 gratis
2619 1744 2735 1797 colit
2771 1745 2870 1799 Job
2906 1744 3178 1800 Dominum
3209 1748 3342 1820 (Job
3382 1766 3422 1816 ι,
3445 1751 3554 1821 9)?

1981 1827 2216 1894 Quorum
2243 1831 2478 1884 omnium
2505 1832 2780 1888 calumniae
2807 1835 3151 1904 superborum
3185 1847 3430 1909 tanquam
3461 1856 3554 1895 co-

1982 1917 2253 1974 lubrorum
2297 1937 2499 1976 venena
2548 1925 2858 1990 vincuntur,
2908 1942 3026 1980 cum
3073 1929 3466 1998 vigilantissima
3504 1944 3556 1989 et

1984 2007 2386 2078 diligentissima
2431 2013 2623 2081 pietate
2647 2013 2890 2070 Christus
2932 2017 3210 2072 cruciﬁxus
3249 2021 3553 2075 attenditur.

1983 2096 2206 2165 Propter
2249 2099 2388 2168 quod
2431 2101 2869 2172 przeligurandum
2898 2105 3102 2176 Moyses
3136 2109 3242 2162 Deo
3273 2111 3559 2167 miserante

1981 2204 2043 2243 ac
2066 2189 2282 2257 jubente
2315 2192 2564 2247 exultavit
2590 2195 2643 2247 in
2669 2209 2850 2250 eremo
2876 2197 3270 2254 siu'iilitudincm
3297 2204 3558 2272 serpentis

1982 2281 2035 2337 in
2064 2282 2204 2351 ligno
2241 2280 2442 2356 (Num.
2473 2301 2589 2351 xm,
2619 2285 2652 2340 9
2683 2302 2698 2350 ;
2729 2285 2884 2341 Joan.
2915 2305 2990 2353 ιιι,
3020 2291 3161 2360 14),
3190 2301 3247 2346 ut
3272 2295 3562 2352 similitudo

1981 2374 2154 2427 carnis
2176 2374 2375 2442 peccati
2403 2377 2757 2445 crucifigenda
2787 2379 3210 2450 prmiiguraretur
3236 2384 3287 2438 in
3321 2385 3556 2442 Chrisw.

1984 2465 2131 2520 Hanc
2159 2466 2422 2520 intuentes
2439 2469 2766 2524 salutiferam
2788 2486 3022 2539 crucem,
3047 2489 3204 2530 omne
3229 2478 3560 2534 caiumnian~

1983 2557 2111 2611 tium
2157 2558 2502 2626 superborum
2532 2561 2678 2615 virus
2713 2563 3028 2631 expellimus
3079 2582 3094 2620 :
3134 2582 3290 2636 quam
3344 2585 3560 2639 prorsus

1981 2649 2139 2704 etiam
2170 2651 2268 2705 iste
2292 2652 2681 2720 quodanunodo
2726 2655 2879 2710 valde
2919 2657 3120 2713 intente
3167 2659 3376 2715 intuens
3403 2703 3416 2726 ,
3447 2663 3518 2716 ait
3539 2704 3555 2728 ,

1984 2737 2134 2793 Oculi
2172 2741 2269 2794 mei
2309 2742 2598 2812 defecerunt
2629 2744 2682 2797 in
2706 2746 2930 2799 salutare
2956 2756 3132 2810 tuum,
3175 2759 3218 2802 et
3243 2749 3292 2804 in
3315 2752 3561 2820 eloquium

1971 2829 2192 2898 justitia
2213 2840 2328 2884 tute.
2362 2829 2630 2886 Christum
2656 2834 2849 2905 quippe
2881 2837 3051 2906 ipsum
3086 2838 3223 2892 Deus
3245 2851 3458 2910 propter
3486 2842 3559 2896 si-

1983 2919 2333 2974 militudinem
2359 2922 2535 2975 carnis
2564 2925 2761 2990 peccati
2787 2923 2806 2995 (
2824 2924 2971 2978 Rom.
2994 2942 3107 2992 vin,
3141 2928 3175 2982 3
3204 2929 3219 2995 )
3246 2970 3260 2993 ,
3292 2939 3560 2997 peccatum

1981 3025 2079 3078 pro
2110 3011 2260 3065 nobis
2289 3010 2408 3066 fecit
2435 3053 2449 3076 ,
2483 3023 2538 3066 ut
2567 3029 2662 3068 nos
2698 3015 2864 3070 simus
2888 3016 3089 3085 justitia
3123 3020 3213 3072 Dei
3243 3022 3291 3074 in
3326 3022 3440 3089 ipso
3479 3022 3559 3092 (ll

1981 3099 2099 3158 Cor.
2131 3120 2183 3164 v,
2213 3104 2273 3157 21
2309 3104 2349 3173 ).
2397 3105 2450 3158 In
2503 3105 2658 3175 hujus
2698 3107 2855 3177 igitur
2897 3109 3161 3179 eloquium
3210 3111 3428 3180 justitia:
3471 3110 3565 3168 Dei

1980 3194 2233 3250 defecisse
2265 3195 2389 3249 dicit
2415 3197 2598 3252 oculos
2639 3213 2796 3263 suos,
2839 3200 3086 3255 ardenter
3124 3212 3177 3256 et
3216 3203 3458 3258 sitienter
3484 3205 3560 3257 in-

1991 3285 2207 3352 tuendo,
2231 3285 2355 3340 dum
2384 3302 2587 3342 memor
2614 3288 2932 3346 infirmitatis
2959 3291 3223 3360 humanm,
3255 3295 3481 3348 divinam
3509 3296 3559 3350 in

1981 3375 2192 3432 Christo
2220 3381 2235 3409 ¹
2265 3378 2530 3432 desiderat
2555 3381 2798 3448 gratiam.
2991 3448 2994 3452 l

2051 3469 2104 3522 5.
2163 3467 2320 3539 [vers
2352 3468 2511 3541 Μὰ]
2561 3471 2781 3539 l’mptcr
2823 3473 2959 3541 quod
2990 3475 3227 3544 sequitur
3251 3517 3263 3540 ,
3316 3475 3423 3529 Fac
3451 3494 3561 3530 eum

1980 3573 2118 3612 servo
2155 3570 2237 3611 tuo
2277 3560 2551 3613 secundum
2592 3562 2984 3614 misericordiam
3026 3573 3162 3616 tuam
3187 3581 3206 3616 :
3249 3581 3352 3619 non
3386 3568 3561 3636 utique

1981 3649 2270 3703 secundum
2293 3650 2546 3717 justitiam
2575 3665 2768 3704 meam.
2818 3651 2881 3704 Et
2912 3653 3300 3721 justiﬁeatioues
3328 3697 3341 3719 ,
3371 3655 3561 3725 inquit,

1981 3747 2092 3792 tuas
2133 3738 2255 3791 doce
2307 3754 2414 3791 me:
2443 3739 2556 3792 illas
2598 3741 2778 3808 procul
2823 3739 3016 3806 dubio,
3060 3743 3250 3811 quibus
3281 3744 3417 3799 Deus
3439 3746 3560 3800 facit

1976 3826 2168 3895 justos,
2201 3841 2304 3880 non
2333 3827 2430 3895 ipsi
2457 3843 2535 3880 se.

1979 3945 1981 3947 ί
2051 3917 2103 3971 6.
2147 3916 2311 3988 [vers.
2337 3916 2498 3989 125.]
2532 3917 2718 3972 Servus
2756 3929 2870 3972 tuus
2912 3936 3001 3989 ego
3036 3938 3164 3974 sum.
3207 3909 3387 3992 Neque
3417 3925 3559 3984 enim

1980 4009 2119 4063 bene
2145 4008 2273 4062 mihi
2302 4011 2483 4076 cessit,
2514 4011 2724 4080 quando
2753 4027 2872 4067 esse
2902 4014 3040 4068 volui
3068 4015 3199 4068 liber
3232 4032 3381 4070 meus
3403 4057 3419 4084 ,
3453 4034 3557 4072 non

1983 4111 2172 4152 servus
2196 4107 2332 4151 tuus.
2386 4099 2464 4151 Da
2503 4101 2625 4152 mihi
2653 4101 2960 4156 intellectum
2984 4145 2999 4170 ,
3033 4115 3078 4158 et
3103 4107 3257 4158 sciam
3279 4108 3559 4163 testimonia

1983 4200 2087 4242 tua.
2110 4189 2384 4258 Nunquam
2408 4189 2800 4247 intermittenda
2830 4206 2910 4248 est
2935 4196 3032 4249 ista
3059 4197 3260 4265 petitio.
3285 4198 3397 4252 Non
3417 4201 3556 4256 enim

1981 4280 2180 4337 sufficit
2206 4286 2474 4352 accepisse
2499 4285 2822 4341 intellectum
2847 4329 2861 4353 ,
2899 4300 2948 4342 ct
2980 4290 3074 4345 Dei
3098 4293 3394 4348 teSIintonia
3423 4295 3559 4350 didi-

1982 4374 2138 4440 cisse,
2162 4376 2260 4428 nisi
2285 4390 2495 4445 semper
2515 4379 2823 4448 accipiatur,
2849 4390 2901 4436 et
2921 4383 3144 4451 quodam
3172 4385 3329 4439 modo
3349 4401 3559 4456 seraper

1981 4465 2276 4546 bibatur‘de
2305 4468 2447 4523 fonte
2468 4470 2600 4524 lucis
2626 4479 2860 4526 adorna).
2879 4475 3200 4530 Testimonia
3223 4479 3415 4550 quippe
3441 4481 3552 4546 Dei,

1982 4567 2180 4624 quanto
2210 4557 2267 4610 fit
2294 4560 2517 4629 quisque
2544 4561 2920 4632 intelligentior
2943 4607 2956 4631 ,
3000 4576 3144 4620 tanto
3173 4569 3336 4638 magis
3366 4573 3559 4642 magis-

1981 4659 2082 4714 que
2111 4646 2368 4700 sciuntur.

2053 4737 2106 4791 7.
2155 4737 2478 4812 [vet's.126.]
2523 4740 2754 4811 Tempus,
2789 4745 2974 4814 inquit,
3004 4747 3222 4815 faciendi
3250 4749 3553 4808 Dominon

1982 4828 2121 4882 enim
2146 4830 2323 4899 plures
2343 4831 2551 4886 codices
2580 4832 2799 4894 habent;
2830 4851 2956 4901 non,
2990 4840 3294 4907 utquidam,
3317 4842 3550 4899 Domine.

1982 4915 2133 4983 Quod
2175 4934 2300 4988 ergo
2345 4929 2535 4989 tempus
2559 4963 2573 4985 ,
2610 4922 2690 4975 vel
2731 4924 2853 4991 quid
2898 4928 3115 4996 faciendi
3142 4933 3303 4985 voluit
3329 4933 3548 5004 intelligi

1983 5004 2241 5062 Domino?
2287 5008 2416 5062 lllttd
2443 5011 2653 5078 quidem
2682 5013 2820 5082 quod
2847 5016 3003 5084 paulo
3031 5027 3151 5072 ante
3173 5020 3408 5089 dixerat,
3442 5023 3552 5077 Fac

1983 5114 2098 5148 cum
2127 5113 2266 5150 servo
2295 5109 2378 5150 tuo
2405 5100 2676 5153 secundum
2715 5103 3106 5158 mism°irordiam
3144 5118 3281 5162 (nam
3301 5126 3318 5161 :
3344 5110 3443 5166 ltoc
3469 5115 3554 5180 {an

1983 5187 2146 5238 ciendi
2171 5195 2362 5255 tempus
2394 5188 2624 5240 Domino.
2647 5190 2778 5257 Quid
2801 5203 2877 5245 cst
2907 5205 3101 5258 autem,
3125 5198 3223 5252 nisi
3249 5200 3413 5268 gratia
3435 5217 3552 5272 qu:c

1988 5277 2037 5328 in
2069 5275 2282 5329 Christo
2307 5292 2404 5329 suo
2436 5287 2674 5347 tempore
2704 5282 2929 5336 revelata
2951 5285 3066 5338 est?
3096 5287 3169 5340 De
3193 5303 3297 5357 quo
3317 5298 3551 5359 tempore

1984 5368 2056 5419 ait
2099 5369 2383 5435 Apostolus
2407 5409 2420 5431 ,
2455 5370 2576 5421 Cum
2616 5383 2779 5425 autem
2811 5377 2938 5428 venit
2971 5377 3227 5446 plenitudo
3272 5365 3507 5451 temporis
3531 5426 3548 5450 ,

1986 5460 2117 5513 misit
2139 5457 2272 5512 Deus
2299 5457 2488 5512 Filium
2514 5479 2656 5514 suum
2688 5463 2897 5534 (Ca/al.
2930 5483 3004 5531 tv,
3035 5469 3119 5537 4).
3151 5469 3370 5540 Propter
3411 5479 3550 5545 quod

1986 5552 2106 5606 alibi
2139 5552 2296 5604 etiam
2338 5553 2694 5607 testimonium
2720 5557 3083 5625 prOpheticunt
3110 5561 3433 5634 adjungens,
3462 5571 3548 5630 Itht'

2059 5664 2073 5695 ⁸
2100 5663 2172 5712 sic
2191 5668 2298 5711 Mss.
2325 5669 2380 5710 At
2402 5661 2533 5724 ιλιι,
2556 5661 2766 5716 divinam
2788 5666 2980 5718 Christi.

2915 5749 3357 5831 {CinquanteJ
