4026 6202
473 285 625 346 1579

482 398 616 455 dixit
636 440 651 456 .
683 396 926 470 Tempore
944 397 1234 467 acreptabili
1259 398 1496 453 exaudiui
1520 410 1586 462 te,
1624 408 1669 453 et
1697 402 1750 454 in
1776 399 1857 454 die
1876 400 2056 454 solutis

483 487 661 559 τεά]αυί
683 497 765 563 te;
788 488 917 543 Ecce
942 504 1108 554 nunc,
1140 488 1327 559 inquit,
1357 498 1551 561 tempus
1579 490 1905 560 acceptabile,
1944 504 2058 544 ecce

476 595 613 635 nunc
624 580 730 634 dies
742 580 923 634 salutis
938 577 1091 649 (lsai.
1109 595 1255 648 xux,
1274 580 1328 648 8;
1345 579 1386 635 ll
1410 578 1606 650 Carm,
1623 581 1701 653 Ξ).
1717 582 1822 638 Sed
1837 580 1960 653 quid
1975 588 2058 636 est

473 670 613 740 quod
636 679 881 740 tanquam
898 670 1082 725 volens
1099 669 1382 726 ostendere
1395 680 1602 742 tempus
1616 662 1837 727 Domino
1847 686 1968 727 esse
1980 669 2058 725 fa-

470 762 668 826 ciendi,
690 761 944 817 continuo
963 761 1255 831 subjuuxit,
1284 760 1675 831 Dissipaverunt
1699 762 1856 832 legem
1879 771 2054 816 tuam:

475 851 619 906 velut
646 859 925 922 prepterea
957 861 1165 923 tempus
1191 862 1334 907 esset
1380 851 1609 908 faciendi
1642 853 1888 917 Domino,
1930 852 2054 923 quia

476 943 592 1011 ejus
623 942 793 1013 legem
820 941 1213 1012 dissipaverunt
1237 942 1474 1012 superbi,
1506 943 1597 1013 qui
1627 942 1929 1013 ignorantes
1957 942 2051 997 Dei

466 1032 720 1100 justitiam
760 1042 813 1087 et
857 1048 1006 1087 snam
1044 1032 1286 1087 volentes
1324 1031 1648 1088 consuluere
1670 1074 1686 1099 ,
1712 1032 1929 1102 justitize
1960 1030 2052 1086 Dei

475 1140 575 1180 non
607 1135 731 1181 sunt
750 1125 973 1195 subjecti
1000 1123 1174 1196 (Rom.
1204 1141 1259 1192 χ,
1292 1122 1348 1196 5)
1370 1124 1393 1179 ?
1419 1124 1553 1193 Quid
1582 1132 1664 1179 est
1691 1124 1860 1188 enim,
1888 1121 2054 1176 Dissi-

470 1194 721 1289 paverunt
744 1220 901 1290 legem
927 1229 1089 1283 luant,
1118 1217 1241 1282 nisi,
1275 1216 1728 1272 Pratvaricationis
1754 1215 2049 1285 iniquitate,

472 1310 585 1379 ejus
625 1310 980 1380 integritatem
1017 1324 1120 1363 non
1166 1307 1574 1363 custodierunt?
1608 1306 1896 1376 Oportebat
1923 1320 2052 1375 ergo

473 1408 528 1453 ut
554 1399 795 1469 superbis
823 1408 874 1453 et
905 1399 974 1454 de
1003 1398 1243 1453 libertate
1269 1397 1349 1452 sui
1378 1397 1582 1451 arbitrii
1611 1395 2051 1467 praesumentibus

468 1491 552 1545 lex
581 1490 799 1545 daretur
824 1532 840 1556 ,
872 1504 974 1561 qua
1004 1489 1344 1559 prtevaricata
1389 1488 1707 1558 quicumque
1748 1483 2050 1556 compuncti

462 1581 892 1647 humiliarentur,
934 1597 1039 1635 non
1057 1581 1166 1651 jam
1201 1596 1294 1651 per
1321 1581 1514 1650 legem,
1548 1579 1640 1635 sed
1672 1595 1767 1651 per
1796 1578 1951 1632 tidem
1981 1576 2047 1632 ad

466 1672 867 1727 subvenientem
889 1679 1168 1727 currerent
1194 1671 1443 1741 gratiam.
1478 1670 1736 1741 Dissipata
1764 1684 1890 1738 ergo
1911 1668 2047 1739 lege,

464 1774 674 1834 tempus
713 1763 814 1819 luit
847 1773 902 1818 ut
939 1779 1035 1833 per
1059 1762 1385 1834 unigenitum
1412 1761 1602 1816 Filium
1630 1760 1722 1816 Dei
1748 1759 2049 1816 misericor—

463 1856 548 1910 dia
583 1857 903 1911 mitteretur.
937 1854 1044 1910 Lex
1088 1855 1230 1909 enim
1272 1852 1607 1917 subintravit,
1658 1860 1716 1906 ut
1755 1848 2049 1906 abundaret

463 1944 711 2001 delictum
737 1963 751 1997 :
784 1961 888 2015 quo
912 1945 1106 2000 delicto
1134 1945 1219 2000 lex
1246 1944 1499 2014 dissipata
1534 1952 1650 2007 est;
1673 1950 1727 1997 et
1751 1951 2048 2012 opportuno

461 2039 569 2107 iam
615 2046 854 2107 tempore
912 2036 1155 2091 Christus
1198 2035 1458 2101 advenit,
1515 2043 1574 2089 ut
1625 2034 1712 2090 ubi
1760 2032 2048 2097 abundavit

462 2128 735 2195 delictum,
758 2127 1213 2198 superabundaret
1232 2127 1398 2197 gratia
1426 2125 1532 2197 (Id.
1550 2143 1603 2191 v,
1620 2124 1737 2197 20).

534 2220 585 2274 8.
631 2218 780 2292 [rem
813 2218 961 2292 127.]
989 2218 1135 2287 Ideo,
1170 2219 1360 2289 inquit,
1392 2217 1546 2272 dilexi
1574 2218 1814 2271 mandata
1843 2225 1930 2270 tua
1957 2232 2046 2268 su-

460 2328 547 2380 pcr
586 2327 769 2364 anrttm
810 2320 856 2364 et
902 2310 1159 2378 tapazion.
1204 2309 1260 2365 ld
1296 2308 1402 2380 agit
1429 2308 1632 2380 gratia,
1670 2316 1728 2362 ut
1763 2304 2047 2361 dilectione

467 2401 792 2471 impleantur
818 2401 1064 2456 mandata
1092 2401 1218 2466 Dei,
1247 2415 1365 2472 quae
1404 2401 1593 2456 timore
1631 2415 1734 2454 non
1779 2407 2041 2469 poterant.

459 2495 639 2551 Gratia
668 2496 861 2566 quippe
890 2494 982 2550 Dei
1012 2493 1317 2561 ili/funditur
1340 2494 1560 2548 clmritas
1593 2494 1645 2547 in
1676 2492 1911 2546 cordibus
1948 2506 2042 2543 no-

456 2586 572 2640 stris
601 2602 689 2657 per
709 2586 957 2656 Spiritum
977 2595 1226 2652 sanctum,
1248 2588 1332 2653 qui
1361 2585 1509 2638 datus
1531 2595 1601 2639 est
1617 2584 1757 2638 nobis
1774 2581 1822 2657 (Ι
1830 2583 1933 2637 bid.
1960 2582 2040 2653 5).

458 2679 682 2750 Propter
710 2679 848 2748 quod
875 2689 928 2733 et
957 2680 1071 2748 ipse
1102 2679 1354 2732 Dominus
1382 2678 1548 2742 dicit,
1588 2674 1707 2730 Non
1746 2676 1857 2729 veni
1885 2673 2042 2745 legem

457 2772 665 2837 solvere,
688 2770 775 2824 sed
794 2770 1002 2840 implere
1030 2768 1243 2840 (Matth.
1274 2785 1327 2835 v,
1349 2770 1475 2837 17);
1504 2776 1557 2824 et
1578 2768 1716 2823 idem
1747 2767 2038 2838 apostolus,

460 2861 736 2916 Plenitudo
756 2861 879 2932 legis
899 2862 1122 2915 Charitas
1159 2860 1178 2931 (
1198 2860 1344 2915 Rom.
1381 2875 1475 2914 xm
1500 2901 1514 2924 ,
1552 2858 1679 2931 10).
1708 2859 1861 2925 Ideo,
1893 2874 2042 2929 super

459 2969 640 3007 aurum
665 2964 710 3008 et
742 2954 993 3023 topazion.
1015 2953 1127 3009 Hoc
1146 2954 1285 3008 cnint
1310 2961 1365 3007 et
1384 2953 1434 3006 in
1460 2952 1564 3006 alio
1583 2952 1786 3022 psalmo
1811 2951 1999 3021 legitur
2022 2969 2036 3006 :

454 3030 626 3114 Super
653 3060 835 3097 aurum
857 3053 902 3097 et
919 3045 1137 3114 lapidem
1157 3044 1428 3112 pretiosum
1453 3044 1661 3097 multum
1693 3041 1865 3112 (Psal.
1887 3059 2035 3109 xvnt,

454 3136 571 3206 11).
600 3134 867 3204 Topazion
895 3135 1088 3204 quippe
1110 3134 1337 3202 lapidem
1365 3134 1584 3187 multum
1613 3132 1891 3202 perhibent
1917 3148 2039 3189 esse

453 3225 763 3294 pretiosum.
797 3224 851 3279 In
890 3233 1208 3279 testamento
1237 3233 1415 3278 autem
1441 3225 1608 3279 veteri
1640 3226 1887 3279 latentem
1912 3241 2036 3296 gra-

454 3315 579 3369 tiam
605 3355 621 3380 ,
673 3324 922 3384 tanquam
968 3315 1087 3370 velo
1116 3314 1461 3384 interposito,
1505 3330 1607 3369 non
1652 3315 2035 3385 intelligentes,

453 3407 595 3477 quod
622 3406 1018 3477 signiﬁcabatur
1040 3404 1252 3475 quando
1283 3407 1333 3459 in
1363 3405 1547 3460 faciem
1568 3406 1734 3478 Moysi
1762 3406 2037 3463 intendere

454 3508 558 3554 nOn
591 3496 839 3552 valebant
861 3495 1237 3564 (Exodaxxrv,
1265 3496 1471 3561 55-55;
1504 3496 1544 3551 ll
1563 3496 1681 3552 Cor.
1712 3514 1787 3562 tu,
1818 3498 2033 3569 15-16),

453 3596 672 3660 prepter
689 3587 987 3644 mercedem
1014 3597 1276 3642 terrenam
1290 3596 1448 3658 atque
1468 3588 1737 3643 carnalem
1763 3588 1853 3644 Dei
1882 3604 2036 3644 man-

453 3684 574 3737 data
623 3681 797 3737 facere
833 3681 1185 3742 conabantur,
1232 3694 1403 3751 neque
1453 3679 1747 3748 faciebant;
1776 3685 1897 3754 quia
1928 3699 2034 3738 non

454 3777 596 3846 ipsa,
623 3773 719 3832 sed
748 3772 890 3829 aliud
916 3773 1231 3842 diligebant.
1262 3773 1411 3829 Unde
1441 3774 1525 3828 illa
1556 3789 1661 3829 non
1692 3786 1845 3830 erant
1872 3792 2034 3846 opera

451 3866 779 3930 volentium,
811 3862 906 3919 sed
944 3878 1110 3919 onera
1152 3863 1326 3933 potius
1376 3862 1683 3919 invitorum.
1730 3865 1863 3920 Cum
1909 3881 2037 3923 vero

454 3958 567 4026 ipsa
597 3953 843 4010 mandata
872 3953 1164 4025 diliguntur
1192 3968 1355 4023 super
1381 3968 1568 4009 aurum
1592 3965 1647 4011 et
1671 3955 1896 4025 lapidem
1917 3972 2037 4027 pre-

452 4047 644 4119 tiosum
691 4044 911 4099 multum
938 4084 955 4111 ,
1001 4045 1176 4099 omnis
1230 4059 1340 4114 prae
1381 4045 1508 4114 ipsis
1535 4045 1798 4101 mandatis
1826 4055 2033 4103 terrena

453 4137 572 4192 vilis
599 4145 685 4192 est
712 4150 952 4201 merces;
982 4149 1082 4191 nec
1097 4136 1204 4190 ulla
1225 4152 1290 4191 ex
1320 4146 1469 4206 parte
1484 4146 1862 4208 comparantur
1884 4156 2031 4209 quae-

451 4243 681 4298 cumque
700 4227 802 4283 alia
825 4227 1054 4283 hominis
1068 4226 1229 4293 bona,
1257 4226 1338 4281 his
1357 4227 1511 4285 bonis
1532 4228 1725 4301 quibus
1741 4228 1853 4300 ipse
1873 4228 2035 4286 homo

451 4320 511 4372 lit
537 4320 728 4372 bonus.

647 4332 728 4372 ns.

491 4320 757 4480 tamen.
791 4405 935 4480 128.]
960 4404 1260 4476 Propterea,
1288 4406 1474 4477 inquit,
1505 4409 1571 4462 ad
1596 4410 1766 4464 omnia
1791 4413 2032 4466 ntandata

412 4488 416 4492 ’
453 4512 542 4555 tua
588 4498 891 4570 corrigebar.
945 4496 1138 4567 Utique
1175 4496 1480 4567 corrigebar
1503 4538 1519 4563 ,
1550 4501 1671 4569 quia
1707 4501 2029 4570 diligebam;

455 4604 617 4665 atque
646 4592 749 4648 illis
775 4592 937 4648 rectis
965 4600 1019 4645 ut
1043 4591 1202 4645 etiam
1230 4590 1342 4660 ipse
1356 4600 1535 4646 rectus
1561 4591 1764 4658 ﬁerem,
1788 4594 2029 4651 dilectio-

455 4702 521 4742 ne
542 4683 897 4740 cohmrcbam.
928 4681 1043 4737 Jam
1073 4680 1198 4735 illud
1230 4679 1367 4750 quod
1402 4681 1658 4752 adjungit,
1701 4697 2032 4752 consequens

453 4784 597 4831 crat:
629 4774 868 4837 Omnem,
900 4771 1094 4841 inquit,
1128 4771 1257 4824 viam
1280 4770 1500 4841 iniquam
1528 4772 1644 4825 odio
1671 4770 1845 4826 habui.
1877 4773 2031 4830 Unde

450 4866 594 4922 enim
625 4865 738 4919 fieri
771 4873 1006 4935 poterat,
1048 4871 1104 4917 ut
1134 4863 1365 4932 iniquam
1395 4864 1532 4918 viam
1562 4879 1665 4918 non
1691 4863 1892 4920 odisset
1912 4865 2033 4920 dili-

451 4972 582 5029 gens
614 4964 809 5013 rectam
827 4955 851 5008 ‘l
871 4954 1001 5010 Nam
1028 4955 1166 5009 sicut
1185 4970 1371 5008 aurum
1398 4964 1453 5010 et
1480 4955 1708 5025 lapidem
1735 4957 2029 5027 pretiosum

448 5050 493 5103 si
518 5049 784 5117 diligeret,
805 5046 1005 5101 odisset
1027 5044 1263 5115 proiecto
1291 5047 1545 5118 quidquid
1572 5051 1619 5103 ci
1651 5049 1830 5104 talium
1855 5066 2030 5106 rerum

450 5139 703 5195 damnum
744 5146 928 5208 posset
971 5136 1204 5192 inferre:
1237 5138 1305 5191 ita
1354 5139 1602 5209 quoniam
1648 5141 1739 5196 Dei
1787 5142 2029 5196 mandata

453 5231 743 5302 diligebat,
792 5228 979 5286 oderat
1025 5229 1315 5300 iniquitatis
1356 5231 1493 5286 viam
1524 5272 1540 5298 ,
1580 5234 2029 5303 quemadmodum

454 5321 665 5393 aliquod
708 5319 1147 5375 immanissimum
1200 5321 1388 5376 marini
1431 5323 1634 5378 itineris
1677 5338 1900 5388 saxum,
1943 5328 2029 5380 ubi

455 5422 562 5467 tam
604 5413 955 5480 pretiosarum
982 5425 1160 5466 rerum
1187 5427 1407 5467 necesse
1430 5422 1512 5468 est
1542 5414 1645 5483 pati
1672 5415 2027 5488 naufragium.

462 5502 611 5568 Quod
643 5511 833 5557 utnon
871 5501 1177 5571 contingat,
1213 5501 1370 5573 longe
1399 5502 1522 5558 inde
1552 5504 1779 5560 velilicat
1802 5549 1816 5574 ,
1860 5509 1946 5577 qui
1980 5510 2029 5562 in

461 5592 606 5661 ligno
654 5592 977 5648 crucisvcum
1023 5592 1393 5649 mandatorum
1435 5594 1732 5650 divinorum
1767 5599 2031 5654 mercibus

454 5679 688 5750 navigat.

1722 287 1779 346 S.
1819 281 2184 347 AUGUSTINI
2223 284 2520 347 EPISCOPI

3615 297 3750 355 νςςο

2772 418 2942 462 SERIO
2966 420 3134 461 ιινιι.

2236 489 2287 543 1.
2317 487 2467 560 [rem
2504 490 2654 566 129.]
2698 492 2872 550 Verba
2909 496 3105 552 Psalmi
3136 496 3253 554 hate
3278 507 3402 554 sunt
3438 498 3508 556 de
3535 498 3745 570 quibus,

2161 576 2453 647 adjuvante
2488 580 2715 638 Domino
2737 625 2751 648 ,
2774 583 3090 655 disputaturi
3119 602 3304 643 sumus
3342 605 3356 643 :
3389 587 3653 644 Mirabilia
3679 601 3750 644 te-

2160 667 2396 723 stimonia
2423 679 2552 735 tua;
2598 684 2802 744 propter
2844 676 2939 736 hoc
2961 686 3182 731 scrutata
3208 687 3281 733 est
3307 695 3368 733 ea
3406 679 3579 734 anima
3616 698 3747 735 mea.

2159 760 2288 828 Quis
2355 773 2632 819 enumerat
2685 768 2873 821 saltem
2934 769 3227 839 generatim
3271 772 3570 826 testimonia
3617 772 3751 828 Dei?

2158 848 2364 908 leum
2388 862 2442 909 et
2470 863 2609 909 terra
2633 897 2648 922 ,
2681 858 2906 913 visibilia
2934 868 2989 914 et
3017 860 3276 914 invisibila
3309 876 3469 932 opera
3498 862 3636 932 ejus,
3668 863 3748 919 di-

2157 950 2280 995 cunt
2307 943 2701 1013 quodammodo
2727 948 3088 1003 testimonium
3119 950 3370 1006 bonitatis
3398 962 3451 1007 et
3477 954 3747 1024 magnitu-

2157 1030 2296 1088 dinis
2347 1034 2506 1103 ejus;
2572 1044 2626 1090 et
2683 1036 2798 1106 ipse
2853 1054 3042 1094 cursus
3108 1039 3360 1111 frequens
3416 1043 3750 1114 usitatusque

2157 1130 2393 1191 naturas,
2425 1138 2532 1195 quo
2562 1132 2859 1195 temporiun
2892 1130 3156 1197 rapacitas
3184 1132 3413 1186 volvitur
3436 1175 3451 1197 ,
3482 1134 3534 1188 in
3567 1151 3747 1190 rerum

2156 1227 2489 1283 quarumque
2536 1218 2821 1285 generibus
2844 1259 2859 1284 ,
2885 1221 3126 1288 quamvis
3168 1223 3546 1292 temporalibus
3580 1235 3741 1296 atque

2155 1305 2499 1372 mortalibus,
2530 1323 2648 1376 qua:
2700 1317 2845 1364 certe
2899 1312 3289 1369 consuetudine
3343 1314 3649 1384 viluerunt,
3696 1319 3739 1372 si

2156 1394 2273 1464 pius
2322 1398 2687 1455 consideratur
2752 1403 3030 1473 advertat,
3089 1406 3331 1475 perhibet
3378 1410 3739 1468 testimonium

2153 1485 2420 1543 Creatori.
2461 1491 2597 1558 Quid
2621 1503 2800 1548 autem
2831 1493 3019 1550 horum
3050 1505 3133 1552 est
3156 1498 3297 1567 quod
3330 1514 3432 1553 non
3472 1501 3541 1555 sit
3578 1504 3741 1556 mira-

2153 1578 2261 1635 bile
2287 1621 2301 1646 ,
2331 1582 2376 1635 si
2410 1598 2575 1638 unum
2600 1585 2847 1657 quodque
2875 1604 2979 1643 non
3010 1604 3107 1644 usu
3127 1631 3141 1655 ,
3173 1590 3266 1645 sed
3313 1592 3519 1648 ratione
3554 1596 3745 1651 metia-

2155 1674 2318 1726 mur?
2348 1672 2404 1729 Si
2458 1691 2588 1730 vero
2640 1687 2891 1748 tanquam
2945 1681 3042 1735 sub
3086 1683 3239 1737 unius
3277 1686 3743 1756 contemplationis

2151 1773 2368 1831 aspectu
2392 1766 2533 1821 velut
2558 1767 2850 1824 audeamus
2873 1781 3061 1825 cuncta
3090 1768 3351 1841 contueri,
3384 1791 3564 1832 nonne
3590 1778 3647 1833 lit
3685 1780 3739 1834 in

2154 1853 2308 1908 nobis
2348 1857 2488 1924 quod
2534 1858 2608 1912 ait
2635 1859 2889 1930 propheta
2921 1880 2933 1916 :
2980 1861 3305 1919 Consideraz'i
3331 1883 3484 1937 apem
3523 1879 3645 1934 tua,
3687 1883 3737 1926 et

2151 1938 2576 2009 expaviUlabac.
2622 1957 2677 1996 tu
2708 1984 2722 2009 ,
2755 1943 2856 2015 1)?
2903 1945 2969 1999 Et
3008 1956 3181 2001 tamen
3227 1949 3325 2002 iste
3356 1966 3458 2004 non
3502 1962 3583 2006 est
3625 1954 3740 2022 ipsa

2150 2042 2328 2083 rerum
2359 2029 2714 2099 admiratione
2758 2037 3070 2105 perterritus
3092 2078 3107 2103 ,
3137 2039 3230 2093 sed
3261 2055 3376 2094 eam
3404 2043 3581 2112 potius
3607 2043 3743 2099 dixit

2149 2133 2268 2174 esse
2288 2135 2501 2178 causam
2523 2138 2619 2179 cur
2643 2141 2705 2179 ea
2730 2125 2973 2181 debuerit
2999 2131 3242 2195 scrutari,
3275 2132 3394 2202 quia
3426 2135 3557 2188 mira
3584 2148 3738 2191 sunt.

2148 2210 2280 2265 Cum
2307 2214 2448 2268 enim
2471 2214 2696 2272 dixisset
2721 2258 2737 2285 ,
2763 2217 3026 2273 Mirabitia
3052 2223 3336 2276 testimonia
3363 2232 3449 2276 tua
3470 2239 3490 2277 :
3518 2234 3739 2283 secutus

2147 2304 2409 2374 adjunxit,
2437 2318 2642 2379 prapter
2666 2310 2761 2364 liae
2776 2320 3002 2364 scrutata
3024 2323 3096 2366 est
3120 2329 3177 2367 ea
3199 2314 3374 2368 anima
3402 2332 3554 2380 mea;
3583 2319 3739 2388 quasi

2151 2395 2321 2454 factus
2358 2400 2427 2454 sit
2466 2401 2581 2471 ipse
2637 2403 3033 2474 pervestigandi
3086 2404 3401 2462 difﬁcultate
3450 2409 3739 2465 curiosior.

2147 2489 2355 2554 Quanto
2382 2492 2525 2546 enim
2561 2509 2785 2564 qumque
2811 2510 2896 2550 res
2922 2495 3279 2552 abstrusiorcs
3310 2498 3470 2554 habet
3498 2515 3691 2557 causas
3714 2544 3731 2568 ,

2149 2587 2294 2634 tanto
2315 2591 2399 2637 est
2427 2582 2743 2639 mirabilior.

2214 2671 2270 2728 2.
2310 2671 2364 2729 Si
2400 2689 2527 2745 ergo
2565 2675 2717 2731 nobis
2746 2676 2906 2731 homo
2946 2678 3062 2732 talis
3091 2689 3369 2748 occurrat,
3399 2681 3486 2752 qui
3511 2692 3738 2755 prepter

2148 2760 2248 2817 hoc
2276 2763 2418 2818 dicat
2454 2779 2513 2820 se
2551 2768 2777 2821 scrutari
2803 2767 3121 2822 testimonia
3164 2769 3290 2837 Dei,
3323 2771 3444 2840 quia
3473 2775 3740 2830 mirabilia

2144 2864 2268 2908 sunt
2291 2896 2306 2922 ,
2344 2870 2463 2909 cum
2508 2856 2662 2926 plena
2693 2857 2760 2911 sit
2797 2858 2875 2912 eis
2904 2866 2958 2912 et
2992 2875 3110 2929 ane
3139 2862 3496 2930 conspicitur,
3527 2873 3582 2918 et
3617 2881 3742 2934 qua:

2144 2960 2250 3000 non
2289 2946 2650 3016 conspicitur,
2681 2949 2925 3004 universa
2969 2959 3253 3015 creatura;
3297 2968 3473 3008 nonne
3510 2968 3734 3025 compc-

2143 3037 2342 3091 scimus
2373 3053 2492 3092 cum
2514 3078 2529 3103 ,
2557 3038 2795 3093 dicentes
2823 3055 2836 3091 :
2866 3039 3062 3094 Altiora
3091 3051 3138 3094 te
3163 3058 3226 3095 ne
3249 3045 3525 3113 quarsieris,
3555 3055 3601 3098 et
3629 3049 3741 3115 for-

2142 3128 2271 3182 tiora
2301 3137 2348 3182 te
2387 3144 2449 3181 ne
2475 3138 2723 3183 scrutatus
2752 3130 2950 3199 fueris;
2979 3132 3067 3184 sed
3093 3147 3207 3202 qua:
3251 3133 3335 3186 tibi
3368 3134 3602 3204 pra'cepit
3632 3135 3740 3188 Do-

2143 3220 2330 3286 minus,
2348 3218 2441 3272 t'lla
2460 3221 2624 3291 cogita
2648 3237 2844 3291 semper
2871 3222 2887 3289 (
2911 3220 3070 3276 Eccli.
3102 3239 3180 3290 tu,
3207 3222 3279 3277 29.
3296 3225 3351 3292 )?
3380 3224 3483 3280 Sed
3506 3227 3550 3279 si
3580 3227 3738 3281 nobis

2142 3310 2493 3380 reSpondeat,
2525 3318 2579 3365 et
2607 3311 2745 3366 dicat
2765 3352 2780 3379 ,
2811 3312 2938 3367 Haec
2979 3313 3089 3382 ipsa
3121 3330 3239 3383 qure
3276 3316 3527 3386 prmcepit
3555 3316 3740 3371 Domi-

2143 3416 2241 3456 nus
2265 3443 2277 3466 ,
2301 3410 2357 3457 et
2389 3416 2507 3471 quae
2535 3401 2733 3473 jubctis
2772 3411 2829 3458 ut
2860 3404 3093 3475 cogitem
3117 3445 3132 3472 ,
3166 3406 3425 3461 mirabilia
3465 3414 3589 3461 sunt
3618 3408 3737 3477 ejus

2143 3493 2442 3549 testimonia
2470 3511 2485 3560 ;
2522 3509 2643 3550 eum
2669 3495 2864 3565 quippe
2887 3504 2944 3550 et
2973 3495 3250 3551 Dominum
3274 3540 3287 3559 ,
3317 3499 3436 3566 quia
3463 3498 3612 3568 jubet
3639 3541 3656 3566 ,
3683 3510 3737 3555 et

2142 3584 2337 3639 bonum
2368 3594 2421 3640 et
2451 3599 2720 3656 magnum,
2749 3588 2870 3657 quia
2904 3587 3024 3642 talia
3050 3589 3237 3657 jubet,
3267 3606 3389 3646 esse
3428 3600 3735 3648 testantur:

2141 3672 2400 3744 numquid
2431 3674 2744 3733 audebimus
2791 3676 3060 3733 hominem
3106 3680 3173 3734 ab
3199 3696 3384 3735 eorum
3411 3684 3739 3740 scrutatione

2139 3779 2432 3830 revocare,
2463 3780 2526 3820 ac
2568 3782 2674 3822 non
2711 3765 2885 3836 potius
2928 3776 2985 3822 ut
3023 3768 3210 3822 sedulo
3247 3769 3299 3824 id
3329 3780 3477 3841 agat,
3501 3781 3555 3825 et
3579 3780 3739 3828 tantae

2140 3857 2216 3911 rei
2246 3871 2462 3927 operam
2490 3866 2740 3927 quantam
2789 3867 2967 3928 potest
3007 3860 3318 3929 impendat,
3359 3861 3739 3918 hortabimur?

2139 3938 2220 4003 at.
2255 3948 2391 4004 forte
2433 3949 2525 4004 Dei
2573 3959 2839 4021 praecepta
2887 3951 3186 4007 testimonia
3228 3952 3440 4022 quidem
3486 3954 3739 4012 bonitatis

2138 4038 2255 4109 ejus
2281 4055 2402 4095 esse
2442 4040 2726 4096 fatebimur
2748 4082 2763 4107 ,
2796 4041 2891 4097 sed
2933 4042 3195 4097 mirabilia
3236 4057 3355 4098 esse
3385 4046 3739 4115 negabimus?

2138 4129 2273 4198 Quid
2301 4131 2440 4184 enim
2471 4131 2685 4197 mirum,
2718 4131 2762 4186 si
2808 4132 2945 4186 bona
2980 4135 3203 4203 imperat
3233 4133 3405 4189 bonus
3438 4134 3739 4192 Dominus!

2142 4221 2252 4276 lmo
2279 4237 2403 4277 vero
2432 4216 2658 4293 idipsum
2701 4232 2782 4278 est
2811 4226 3030 4279 omnino
3074 4226 3374 4281 mirandum
3400 4269 3415 4293 ,
3442 4237 3497 4284 et
3540 4245 3637 4283 cur
3666 4230 3739 4284 ita

2139 4312 2210 4366 sit
2239 4313 2703 4382 perscrutandum,
2732 4314 2873 4384 quod
2902 4330 3022 4371 cum
3058 4316 3194 4372 Dens
3226 4316 3397 4372 bonus
3425 4319 3562 4373 bona
3597 4337 3740 4389 pra:-

2138 4406 2362 4475 ceperit,
2388 4407 2466 4461 eis
2490 4414 2666 4462 tamen
2701 4405 2909 4462 dederit
2935 4406 3130 4463 bonam
3165 4410 3362 4479 legem,
3390 4426 3522 4479 quos
3549 4413 3739 4467 eadem

2141 4496 2224 4551 lex
2252 4496 2524 4553 viviﬁcare
2551 4512 2654 4551 non
2685 4507 2901 4566 posset,
2930 4514 3027 4554 nec
3058 4500 3162 4565 ulla
3192 4510 3336 4556 esset
3363 4516 3427 4555 ex
3453 4502 3589 4556 bona
3619 4503 3741 4573 lege

2133 4589 2359 4659 justitia.
2390 4588 2448 4645 Si
2489 4591 2621 4644 enim
2659 4590 2780 4643 data
2825 4601 2950 4646 esset
2998 4593 3078 4646 (ex
3116 4608 3229 4662 qtae
3265 4602 3427 4662 posset
3457 4595 3737 4664 riei/icare,

2142 4681 2347 4735 omnino
2375 4697 2438 4736 ea:
2462 4681 2569 4752 lege
2611 4692 2738 4735 esset
2770 4682 2992 4753 justitia.
3040 4683 3145 4738 Cur
3183 4698 3309 4753 ergo
3339 4684 3459 4740 data
3503 4693 3588 4739 est
3616 4702 3740 4755 qua:

2141 4771 2409 4826 vivilicare
2436 4787 2541 4825 non
2587 4781 2785 4841 posset,
2816 4781 2869 4828 et
2894 4787 2959 4827 ex
2987 4788 3088 4843 qua
3126 4782 3270 4829 esset
3310 4776 3457 4830 nulla
3492 4775 3735 4843 justiti-at

2140 4861 2345 4932 Nempe
2380 4861 2677 4917 mirandum
2705 4873 2823 4928 est,
2852 4880 3044 4934 nempe
3079 4866 3434 4934 stupendum.
3459 4866 3585 4921 llarc
3611 4881 3740 4922 sunt

2138 4970 2265 5025 ergo
2317 4953 2579 5008 mirabilia
2630 4955 2934 5009 testimonia
2984 4956 3076 5010 Dei
3113 4972 3126 5009 :
3161 4965 3376 5026 propter
3427 4958 3528 5012 hoc
3579 4958 3743 5028 hujus

2138 5045 2313 5100 anima
2354 5053 2588 5101 scrutata
2636 5059 2719 5100 eSt
2759 5062 2820 5100 ea
2847 5086 2862 5110 ,
2907 5048 3157 5117 quoniam
3186 5048 3254 5103 dc
3296 5048 3376 5103 his
3408 5064 3511 5103 non
3541 5052 3590 5104 ei
3629 5050 3739 5105 dici

2142 5144 2314 5204 posset
2341 5177 2357 5200 ,
2386 5133 2622 5189 Fortiora
2651 5145 2696 5190 te
2721 5153 2782 5190 ne
2830 5146 3080 5191 scrutatus
3108 5139 3295 5208 fueris;
3323 5139 3411 5193 sed
3453 5155 3567 5207 qua:
3603 5157 3741 5208 prai-

2140 5227 2268 5297 repit
2293 5224 2381 5279 tibi
2422 5225 2671 5280 Dominus
2691 5269 2704 5291 ,
2736 5227 2827 5280 illa
2852 5229 3015 5298 cogita
3042 5242 3253 5297 semper.
3300 5230 3416 5299 Ipsa
3447 5239 3571 5286 sunt
3591 5232 3741 5285 enim

2140 5332 2257 5385 utne
2290 5318 2538 5386 praecepit
2569 5318 2722 5373 nobis
2753 5320 3046 5384 Dominus;
3079 5331 3132 5374 et
3162 5320 3281 5377 ideo
3310 5322 3589 5393 cogitanda
3612 5335 3744 5378 sunt

2141 5422 2370 5476 semper.
2418 5409 2599 5469 Potius
2644 5409 2826 5479 itaque
2869 5411 3142 5467 videamus
3186 5413 3345 5482 hujus
3393 5414 3568 5469 anima
3615 5431 3745 5485 qure

2141 5508 2372 5551 scrutata
2401 5507 2502 5565 est,
2533 5499 2656 5568 quid
2688 5500 2969 5555 invenerit.

2212 5584 2264 5642 5.
2308 5586 2463 5659 [vc-rs.
2499 5588 2656 5662 150.]
2702 5589 3071 5661 Manifestatio,
3107 5594 3295 5665 inquit,
3330 5596 3591 5649 verborum
3621 5607 3743 5649 tuo-

2144 5693 2252 5730 rum
2279 5678 2570 5745 illuminat,
2602 5691 2648 5734 et
2688 5682 2966 5752 intelligere
3004 5685 3125 5755 facit
3170 5686 3407 5756 parvulos
3470 5687 3607 5754 Quid
3653 5698 3745 5743 est

2145 5770 2423 5840 parvulus,
2463 5772 2561 5829 nisi
2600 5773 2813 5830 lnnnilis
2842 5785 2894 5830 et
2926 5776 3205 5831 inﬁrmus?
3232 5777 3347 5833 Noli
3378 5793 3502 5848 ergo
3532 5792 3736 5849 supcr-
