3964 6204
249 328 386 385 1581

244 442 395 507 bire,
425 437 532 494 noli
558 436 624 492 de
663 445 773 502 tua,
803 449 921 505 qure
951 433 1092 489 nulla
1119 440 1220 498 est,
1247 432 1443 487 virtute
1474 445 1827 500 priesumere;

245 542 304 587 et
329 529 596 600 intelliges
619 541 784 597 quare
813 527 881 581 sit
908 541 936 580 a
966 525 1107 580 bono
1134 525 1242 579 Deo
1270 524 1408 578 bona
1437 524 1518 577 lex
1546 523 1689 583 data.
1717 539 1833 591 qui:

244 635 430 679 tamen
455 622 722 677 viviﬁcare
762 637 866 675 non
912 620 1098 689 possit.
1131 619 1210 674 Ad
1243 619 1344 674 hoc
1379 618 1520 672 enim
1561 617 1682 670 data
1713 626 1794 670 est
1816 657 1829 679 ,

243 726 307 770 ut
339 725 390 769 te
419 714 486 770 de
512 728 703 784 magno
736 713 1013 783 parvulum
1042 711 1258 777 faceret,
1288 720 1344 765 ut
1373 721 1422 764 te
1447 709 1513 765 ad
1543 710 1834 764 faciendam

244 808 421 877 legem
451 806 594 860 vires
635 804 702 860 de
745 814 834 857 tuo
879 820 982 858 non
1028 801 1226 859 habere
1266 809 1618 866 monstraret;
1663 817 1726 856 ac
1759 802 1837 857 sic

243 902 366 968 opis
393 899 598 968 indigus
624 908 676 952 et
703 912 900 967 egenus
929 897 995 952 ad
1026 897 1248 967 gratiam
1284 896 1625 967 confugeres,
1651 905 1706 952 et
1729 895 1837 950 ela-

244 1005 428 1044 mares
458 1007 472 1043 :
500 989 736 1042 Miserere
759 989 854 1041 mei
879 1031 894 1056 ,
923 987 1166 1055 Domine,
1198 988 1434 1058 quoniam
1459 988 1690 1057 inﬁrmus
1726 1005 1838 1043 sum

247 1079 426 1152 (Psul.
455 1096 526 1146 vr,
559 1081 647 1150 5).
677 1079 788 1134 Hoc
823 1094 950 1150 ergo
992 1080 1280 1135 scrutando
1307 1082 1566 1136 intellexit
1594 1082 1680 1135 hic
1718 1095 1838 1150 par-

247 1174 433 1239 vulus,
459 1172 599 1242 quod
621 1173 873 1227 minimus
896 1172 1270 1241 Apostolorum
1294 1171 1506 1235 Paulus,
1537 1171 1586 1226 id
1611 1181 1694 1227 est
1716 1188 1838 1242 par-

248 1267 428 1330 vulus,
463 1265 714 1328 ostendit,
746 1264 866 1319 ideo
895 1265 1070 1320 datam
1099 1265 1265 1336 legem
1296 1281 1413 1335 quae
1440 1267 1704 1322 viviﬁcare
1731 1282 1837 1322 non

250 1365 456 1427 posset,
484 1352 602 1425 quia
645 1356 886 1410 conclusit
925 1355 1192 1425 Scriptura
1221 1356 1389 1410 omnia
1417 1358 1507 1410 sub
1534 1367 1754 1425 peccato,
1784 1368 1838 1411 ut

249 1449 522 1520 promissio
543 1465 605 1502 ea'
625 1448 723 1516 ﬁde
736 1447 768 1501 J
775 1465 860 1502 esu
881 1447 1066 1502 Christi
1087 1447 1292 1502 daretur
1311 1447 1620 1503 credentibus
1643 1447 1835 1518 (Galut.

249 1555 336 1606 ιιι,
366 1539 457 1605 2|,
486 1538 610 1611 22).
638 1538 730 1606 lta,
757 1540 1001 1606 Domine,
1025 1540 1094 1595 ita
1121 1540 1220 1607 fac,
1251 1540 1552 1596 misericors
1582 1540 1835 1608 Domine;

251 1633 459 1702 impera
485 1633 625 1702 quod
655 1649 760 1687 non
805 1633 972 1702 possit
1021 1634 1270 1704 impleri,
1305 1634 1411 1688 imo
1454 1635 1654 1704 impera
1699 1636 1837 1704 quod

253 1726 468 1781 nonnisi
497 1741 592 1796 per
621 1738 760 1781 tuam
791 1728 1012 1797 gratiam
1045 1729 1212 1798 possit
1238 1729 1442 1799 impleri
1474 1749 1486 1783 :
1517 1739 1572 1784 ut
1595 1745 1715 1785 cum
1748 1731 1840 1786 lio-

252 1818 431 1872 mines
453 1834 546 1888 per
569 1833 692 1873 suas
717 1819 856 1874 vires
889 1820 937 1873 id
971 1820 1191 1890 implere
1225 1821 1593 1890 nequiverint,
1616 1839 1762 1877 omne
1785 1840 1842 1878 os

253 1909 566 1975 obstruetur,
593 1920 645 1965 et
675 1927 830 1966 nemo
854 1911 954 1967 sibi
983 1927 1203 1983 magnus
1225 1913 1482 1969 videatur.
1513 1915 1631 1970 Sint
1657 1932 1844 1973 omnes

256 2003 464 2071 parvuli
489 2045 504 2069 ,
530 2013 583 2057 et
608 2018 732 2058 rcus
761 2003 854 2057 liat
877 2006 1050 2060 omnis
1077 2007 1305 2062 mundus
1337 2007 1428 2062 tibi
1459 2027 1472 2062 :
1502 2010 1625 2079 quia
1673 2029 1690 2062 ι
1738 2026 1841 2064 ιιοη

253 2091 636 2162 justiﬁeabitiir
656 2108 719 2148 ex
750 2093 866 2163 lege
891 2094 1064 2150 omnis
1089 2111 1214 2150 caro
1237 2111 1414 2151 coram
1440 2107 1490 2152 te
1515 2116 1529 2161 ;
1560 2115 1653 2167 per
1675 2099 1843 2169 legem

257 2183 406 2237 enim
438 2185 672 2253 cognitio
702 2186 924 2254 peccati.
956 2185 1108 2241 Nunc
1143 2197 1320 2242 autem
1345 2189 1462 2243 sine
1500 2190 1616 2260 lege
1640 2189 1844 2259 justitia

259 2285 354 2329 tua
381 2275 714 2330 manifestata
756 2285 875 2342 est,
906 2278 1265 2332 testiinonium
1312 2279 1514 2335 habens
1551 2296 1580 2333 a
1613 2281 1754 2352 Lege
1793 2291 1846 2336 et

259 2366 550 2436 Prophetis
596 2387 614 2419 ι
659 2366 833 2438 (flant.
868 2384 944 2434 ut,
989 2368 1208 2440 19-21).
1259 2369 1382 2425 lltec
1420 2379 1545 2424 sunt
1585 2372 1844 2426 mirabilia

261 2457 570 2511 testimonia
594 2466 701 2520 tua,
725 2474 842 2527 qum
863 2468 1094 2513 scrutata
1122 2467 1204 2515 est
1229 2460 1405 2514 anima
1429 2460 1631 2531 parvuli
1654 2461 1843 2531 hujus;

259 2558 324 2603 et
343 2548 462 2602 ideo
483 2548 708 2611 invenit,
734 2550 855 2617 quia
883 2549 1184 2604 humiliatus
1204 2560 1303 2614 est,
1324 2560 1378 2605 et
1399 2551 1650 2621 parvulus
1680 2551 1848 2608 lactus

258 2648 369 2695 est.
398 2639 525 2706 Quis
549 2639 687 2694 enim
717 2638 837 2694 facit
864 2641 1107 2695 mandata
1140 2649 1225 2695 tua
1254 2641 1391 2696 sicut
1427 2641 1664 2696 facienda
1691 2653 1813 2698 sunt
1831 2686 1845 2707 ,

259 2732 319 2786 id
355 2741 435 2786 est
456 2771 470 2798 ,
501 2747 566 2786 ex
598 2731 696 2787 lide
725 2748 844 2802 qum
872 2748 965 2802 per
992 2732 1326 2788 dilectionem
1357 2745 1607 2803 operatur
1637 2733 1846 2808 (Galat.

260 2839 321 2888 v,
355 2824 445 2893 6),
479 2824 576 2877 nisi
607 2824 720 2893 ejus
749 2825 798 2878 in
829 2824 990 2880 corde
1033 2839 1130 2894 per
1166 2824 1422 2894 Spiritum
1466 2837 1706 2882 sanctum
1736 2827 1847 2898 ipsa

259 2914 480 2968 dilectio
507 2914 830 2970 diffundatur
858 2914 1032 2987 (Rom.
1066 2931 1117 2982 v,
1145 2917 1251 2986 5)?

341 3008 392 3061 4.
435 3006 591 3078 [vers
628 3006 786 3079 15L]
829 3007 940 3062 lloc
957 3008 1115 3063 etiam
1140 3008 1240 3062 iste
1259 3008 1513 3078 parvulus
1532 3008 1845 3064 conﬁtetur:

265 3097 345 3152 Os
365 3115 546 3163 meum,
578 3099 764 3168 inquit,
793 3101 1006 3168 aperui,
1031 3108 1078 3152 et
1101 3101 1286 3152 attraxi
1314 3101 1547 3170 spiritum
1571 3142 1584 3165 ,
1613 3102 1848 3170 quoniam

260 3194 509 3244 mundata
540 3201 627 3244 tua
666 3190 1031 3246 desiderabam.
1063 3191 1200 3258 Quid
1238 3191 1608 3258 desiderabat,
1640 3193 1738 3248 nisi
1775 3192 1853 3247 fa-

261 3299 394 3340 cere
413 3285 655 3338 mandata
679 3284 889 3339 divina?
915 3284 1020 3340 Sed
1050 3299 1153 3338 non
1182 3295 1296 3339 erat
1323 3285 1462 3340 unde
1485 3285 1680 3340 faceret
1706 3287 1851 3340 infir-

265 3393 393 3432 mus
433 3377 584 3432 fortia
609 3420 621 3440 ,
654 3379 906 3447 parvulus
947 3393 1133 3447 magna
1168 3394 1181 3430 :
1213 3383 1421 3448 aperuit
1465 3393 1559 3445 os,
1593 3379 1852 3434 conﬁtens

263 3468 412 3540 quod
431 3485 522 3540 per
545 3485 606 3526 se
627 3473 738 3540 ipse
759 3485 862 3526 non
888 3472 1112 3536 faceret;
1141 3481 1192 3525 et
1212 3472 1427 3526 attraxit
1448 3472 1588 3528 unde
1608 3472 1806 3528 iaceret
1834 3490 1847 3526 :

269 3562 484 3629 aperuit
513 3577 572 3616 os
613 3563 838 3632 petendo
861 3603 877 3629 ,
909 3562 1196 3632 quasrendo
1221 3604 1235 3630 ,
1270 3564 1556 3634 pulsando;
1587 3575 1640 3618 et
1666 3566 1855 3620 sitiens

268 3653 451 3708 hausit
474 3653 727 3723 Spiritum
771 3654 967 3708 bonum
992 3695 1007 3720 ,
1041 3653 1182 3708 unde
1224 3654 1441 3719 faceret,
1471 3655 1611 3724 quod
1642 3671 1736 3725 per
1763 3670 1853 3710 se-

273 3747 454 3814 ipsum
483 3762 586 3800 non
620 3755 852 3817 poterat,
882 3746 1184 3802 mandatum
1215 3756 1458 3801 sanctum
1495 3758 1547 3801 et
1568 3748 1768 3816 justum
1800 3759 1854 3803 et

269 3838 472 3892 bonum
523 3838 632 3910 (Id.
659 3854 733 3895 vn
759 3881 772 3904 ,
809 3838 930 3910 12).
978 3839 1032 3894 Si
1061 3839 1202 3902 enim
1231 3854 1328 3893 nos
1354 3854 1476 3895 cum
1509 3839 1678 3894 simus
1707 3840 1850 3904 mali,

270 3933 517 3988 novimus
542 3932 676 3986 bona
708 3932 828 3988 data
859 3933 988 3987 dare
1028 3932 1148 3987 ﬁliis
1188 3933 1418 3997 nostris;
1464 3941 1662 4003 quanto
1688 3934 1856 4003 magis

270 4024 438 4078 Pater
466 4037 642 4080 uoster
667 4025 734 4080 de
760 4025 896 4082 etelo
921 4025 1010 4080 dat
1038 4026 1291 4094 Spiritum
1330 4027 1526 4081 bonum
1557 4027 1857 4096 petentibus

269 4133 402 4172 eum
433 4116 682 4188 (Luexiu
708 4160 722 4185 ,
757 4119 819 4172 l0
843 4159 858 4184 ,
891 4120 1035 4188 15)?
1066 4119 1178 4173 Non
1223 4119 1364 4174 enim
1413 4119 1499 4188 qui
1544 4119 1732 4188 spiritu
1761 4134 1859 4175 suo

267 4217 462 4276 agunt,
493 4207 584 4263 sed
615 4219 873 4279 quotquot
902 4210 1101 4280 Spiritu
1128 4209 1222 4264 Dei
1253 4219 1500 4281 aguntur,
1533 4210 1584 4264 hi
1617 4210 1706 4264 lilii
1737 4221 1860 4266 sunt

269 4297 376 4352 Dei
408 4297 594 4365 (Rom.
623 4315 709 4353 vIu
736 4340 752 4366 ,
783 4298 888 4372 15)
919 4318 930 4352 :
962 4317 1064 4356 non
1095 4302 1214 4370 quia
1243 4302 1340 4372 ipsi
1372 4301 1498 4356 nihil
1529 4310 1729 4372 agunt;
1762 4301 1856 4356 sed

271 4403 350 4442 ne
377 4388 504 4443 nihil
547 4390 668 4444 boni
707 4400 903 4462 agant,
932 4407 960 4446 a
1002 4391 1142 4446 bono
1167 4401 1393 4463 aguntur
1423 4401 1480 4447 ut
1520 4403 1696 4464 agant.
1727 4393 1857 4448 Nam

271 4488 430 4534 tanto
457 4481 619 4552 magis
642 4481 873 4536 efﬁcitur
892 4482 1116 4553 quisque
1147 4484 1284 4538 filius
1312 4485 1500 4551 bonus,
1531 4494 1728 4554 quanto
1754 4485 1860 4540 lar-

269 4571 398 4643 gius
427 4572 473 4625 ei
505 4572 658 4626 datur
686 4586 715 4625 a
743 4573 900 4627 Patre
925 4573 1152 4642 Spiritus
1180 4574 1373 4629 bonus.

355 4662 408 4717 5.
449 4661 609 4736 [vers.
661 4663 826 4736 152.]
868 4665 1101 4735 Denique
1130 4665 1230 4720 iste
1267 4666 1438 4721 adhuc
1467 4667 1616 4736 petit.
1650 4667 1722 4721 Os
1745 4668 1861 4737 qui-

271 4753 406 4808 dem
447 4756 690 4824 aperuit,
730 4763 784 4810 et
847 4755 1063 4810 attraxit
1107 4757 1385 4827 spiritum;
1438 4759 1530 4812 sed
1580 4759 1753 4814 adhuc
1793 4759 1860 4813 ad

276 4848 492 4904 Patrem
522 4850 734 4918 pulsat,
762 4858 815 4904 et
841 4851 1030 4920 quzerit
1061 4869 1074 4906 :
1104 4850 1272 4916 bibit,
1304 4851 1395 4906 sed
1425 4861 1622 4920 quanto
1647 4853 1862 4907 suavius

271 4944 469 5005 sensit,
499 4951 646 4996 tanto
673 4941 943 4998 ardentius
968 4943 1140 4999 adhuc
1166 4944 1293 4998 sitit.
1323 4944 1459 5022 Audi
1489 4945 1646 5000 verba
1677 4946 1861 5000 sitien-

274 5035 391 5089 tis:
423 5033 633 5105 Respice
656 5077 669 5102 ,
697 5035 884 5105 inquit,
915 5037 968 5090 in
998 5053 1075 5090 me
1093 5077 1106 5101 ,
1134 5045 1180 5091 et
1208 5024 1441 5090 miserere
1468 5038 1562 5089 mei
1589 5038 1861 5091 secundum

274 5128 525 5191 iudicium
554 5130 867 5199 diligentiam
895 5118 1073 5184 nomen
1112 5139 1251 5182 tuum
1292 5146 1310 5182 :
1355 5129 1404 5183 id
1435 5139 1536 5195 est,
1569 5129 1859 5184 secundum

271 5219 532 5290 judicium
549 5221 688 5290 quod
713 5222 760 5274 in
785 5237 878 5276 eos
901 5219 1091 5288 fecisti,
1111 5223 1198 5292 qui
1223 5221 1448 5292 diligunt
1469 5236 1660 5276 nomen
1682 5231 1860 5286 tuum;

273 5311 532 5382 quoniam
555 5305 612 5366 ut
631 5313 906 5384 diligerent
933 5323 1005 5376 te.
1037 5315 1181 5384 prius
1210 5315 1439 5370 dilexisti
1467 5329 1580 5370 eos.
1610 5314 1697 5369 Sic
1719 5315 1860 5368 enim

271 5404 513 5460 Joannes
540 5407 813 5476 apostolus
837 5408 930 5472 ait,
967 5405 1077 5462 Nos
1103 5407 1361 5477 diligimus
1380 5447 1393 5473 ,
1428 5407 1616 5475 inquit,
1651 5405 1814 5460 Deum
1844 5423 1862 5460 :

271 5507 330 5549 et
367 5496 507 5551 \elut
533 5511 689 5551 causa
739 5509 1099 5566 quaereretur,
1132 5513 1391 5568 quaenos
1435 5499 1654 5566 diligere
1699 5499 1857 5562 fecit;

275 5579 554 5652 adjunxit,
568 5580 833 5647 Quoniam
851 5583 1114 5648 ipseprior
1130 5584 1316 5635 dilexit
1334 5598 1424 5634 nos
1441 5578 1856 5652 (lJoan.Iv,l9).

354 5673 406 5728 6.
440 5673 595 5746 [i-ers.
625 5673 768 5746 155.]
795 5673 924 5730 Vide
951 5683 1004 5729 et
1034 5673 1137 5729 iste
1166 5675 1295 5745 quid
1321 5674 1663 5743 apertissime
1679 5673 1857 5727 dicat:

279 5765 509 5822 Crassus
537 5783 676 5822 meos
709 5767 876 5834 dirige
896 5767 1181 5823 secundum
1202 5767 1462 5834 eloquium
1493 5775 1663 5833 tuum,
1687 5773 1734 5820 et
1758 5781 1858 5818 non

1317 311 1707 371 ENAItnATIO
1746 303 1810 369 ΙΝ
1852 311 2173 371 PSALMUM
2212 313 2442 371 CXVIII.

3390 327 3525 383 1382

1945 426 2228 482 dominetur
2257 430 2354 482 mei
2396 433 2556 484 oumis
2601 431 2855 502 iniquitas.
2890 434 2989 492 Ubi
3035 439 3161 508 quid
3209 394 3349 496 aliuil
3397 444 3528 500 dicit

1941 532 2098 586 quam
2122 561 2137 585 ,
2171 519 2388 575 Rectum
2417 530 2470 576 et
2495 523 2720 579 liberum
2749 541 2836 581 me
2863 527 2942 582 fac
2966 531 3257 587 secundum
3296 536 3526 604 promis-

1941 623 2058 663 sum
2084 611 2267 664 tuum?
2291 612 2500 680 Quanto
2525 623 2700 670 autem
2724 619 2890 688 magis
2911 633 3094 690 regnat
3116 623 3165 677 in
3189 639 3527 698 quocumque

1942 700 2038 757 Dei
2084 702 2355 770 eliaritas,
2401 714 2547 760 tanto
2588 708 2766 764 minus
2810 712 2858 766 ei
2905 712 3208 769 dominatur
3253 718 3524 788 iniquitas.

1941 792 2078 858 Quid
2105 810 2232 864 ergo
2263 796 2404 850 aliud
2448 799 2612 866 petit,
2646 817 2802 869 quam
2850 814 2905 857 ut
2942 805 3172 862 donante
3204 809 3314 864 Deo
3343 811 3529 881 diligat

1945 885 2150 939 Deum?
2182 887 2457 958 Diligendo
2488 891 2627 945 enim
2663 893 2848 958 Deum,
2879 896 3045 968 diligit
3073 901 3328 970 seipsum,
3363 915 3420 959 ut
3445 905 3525 959 di-

1943 977 2105 1047 ligere
2129 978 2413 1034 salubriter
2442 984 2608 1051 possit
2640 995 2694 1038 et
2738 989 3034 1054 proximum
3079 993 3216 1048 sicut
3241 996 3473 1066 seipsum
3510 1016 3524 1052 :

1945 1069 1994 1121 in
2035 1069 2226 1138 quibus
2266 1073 2546 1142 prieccptis
2596 1084 2702 1129 tota
2752 1077 2859 1133 Lex
2907 1081 3104 1148 pendet
3148 1095 3200 1138 et
3246 1086 3527 1156 Pt'0pliet:e

1943 1160 2156 1229 (Matth.
2186 1179 2295 1218 χχιι
2321 1205 2334 1228 ,
2368 1165 2593 1236 37-40).
2630 1167 2766 1235 Quid
2809 1170 2968 1240 igitur
2994 1183 3144 1239 orat,
3178 1177 3274 1231 nisi
3306 1189 3360 1232 ut
3389 1196 3528 1250 prae-

1942 1263 2092 1319 Copta
2123 1269 2242 1321 qua:
2269 1254 2408 1309 Deus
2438 1257 2661 1326 imponit
2683 1259 2938 1329 jubendo,
2971 1264 3172 1335 impleri
3208 1267 3357 1324 faciat
3389 1272 3530 1342 adju-

1942 1348 2114 1398 vando
2131 1342 2155 1397 ἲ

2017 1438 2068 1491 7.
2103 1437 2265 1508 [vers.
2306 1441 2460 1514 l5i.]
2499 1443 2601 1498 Sed
2633 1445 2757 1515 quid
2804 1457 2886 1502 est
2931 1450 3068 1519 quod
3109 1452 3274 1518 dicit,
3325 1455 3533 1510 Redime

1945 1545 2023 1583 me
2050 1548 2080 1583 a
2109 1532 2374 1587 calumniis
2418 1535 2677 1591 hominum
2701 1579 2715 1604 ,
2747 1551 2793 1593 et
2822 1544 3101 1597 custodiam
3131 1549 3372 1601 mandata
3401 1536 3533 1604 tua?

1945 1619 2001 1676 Si
2024 1637 2145 1676 vera
2170 1624 2242 1678 illi
2269 1624 2512 1681 homines
2532 1630 2754 1684 crimina
2777 1631 3052 1701 objiciunt,
3078 1652 3181 1689 non
3206 1639 3534 1694 calumnian-

1948 1721 2032 1766 tur
2061 1731 2074 1768 :
2100 1713 2143 1767 si
2171 1715 2322 1781 falsa,
2354 1718 2478 1786 quid
2509 1731 2590 1774 est
2618 1721 2759 1789 quod
2788 1737 2847 1778 se
2873 1726 3062 1780 redimi
3087 1727 3356 1785 desiderat
3380 1747 3409 1785 a
3440 1747 3532 1786 ca-

1947 1802 2182 1866 lumniis,
2207 1805 2258 1859 id
2287 1817 2368 1861 est
2392 1823 2419 1860 a
2445 1809 2756 1866 criminibus
2779 1812 2945 1879 falsis,
2971 1832 3085 1886 qua:
3106 1818 3178 1872 illi
3207 1835 3401 1877 nocere
3427 1838 3531 1877 non

1947 1897 2204 1963 possunt?
2233 1897 2445 1954 Crimen
2475 1902 2669 1972 quippe
2697 1903 2884 1959 falsum
2913 1949 2926 1972 ,
2958 1909 3097 1977 quod
3124 1919 3204 1964 est
3232 1912 3494 1968 calumnia
3513 1957 3528 1976 ,

1947 2001 2098 2041 reum
2143 2003 2248 2043 non
2280 1990 2404 2046 facit
2437 1991 2702 2048 hominem
2731 2037 2743 2061 ,
2778 1998 2876 2052 nisi
2921 2000 3059 2068 apud
3090 2001 3322 2070 judicem
3366 2004 3534 2060 homi.

1949 2094 2070 2133 nem
2104 2098 2116 2133 :
2149 2080 2236 2135 ubi
2264 2091 2440 2137 autem
2471 2085 2611 2140 Deus
2638 2087 2798 2156 judex
2831 2101 2932 2155 est,
2960 2093 3134 2147 nullus
3161 2095 3289 2150 falso
3315 2098 3536 2153 crimine

1951 2172 2198 2239 laeditur;
2228 2177 2350 2245 quia
2383 2194 2485 2232 non
2514 2180 2596 2233 cui
2628 2181 2896 2250 objicitur,
2928 2185 3020 2239 sed
3063 2187 3331 2256 objicienti
3365 2192 3536 2259 potius

1951 2263 2262 2332 imputatur.
2305 2267 2384 2320 An
2434 2268 2519 2322 hic
2565 2269 2819 2326 Ecclesiae
2866 2277 3214 2345 przesignatur
3243 2282 3453 2348 oratio,
3485 2293 3539 2336 et

1951 2355 2183 2410 universi
2227 2359 2403 2427 populi
2434 2361 2750 2426 christiani,
2783 2366 2870 2433 qui
2914 2367 3221 2438 redemptus
3265 2382 3347 2425 est
3391 2387 3418 2425 a
3451 2388 3539 2428 ca~

1951 2445 2166 2501 lumniis
2193 2447 2488 2512 hominum,
2519 2453 2712 2522 quibus
2736 2457 3138 2528 exagitabantur
3164 2479 3538 2536 usquequaque

1951 2535 2273 2594 Christiani?
2299 2540 2402 2596 Sed
2433 2545 2685 2614 numquid
2736 2558 3014 2618 propterea
3046 2553 3135 2608 Dei
3168 2557 3413 2612 mandata
3441 2535 3538 2614 cu-

1952 2628 2117 2683 stodit
2147 2630 2198 2682 '?
2224 2630 2410 2688 Nonne
2441 2635 2578 2690 inter
2608 2635 2750 2706 ipsas
2778 2641 3088 2709 calumnias,
3122 2649 3332 2716 quando
3361 2649 3538 2706 ferve-

1955 2719 2099 2783 bant.
2133 2722 2300 2776 multo
2330 2724 2618 2794 gloriosius
2648 2732 2872 2799 pOpulus
2901 2745 3116 2790 sanctus
3160 2738 3210 2792 in
3245 2740 3541 2797 tribulatio-

1953 2813 2110 2868 nibus
2151 2814 2244 2869 Dei
2289 2816 2534 2872 maudata
2574 2823 2855 2892 servabat,
2889 2841 3010 2880 cum
3052 2828 3116 2881 ad
3160 2835 3541 2901 perpetraudas

1955 2900 2252 2973 impietates
2269 2911 2715 2978 persequentibus
2747 2928 2850 2968 non
2879 2916 3139 2973 cedebat?
3293 2925 3540 2981 nimirum

1957 2995 2056 3050 hoc
2075 3005 2178 3064 est,
2203 2996 2412 3054 Redime
2433 3017 2511 3055 me
2533 3018 2564 3054 a
2593 3005 2859 3060 calumniis
2885 3008 3164 3077 hominum,
3190 3023 3236 3067 et
3261 3017 3542 3071 custodiant

1953 3088 2194 3142 mandata
2225 3099 2311 3143 tua
2340 3106 2358 3144 :
2389 3091 2465 3146 Tu
2497 3107 2594 3162 age
2638 3095 2813 3151 infuso
2843 3097 3038 3167 Spiritu
3071 3110 3160 3156 tuo
3183 3143 3198 3168 ,
3234 3121 3299 3158 ne
3331 3122 3415 3159 me
3453 3122 3544 3162 ea-

1955 3178 2168 3234 lumnite
2199 3180 2473 3238 hominum
2507 3187 2799 3243 terroribus
2845 3191 3096 3260 vincant,
3127 3203 3179 3248 et
3202 3211 3231 3250 ιι
3263 3197 3366 3251 tuis
3393 3215 3546 3253 man-

1955 3270 2092 3326 datis
2116 3271 2181 3326 ad
2205 3287 2298 3328 sua
2324 3275 2459 3328 mala
2487 3275 2622 3332 facta
2645 3279 2943 3337 traducant.
2966 3283 3018 3337 Si
3044 3287 3183 3340 enim
3213 3287 3314 3344 hoc
3336 3306 3544 3347 mecum

1957 3367 2149 3436 egeris,
2181 3368 2229 3421 id
2261 3376 2344 3423 est
2363 3411 2376 3433 ,
2405 3369 2506 3424 hoc
2534 3371 2694 3426 modo
2724 3389 2808 3429 me
2838 3375 2904 3430 ab
2931 3391 3115 3433 eorum
3147 3381 3449 3451 calumniis,
3478 3401 3546 3440 ne

1957 3457 2354 3514 criminationes
2381 3462 2538 3516 falsas
2567 3480 2699 3535 quas
2726 3466 2982 3535 objiciunt
3011 3472 3382 3540 pertimescam
3409 3520 3424 3544 ,
3456 3493 3547 3547 pa-

1958 3549 2140 3603 tientia
2172 3550 2364 3606 donata
2411 3553 2734 3620 redemeris;
2770 3557 2905 3613 inter
2935 3559 3077 3630 ipsas
3115 3563 3408 3620 calumnias
3447 3583 3546 3624 eu-

1957 3641 2182 3695 stodiam
2213 3643 2456 3698 mandata
2488 3655 2596 3699 tua.

2030 3734 2082 3788 8.
2119 3733 2283 3806 [vers.
2322 3736 2479 3808 155.]
2526 3736 2729 3791 Faciem
2761 3749 2901 3792 luant
2923 3783 2938 3806 ,
2973 3742 3176 3812 inquit,
3206 3747 3437 3802 illumina
3463 3768 3548 3805 su-

1963 3841 2050 3893 per
2069 3841 2262 3878 servum
2284 3835 2423 3879 tuum
2446 3845 2462 3880 :
2488 3827 2534 3880 id
2558 3838 2660 3893 est,
2689 3840 2827 3882 luam
2853 3832 3155 3901 manifesta,
3179 3839 3547 3897 subveniendo

1961 3923 2015 3970 et
2039 3917 2350 3985 opitulando
2375 3959 2388 3980 ,
2423 3920 2782 3988 prmsentiam.
2820 3920 2882 3974 Et
2908 3922 3033 3977 doce
3059 3942 3135 3978 me
3156 3927 3548 3996 justiﬁealiones

1962 4016 2093 4060 tuas.
2125 4007 2265 4063 Doce
2297 4008 2478 4078 utique
2509 4017 2562 4063 ut
2606 4009 2792 4064 faciam
2840 4029 2852 4064 :
2899 4014 3042 4082 quod
3081 4016 3377 4074 evidentius
3419 4024 3547 4077 alibi

1962 4101 2187 4169 legitur,
2224 4100 2360 4156 Doce
2402 4118 2480 4155 me
2525 4111 2578 4154 ut
2623 4105 2810 4174 faciant
2850 4107 3154 4161 voluntatem
3206 4119 3344 4164 tuam
3376 4112 3546 4184 (Psal.

1963 4207 2122 4258 CXLII,
2159 4193 2274 4261 10).
2302 4192 2400 4259 Qui
2440 4193 2581 4247 enim
2609 4194 2865 4260 audiunt,
2901 4195 3023 4252 licet
3051 4202 3304 4254 memoria
3335 4213 3551 4259 teneant

1964 4283 2103 4352 quod
2130 4282 2352 4335 audiunt
2378 4325 2392 4349 ,
2427 4298 2758 4353 nequaquam
2787 4285 3036 4342 didicisse
3067 4293 3282 4359 putandi
3315 4303 3474 4360 sunt,
3504 4297 3549 4351 si

1964 4390 2068 4428 non
2103 4374 2314 4428 faciunt.
2351 4373 2602 4428 Veritatis
2629 4390 2855 4445 namque
2884 4379 3103 4432 verbum
3131 4391 3231 4448 est,
3268 4383 3443 4437 Omnis
3466 4388 3550 4455 qui

1964 4466 2155 4517 audivit
2177 4482 2207 4518 α
2231 4465 2389 4519 Patre
2416 4475 2461 4519 et
2491 4465 2702 4531 didicit,
2733 4469 2863 4521 venit
2895 4471 2961 4522 ml
2991 4488 3067 4524 me
3097 4472 3272 4541 (Joan.
3301 4492 3350 4529 Vl
3375 4518 3389 4540 ,
3421 4479 3492 4532 45
3511 4486 3550 4546 j.

1965 4555 2062 4622 Qui
2091 4570 2217 4625 ergo
2245 4572 2347 4609 non
2378 4555 2522 4622 facit,
2553 4556 2602 4610 id
2634 4567 2713 4611 est
2741 4573 2842 4612 non
2870 4561 3031 4625 venit,
3066 4579 3170 4617 non
3199 4565 3404 4622 didicit.

2036 4649 2088 4702 9.
2122 4646 2283 4720 [vers.
2321 4646 2478 4718 156.]
2522 4647 2783 4702 Recolens
2830 4660 3004 4704 autem
3038 4653 3138 4708 iste
3167 4655 3404 4712 dolorem
3439 4676 3552 4729 pm-

1965 4740 2201 4794 nitentice
2230 4741 2679 4811 prmvaricationis
2703 4756 2832 4804 sum,
2862 4742 3042 4798 Exitus
3067 4763 3332 4816 aquarum,
3359 4753 3547 4824 inquit,

1966 4833 2324 4888 descenderunt
2363 4833 2496 4887 oculi
2536 4837 2666 4909 mei,
2709 4833 2825 4902 quia
2870 4853 2969 4890 non
3009 4841 3349 4895 custodierunt
3395 4845 3552 4914 legem

1967 4933 2102 4976 tuam
2146 4924 2245 4978 :id
2287 4933 2401 4989 est,
2455 4924 2551 4992 ipsi
2611 4927 2749 4980 oculi
2792 4928 2916 4980 mei.
2966 4927 3096 4983 Nam
3141 4931 3193 4984 in
3236 4936 3550 5002 quibusdam

1967 5016 2236 5069 codicibus
2279 5027 2330 5069 et
2376 5019 2474 5069 hoc
2523 5017 2745 5086 legitur,
2781 5017 2913 5084 Quia
2960 5036 3061 5072 ιιοιι
3107 5024 3356 5076 custodivi
3393 5023 3553 5093 legem

1967 5117 2123 5158 luam.
2153 5104 2528 5158 Descenderam
2572 5122 2698 5176 ergo
2724 5108 2888 5161 exitus
2917 5125 3160 5179 aqum'nm
3185 5153 3197 5172 ,
3231 5113 3279 5165 id
3311 5123 3390 5166 est
3421 5115 3554 5168 cffu-

1968 5199 2146 5252 siones
2167 5199 2538 5268 lacrymarum.
2569 5199 2630 5253 Et
2653 5216 2712 5252 ea
2741 5200 3007 5256 locutione
3033 5219 3132 5272 qua
3161 5203 3338 5259 dicere
3362 5207 3553 5273 potuit,

1968 5291 2172 5345 Montes
2197 5291 2586 5345 descenderunt
2614 5292 2775 5361 pedes
2803 5295 2924 5359 mei;
2955 5295 3053 5349 etsi
3082 5311 3184 5349 non
3211 5299 3434 5360 diceret,
3460 5315 3555 5370 per

1969 5391 2196 5447 montes,
2225 5381 2341 5444 vel,
2373 5381 2424 5434 in
2455 5391 2664 5438 montes
2698 5401 2710 5435 :
2743 5398 2804 5437 ea
2833 5384 3101 5439 locutione
3128 5386 3340 5453 dicitur,
3371 5391 3552 5445 Scalas

1968 5472 2262 5538 descendit,
2284 5473 2382 5526 etsi
2412 5487 2514 5526 non
2544 5473 2770 5540 dicatur,
2801 5490 2893 5542 per
2913 5475 3116 5540 scalas;
3152 5487 3260 5542 aut,
3288 5479 3551 5538 Piscinam

1969 5568 2262 5634 descendit,
2291 5567 2389 5621 etsi
2420 5582 2522 5620 non
2560 5567 2784 5633 dicatur,
2816 5567 2864 5619 iu
2899 5569 3174 5636 piscinam.
3209 5571 3274 5625 Et
3301 5573 3432 5630 bene
3457 5579 3552 5644 ait,

1971 5662 2354 5725 descenderunt,
2389 5659 2683 5713 humilitate
2711 5659 2914 5713 scilicet
2947 5661 3256 5730 pmuitendi.
3286 5668 3557 5724 Ascende-

2038 5779 2050 5807 ¹
2073 5773 2204 5831 ωδ..
2223 5785 2315 5823 ιιοιι
2341 5771 2558 5823 custodit.
2581 5772 2741 5829 Abest,
2767 5770 2873 5828 non,
2899 5784 2925 5820 a
2951 5778 3058 5825 Mss.
