4032 6202
502 334 643 390 4585
740 372 743 377 -

503 454 631 502 runt
655 445 819 511 enim,
839 445 1051 517 quando
1077 459 1171 515 per
1192 442 1498 515 superbiam
1523 452 1888 500 contumacem
1915 441 2078 499 erecti

509 537 716 592 inerant
749 545 804 591 et
826 537 970 593 elati.
1010 536 1233 591 Sursum
1264 535 1408 591 cnim
1444 535 1545 591 sibi
1582 549 1701 591 esse
1730 534 2077 599 videbantur,

508 629 723 699 quando
746 630 1048 699 ignorantes
1076 629 1167 684 Dei
1184 628 1464 698 justitiam,
1489 628 1814 684 constituere
1836 628 2084 682 volebant

508 737 657 776 suam
688 720 877 790 (Rom.
917 736 974 784 χ.
1000 721 1072 791 ὃ)
1101 738 1114 774 :
1145 721 1197 775 in
1224 736 1325 791 qua
1356 719 1553 790 fatigati
1588 730 1642 775 et
1668 720 1799 790 legis
1830 718 2082 789 praevari-

509 810 720 865 catione
747 809 977 874 confusi,
1005 811 1073 866 ab
1103 811 1191 865 illa
1221 810 1449 866 elatione
1475 808 1862 865 descenderunt
1885 808 2080 877 ﬂendo,

509 908 571 954 ιιι
586 894 846 966 iustitiam
876 901 967 956 Dei
996 901 1173 971 potius
1198 901 1542 971 impetrarent
1562 898 1865 970 paenitendo
1889 900 1929 952 ¹.
1951 899 2086 954 Sunt

506 991 718 1047 codices
743 992 831 1062 qui
859 1008 966 1047 non
997 991 1196 1047 habent
1222 991 1604 1059 descenderunt,
1633 990 1725 1046 sed
1758 991 2081 1057 transierunt,

511 1093 758 1152 tanquam
780 1092 1161 1153 exaggeranter
1184 1081 1387 1137 diceret
1411 1081 1665 1136 transisse
1690 1095 1750 1135 se
1773 1079 1947 1135 ﬂendo
1973 1080 2087 1134 ton-

509 1182 591 1228 tcs
615 1189 912 1244 aquarum;
960 1182 1017 1229 ut
1062 1173 1164 1229 boc
1209 1173 1565 1243 intelligamus
1606 1172 1767 1226 exitus
1795 1185 2085 1240 aquarum:

513 1262 563 1316 id
594 1271 677 1317 est
698 1265 719 1294 ’
742 1304 756 1328 ,
785 1263 904 1333 plus
947 1262 1156 1318 ﬂevisse
1179 1302 1195 1328 ,
1226 1278 1383 1333 quam
1428 1270 1645 1316 manant
1690 1277 1841 1332 aqua:
1868 1261 1937 1315 de
1978 1260 2088 1315 suis

508 1354 761 1408 exitibus.
784 1354 894 1408 Cur
916 1363 1091 1410 autem
1123 1369 1228 1409 non
1257 1354 1516 1409 custodita
1545 1354 1658 1424 lege
1688 1354 1764 1409 sic
1784 1353 1957 1419 ﬂetur,
1987 1352 2086 1407 nisi

513 1454 571 1497 ut
596 1444 908 1514 impetretur
930 1446 1095 1515 gratia
1120 1485 1136 1510 ,
1157 1460 1282 1515 qua:
1317 1444 1623 1513 paenitentis
1661 1444 1803 1500 delet
1838 1442 2087 1514 iniquita-

506 1546 644 1604 tem,
672 1546 726 1591 et
751 1536 1021 1593 credentis
1046 1536 1260 1606 adjuvat
1286 1536 1654 1593 voluntatem?

1110 1684 1280 1728 εειιιιο
1305 1680 1492 1728 XXVI".

584 1801 636 1853 1.
679 1794 828 1873 [vers.
878 1801 1002 1867 137,
1049 1799 1198 1874 158.]
1247 1801 1461 1857 Dixerat
1498 1802 1741 1872 superius
1778 1801 1867 1872 qui
1913 1804 2091 1856 eantot

515 1898 652 1948 hunc
669 1895 951 1965 psalmum,
967 1893 1145 1949 Exitus
1165 1911 1409 1964 aquarum
1430 1894 1793 1949 descenderunt
1814 1893 1948 1948 oculi
1967 1894 2085 1959 mei,

495 1987 747 2056 quoniam
783 2001 883 2039 non
913 1985 1253 2038 custodierunt
1282 1984 1439 2056 legem
1463 1992 1603 2039 tuam
1628 2000 1648 2039 .'
1669 1984 1759 2040 ubi
1784 1999 1844 2040 se
1867 1983 2092 2038 multum

516 2076 727 2131 ﬂevisse
758 2084 980 2130 testatus
1004 2085 1086 2131 est
1116 2074 1600 2145 prmvaricationem
1641 2089 1811 2131 suam.
1840 2074 2092 2141 Proinde,

516 2164 658 2219 velut
687 2152 944 2218 rationem
992 2163 1221 2219 reddens
1247 2179 1343 2220 cur
1370 2165 1592 2219 multum
1618 2164 1748 2221 ﬂere
1774 2164 2016 2220 debuerit
2040 2174 2096 2221 et

513 2271 668 2308 suum
695 2255 924 2325 graviter
949 2254 1133 2310 dolere
1159 2263 1457 2327 peccatum,
1478 2255 1659 2310 Justus
1678 2272 1751 2321 es,
1774 2256 1964 2326 inquit,
1993 2255 2095 2310 Do-

515 2350 667 2410 mine,
697 2354 744 2398 et
772 2354 958 2398 rectum
974 2344 1229 2416 judicium
1257 2354 1418 2399 tuum.
1466 2344 1725 2400 Mandasti
1745 2347 2004 2416 justitiam
2026 2357 2097 2401 tea-

498 2437 746 2492 .stimouia
767 2447 871 2504 tua,
892 2444 937 2491 et
964 2438 1220 2492 veritatem
1242 2446 1379 2491 tuam
1404 2438 1565 2493 valde.
1594 2437 1719 2493 Haec
1743 2438 1923 2508 utique
1939 2437 2097 2508 iusti-

516 2527 586 2581 tia
638 2520 734 2582 Dei
787 2537 1099 2597 rectumque
1146 2527 1401 2594 judicium
1452 2536 1509 2582 et
1553 2527 1770 2592 veritas,
1827 2528 1973 2581 omni
2016 2536 2096 2583 est

517 2616 795 2672 metuenda
844 2617 1080 2687 peccanti
1116 2618 1259 2672 :bac
1299 2619 1439 2672 enim
1482 2616 1802 2672 damnantur
1849 2617 2100 2673 divinitus

515 2709 835 2778 quicumque
875 2707 1230 2773 damnantur;
1262 2723 1359 2763 nec
1396 2717 1480 2764 est
1515 2708 1734 2764 omnino
1777 2708 1868 2779 qui
1908 2708 1975 2765 de
2004 2723 2099 2764 sua

518 2795 860 2852 damnatione
888 2809 1071 2852 contra
1101 2798 1264 2852 Deum
1290 2798 1493 2869 iustum
1519 2808 1662 2855 recte
1687 2801 1940 2870 conqueri
1972 2815 2099 2870 pos-

518 2886 605 2941 sit.
640 2885 770 2942 lnde
797 2887 950 2941 ﬂetus
976 2896 1152 2942 rectus
1175 2896 1258 2944 est
1284 2889 1625 2958 paenitentis;
1666 2890 1914 2960 quoniam
1940 2889 1985 2945 si
2009 2904 2103 2946 cor

446 3054 449 3055 ν
519 2977 633 3047 ejus
676 2978 1014 3048 impaenitens
1056 2976 1431 3047 damnaretur,
1459 2981 1753 3052 iustissime
1797 2985 1981 3054 utique
2009 2983 2104 3039 da-

521 3080 811 3126 mnaretur.
841 3066 982 3127 Sane
998 3071 1255 3141 justitiam
1276 3072 1405 3128 dicit
1425 3075 1725 3129 testimonia
1755 3074 1845 3130 Dei
1867 3093 1880 3128 :
1894 3075 2096 3146 iustum

520 3162 714 3233 quippe
742 3177 800 3216 se
832 3160 1017 3232 probat
1043 3163 1342 3217 mandando
1362 3164 1642 3232 justitiam.
1673 3165 1769 3220 Est
1803 3168 1964 3222 etiam
1989 3167 2107 3225 btet:

524 3255 739 3319 veritas,
772 3263 829 3307 ut
856 3254 994 3307 Deus
1025 3255 1345 3309 testimoniis
1375 3255 1565 3310 talibus
1590 3255 1903 3312 innotescat.

598 3343 653 3396 2.
682 3342 1001 3416 [vers.139.]
1024 3340 1127 3397 Sed
1149 3343 1271 3413 quid
1300 3354 1379 3398 est
1399 3344 1538 3414 quod
1558 3346 1796 3417 sequitur
1818 3365 1831 3401 :
1851 3347 2106 3420 Tabefecit

524 3448 602 3487 me
626 3435 764 3487 zelus
807 3450 985 3497 mens;
1014 3428 1117 3495 vel,
1164 3434 1301 3488 sicut
1336 3436 1422 3489 alii
1466 3436 1678 3491 codices
1725 3438 1940 3507 habent,
1968 3440 2106 3496 zelus

526 3536 640 3580 tuus
663 3522 688 3580 Ζ)
713 3524 917 3579 ilabent
941 3522 1177 3580 nonnulli
1203 3526 1381 3593 etiam,
1422 3527 1598 3582 domus
1624 3538 1726 3583 tua:
1748 3545 1775 3584 ι
1795 3540 1848 3585 et
1873 3547 2000 3599 non,
2024 3542 2104 3587 ta-

526 3619 700 3688 bcfctit
730 3634 847 3683 me;
889 3617 1003 3685 scd,
1048 3616 1263 3672 comedit
1292 3635 1387 3672 tne.
1427 3619 1577 3687 Quod
1620 3636 1683 3675 ex
1711 3621 1815 3675 alio
1861 3622 2104 3692 psalmo,

526 3719 781 3783 quantum
809 3709 936 3764 mihi
962 3709 1191 3773 videtur,
1217 3718 1457 3779 putatum
1479 3719 1560 3766 est
1581 3712 1990 3779 emendandum,
2015 3716 2105 3772 ubi

527 3803 782 3875 scriptum
809 3812 912 3868 est,
937 3800 1090 3857 Zelus
1110 3802 1287 3856 domus
1304 3811 1404 3856 tua:
1424 3802 1636 3857 comedit
1661 3820 1738 3857 me
1759 3820 1778 3858 :
1799 3805 1940 3874 quod
1959 3820 2107 3860 com-

530 3904 879 3951 memoratum
901 3895 1057 3948 etiam
1080 3893 1130 3947 in
1154 3892 1440 3964 Evangelia
1455 3894 1697 3948 novimus
1723 3893 1894 3963 (Psal.
1918 3912 2105 3963 vant,

530 3987 636 4052 10;
666 3985 821 4040 Joan.
852 4000 906 4048 li,
941 3984 1051 4056 17).
1081 3982 1267 4039 Simile
1295 3992 1470 4038 tamen
1499 3983 1700 4054 aliquid
1725 3994 1827 4051 est,
1857 3986 2105 4056 tabefecit,

528 4079 576 4132 ei
607 4075 746 4147 quod
775 4075 842 4129 ibi
870 4083 970 4137 est,
1004 4075 1232 4128 comedit.
1266 4072 1417 4127 Zelus
1437 4084 1613 4129 autem
1644 4091 1803 4140 meus,
1830 4077 1969 4145 quod
1993 4077 2110 4146 plu-

532 4184 617 4224 res
645 4166 857 4222 codices
883 4165 1099 4229 habent,
1130 4165 1324 4219 nuilam
1357 4164 1549 4234 ingerit
1575 4166 1922 4235 qumstionem
1946 4184 1959 4218 :
1980 4167 2105 4237 quid

531 4259 672 4312 enim
718 4256 909 4309 mirum
939 4263 1020 4308 est
1060 4254 1105 4308 si
1131 4252 1244 4307 zelo
1272 4268 1368 4307 suo
1411 4254 1634 4324 quisque
1663 4254 1925 4310 tabescit?
1955 4256 2105 4323 Quod

532 4362 658 4400 vero
680 4345 875 4399 habent
897 4342 1079 4411 aliqui,
1101 4342 1236 4397 zelus
1258 4352 1395 4408 tuus,
1426 4342 1689 4413 signiﬁcat
1708 4344 1974 4401 hominem
1998 4347 2108 4402 Deo

532 4436 814 4497 zelatttctn,
847 4446 949 4485 non
984 4428 1117 4492 sibi;
1144 4431 1237 4485 sed
1267 4442 1371 4485 non
1408 4440 1665 4502 repugnat
1689 4433 1732 4486 si
1760 4434 1873 4503 ipse
1898 4433 2106 4491 dicatur

532 4538 586 4582 et
629 4541 784 4579 meus.
830 4523 961 4578 Nam
1008 4519 1130 4592 quid
1168 4522 1309 4577 aliud
1347 4520 1476 4577 dicit
1515 4525 1819 4593 Apostolus,
1866 4527 2110 4583 {Emulor

533 4619 665 4673 enim
689 4633 773 4673 eos
798 4614 921 4684 Deo,
949 4614 1266 4670 tetuulatione
1290 4612 1386 4669 Dei
1404 4615 1429 4668 2’
1447 4613 1577 4669 Nam
1593 4614 1841 4682 dicendo,
1866 4618 2110 4675 ιΕιιιιιιον

534 4728 637 4773 vos,
678 4708 827 4779 quid,
868 4706 967 4762 nisi
996 4704 1384 4761 aemulationem
1429 4705 1763 4761 demonstrat
1785 4722 1932 4763 suam
1956 4710 1977 4763 ἲ
2003 4710 2109 4765 Sed

534 4798 655 4871 quia
678 4797 829 4859 dixit,
862 4794 988 4862 Deo,
1020 4793 1069 4849 id
1102 4802 1202 4860 est,
1233 4809 1336 4849 non
1362 4794 1485 4859 sibi,
1520 4794 1614 4848 sed
1644 4796 1788 4859 Deo;
1822 4796 1940 4852 ideo
1962 4799 2110 4854 addi-

533 4892 629 4956 dit,
654 4888 973 4943 (t'ntulationc
998 4884 1110 4939 Dei.
1139 4884 1286 4940 lianc
1305 4886 1501 4955 quippe
1520 4901 1618 4940 suo
1643 4884 1842 4955 Spiritu
1866 4886 2111 4944 fidelibus

533 4984 644 5038 suis
674 4979 895 5049 inspirat
920 4977 1055 5031 Deus
1081 4993 1093 5027 :
1117 4975 1312 5029 amoris
1333 4974 1473 5028 cnint
1495 4984 1596 5040 est,
1625 4990 1728 5030 non
1752 4976 1950 5031 livoris.
1979 4977 2107 5032 Nam

534 5091 653 5145 qua:
697 5073 793 5127 fuit
831 5087 955 5125 cura
983 5069 1004 5100 ³
1035 5076 1094 5122 ut
1136 5067 1235 5121 hoc
1274 5067 1560 5137 Apostolus
1604 5067 1840 5123 diceret?
1873 5088 1891 5120 ι
1926 5070 2111 5139 Aptavi

534 5166 676 5221 enim
694 5178 807 5227 vos,
836 5180 854 5213 ι
878 5160 1063 5231 inquit,
1085 5177 1103 5211 ι
1130 5159 1217 5212 uni
1236 5158 1349 5213 viro
1363 5158 1621 5228 virginem
1639 5168 1833 5213 castam
1859 5159 2111 5215 exhibere

532 5256 746 5311 Christo
762 5271 775 5307 :
794 5253 953 5307 timeo
966 5258 1140 5303 autem
1157 5264 1221 5301 ne
1232 5247 1366 5301 sicut
1378 5264 1594 5318 serpens
1608 5248 1771 5303 Evam
1785 5250 2113 5306 seduxitvcr-

536 5348 670 5401 sntia
698 5360 792 5400 sua
810 5387 825 5409 ,
858 5343 934 5398 sic
959 5351 1011 5397 et
1055 5350 1244 5394 vestra:
1269 5348 1471 5393 mentes
1499 5352 1903 5410 corrumpantur
1927 5357 1955 5394 a
1983 5342 2111 5394 sim-

537 5429 766 5499 plicitate
801 5437 852 5481 ct
875 5426 1113 5482 castitate
1150 5436 1267 5492 qua:
1300 5432 1377 5475 est
1405 5422 1454 5475 in
1486 5423 1699 5477 Christo
1728 5443 1746 5475 ι
1780 5420 1841 5493 (11
1871 5422 1986 5479 Cor.
2018 5441 2066 5478 xt
2092 5467 2106 5489 ,

534 5521 590 5585 2,
622 5521 696 5590 5).
723 5514 1049 5575 Comedcbat
1076 5530 1195 5570 cum
1224 5515 1365 5568 Zelus
1395 5514 1586 5568 domus
1616 5515 1726 5582 Dei,
1755 5504 1910 5586 quam
1936 5525 2107 5570 tamen

601 5632 619 5661 ⁸
647 5641 746 5681 Am.
764 5635 840 5677 Er.
869 5629 1164 5693 eLilerique
1190 5634 1318 5693 Mss,
1338 5625 1555 5693 petendo.

596 5695 619 5725 ί
643 5700 714 5739 Kr.
741 5693 882 5738 Lugd.
902 5689 1029 5739 Ven.
1054 5689 1164 5737 Inv.
1186 5702 1283 5737 non
1308 5689 1505 5748 hahmtt,
1523 5689 1575 5737 id
1593 5696 1680 5738 est.
1782 5694 1838 5736 tl.

594 5754 621 5786 ³
649 5754 968 5813 λῦψιοιδιδδά
997 5760 1113 5800 nam
1137 5752 1236 5801 lucc
1251 5750 1338 5805 fuit
1356 5763 1517 5797 causa.

1723 332 1781 385 S.
1823 318 2185 389 AUGUSTlNl
2223 330 2527 392 EPISCOPI

3608 356 3739 412 153$

2186 445 2388 503 zelabat
2428 448 2659 520 Christo,
2706 464 2811 509 non
2860 454 2981 512 sibi.
3027 457 3268 528 Sponsus
3305 461 3448 517 cnim
3493 460 3588 518 sibi
3617 470 3748 522 zelat

2186 557 2433 613 Sponsam
2474 556 2621 601 suam
2651 563 2665 600 :
2694 547 2897 604 amicus
2938 562 3113 608 autem
3154 555 3333 624 sponsi
3369 568 3473 610 non
3512 571 3626 613 eam
3654 560 3751 616 sibi

2187 633 2358 689 zelare
2384 632 2564 704 debet,
2595 634 2688 693 sed
2715 653 2932 709 sponso.
2958 643 3135 698 Bonus
3162 657 3288 715 ergo
3308 654 3360 699 et
3384 645 3538 716 hujus
3563 644 3751 704 intelli-

2186 723 2390 793 gendus
2417 734 2498 781 est
2527 728 2670 783 zelus
2703 744 2718 784 :
2747 743 2958 786 causam
2991 748 3218 802 namque
3241 734 3511 806 subiungit
3533 742 3586 792 et
3606 736 3752 807 dicit,

2192 815 2323 882 Quid
2349 810 2490 870 obliti
2525 826 2641 872 sunt
2678 820 2935 875 verborum
2964 832 3164 878 tuorum
3208 825 3397 880 inimici
3426 827 3541 881 mei.
3583 828 3753 884 Retri-

2189 906 2421 962 bucbant
2443 924 2570 979 ergo
2595 910 2728 965 mala
2767 924 2864 981 pro
2891 912 3045 969 bonis
3068 930 3082 979 ;
3110 918 3359 981 quoniam
3401 917 3605 974 zeiabat
3643 921 3756 976 illos

2192 995 2301 1052 Deo
2329 1006 2433 1052 tam
2476 1000 2818 1057 vehementer
2846 1012 2898 1058 et
2922 1001 3199 1073 ardenter,
3230 1017 3283 1062 ut
3312 1023 3377 1063 eo
3406 1009 3522 1064 zelo
3560 1011 3756 1066 tabefa-

2190 1099 2332 1143 ctum
2357 1105 2417 1145 se
2458 1090 2695 1159 diceret;
2726 1094 2797 1149 illi
2827 1109 3003 1152 autent
3029 1098 3099 1152 ob
3127 1098 3226 1155 hoc
3256 1100 3307 1154 in
3348 1102 3517 1170 ipsum
3542 1103 3559 1135 ⁸
3590 1102 3758 1159 inimi-

2190 1181 2342 1238 citias
2366 1184 2687 1240 exercebant
2711 1203 2725 1240 :
2751 1187 2870 1257 quia
2914 1190 3094 1259 utique
3123 1200 3180 1245 ut
3208 1192 3372 1247 Deum
3400 1204 3641 1249 amarent
3666 1210 3758 1250 vo-

2193 1270 2352 1337 lebat,
2378 1287 2511 1341 quos
2534 1275 2760 1329 amando
2780 1277 3003 1333 zelabat.
3030 1279 3146 1334 Non
3163 1278 3397 1351 ingratus
3421 1285 3560 1341 enim
3581 1284 3758 1354 gratia:

2195 1362 2307 1425 Dei,
2338 1376 2432 1433 per
2470 1379 2627 1435 quam
2671 1365 2841 1422 fuerat
2868 1382 2937 1423 ex
2969 1368 3181 1427 inimico
3208 1372 3579 1429 reconciliatus
3623 1376 3756 1441 Deo,

2193 1454 2351 1507 etiam
2370 1455 2482 1523 ipse
2510 1471 2636 1511 suos
2656 1456 2907 1528 diligebat
2926 1456 3188 1531 inimicos,
3206 1470 3261 1518 et
3298 1478 3391 1519 eos
3410 1464 3615 1520 zelabat
3638 1468 3758 1533 Deo,

2193 1542 2381 1598 dolens
2405 1555 2459 1599 et
2483 1547 2759 1602 tabescens
2780 1550 2916 1618 quod
2941 1561 3118 1606 essent
3144 1537 3426 1609 verborum
3456 1556 3576 1623 ejus
3598 1557 3758 1612 obliti.

2265 1636 2316 1691 5.
2354 1635 2500 1709 [vers
2531 1637 2676 1711 140]
2726 1640 2926 1695 Deinde
2951 1642 3295 1699 considerans
3325 1644 3457 1714 ipse,
3503 1647 3558 1701 in
3598 1648 3762 1704 verbis

2196 1728 2288 1783 Dei
2314 1745 2417 1799 qua
2443 1729 2653 1785 ﬂamma
2682 1732 2980 1788 dilectionis
3003 1736 3219 1791 arderet
3251 1754 3263 1791 :
3292 1735 3538 1808 Ignitum,
3566 1739 3761 1807 inquit,

2193 1820 2444 1890 eloquium
2463 1831 2601 1874 tuum
2628 1822 2793 1889 valde,
2825 1835 2870 1877 et
2889 1840 3059 1879 servus
3080 1836 3196 1880 tuus
3215 1825 3392 1882 ditarit
3407 1828 3556 1883 illud.
3584 1829 3763 1885 Merito

2196 1912 2400 1967 zeiabat
2426 1912 2479 1966 in
2508 1913 2619 1968 Suis
2644 1913 2874 1970 inimicis
2912 1928 3006 1969 cor
3036 1915 3394 1986 impmnltens,
3435 1918 3525 1989 qui
3569 1918 3765 1975 fuerant

2196 2002 2346 2058 obliti
2375 2003 2655 2058 verborum
2684 2004 2774 2058 Dei
2803 2021 2817 2058 :
2847 2004 2911 2059 ad
2954 2006 3055 2061 hoc
3096 2007 3239 2061 enim
3283 2007 3538 2077 ﬂagrabat
3567 2024 3658 2064 eos
3682 2010 3767 2064 ad.

2197 2092 2412 2159 ducere,
2444 2094 2585 2164 quod
2614 2096 2726 2164 ipse
2754 2094 3160 2166 ﬂagrantissime
3188 2096 3460 2169 diligebat.

2268 2186 2322 2241 4.
2356 2184 2505 2258 [vers.
2533 2185 2880 2259 Hl.]1unior
2898 2204 2989 2258 ego
3007 2205 3139 2255 sum,
3162 2188 3350 2258 inquit,
3368 2198 3413 2243 et
3430 2198 3767 2262 contemptus;

2201 2276 2578 2344 iustiﬁcationes
2602 2285 2712 2330 tuas
2749 2293 2849 2330 non
2876 2290 2989 2331 sum
3017 2278 3198 2332 oblitus
3226 2294 3247 2333 :
3276 2295 3380 2332 non
3420 2280 3559 2335 sicut
3585 2280 3768 2336 inimici

2200 2371 2328 2435 mei,
2348 2368 2438 2438 qui
2463 2367 2612 2423 obliti
2635 2377 2760 2424 sunt
2778 2369 3061 2425 verborum
3090 2382 3318 2424 tuorum.
3356 2367 3582 2427 Videtur
3604 2381 3768 2427 autem

2202 2460 2379 2515 minor
2400 2468 2557 2516 astate
2582 2474 2685 2516 non
2711 2462 2908 2517 oblitus
2927 2461 3330 2532 iustificationes
3361 2464 3449 2518 Dei
3479 2464 3661 2520 dolere
3682 2476 3770 2537 pro

2202 2552 2431 2608 inimicis
2475 2553 2586 2609 suis
2630 2562 2787 2609 aetate
2828 2554 3117 2623 majoribus
3161 2555 3250 2626 qui
3296 2554 3442 2610 obliti
3472 2563 3618 2610 Sunt.
3650 2555 3768 2610 Nam

2203 2641 2330 2713 quid
2359 2651 2461 2709 est,
2490 2642 2678 2697 Iunior
2699 2656 2790 2714 ego
2815 2653 2913 2698 non
2938 2661 3049 2698 sum
3069 2643 3272 2709 oblitus,
3300 2645 3421 2711 nisi,
3451 2646 3526 2700 illi
3556 2648 3770 2715 majores

2204 2734 2353 2790 obliti
2383 2736 2548 2791 sunt?
2577 2742 2813 2806 Νιώτερος
2838 2742 2921 2791 est
2947 2735 3086 2789 enim
3113 2750 3303 2806 graece,
3349 2736 3487 2806 quod
3513 2746 3602 2792 est
3624 2736 3769 2792 ctiatn

2206 2825 2259 2880 in
2286 2826 2378 2880 illo
2400 2826 2517 2881 loco
2545 2827 2632 2881 ubi
2659 2826 2856 2881 dictum
2877 2837 2978 2892 cSt,
3012 2826 3077 2880 In
3102 2841 3201 2897 quo
3231 2828 3435 2897 corrigit
3452 2828 3632 2899 junior
3652 2830 3770 2881 viam

2206 2917 2397 2972 suam?
2425 2917 2535 2972 Hoc
2561 2928 2737 2981 autem
2786 2930 2977 2972 nomen
3008 2919 3422 2986 comparativum
3451 2932 3552 2978 est.
3588 2930 3639 2974 et
3664 2919 3773 2974 ideo

2206 3009 2344 3064 bene
2382 3010 2690 3080 intelligitur
2720 3010 2771 3064 in
2802 3010 3197 3079 comparatione
3224 3009 3461 3080 majoris.
3493 3010 3636 3065 Duos
3658 3024 3771 3079 ergo

2206 3101 2428 3173 populos
2455 3100 2541 3155 hic
2564 3112 2909 3171 agnoscamus
2934 3141 2948 3167 ,
2977 3101 3064 3170 qui
3090 3100 3323 3155 etiamin
3348 3099 3607 3155 Rebecca:
3637 3106 3773 3154 utero

2210 3191 2577 3257 luctabantur;
2604 3190 2815 3261 quando
2856 3206 2957 3244 non
2985 3206 3049 3245 ea:
3087 3190 3340 3261 operibus,
3369 3191 3458 3244 sed
3482 3206 3545 3244 ea:
3588 3199 3774 3243 rorante

2210 3285 2397 3338 dictum
2417 3294 2487 3338 est
2515 3284 2577 3347 ci,
2608 3282 2782 3354 Major
2807 3284 2981 3338 serviet
3006 3277 3189 3337 minori
3229 3282 3380 3356 (Gen.
3407 3299 3529 3349 XXV,
3561 3284 3649 3349 22,
3675 3283 3771 3347 25;

2211 3376 2360 3430 Rom.
2390 3392 2464 3442 tx,
2494 3375 2713 3445 12,15).
2746 3374 2850 3431 Sed
2871 3384 3226 3444 contemptum
3246 3388 3303 3429 se
3322 3374 3448 3429 dicit
3472 3373 3563 3429 hic
3585 3376 3769 3436 minor;

2212 3468 2330 3531 ideo
2358 3466 2527 3521 factus
2551 3476 2633 3521 est
2660 3466 2829 3536 major
2860 3482 2874 3520 :
2903 3466 3023 3536 quia
3053 3465 3300 3536 ignobilia
3330 3473 3383 3520 et
3410 3464 3772 3534 contemptim.

2211 3558 2278 3615 lia
2307 3556 2487 3612 mundi
2513 3556 2673 3627 elegit
2703 3556 2863 3624 Deus,
2907 3564 2962 3610 et
2987 3570 3049 3610 ea
3079 3570 3197 3625 qua:
3228 3569 3332 3608 non
3360 3561 3502 3618 sunt,
3539 3562 3773 3621 tanquam

2210 3649 2338 3716 sint,
2371 3656 2429 3704 ut
2451 3664 2570 3718 qua:
2608 3657 2733 3702 sunt
2755 3658 3075 3703 evacuentur
3101 3647 3141 3719 (I
3172 3645 3289 3699 Cor.
3321 3661 3359 3710 ι,
3403 3645 3538 3714 28);
3571 3655 3623 3698 et
3663 3655 3774 3697 ecce

2211 3749 2334 3794 sunt
2358 3739 2630 3795 novissimi
2651 3739 2741 3810 qui
2766 3748 2919 3795 erant
2942 3737 3118 3810 primi,
3146 3745 3201 3793 et
3226 3736 3379 3808 primi
3405 3738 3493 3807 qui
3519 3743 3672 3791 erant
3693 3731 3775 3789 no-'

2211 3831 2411 3887 vissimi
2442 3831 2652 3903 (Matth.
2684 3847 2774 3894 xx,
2805 3829 2918 3902 16).

2282 3924 2335 3979 5.
2366 3920 2515 3997 [θοι-ε.
2547 3921 2710 3995 142.)
2736 3921 2848 3978 Nec
2876 3921 3140 3976 immerito
3165 3918 3315 3975 obliti
3340 3926 3464 3973 sunt
3504 3919 3773 3973 verborum

2216 4018 2331 4083 Dei,
2368 4017 2460 4087 qui
2487 4031 2636 4070 suam
2671 4013 2928 4085 justitiam
2960 4013 3285 4068 constituere
3312 4010 3614 4073 voluerunt,
3643 4009 3775 4078 igno-

2212 4116 2390 4163 rantes
2426 4108 2683 4177 justitiam
2714 4106 2806 4161 Dei
2854 4106 3025 4178 (Rom.
3056 4121 3110 4171 ι,
3142 4103 3198 4176 5)
3238 4119 3252 4157 :
3282 4102 3383 4157 iste
3405 4111 3584 4157 autem
3611 4099 3776 4171 iunior

2212 4220 2317 4258 non
2344 4213 2426 4259 est
2451 4200 2667 4268 oblitus,
2690 4200 2776 4271 qui
2804 4216 2906 4253 non
2925 4214 3074 4253 suam
3097 4196 3262 4252 voluit
3287 4196 3485 4252 habere
3500 4194 3770 4265 justitiam,

2212 4296 2304 4351 sed
2337 4297 2450 4351 Dei.
2479 4295 2546 4349 de.
2575 4308 2673 4362 qua
2704 4291 2862 4346 etiam
2904 4305 3044 4345 nunc
3067 4288 3215 4356 dicit,
3254 4286 3460 4342 Iustitia
3485 4295 3573 4339 tua
3588 4284 3778 4355 justititt

2212 4395 2267 4444 in
2286 4399 2547 4452 internum,
2582 4394 2629 4439 et
2649 4384 2729 4438 lca:
2755 4392 2841 4437 tua
2860 4382 3058 4436 ret-itas.
3086 4378 3362 4447 Quomodo
3386 4378 3528 4432 enim
3561 4391 3663 4431 non
3689 4388 3775 4428 ve.

2212 4480 2341 4535 ritas
2366 4479 2469 4546 lex,
2500 4492 2592 4547 per
2616 4483 2775 4547 quam
2801 4472 3033 4543 cognitio
3059 4471 3280 4540 peccati,
3313 4476 3367 4523 et
3394 4482 3515 4537 qua:
3547 4466 3775 4522 testimo-

2213 4572 2359 4626 nium
2385 4565 2858 4640 perhibctjustitite
2884 4563 3015 4617 Dei?
3039 4562 3129 4617 Sic
3152 4561 3292 4616 enim
3315 4558 3447 4614 dicit
3473 4556 3773 4627 Apostolus:

2211 4663 2419 4718 Iustitia
2466 4660 2555 4714 Dei
2584 4657 2898 4728 mnifestan
2939 4663 3031 4721 est,
3076 4651 3341 4720 testiﬁcata
3384 4663 3472 4720 per
3513 4647 3696 4720 Legem
3733 4654 3777 4699 et

2221 4751 2502 4822 Prophetas
2539 4746 2647 4818 (Id.
2672 4762 2748 4815 tn,
2777 4744 2870 4812 20,
2894 4743 3009 4814 2i).

2285 4844 2336 4899 ti.
2357 4835 3049 4915 [ocrs.145.]i’r0pterbanc
3067 4846 3254 4904 passus
3264 4839 3352 4886 est
3369 4829 3778 4907 persecutionem

2211 4938 2391 5006 iunior
2428 4950 2459 4988 a
2502 4932 2724 5002 majore,
2770 4940 2827 4983 ut
2867 4928 3069 4983 diceret
3102 4926 3281 4996 iunior
3322 4922 3463 4995 quod
3508 4922 3781 4991 sequitur:

2219 5028 2496 5083 Tribulatio
2524 5036 2572 5082 et
2616 5022 2882 5078 necessitas
2922 5021 3213 5074 inuenerunt
3257 5032 3367 5080 me,
3410 5014 3653 5068 mandata
3701 5022 3781 5063 tua

2215 5119 2470 5173 meditatio
2490 5133 2599 5170 mea
2623 5124 2716 5169 est.
2742 5112 2992 5173 vaiant,
3020 5117 3438 5179 persequantur;
3467 5105 3590 5161 dntn
3615 5115 3781 5158 tamen

2217 5210 2461 5264 mandata
2494 5208 2586 5260 Dei
2631 5220 2733 5259 non
2781 5203 3169 5271 relinquantur,
3194 5208 3248 5252 et
3278 5214 3343 5252 ex
3374 5196 3501 5267 ipsis
3531 5190 3784 5248 mandatis

2216 5303 2372 5354 etiam
2399 5299 2485 5368 qui
2514 5295 2737 5351 sarviunt
2760 5293 3067 5361 diligantur.

2286 5395 2338 5446 7.
2371 5390 2520 5463 [vers
2551 5386 2696 5458 144.)
2726 5385 2933 5439 Justitia
2979 5382 3262 5437 testimonia
3299 5390 3386 5433 tua
3425 5379 3478 5432 in
3506 5388 3742 5463 (meritum
3764 5411 3779 5433 ,

2215 5462 2519 5537 intellectum
2557 5481 2624 5533 da
2665 5478 2808 5541 mihi,
2838 5485 2885 5530 et
2911 5475 3091 5529 vicem.
3125 5471 3448 5526 intellectum
3480 5465 3647 5537 poscit
3688 5462 3781 5515 istc

2212 5574 2426 5643 iunior;
2465 5586 2622 5642 quem
2667 5571 2711 5624 si
2754 5583 2858 5622 non
2904 5566 3153 5630 haberet;
3198 5577 3302 5617 non
3347 5574 3505 5630 super
3548 5554 3781 5611 seniores

2280 5689 2294 5720 ι
2317 5692 2449 5797 Iussa
2476 5684 2644 5735 obiice
2667 5681 2824 5745 ipsmn
2845 5676 3118 5731 im'miritias
3136 5675 3425 5728 exercebatu
3447 5669 3650 5724 :omisss
3676 5676 3782 5728 par-

2280 5764 2312 5796 tl
2333 5762 2380 5797 d.
2404 5761 2468 5796 ιη.

2218 5749 2380 5808 ticuia.
2404 5748 2468 5796 in.
