3964 6204
286 384 308 436 1
318 381 422 436 385

285 496 604 565 intelligeret
628 511 641 548 :
667 492 760 548 sed
789 506 911 546 eum
943 489 1109 560 poscit
1152 477 1572 545 intribulatione
1601 490 1654 538 et
1679 495 1867 538 neces-

283 592 462 653 sitate,
496 601 603 656 quo
650 584 908 652 intelligat
935 596 1092 652 quam
1122 581 1192 635 sit
1231 574 1680 633 contemnendum
1724 571 1869 642 quod

280 681 330 732 ei
363 686 585 747 possunt
613 674 821 728 auferre
859 678 1238 741 persequentes
1266 666 1487 732 inimici,
1522 679 1552 718 a
1590 664 1782 735 quibus
1809 676 1868 718 se

281 771 413 824 dicit
453 782 571 823 esse
599 773 983 833 contemptum.
1031 760 1152 815 ltleo
1181 758 1333 823 dixit,
1363 768 1408 810 et
1436 757 1599 812 vivam
1631 771 1648 809 :
1673 754 1796 825 quia
1823 752 1868 806 si

281 877 349 916 eo
390 873 558 928 usque
583 856 849 912 tribulatio
897 851 1288 919 necessitasque
1318 845 1640 918 pervenerit,
1689 854 1743 899 ttt
1775 859 1869 913 per

283 951 618 1006 inimicorum
652 945 1077 1014 persequentitnn
1121 956 1308 996 manus
1349 940 1451 995 vita
1483 938 1582 992 ista
1613 937 1864 1001 liniatur;

283 1044 430 1096 vivet
471 1042 524 1096 in
565 1050 846 1104 attentum,
879 1037 966 1105 qui
996 1033 1376 1104 temporalibus
1414 1030 1674 1101 prmponit
1707 1029 1867 1097 justi-

284 1133 434 1193 tiam,
465 1144 581 1195 qua:
604 1137 779 1183 manet
801 1127 854 1180 in
879 1135 1158 1180 aeternum.
1187 1123 1313 1190 Quae
1336 1120 1539 1190 jnstitia
1565 1120 1615 1174 in
1647 1119 1863 1176 tribula-

285 1226 434 1277 tioue
473 1231 524 1276 et
557 1219 872 1276 necessitate
895 1215 1146 1285 martyria
1175 1221 1298 1268 sunt
1340 1213 1451 1277 Dei,
1483 1211 1584 1266 hoc
1613 1217 1694 1263 est
1722 1209 1868 1266 testi-

281 1317 485 1380 monia,
520 1332 613 1385 pro
639 1314 832 1383 quibus
855 1323 978 1368 sunt
1009 1322 1266 1382 martyres
1296 1309 1555 1364 coronati.

887 1417 1058 1458 SEIHIO
1099 1419 1250 1456 XXIX.

355 1502 380 1554 1
399 1541 410 1552 .
439 1499 589 1572 [δρα.
619 1499 722 1553 145
747 1497 768 1569 ]
789 1496 1000 1552 Clamor
1016 1495 1080 1549 ad
1102 1495 1406 1558 Dominum,
1429 1492 1516 1560 qui
1541 1491 1598 1544 ﬁt
1619 1489 1686 1544 ab
1709 1504 1864 1543 oran-

282 1593 448 1656 tibus,
482 1592 524 1644 si
553 1589 732 1645 sonitu
758 1587 1052 1656 corporalis
1102 1586 1247 1639 vocis
1281 1584 1389 1647 fiat,
1421 1598 1528 1637 non
1558 1583 1763 1636 intento
1813 1580 1864 1634 itt

287 1683 457 1736 Deum
501 1681 695 1743 corde;
723 1679 842 1748 quis
885 1678 1088 1732 dubitet
1132 1677 1358 1730 inaniter
1401 1675 1554 1729 lteri?
1597 1673 1653 1728 Si
1686 1681 1864 1728 autem

283 1779 377 1827 ttat
404 1773 584 1836 corde,
616 1773 774 1825 etiam
801 1771 989 1824 silente
1024 1769 1263 1836 corporis
1289 1783 1418 1821 voce
1443 1783 1457 1827 ;
1485 1765 1643 1820 alium
1673 1778 1862 1833 quem-

282 1865 417 1918 libet
462 1861 729 1916 hmninem
773 1869 942 1930 potest
974 1861 1156 1923 latere,
1189 1874 1291 1912 non
1335 1859 1520 1910 Deum.
1569 1855 1693 1911 Sive
1737 1869 1865 1923 ergo

279 1975 408 2012 cum
439 1973 566 2013 voce
594 1957 790 2024 carnis,
818 1955 1028 2026 quando
1052 1953 1102 2008 id
1129 1969 1261 2021 Opus
1289 1961 1389 2015 est,
1423 1951 1535 2005 sive
1554 1964 1674 2004 eum
1702 1949 1867 2003 silen-

282 2051 381 2114 tio,
405 2049 468 2102 ad
487 2050 675 2114 Deum,
701 2063 822 2101 cum
848 2060 1082 2111 oramus,
1105 2043 1266 2099 corde
1285 2041 1617 2096 clamandum
1643 2038 1868 2094 est.'Est

280 2153 464 2194 autem
509 2139 708 2193 clamor
753 2137 930 2192 cordis
977 2150 1165 2205 magna
1213 2133 1549 2204 cogitationis
1597 2130 1860 2196 intentio;

279 2248 407 2301 «pne
445 2246 563 2284 cum
594 2239 675 2284 est
701 2233 751 2282 In
782 2229 1042 2291 oratione,
1086 2241 1335 2296 magnum
1361 2223 1610 2293 exprimit
1651 2221 1863 2277 deside-

282 2323 455 2376 rantis
479 2331 532 2376 et
559 2321 786 2390 petentis
810 2319 1078 2380 all'ectum,
1112 2327 1170 2371 ut
1195 2332 1300 2370 non
1326 2314 1576 2383 desperet
1595 2312 1862 2368 etl‘ectnm.

281 2414 440 2467 Tunc
468 2427 624 2481 porro
668 2412 719 2464 in
765 2419 878 2462 toto
905 2407 1067 2463 corde
1091 2407 1370 2471 clamatur,
1401 2403 1616 2474 quando
1653 2401 1866 2456 aliunde

283 2521 394 2558 non
423 2504 700 2572 cogitatur.
729 2501 885 2555 Tales
910 2499 1176 2553 orationes
1200 2512 1334 2551 rara:
1376 2505 1499 2550 sunt
1527 2495 1726 2560 multis,
1749 2508 1867 2548 cre-

283 2595 401 2648 brae
449 2601 624 2647 autem
675 2589 892 2662 paucis;
935 2604 1122 2645 omnes
1163 2603 1289 2643 vero
1337 2597 1514 2642 utrum
1575 2587 1862 2656 cuiquam,

284 2687 488 2740 nescio.
532 2685 716 2743 Talem
765 2699 912 2739 suam
959 2689 1342 2738 commemorat
1387 2680 1718 2745 orationem,
1776 2678 1866 2748 qui

281 2778 467 2833 cantat
494 2779 634 2832 hunc
682 2778 962 2848 psalmum,
991 2776 1172 2830 dicens
1197 2792 1210 2828 :
1240 2773 1466 2828 Clantavi
1503 2773 1556 2825 in
1587 2780 1688 2824 toto
1715 2770 1868 2825 corde

284 2889 430 2934 meo;
463 2871 646 2924 exaudi
669 2886 766 2934 me,
795 2867 1026 2923 Domine.
1054 2868 1149 2922 Cui
1192 2877 1368 2921 autem
1404 2864 1483 2920 rei
1509 2879 1638 2918 suus
1663 2863 1867 2918 clamor

283 2963 551 3031 proficiat,
579 2960 819 3030 adjunxit
849 2977 862 3011 :
894 2958 1283 3026 Justi/icationm
1327 2965 1438 3010 tua:
1466 2955 1745 3023 exquiram.
1783 2953 1866 3008 Ad

287 3057 393 3110 hoc
411 3071 538 3124 ergo
561 3054 809 3108 clamavit
838 3052 890 3105 in
921 3060 1031 3105 toto
1056 3048 1216 3104 corde
1245 3063 1364 3114 suo,
1391 3056 1445 3101 et
1472 3046 1574 3100 hoc
1597 3045 1694 3100 sibi
1722 3044 1867 3099 desi-

281 3147 494 3201 deravit
519 3161 548 3199 a
575 3145 801 3201 Domino
825 3141 1138 3197 exandiente
1167 3137 1426 3208 praestari,
1455 3147 1510 3190 ut
1533 3135 1868 3206 justitieatio-

285 3254 385 3294 nes
411 3239 526 3307 ejus
551 3238 810 3307 exquirat.
840 3234 1069 3290 Proinde
1101 3232 1240 3303 quod
1266 3241 1322 3287 ut
1346 3231 1604 3286 faciamus
1627 3229 1864 3299 iubetur,

285 3342 344 3386 ttt
367 3332 711 3401 exquiramus
752 3339 952 3383 oratur.
999 3327 1167 3395 Quam
1213 3327 1370 3394 longe
1410 3333 1492 3380 est
1530 3323 1706 3381 adhuc
1729 3339 1760 3378 a
1792 3323 1870 3376 fa-

283 3424 462 3477 ciente
491 3421 580 3491 qui
604 3420 874 3490 exquirit?
898 3417 1011 3472 Non
1040 3418 1181 3472 enim
1225 3425 1306 3471 cst
1335 3429 1667 3486 consequens
1694 3423 1750 3470 ut
1775 3414 1867 3484 qui

283 3515 537 3585 exquirit,
567 3513 799 3568 inveniat
823 3529 838 3578 ;
865 3520 954 3565 ant
973 3512 1060 3581 qui
1091 3511 1308 3571 invenit,
1336 3509 1491 3564 faciat
1519 3526 1532 3561 :
1559 3524 1667 3564 non
1692 3517 1870 3580 potest

282 3618 466 3662 autem
505 3607 605 3661 nisi
637 3605 918 3668 invenerit,
949 3604 1156 3663 facere;
1189 3612 1242 3657 et
1269 3603 1368 3656 nisi
1397 3601 1690 3672 quiesierit,
1718 3601 1864 3656 inve-

286 3701 425 3753 nire.
457 3697 562 3752 Sed
603 3712 846 3767 magnam
877 3711 1022 3764 spem
1057 3695 1312 3748 Dominus
1337 3693 1490 3747 Jesus
1511 3691 1657 3746 dedit
1680 3690 1867 3757 dicen-

283 3787 385 3841 do:
404 3787 704 3854 Qua’ritc,et
729 3784 1006 3838 invenietis.
1031 3784 1233 3838 Rursus
1257 3793 1430 3836 autem
1458 3780 1586 3836 dicit
1607 3780 1867 3848 sapientia

285 3887 432 3950 (quae
461 3877 584 3947 quid
615 3886 716 3943 est,
748 3877 844 3931 nisi
885 3877 998 3945 ipse
1034 3879 1103 3943 Υ),
1135 3875 1368 3941 Quterent
1408 3889 1486 3926 me
1509 3873 1651 3937 ntali,
1683 3880 1730 3927 et
1770 3887 1870 3931 non

286 3970 557 4024 invenient.
580 3969 693 4022 Non
714 3983 841 4037 ergo
863 3967 1034 4029 malis,
1059 3965 1153 4019 sed
1192 3963 1344 4018 bonis
1365 3963 1562 4017 dictum
1583 3971 1683 4025 est,
1711 3961 1869 4028 Qua:-

285 4063 402 4123 rite,
437 4070 481 4113 et
512 4059 786 4112 invenietis.
836 4057 948 4110 Ιηιο
985 4071 1114 4109 γε·γο
1157 4055 1235 4109 eis
1278 4054 1478 4108 dictum
1527 4062 1629 4118 est,
1679 4053 1870 4121 quibus

287 4149 479 4204 eodem
511 4149 626 4202 loco
658 4147 812 4218 paulo
843 4156 981 4216 post,
1016 4146 1075 4200 Si
1103 4161 1218 4216 ergo
1246 4161 1348 4208 vos,
1396 4143 1585 4212 inquit,
1619 4159 1732 4196 cum
1760 4142 1878 4198 sitis

288 4242 435 4305 ntali,
465 4228 618 4293 nostis
641 4239 768 4292 bona
795 4240 914 4291 data
940 4238 1062 4290 dare
1088 4237 1206 4305 {iliis
1233 4236 1408 4290 vestris
1439 4233 1648 4306 (Matth.
1677 4249 1768 4298 vlt,
1798 4234 1829 4286 7
1853 4274 1868 4295 ,

289 4333 408 4400 Η).
456 4330 732 4395 Qtwmode
770 4330 924 4398 igitur
951 4329 1106 4381 malis
1132 4327 1344 4392 dicitur,
1385 4326 1623 4393 Quwrite,
1666 4335 1711 4379 et
1738 4325 1872 4378 inve-

288 4425 441 4477 nietis
463 4441 480 4488 ;
503 4438 620 4476 cum
650 4436 834 4476 rursus
863 4421 1087 4486 dicatur,
1136 4421 1374 4486 Qtttrrettt
1415 4436 1493 4473 me
1527 4419 1668 4485 ntali,
1697 4429 1743 4471 et
1771 4433 1871 4470 non

288 4515 586 4568 invenient?
615 4514 692 4566 An
733 4512 872 4566 aliud
920 4526 1012 4565 eos
1062 4511 1312 4568 Dominus
1355 4525 1512 4578 quam
1558 4509 1870 4578 sapientiam

287 4623 534 4677 qmnrcre
576 4603 818 4670 volebat,
860 4603 1070 4672 quando
1099 4617 1192 4656 eos
1219 4602 1528 4660 inventuros
1567 4601 1612 4655 si
1659 4617 1870 4671 quzere-

289 4708 414 4754 rent
453 4695 838 4766 promittebat?
865 4695 918 4748 In
947 4709 1008 4750 ea
1047 4693 1242 4763 quippe
1267 4705 1394 4750 sunt
1431 4692 1630 4757 omnia,
1659 4709 1776 4760 qua:
1807 4695 1873 4749 ab

290 4789 374 4843 eis
401 4789 488 4856 qui
520 4785 658 4840 beati
688 4801 807 4839 esse
831 4785 1068 4857 cupiunt,
1102 4784 1412 4852 inquirenda
1453 4792 1596 4836 sunt.
1639 4782 1713 4836 lbi
1744 4801 1872 4855 ergo

291 4891 419 4934 sunt
463 4888 516 4933 et
551 4877 955 4946 iustiﬁcationes
995 4878 1106 4930 Dei.
1137 4878 1468 4946 Quapropter
1496 4888 1660 4932 restat
1704 4887 1760 4932 ut
1789 4879 1872 4932 in-

291 4971 613 5040 telligamus,
653 4984 761 5023 non
803 4983 990 5022 omnes
1019 4967 1187 5021 malos
1235 4983 1338 5022 non
1384 4967 1622 5022 invenire
1659 4968 1870 5036 sapien-

295 5061 498 5127 tiam,si
522 5059 827 5130 qua-sierint
851 5059 977 5122 ;sed
994 5075 1086 5114 eos
1103 5059 1190 5129 qui
1209 5063 1260 5112 in
1279 5067 1479 5116 tantum
1505 5067 1630 5115 sunt
1649 5060 1793 5126 mali,
1819 5069 1874 5116 ut
1913 5081 1927 5090 ’

294 5153 510 5208 oderint
531 5167 668 5207 eam.
691 5151 779 5206 Sic
791 5150 929 5205 enim
950 5159 1002 5205 et
1018 5150 1183 5204 dixit:
1207 5149 1442 5217 Quazrent
1460 5167 1538 5203 me
1552 5150 1692 5212 mali,
1707 5162 1753 5205 et
1774 5168 1874 5206 non

293 5244 570 5305 invenient;
588 5242 941 5296 oderuntenim
957 5242 1255 5306 sapientiam
1270 5240 1446 5311 (Prov.
1469 5258 1503 5305 ι,
1517 5242 1606 5306 28,
1621 5240 1734 5312 29).
1753 5242 1874 5298 Ideo

291 5351 426 5404 ergo
441 5351 543 5388 non
559 5333 850 5400 inveniunt,
863 5334 986 5402 quia
997 5333 1244 5390 oderunt.
1259 5333 1362 5391 Sed
1376 5348 1557 5389 rursus
1568 5335 1610 5388 si
1625 5335 1872 5401 oderunt,

293 5424 567 5493 quomodo
582 5431 856 5494 quterunt;
881 5424 978 5480 nisi
998 5425 1119 5492 quia
1139 5438 1241 5479 non
1258 5439 1376 5478 eam
1398 5435 1643 5493 quzrrttnt
1661 5436 1876 5494 promer

294 5516 491 5584 ipsam,
513 5515 605 5570 scd
631 5524 845 5584 propter
865 5514 1063 5584 aliquid
1081 5512 1224 5585 quod
1240 5516 1365 5570 tnali
1388 5525 1588 5581 amant,
1611 5525 1670 5570 et
1689 5516 1755 5571 ad
1776 5517 1877 5572 hoc

292 5624 357 5662 se
387 5607 591 5661 facilius
625 5617 808 5676 putant
828 5617 1176 5677 perventuros
1206 5623 1299 5677 per
1325 5608 1527 5676 ipsam?
1555 5609 1702 5663 Multi
1732 5609 1874 5664 enim

291 5703 517 5769 suntqui
531 5700 665 5754 dicta
678 5701 950 5771 sapientia:
961 5700 1344 5756 studiosissime
1359 5703 1877 5772 inquirunt,camque

298 5791 362 5844 in
387 5790 642 5855 doctrina,
689 5807 796 5848 non
824 5791 876 5846 in
921 5792 1024 5846 vita
1055 5791 1237 5846 volunt
1287 5793 1520 5858 habere;
1553 5805 1606 5847 ut
1634 5810 1736 5849 non
1783 5812 1875 5864 per

1351 361 1744 428 ΕΝΛΚΒΑΤΙΟ
1782 359 1848 416 ΙΝ
1887 358 2206 420 PSALMUM
2245 364 2472 422 CXVlll.

3415 376 3575 433 1586*

1979 493 2156 533 mores
2197 497 2328 550 quos
2353 483 2502 552 jubet
2522 487 2797 554 sapientia,
2830 491 3134 557 perveniant
3159 491 3223 548 ad
3246 493 3334 547 Dei
3359 493 3552 555 lucent,

1976 571 2118 640 quod
2146 584 2226 626 est
2254 574 2364 642 ipsa
2391 577 2671 647 sapientia,
2699 582 2791 634 sed
2823 572 2915 650 per
2937 598 3212 638 sermones
3237 601 3370 657 quos
3393 586 3550 642 habet

1976 664 2253 730 sapientia,
2288 668 2596 735 perveniant
2641 671 2704 730 ad
2735 672 3004 731 hominum
3040 677 3270 742 laudem,
3301 680 3440 748 quod
3469 690 3552 734 est

1977 770 2111 810 vana
2137 758 2325 827 gloria.
2356 758 2468 823 Non
2499 778 2625 832 ergo
2652 765 2964 833 sapientiam
2993 780 3238 838 (iuuerunt
3266 783 3317 826 et
3343 773 3555 842 quando

1975 861 2092 901 eam
2131 859 2410 918 qnterunt;
2443 852 2563 920 quia
2591 870 2694 909 non
2719 866 2965 924 qua-runt
2991 859 3178 928 ipsam,
3210 862 3444 934 alioquin
3477 865 3553 918 vi-

1974 947 2159 993 verent
2185 940 2474 996 secundum
2501 942 2668 1012 ipsam
2703 948 2834 1001 :sed
2882 949 3069 1004 volunt
3099 953 3273 1006 verbis
3321 955 3436 1024 ejus
3467 956 3550 1010 in-

1973 1032 2120 1098 llari;
2145 1044 2197 1088 et
2223 1047 2422 1105 quanto
2446 1039 2614 1109 magis
2635 1039 2905 1108 inﬂantur,
2939 1052 3086 1098 tanto
3116 1048 3283 1115 magis
3306 1049 3554 1104 efﬁciun-

1974 1131 2061 1180 tur
2103 1136 2251 1182 extra
2303 1127 2491 1196 ipsam.
2542 1129 2647 1184 lste
2698 1140 2874 1187 autem
2925 1132 3026 1188 hoc
3056 1136 3228 1204 ipsum
3276 1154 3552 1206 poscensa

1973 1215 2218 1281 Domino,
2257 1219 2395 1288 quod
2422 1236 2541 1274 eum
2565 1221 2716 1289 jubet
2753 1222 2929 1280 facere
2959 1226 3233 1294 Dominus,
3277 1241 3334 1284 ut
3361 1231 3549 1300 ipsein

1971 1308 2062 1366 illo
2090 1309 2246 1366 etiam
2275 1312 2414 1381 quod
2443 1315 2668 1384 irruperat
2699 1326 2949 1386 operetur
2973 1335 2987 1384 ;
3023 1320 3162 1375 Deus
3187 1332 3268 1377 est
3294 1325 3435 1378 enim
3465 1327 3554 1395 qui

1970 1410 2221 1468 operatur
2241 1403 2293 1456 in
2323 1405 2477 1462 nobis
2501 1413 2554 1459 et
2582 1407 2715 1464 velle
2737 1417 2789 1460 ct
2817 1411 3049 1478 operari,
3079 1427 3175 1481 pro
3202 1412 3338 1468 bona
3366 1417 3552 1470 volun-

1972 1498 2077 1546 tate
2107 1490 2365 1564 (Philipp.
2417 1511 2474 1559 tt,
2511 1497 2596 1566 15)
2627 1497 2910 1566 :Clamavi,
2943 1501 3134 1573 inquit,
3168 1505 3222 1557 in
3273 1515 3379 1560 toto
3403 1509 3555 1561 corde

1969 1599 2118 1648 meo;
2147 1585 2331 1640 exaudi
2373 1604 2472 1654 me,
2508 1587 2718 1644 Domine
2747 1607 2766 1645 :
2787 1594 3176 1661 justi/icationcs
3219 1606 3332 1651 tuas
3376 1601 3553 1667 exqui-

1971 1689 2079 1727 rant
2109 1691 2129 1728 :
2159 1677 2340 1747 utique
2369 1678 2656 1748 faciendas,
2699 1699 2805 1737 non
2859 1687 3224 1744 tantmnmodo
3268 1690 3553 1756 scicndas;

1971 1781 2039 1821 ne
2063 1767 2250 1826 similis
2276 1771 2362 1826 liat
2390 1772 2461 1826 illi
2489 1789 2643 1827 servo
2670 1774 2827 1842 duro,
2856 1778 2944 1847 qui
2968 1780 3174 1834 etiamsi
3209 1781 3566 1850 intellexerit,

1970 1871 2076 1909 non
2105 1857 2356 1915 obaudiet
2383 1860 2560 1931 (Prov.
2592 1881 2732 1930 χχιι,
2769 1867 2880 1937 19).

2039 1947 2076 2000 2
2130 1947 2278 2021 [rem
2314 1951 2458 2023 κεί]
2487 1953 2711 2010 Clamari
2733 1973 2752 2021 ,'
2780 1960 2974 2014 salvum
3001 1978 3078 2014 me
3105 1967 3186 2032 [ac
3211 1981 3230 2017 :
3267 1966 3384 2030 vel,
3414 1967 3554 2020 sicut

1971 2041 2205 2097 nonnulli
2235 2041 2449 2099 codices
2475 2045 2672 2104 habent
2699 2061 2751 2106 et
2771 2053 2930 2119 graeci
2961 2062 3015 2106 ct
3037 2054 3204 2120 latini,
3231 2055 3454 2111 Clamavi
3487 2069 3555 2122 te;

1969 2130 2163 2188 salvum
2193 2152 2270 2190 me
2295 2140 2397 2206 fac.
2428 2138 2564 2205 Quid
2593 2151 2674 2195 est
2695 2183 2708 2205 ,
2742 2143 2966 2198 Clantavi
2993 2156 3038 2199 te
3062 2187 3076 2212 ,
3107 2148 3204 2201 nisi
3233 2190 3247 2212 ,
3271 2150 3556 2205 clamando

1969 2221 2207 2281 invocavi
2239 2227 2326 2281 te?
2365 2229 2470 2283 Sed
2502 2245 2620 2286 cum
2665 2233 2919 2302 dixisset,
2952 2240 3144 2295 salvam
3176 2257 3254 2294 me
3277 2242 3360 2311 [ac
3381 2283 3396 2308 ,
3429 2244 3556 2312 quid

1968 2313 2241 2384 adjunxit?
2270 2316 2337 2375 Et
2379 2321 2660 2377 custodiam
2702 2327 2983 2387 testimonia
3014 2339 3145 2382 tua‘:
3175 2347 3242 2386 ne
3269 2340 3321 2386 te
3349 2333 3562 2388 scilicet

1972 2417 2068 2472 per
2116 2406 2480 2466 inﬁrmitatem
2513 2427 2724 2480 negem.
2771 2415 2926 2470 Salus
2955 2419 3150 2488 quippe
3189 2421 3383 2476 anin'ta:
3429 2421 3556 2477 facit

1973 2501 2029 2548 ut
2060 2495 2149 2550 tiat
2179 2498 2318 2565 quod
2349 2497 2647 2556 faciendum
2677 2517 2799 2560 esse
2836 2510 3191 2576 cognoscitur,
3216 2519 3270 2566 et
3299 2526 3464 2581 usque
3488 2514 3564 2568 ad.

1971 2587 2197 2632 mortem
2247 2583 2517 2652 corporis,
2549 2585 2593 2638 si
2643 2585 2746 2646 hoc
2790 2589 2988 2660 ﬂagitat
3014 2600 3253 2651 extrema
3295 2597 3552 2660 tentatio,

1970 2682 2066 2737 pro
2097 2669 2521 2728 testimoniorum
2549 2674 2847 2734 divinorum
2889 2683 3107 2740 veritate
3148 2696 3422 2741 certetur:
3465 2688 3554 2742 ubi

1969 2771 2146 2817 autem
2177 2779 2282 2822 non
2311 2775 2393 2828 est
2417 2767 2563 2822 salus
2585 2808 2602 2836 ,
2633 2773 2931 2834 succumbit
2958 2774 3272 2844 inﬁrmitas,
3315 2787 3372 2835 et
3399 2777 3543 2834 desc-

1970 2854 2106 2908 ritur
2132 2857 2347 2912 veritas.

2041 2946 2094 3001 5.
2145 2945 2295 3019 [vei-3.
2357 2950 2500 3024 147.]
2556 2951 2659 3008 Sed
2709 2957 2847 3024 quod
2901 2961 3142 3028 sequitur
3169 2961 3329 3017 habet
3354 2963 3565 3034 aliquid

1970 3039 2338 3108 obscuritatis,
2369 3045 2508 3113 quod
2531 3046 2803 3117 aliquanto
2829 3048 3025 3106 diutius
3046 3055 3419 3122 exponendum
3447 3065 3551 3111 est.

1972 3131 2205 3189 Prwveni
2231 3137 2524 3209 intempesta
2569 3151 2714 3196 nocte
2736 3185 2751 3210 ,
2783 3154 2828 3198 et
2859 3146 3090 3200 clamavi.
3125 3148 3309 3204 Plures
3341 3150 3556 3206 codices

1972 3239 2077 3280 non
2134 3226 2365 3295 habent,
2417 3231 2714 3303 intempesta
2743 3247 2923 3301 nocte;
2970 3241 3103 3305 sed,
3152 3241 3556 3299 inmmturitate:

1972 3318 2056 3372 vix
2087 3328 2263 3375 autem
2293 3337 2428 3380 unus
2476 3325 2723 3382 inventus
2751 3339 2833 3383 est
2862 3331 2951 3400 qui
2983 3331 3202 3388 haberet
3230 3337 3554 3405 geminatam

1973 3412 2403 3480 prmpositionem
2427 3456 2443 3483 ,
2474 3415 2524 3470 id
2551 3426 2634 3471 est
2653 3459 2668 3487 ,
2696 3419 2750 3474 in
2777 3420 3152 3479 inmaturitate.
3197 3425 3558 3484 lmtnaturitas

1973 3503 2151 3573 itaque
2180 3503 2281 3562 hoc
2309 3507 2428 3563 loco
2457 3519 2771 3566 nocturnum
2803 3523 3011 3584 tempus
3033 3526 3116 3570 est
3139 3559 3155 3584 ,
3180 3519 3318 3587 quod
3347 3535 3452 3575 non
3472 3529 3558 3576 est

1972 3607 2275 3664 maturum,
2308 3599 2356 3654 id
2403 3610 2516 3682 est,
2545 3615 2902 3673 opportunum
2935 3617 2988 3662 ut
3014 3620 3200 3680 agatur
3227 3612 3426 3682 aliquid
3472 3615 3557 3668 vi-

1972 3687 2182 3756 gilando
2206 3706 2218 3742 :
2251 3691 2392 3759 quod
2419 3693 2577 3748 etiam
2604 3695 2760 3764 vulgo
2786 3696 2887 3751 dici
2931 3699 3070 3753 solet
3091 3741 3107 3765 ,
3137 3701 3268 3755 hora
3299 3703 3556 3774 inoppor-

1975 3786 2099 3832 tuna
2131 3780 2167 3832 ¹.
2199 3780 2312 3834 Nox
2337 3798 2548 3853 quoque
2575 3785 2911 3855 intempesta,
2941 3789 2990 3843 id
3012 3800 3094 3845 est
3119 3792 3312 3858 media,
3343 3797 3557 3864 quando

1973 3869 2351 3940 quiescendum
2379 3883 2462 3929 est
2483 3915 2498 3940 ,
2531 3875 2656 3931 hinc
2687 3878 2870 3946 procul
2897 3879 3059 3935 dubio
3103 3895 3401 3952 nuncupata
3432 3895 3515 3940 est
3537 3929 3552 3954 ,

1973 3961 2095 4030 quia
2154 3961 2506 4033 iaepportuna
2551 3977 2634 4022 est
2676 3969 2974 4025 actionibus
3017 3972 3362 4042 vigilantium.
3393 3977 3554 4033 Tem-

1978 4052 2236 4121 pestivum
2267 4055 2407 4109 enim
2435 4055 2682 4110 dixerunt
2712 4069 2920 4114 veteres
2945 4071 3336 4131 Opportunum;
3379 4075 3434 4122 ct
3477 4067 3556 4122 in-

1977 4143 2394 4212 tcmpesdvum,
2453 4145 2872 4216 inepportunum
2929 4168 2944 4212 ;
2995 4168 3025 4206 a
3087 4163 3328 4224 tempore
3395 4158 3556 4213 ducto

1974 4236 2266 4300 vocabulo,
2301 4253 2404 4298 non
2432 4238 2500 4291 ab
2530 4239 2617 4294 illa
2650 4249 2998 4310 tempestate,
3024 4262 3142 4315 quae
3171 4251 3557 4308 consuetudine

1975 4326 2152 4382 latinae
2194 4329 2386 4399 lingua:
2435 4332 2556 4387 cmli
2599 4334 2926 4404 perturbatio
2961 4338 3073 4407 jam
3105 4351 3342 4396 vocatur.
3371 4344 3554 4412 Quan-

1975 4435 2132 4490 quam
2164 4422 2265 4476 isto
2291 4423 2452 4480 verbo
2479 4425 2704 4481 libenter
2731 4434 2950 4483 utttntnr
2973 4429 3236 4496 historici,
3269 4443 3326 4488 ttt
3351 4435 3555 4502 dicant,

1980 4511 2051 4566 Ea
2079 4521 2419 4582 tempestate,
2467 4516 2605 4585 quod
2639 4518 2820 4575 volunt
2867 4520 2944 4580 lio
2993 4530 3230 4592 tempore
3277 4526 3497 4596 intelligi
3541 4547 3554 4582 :

1975 4612 2030 4662 ct
2053 4605 2194 4674 quod
2219 4607 2291 4662 ait
2320 4609 2522 4662 locutor
2550 4613 2792 4682 egregius
2813 4655 2828 4680 ,

2468 4703 2599 4765 Unde
2627 4705 2728 4754 hate
2752 4714 2846 4755 tam
2866 4707 2996 4758 clara
3021 4719 3232 4765 repente

2100 4764 2416 4823 Tempestas?
2481 4764 2502 4826 (
2526 4764 2659 4829 Fit'g.
2683 4775 2782 4816 Αςη.
2809 4782 2879 4829 1x,
2903 4769 2976 4830 l9,
2996 4771 3071 4821 9.0.

1977 4857 2085 4897 non
2111 4843 2302 4898 caelum
2322 4845 2513 4900 nimbis
2529 4849 2764 4904 ventisvc
2783 4851 3046 4907 turbatum
3058 4899 3070 4918 ,
3087 4856 3179 4910 sed
3203 4861 3369 4930 magis
3383 4861 3556 4916 subita

1977 4943 2030 4989 ct
2041 4936 2312 5004 splendida
2326 4940 2609 4994 serenitate
2623 4940 2870 5012 fulgidum
2885 4944 3308 5014 signiticavithoc
3321 4951 3556 5010 nomine.

1977 5027 2128 5094 Quod
2159 5044 2284 5098 ergo
2305 5045 2477 5099 graece
2502 5030 2700 5085 dictum
2729 5043 2811 5087 est
2837 5040 2883 5088 ἐν
2909 5039 3077 5107 ἀωρίᾳ,
3107 5055 3210 5093 non
3237 5057 3340 5094 uno
3371 5041 3558 5112 verbo,

1977 5120 2071 5174 scd
2098 5120 2304 5180 duobus
2323 5161 2338 5186 ,
2371 5122 2419 5176 id
2449 5132 2559 5186 est,
2591 5127 2962 5194 praepositione
2983 5139 3039 5185 et
3067 5135 3309 5199 nomine;
3341 5134 3444 5190 hoc
3471 5136 3556 5192 in-

1979 5220 2237 5282 terpretes
2277 5213 2447 5274 nostri
2495 5216 2708 5286 quidam
2755 5219 3029 5283 dixerunt.
3058 5223 3349 5294 intempesta
3379 5241 3553 5295 nocte,

1981 5303 2177 5373 plures,
2201 5305 2578 5372 immaturitate,
2597 5325 2697 5362 non
2711 5309 2916 5366 duobus
2931 5314 3124 5378 verbis,
3143 5316 3236 5369 sed
3262 5333 3386 5382 tuto,
3407 5318 3559 5384 cujus

1979 5396 2220 5450 vocabuli
2251 5400 2604 5454 nominativus
2631 5412 2714 5456 est
2739 5403 3117 5470 innnaturitas;
3144 5409 3386 5466 nonnulli
3432 5426 3559 5465 vero

1981 5487 2032 5542 in
2059 5487 2264 5543 duobus
2287 5491 2463 5544 verbis
2486 5532 2501 5557 ,
2535 5492 2672 5547 sicut
2713 5510 2915 5563 graecus
2965 5498 3174 5566 posuit,
3219 5502 3274 5552 in
3323 5499 3561 5554 immatu-

1980 5580 2164 5645 ritate;
2217 5583 2368 5650 ἀωρία
2417 5581 2610 5651 quippe
2663 5583 3012 5640 immaturitas
3058 5596 3175 5654 est,
3209 5594 3256 5644 ἕν
3293 5594 3480 5661 elegia,
3511 5594 3562 5646 in

1987 5671 2347 5752 immaturitate
2373 5689 2392 5726 :
2424 5684 2670 5742 tanquam
2711 5675 2757 5729 si
2801 5677 2958 5732 vellet
2987 5679 3144 5733 etiam
3172 5680 3260 5738 ille
3288 5683 3374 5752 qui
3407 5683 3560 5748 dixit,

2053 5811 2064 5839 ι
2093 5806 2163 5855 sic
2185 5805 2351 5868 plures
2374 5814 2477 5856 Mss.
2517 5815 2569 5856 At
2593 5807 2727 5869 add,
2745 5805 3038 5875 importuna.
