4032 6202
387 364 409 417 1
422 365 523 418 587

385 480 680 546 intempesta
714 485 888 541 nocte,
920 471 1292 551 praepositione
1343 470 1522 527 dicere
1568 473 1853 543 geminata,
1905 470 1957 523 in

385 568 681 635 intempesta
708 583 726 626 ;
755 577 810 620 ut
841 580 938 620 una
970 564 1279 635 praepositio
1304 564 1564 633 significet
1591 566 1641 619 in
1672 581 1771 634 qua
1804 570 1954 625 hora.

387 658 553 714 altera
602 658 861 729 pertineat
911 657 976 711 ad
1026 657 1466 726 compositionem
1518 657 1765 710 nominis.
1818 656 1955 711 Nihil

386 763 516 801 sane
546 748 761 802 interest
787 748 851 801 ad
882 749 1197 803 sententiam
1223 790 1238 814 ,
1273 759 1446 803 utrum
1473 750 1591 819 quis
1620 749 1757 802 dicat
1785 750 1957 818 egisse

384 853 444 892 se
470 837 663 907 aliquid
689 839 811 902 galli
841 849 1033 906 cantu,
1067 855 1132 892 an
1158 880 1171 905 ,
1222 839 1271 892 in
1314 838 1433 908 galli
1470 849 1628 892 cantu
1662 856 1674 890 :
1707 839 1776 893 ita
1822 839 1954 893 nihil

384 927 699 994 interesset,
733 939 906 982 utrum
941 929 1237 997 intempesta
1257 968 1271 993 ,
1329 944 1396 982 an
1429 944 1554 982 vero
1584 928 1637 981 in
1662 930 1957 998 intempesta

382 1029 528 1071 nocte
545 1061 559 1085 ,
591 1019 641 1073 id
673 1029 754 1075 est
775 1061 788 1085 ,
818 1019 869 1072 in
896 1030 1039 1074 nocte
1058 1020 1351 1088 intempesta
1374 1020 1632 1075 clamasse
1655 1035 1714 1075 se
1733 1021 1953 1076 diceret.

385 1107 602 1164 Grzccus
635 1119 806 1163 tamen
839 1111 889 1163 in
912 1119 1053 1163 nocte
1079 1111 1367 1180 intempesta
1411 1109 1577 1174 dixit,
1632 1110 1770 1179 quod
1816 1111 1955 1166 idem

380 1201 521 1256 valet
546 1202 587 1255 si
619 1202 845 1268 dicatur,
873 1206 927 1255 in
954 1204 1309 1256 immaturitate
1331 1246 1344 1268 ,
1394 1203 1445 1257 id
1485 1213 1570 1259 est
1591 1245 1606 1268 ,
1635 1204 1687 1259 iu
1720 1213 1957 1275 tempore

381 1305 644 1351 nocturno
667 1298 967 1352 immaturo.
994 1298 1257 1353 Hactenus
1277 1299 1343 1353 de
1362 1300 1597 1355 obscuro
1617 1298 1781 1354 verbo
1802 1298 1959 1353 fuerit

381 1386 705 1454 disputatum
730 1404 743 1451 ;
776 1404 914 1443 nunc
946 1389 1211 1445 videamus
1233 1390 1349 1459 quis
1379 1390 1493 1460 ipse
1516 1391 1812 1445 sitsensus.

452 1476 508 1529 4.
542 1476 770 1532 Prtevcni
789 1520 803 1544 ,
839 1479 1024 1549 inquit,
1049 1481 1100 1532 in
1127 1491 1270 1535 nocte
1294 1482 1605 1551 intempesta,
1638 1490 1683 1534 et
1711 1481 1956 1545 clamavi;

384 1567 439 1621 in
465 1566 621 1622 verbis
650 1569 748 1622 tuis
772 1571 981 1639 speravi.
1013 1570 1067 1624 Si
1108 1572 1207 1625 hoc
1250 1571 1314 1625 ad
1368 1587 1793 1642 unumquemque
1823 1572 1955 1627 tide-

390 1659 520 1715 lium
551 1660 839 1716 referamus
862 1704 874 1727 ,
902 1671 954 1717 et
974 1664 1038 1716 ad
1071 1665 1445 1735 preprietatem
1478 1666 1555 1720 rei
1582 1674 1784 1736 gestas;
1812 1681 1957 1734 saepe

382 1750 641 1819 contingit
666 1760 721 1805 ut
751 1754 840 1807 tali
886 1753 1057 1808 noctis
1084 1763 1321 1824 tempore
1349 1756 1530 1826 vigilet
1564 1772 1715 1810 amor
1743 1757 1871 1825 Dei,
1904 1766 1957 1811 et

382 1856 574 1913 magno
605 1851 827 1913 urgente
859 1845 874 1874 ¹
904 1845 1161 1900 orationis
1205 1845 1394 1901 aﬂ‘cctu
1420 1888 1435 1914 ,
1483 1863 1587 1900 non
1619 1857 1958 1918 exspectetur

382 1934 477 1990 sed
504 1937 858 2004 praeveniatur
911 1938 1051 2007 quod
1095 1948 1216 2008 post
1263 1939 1385 2008 galli
1432 1947 1643 1993 cantum
1681 1939 1958 1994 consuevit

382 2040 504 2081 esse
535 2035 741 2096 tempus
767 2028 971 2082 orandi.
1004 2028 1059 2083 Si
1088 2039 1264 2087 autem
1294 2029 1617 2099 accipiamus
1656 2028 1757 2084 hoc
1789 2037 1954 2083 totum

380 2117 637 2172 smeulum
667 2127 873 2173 noctem
898 2134 913 2183 ;
944 2120 1125 2189 utique
1151 2120 1462 2189 intempesm
1493 2128 1645 2174 nocte
1666 2120 1957 2175 clamamus

381 2206 450 2261 ad
480 2207 681 2272 Deum,
718 2218 770 2262 et
814 2210 1170 2277 prtevenimus
1219 2211 1574 2264 maturitatem
1620 2210 1872 2281 temporis
1901 2210 1956 2264 in

382 2314 488 2368 quo
519 2299 672 2354 nobis
701 2300 1008 2355 redditurus
1033 2311 1117 2356 est
1143 2301 1283 2372 quod
1329 2302 1606 2371 promisit,
1656 2302 1793 2357 sicut
1829 2302 1955 2358 alibi

381 2388 575 2458 legitur
627 2407 639 2443 :
699 2388 1077 2446 Praeveniamus
1130 2394 1312 2463 facient
1359 2394 1470 2464 ejus
1527 2393 1582 2447 in
1646 2393 1958 2465 confessione

385 2476 574 2546 (Psal.
627 2495 767 2547 κων,
819 2481 924 2552 2).
953 2482 1262 2553 Quanquam
1308 2483 1353 2538 si
1397 2483 1622 2539 velimus
1661 2483 1956 2553 intelligere

380 2569 721 2625 immaturum
755 2580 964 2642 tempus
991 2574 1163 2627 noctis
1191 2573 1344 2641 hujus
1363 2614 1378 2639 ,
1408 2583 1690 2641 antequam
1719 2574 1955 2629 venisset

380 2661 655 2730 plenitudo
687 2666 942 2734 temporis
962 2705 977 2730 ,
1008 2665 1058 2720 id
1088 2675 1169 2720 est
1190 2706 1203 2730 ,
1237 2666 1348 2734 ipsa
1391 2667 1664 2720 maturitas
1688 2708 1703 2731 ,
1745 2666 1957 2736 quando

379 2752 626 2808 Christus
653 2754 1084 2811 manifestaretur
1113 2762 1163 2811 in
1194 2772 1355 2812 carne
1385 2757 1581 2828 (Galat.
1612 2774 1682 2824 tv,
1707 2758 1765 2828 4)
1795 2776 1808 2822 ;
1858 2773 1957 2814 nec

382 2852 511 2900 tunc
538 2845 776 2901 Ecclesia
806 2848 1003 2914 tacuit,
1032 2849 1125 2903 sed
1167 2850 1501 2918 przeveniens
1536 2857 1686 2905 Istam
1737 2850 1956 2905 maturi-

382 2945 548 2993 tatem
571 2979 585 3004 ,
618 2940 987 3009 pr0phctando
1007 2942 1281 3005 clamavit.
1307 2954 1361 2997 et
1388 2943 1437 2997 in
1485 2942 1660 2998 verbis
1705 2943 1794 2998 Dei
1831 2958 1955 3013 spe-

377 3030 517 3084 ravit
567 3032 796 3099 potentis
852 3032 1026 3089 facere
1076 3035 1217 3105 quod
1263 3035 1542 3105 promisit,
1570 3043 1628 3089 ut
1670 3037 1719 3089 in
1751 3036 1955 3092 semine

378 3122 608 3179 Abraha:
638 3125 1082 3184 benedicerentur
1108 3144 1294 3184 omnes
1322 3140 1507 3199 gentes
1537 3131 1556 3199 (
1582 3130 1706 3184 Gen.
1755 3147 1849 3196 xu,
1880 3132 1913 3185 5
1938 3147 1952 3195 ;

380 3221 430 3266 et
456 3230 587 3280 χχιι,
618 3215 686 3271 18
706 3215 746 3286 ).

449 3304 504 3357 5.
537 3303 686 3375 [vers.
721 3306 866 3379 148.]
902 3307 1014 3376 Ipsa
1042 3319 1096 3362 et
1145 3309 1285 3378 quod
1334 3312 1573 3380 sequitur
1607 3312 1767 3378 dicit,
1816 3312 1953 3368 Prae.

378 3405 617 3450 venerunt
642 3397 775 3451 oculi
804 3399 899 3451 :ttei
923 3399 990 3452 ad
1018 3401 1313 3453 matutinum
1333 3443 1348 3467 ,
1381 3410 1435 3454 ut
1464 3402 1730 3457 meditarer
1758 3404 1953 3471 eloquia

378 3494 488 3540 tua.
521 3485 788 3542 Ponamus
817 3487 959 3543 enim
989 3490 1322 3556 matutinum,
1349 3491 1562 3562 quando
1586 3493 1674 3562 qui
1697 3492 1952 3548 sedebant

375 3576 433 3631 in
482 3577 666 3631 umbra
722 3579 947 3645 mortis,
1005 3580 1093 3635 lux
1139 3588 1252 3636 orta
1302 3590 1383 3636 est
1409 3582 1487 3655 eis
1521 3582 1693 3654 (Isai.
1752 3584 1947 3656 tx,2);

375 3685 554 3726 nonne
574 3671 626 3725 in
655 3673 851 3727 sanctis
876 3673 965 3742 qui
992 3673 1137 3741 prius
1163 3675 1385 3729 erantin
1416 3684 1552 3729 terra
1579 3717 1594 3742 ,
1626 3676 1693 3730 ad
1724 3675 1826 3734 hoc
1850 3693 1954 3731 ma-

375 3764 603 3819 tutinum
634 3766 771 3821 oculi
823 3765 1074 3821 Ecclesia:
1123 3775 1534 3836 praevenerunt,
1567 3769 1690 3838 quia
1737 3769 1840 3825 hoc
1868 3770 1951 3825 lu-

374 3866 551 3912 turum
581 3867 735 3913 antea
789 3858 1179 3929 praeviderunt,
1226 3870 1283 3914 ut
1330 3860 1713 3917 meditarentur
1741 3862 1949 3932 eloquia

374 3948 512 4016 Dei,
543 3965 660 4020 qure
691 3957 816 4004 tunc
841 3960 993 4005 erant
1017 3992 1032 4017 ,
1065 3959 1120 4006 et
1151 3952 1201 4004 in
1231 3951 1372 4022 Lege
1414 3968 1476 4006 ac
1517 3952 1796 4022 Prophetis
1835 3953 1950 4009 haec

375 4042 549 4098 futura
576 4042 923 4098 nuntiabant?
1884 4108 1889 4112 _

445 4138 498 4193 6.
553 4136 718 4210 [vers.
775 4136 930 4208 H9.]
982 4137 1160 4191 Vocem
1214 4153 1411 4204 meam,
1466 4139 1666 4208 inquit,
1725 4138 1946 4205 exaudi,

376 4229 594 4283 Domine
616 4269 631 4295 ,
661 4228 934 4282 secundum
961 4227 1362 4282 misericordiam
1392 4238 1529 4282 tuam
1548 4245 1567 4284 :
1601 4238 1648 4284 et
1673 4227 1951 4283 secundum

370 4321 618 4393 judicium
637 4331 777 4375 tuum
803 4320 996 4389 vivi/ica
1023 4336 1119 4373 me.
1149 4320 1303 4374 Prius
1325 4321 1466 4375 enim
1495 4321 1634 4376 Deus
1660 4320 1949 4376 Secundum

374 4412 789 4470 misericordiam
819 4412 990 4467 aufert
1016 4427 1044 4465 a
1074 4412 1438 4481 peccatoribus
1479 4428 1687 4481 poenam
1708 4454 1721 4476 ,
1770 4413 1954 4483 eiSqtte

374 4512 558 4573 postea
611 4502 768 4571 juslis
807 4494 1095 4557 secundum
1130 4502 1386 4573 judicium
1427 4503 1573 4557 dabit
1597 4505 1755 4558 vitam
1783 4520 1799 4570 ;
1828 4504 1950 4574 quia

374 4610 480 4651 non
513 4593 704 4649 frustra
730 4593 804 4649 illi
851 4594 951 4649 hoc
979 4593 1167 4650 ordine
1214 4594 1426 4661 dicitur,
1477 4593 1877 4655 Misericordiam
1904 4605 1952 4649 et

375 4692 619 4755 iudicium
643 4689 851 4744 cantabo
873 4689 989 4753 tibi,
1017 4688 1232 4744 Domine
1262 4688 1281 4761 (
1310 4688 1452 4742 Psal.
1481 4703 1531 4750 ο,
1566 4688 1590 4742 ‘l
1624 4688 1642 4755 )
1673 4689 1954 4757 :quamvis

376 4794 430 4837 et
459 4784 630 4852 ipsum
662 4790 870 4851 tempus
908 4781 1285 4836 misericordiae
1311 4796 1414 4834 non
1446 4789 1529 4834 est
1570 4779 1686 4834 sine
1726 4777 1948 4847 judicio,

376 4878 443 4932 de
472 4890 576 4946 quo
604 4870 732 4931 dicit
788 4875 1092 4945 Apostolus,
1138 4874 1200 4930 Si
1228 4875 1358 4928 enim
1391 4889 1480 4928 nos
1524 4872 1660 4941 ipsos
1688 4871 1952 4941 judicare-

376 4986 524 5037 mus,
575 4984 607 5021 α
658 4967 877 5022 Domino
929 4984 1030 5022 non
1072 4967 1469 5038 judicaremur:
1510 4980 1624 5019 cum
1656 4963 1956 5034 judicamur

377 5069 540 5114 autem
562 5101 576 5123 ,
601 5076 632 5112 a
662 5057 879 5112 Domino
907 5057 1226 5123 corripimnr,
1284 5072 1345 5109 ne
1386 5072 1499 5109 cum
1529 5054 1715 5109 mundo
1740 5054 1952 5108 damne-

377 5166 491 5204 mur
518 5150 537 5223 (
567 5149 584 5205 1
615 5147 732 5204 Cor.
763 5166 836 5213 st,
867 5150 955 5213 5|,
987 5146 1057 5202 52
1086 5146 1126 5213 );
1158 5156 1211 5200 et
1241 5146 1354 5215 ejus
1381 5146 1716 5217 coapostolus
1738 5188 1752 5211 ,
1803 5145 1951 5198 Tem-

378 5258 471 5309 pus
496 5252 568 5296 est
592 5282 607 5306 ,
640 5241 808 5311 inquit
831 5282 846 5306 ,
874 5250 925 5293 ut
942 5239 1197 5308 judicium
1227 5239 1433 5308 incipiat
1458 5256 1489 5291 a
1517 5239 1666 5293 domo
1700 5237 1904 5292 Domini
1932 5254 1950 5291 :

378 5341 424 5385 et
451 5337 495 5386 st
520 5332 718 5386 initium
746 5348 778 5383 a
805 5329 948 5385 nobis
977 5330 997 5361 ³
1022 5346 1036 5391 ;
1061 5328 1227 5399 qualis
1254 5328 1371 5397 finis
1396 5329 1487 5381 erit
1512 5329 1581 5381 eis
1607 5329 1692 5397 qui
1717 5344 1815 5386 non
1837 5344 1949 5381 crc-

376 5422 499 5475 dnnt
530 5421 733 5476 Domini
762 5422 1035 5494 Evangelia
1066 5420 1085 5491 (
1117 5420 1132 5473 l
1163 5418 1301 5474 Petr.
1336 5436 1407 5483 tv,
1440 5422 1507 5475 l7
1538 5422 1577 5487 ).
1615 5420 1682 5474 Et
1706 5420 1947 5475 ultimum

380 5521 592 5580 tempus
613 5513 798 5582 iudicii
842 5529 948 5567 non
991 5514 1094 5567 erit
1121 5511 1237 5566 sine
1268 5510 1630 5565 misericordia
1653 5553 1667 5575 ,
1693 5512 1813 5581 quia
1861 5526 1950 5565 co-

378 5610 525 5659 ronat
555 5610 620 5664 te,
670 5603 746 5656 ait
773 5604 1008 5672 psalmus
1027 5644 1042 5669 ,
1086 5603 1139 5657 in
1188 5602 1506 5656 miseratione
1534 5611 1582 5655 et
1610 5602 1952 5656 misericordia

440 5737 454 5767 ³
485 5732 671 5795 Aliquot
693 5739 817 5792 Mss,
854 5740 1091 5795 surgente.

437 5798 461 5831 ⁸
487 5794 711 5859 Plerique
734 5800 861 5853 Mss,
885 5794 1027 5844 vobis.

1627 355 1682 411 S.
1715 350 2076 410 AUGUSTINI
2104 352 2406 413 EPISCOPI
2482 372 2492 380 ·

3491 368 3631 427 1588

2064 467 2085 538 (
2110 467 2356 526 Psat.-cn
2375 514 2390 541 ,
2422 472 2457 535 4
2480 470 2521 545 ).
2549 473 2811 530 Iudicium
2861 484 3039 533 autem
3069 478 3185 535 sine
3229 481 3597 540 misericordia
3619 524 3639 547 ,

2061 559 2157 614 sed
2186 560 2386 616 sinitris
2429 563 2518 633 qui
2547 579 2650 619 non
2696 565 2935 622 fecerunt
2959 569 3380 636 misericordiam
3414 574 3646 643 (Jacobi

2060 653 2295 724 ".13).

2131 744 2184 796 7.
2231 743 2381 815 [vers.
2413 746 2559 819 150.]
2589 748 3172 820 Appropinquaverunt,
3225 754 3393 824 inquit
3420 796 3433 820 ,
3465 774 3645 826 perse-

2058 845 2259 903 quentes
2303 852 2380 890 me
2429 839 2726 908 iniquitate;
2776 842 2897 906 vel,
2949 843 3086 898 sicut
3129 846 3368 900 nonnulli
3424 848 3646 904 codices

2059 924 2274 991 habent,
2294 928 2481 998 inique.
2503 929 2653 985 Tunc
2675 931 3198 1006 appropinquantqui
3220 950 3637 1008 persequuntur,

2059 1019 2270 1088 quando
2292 1037 2457 1091 usque
2471 1024 2536 1076 ad
2563 1037 2774 1079 carnem
2801 1025 3137 1080 cruciandam
3167 1029 3645 1101 perimendamqua

2060 1110 2395 1176 perveniunt.
2457 1111 2605 1167 Unde
2653 1113 2890 1181 psalmus
2932 1115 3219 1170 vicesimus
3263 1118 3497 1185 primus,
3544 1118 3644 1174 ubi

2060 1200 2236 1269 passio
2258 1201 2466 1256 Domini
2500 1203 2808 1272 prophetata
2837 1213 2951 1271 est,
2984 1204 3067 1260 Ne
3110 1208 3339 1262 discedas
3360 1248 3378 1275 ,
3427 1210 3638 1278 inquit.

2058 1308 2089 1343 a
2128 1309 2206 1345 me
2227 1331 2241 1356 ,
2273 1294 2509 1360 quoniam
2532 1294 2787 1350 tribulatio
2807 1298 3041 1366 proxima
3060 1308 3132 1357 est
3162 1298 3348 1371 (Psal.
3377 1317 3495 1366 ut,
3518 1301 3633 1374 12);

2058 1396 2176 1435 cum
2216 1398 2277 1438 ea
2314 1382 2559 1438 dicantur
2581 1401 2700 1455 quae
2726 1401 2830 1441 non
2857 1387 3166 1444 imminente
3187 1432 3202 1456 ,
3246 1389 3340 1444 sed
3361 1390 3468 1458 jam
3495 1407 3641 1461 pne-

2059 1480 2211 1527 seute
2256 1473 2368 1542 ipsa
2411 1477 2657 1543 passione
2710 1491 2992 1547 perpessus
3032 1489 3133 1533 est.
3185 1478 3291 1535 Sed
3332 1482 3635 1550 proximam

2056 1563 2189 1617 dixit
2218 1564 2645 1632 tribulationem,
2688 1584 2806 1636 quae
2865 1567 3022 1622 ﬁebat
3069 1569 3120 1623 in
3164 1583 3353 1634 carne;
3383 1571 3515 1625 nihil
3551 1581 3640 1627 est

2057 1654 2251 1724 quippe
2300 1656 2491 1710 animae
2536 1657 2754 1727 propius
2799 1671 2959 1713 carne
2987 1674 3144 1729 quam
3174 1670 3366 1729 gestat.
3408 1661 3641 1731 Propin—

2057 1756 2352 1817 quaverunt
2374 1763 2501 1818 ergo
2544 1761 2955 1819 persequentes,
2989 1750 3273 1821 al’ﬂigendo
3300 1768 3484 1807 eorum
3514 1770 3638 1808 car-

2058 1855 2200 1905 nem,
2215 1854 2349 1909 quos
2367 1842 2836 1911 persequebantur.
2858 1841 2961 1897 Sed
2978 1842 3194 1898 attende
3213 1843 3637 1914 quodsequitur:

2057 1930 2100 1982 Α
2130 1930 2236 2000 lege
2259 1941 2429 1984 autent
2456 1939 2544 1985 tua
2569 1932 2717 2003 longe
2743 1933 2862 2003 facti
2891 1944 3027 1987 sunt.
3074 1933 3283 2001 Quanto
3315 1936 3483 2005 magis
3507 1952 3641 2006 pro-

2057 2015 2443 2097 pimiuavetjunt
2468 2023 2849 2093 persequendis
2875 2024 3061 2091 justis,
3092 2034 3238 2080 tanto
3282 2028 3449 2098 magis
3476 2028 3640 2098 longe

2057 2110 2179 2166 facti
2215 2122 2339 2166 sunt
2361 2129 2389 2167 a
2415 2113 2633 2183 justitia.
2668 2114 2772 2171 Sed
2799 2115 2923 2185 quid
2952 2126 3248 2171 nocuerunt
3291 2119 3397 2183 eis,
3439 2119 3640 2189 quibus

2058 2202 2432 2272 persequendo
2478 2205 3009 2274 prepinquaverunt;
3061 2207 3273 2277 quando
3303 2209 3524 2264 interior
3550 2219 3642 2265 est

2058 2293 2433 2364 propinquatio
2461 2294 2667 2349 Domini
2698 2310 2887 2351 eorum
2913 2337 2926 2362 ,
2958 2312 2985 2349 a
3017 2312 3122 2367 quo
3153 2298 3456 2354 nullatenus
3479 2298 3641 2355 dese-

2057 2393 2248 2438 runtur
2271 2384 2295 2438 ?

2128 2476 2179 2529 8.
2237 2473 2384 2546 [vers.
2435 2475 2581 2549 151.]
2632 2476 2866 2547 Denique
2917 2476 3157 2548 sequitur
3197 2495 3211 2531 :
3261 2476 3432 2549 Prope
3457 2490 3635 2545 estu,

2057 2567 2275 2621 Domine
2297 2610 2312 2635 ,
2347 2580 2394 2622 et
2425 2586 2595 2624 omnes
2622 2570 2716 2625 via:
2740 2580 2839 2625 tute
2866 2572 3067 2627 veritas.
3115 2573 3288 2627 Etiam
3333 2573 3384 2627 in
3414 2574 3643 2628 tribula-

2058 2660 2287 2715 tionibus
2314 2662 2454 2727 suis,
2482 2662 2623 2732 quod
2650 2678 2740 2717 eas
2770 2679 2874 2717 non
2924 2665 3190 2719 immerito
3217 2666 3507 2735 patiuntur,
3539 2667 3639 2720 tri-

2055 2750 2219 2807 buere
2246 2751 2356 2813 Deo
2377 2752 2669 2817 veritatem,
2696 2765 2995 2808 sanctorum
3023 2764 3106 2809 est
3131 2754 3319 2809 usitata
3339 2754 3632 2811 confessio.

2057 2843 2131 2899 lta
2183 2845 2361 2915 regina
2415 2844 2607 2900 Esther
2655 2843 2675 2917 (
2704 2844 2908 2901 Esther.
2940 2862 3047 2910 xlv,
3080 2848 3133 2910 6,
3168 2848 3197 2900 7
3228 2846 3273 2918 );
3301 2848 3371 2901 ita
3413 2857 3639 2903 sanctus

2058 2935 2239 2991 Daniel
2274 2937 2291 3005 (
2323 2935 2459 2990 Dan.
2513 2952 2563 2991 ix
2590 2979 2605 3002 ,
2656 2938 2713 3004 4,
2748 2937 2814 2992 15
2844 2938 2885 3008 ),
2918 2938 2987 2992 ita
3016 2947 3124 2993 tres
3162 2938 3259 2992 viri
3311 2939 3364 2992 in
3419 2939 3639 2993 camino

2056 3027 2193 3095 (Id.
2241 3045 2316 3093 ιιι,
2363 3028 2618 3098 9.4751),
2672 3028 2742 3082 ita
2791 3043 2978 3083 eorum
3018 3029 3310 3084 sanctitatis
3359 3028 3450 3083 alii
3498 3029 3631 3084 socii

2056 3122 2394 3175 conﬁtentur.
2443 3120 2620 3187 Quaeri
2662 3128 2840 3175 autem
2882 3130 3058 3190 potest
3095 3120 3363 3191 quomodo
3412 3121 3501 3176 hic
3551 3120 3635 3176 di-

2055 3228 2199 3271 etum
2226 3217 2329 3282 sit,
2362 3215 2546 3270 Omnes
2571 3215 2664 3269 via:
2691 3224 2792 3270 tua:
2818 3216 3035 3280 veritas;
3060 3231 3179 3271 cum
3212 3216 3265 3269 in
3291 3215 3394 3270 alio
3422 3214 3635 3284 psalmo

2054 3311 2280 3380 legatur,
2314 3309 2568 3365 Universae
2606 3312 2699 3365 vite
2740 3311 2942 3367 Domini
2991 3310 3332 3364 misericordia
3378 3320 3422 3363 et
3450 3310 3636 3364 veritas

2059 3400 2079 3472 (
2107 3401 2247 3456 Psal.
2279 3417 2422 3468 XXIV,
2457 3401 2525 3457 10
2552 3400 2593 3472 ).
2625 3400 2728 3456 Sed
2769 3416 2890 3470 erga
2921 3410 3133 3455 sanctos
3161 3409 3215 3453 et
3242 3400 3500 3453 universa:
3527 3397 3635 3452 via)

2058 3492 2263 3548 Domini
2289 3492 2672 3559 misericordia,
2691 3501 2743 3547 et
2770 3492 3028 3546 universa:
3048 3493 3147 3545 vim
3170 3490 3374 3545 Domini
3396 3488 3627 3544 veritas:

2055 3586 2176 3657 quia
2207 3594 2262 3641 et
2308 3586 2359 3639 in
2401 3584 2691 3655 judicando
2717 3583 3002 3649 subvenit,
3031 3590 3190 3652 atque
3218 3579 3292 3636 ita
3340 3596 3446 3636 non
3476 3579 3634 3635 deest

2054 3674 2447 3738 misericordia;
2480 3681 2535 3728 et
2581 3674 2631 3728 in
2661 3672 2965 3729 miserando
2992 3672 3044 3726 id
3067 3671 3283 3726 exhibet
3313 3669 3454 3741 quod
3499 3685 3631 3739 pro.

2055 3767 2219 3833 misit,
2244 3783 2310 3822 ne
2327 3768 2522 3821 veritas
2539 3765 2695 3819 desit.
2716 3765 2849 3835 Erga
2868 3779 3051 3817 omnes
3068 3771 3243 3816 autem
3262 3770 3316 3815 et
3338 3776 3472 3831 quos
3488 3760 3627 3816 libe-

2054 3866 2156 3924 rat,
2174 3866 2231 3911 et
2241 3871 2373 3926 quos
2392 3856 2624 3920 damnat,
2639 3869 2825 3910 omnes
2842 3855 2940 3908 vim
2964 3853 3165 3907 Domini
3183 3851 3542 3907 misericordia
3575 3861 3629 3907 et

2053 3950 2288 4013 veritas;
2336 3948 2457 4019 quia
2499 3948 2584 4001 ubi
2627 3962 2732 4001 non
2778 3947 3080 4008 miseretur,
3123 3943 3373 3997 vindicta:
3431 3943 3630 3996 veritas

2054 4040 2542 4097 exhibetur.Multos
2558 4040 2750 4110 quippe
2770 4039 3060 4093 immeritos
3078 4036 3285 4099 liberat,
3306 4035 3625 4090 immeritum

2054 4141 2231 4188 autem
2271 4133 2536 4187 neminem
2560 4131 2793 4185 damnat.

2127 4224 2179 4277 9.
2214 4223 2363 4296 [vers.
2413 4222 2559 4295 152].
2605 4222 2679 4276 Ab
2708 4222 2849 4275 initio
2896 4218 3135 4291 cognovi,
3168 4218 3373 4289 inquit,
3405 4218 3467 4271 de
3493 4217 3633 4271 testi-

2054 4318 2235 4371 moniis
2258 4317 2387 4381 tuis,
2416 4315 2534 4386 quia
2558 4314 2610 4368 in
2637 4324 2877 4368 aeternum
2894 4311 3119 4384 fundasti
3142 4326 3221 4365 ea.
3246 4308 3397 4376 Quod
3425 4322 3631 4379 grascus

2055 4409 2454 4478 3ίί,χαταρχάς,
2502 4406 2659 4476 aliqui
2713 4405 2877 4459 nostri
2928 4403 2990 4457 ab
3042 4404 3221 4465 initio,
3263 4401 3423 4472 aliqui
3462 4401 3629 4465 initio,

2058 4503 2218 4573 aliqui
2269 4503 2319 4555 in
2371 4501 2528 4554 initiis
2575 4498 3069 4569 iuterpretatisuut.
3098 4496 3200 4552 Sed
3228 4497 3315 4565 qui
3363 4496 3637 4567 pluraliter

2059 4592 2162 4647 hoc
2202 4592 2382 4647 dicere
2433 4590 2769 4650 maluerunt,
2814 4603 3040 4658 grzecam
3093 4588 3415 4642 locutionem
3464 4585 3637 4640 secuti

2057 4692 2199 4739 sunt.
2228 4684 2429 4738 Latiare
2458 4690 2630 4736 autem
2663 4682 2852 4749 lingua:
2873 4679 2997 4735 illud
3027 4681 3199 4749 potius
3228 4682 3479 4734 usitatum
3504 4689 3590 4733 est
3616 4721 3632 4747 ,

2059 4786 2116 4830 ut
2143 4776 2203 4830 ab
2240 4776 2384 4830 initio
2413 4775 2494 4830 vel
2525 4774 2669 4828 initio
2712 4774 2937 4836 dicatur,
2989 4771 3129 4841 quod
3182 4779 3428 4842 καταρχὰς
3459 4785 3639 4839 grmca

2057 4868 2207 4939 quasi
2239 4866 2531 4936 pluraliter,
2563 4864 2656 4919 sed
2686 4862 3060 4919 adverbialiter
3097 4861 3290 4915 dicitur
3318 4879 3331 4914 :
3355 4859 3511 4930 quale
3555 4871 3640 4913 est.

2057 4957 2197 5028 apud
2221 4973 2347 5022 nos,
2397 4972 2516 5011 cum
2548 4954 2773 5010 dicimus
2796 4996 2810 5020 ,
2845 4954 2989 5008 Alias
3033 4952 3133 5030 hoc
3177 4950 3346 5013 facio;
3380 4950 3637 5020 pluralem

2059 5064 2341 5106 numerum
2370 5046 2607 5104 feminini
2655 5046 2867 5116 generis
2895 5044 3073 5099 dicere
3118 5042 3384 5107 videmur,
3413 5040 3506 5096 sed
3538 5041 3635 5094 ad-

2062 5141 2299 5196 verbium
2343 5148 2455 5204 est,
2511 5147 2565 5192 et
2616 5136 2877 5206 signiﬁcat
2931 5135 3049 5189 Alio
3080 5144 3339 5203 tempore.
3371 5131 3508 5197 Quid
3560 5140 3640 5184 cst

2057 5249 2184 5304 ergo
2206 5274 2220 5299 ,
2253 5231 2333 5285 Ad
2360 5231 2503 5285 initio
2528 5229 2768 5301 cognovi,
2800 5228 2883 5282 vel
2906 5226 3080 5296 potius
3105 5266 3119 5288 ,
3154 5234 3209 5279 ut
3236 5234 3290 5279 et
3322 5238 3421 5277 nos
3446 5222 3645 5276 adver-

2060 5325 2265 5380 bialiter
2295 5322 2345 5376 id
2375 5321 2610 5376 dicamus
2632 5360 2649 5386 ,
2679 5318 2836 5373 Initio
2854 5316 3062 5388 cognovi
3085 5315 3147 5370 de
3175 5313 3471 5368 testimoniis
3501 5312 3603 5365 tuis
3627 5353 3641 5372 .

2057 5418 2175 5482 quia
2200 5417 2252 5469 in
2277 5424 2518 5469 teternum
2546 5410 2773 5484 fundasti
2821 5410 2922 5463 ea?
2950 5406 3275 5464 Testimouia
3326 5402 3538 5459 Domini
3588 5402 3642 5457 in

2059 5518 2317 5563 :cternum
2345 5506 2415 5560 ab
2442 5506 2532 5559 illo
2556 5502 2685 5563 dicit
2730 5517 2849 5558 csse
2875 5500 3088 5555 fundata
3113 5540 3128 5565 ,
3160 5506 3215 5554 et
3244 5498 3345 5552 hoc
3387 5510 3446 5550 se
3492 5495 3650 5550 initio

2057 5599 2373 5670 cognovisse
2398 5604 2639 5659 testatur,
2669 5607 2768 5648 nec
2791 5590 3003 5646 aliunde
3044 5588 3358 5659 cognovisse
3386 5599 3543 5655 quam
3578 5584 3648 5638 de

2060 5691 2189 5762 ipsis
2211 5691 2391 5760 utique
2418 5685 2755 5742 testimoniis.
2776 5684 2904 5749 Quae
2930 5691 3054 5738 sunt
3075 5683 3173 5736 ista
3195 5678 3517 5742 testimonia,
3544 5676 3650 5732 nim

2060 5783 2249 5856 quibus
2298 5788 2519 5835 testatus
2563 5786 2646 5833 est
2694 5777 2831 5831 Deus
2879 5773 3121 5829 daturum
3175 5784 3235 5827 sc
3257 5782 3479 5840 regnum
3533 5764 3663 5822 suis
