3964 6204
266 404 410 460 1389

267 524 395 577 liliis
421 515 844 587 sempiternum?
889 515 952 568 Et
975 512 1096 584 quia
1125 512 1225 583 hoc
1271 511 1322 564 in
1354 511 1636 580 Uuigemto
1670 523 1727 562 se
1753 506 1851 560 da-

264 626 448 669 tm-um
479 628 598 666 esse
626 619 844 664 testatus
867 617 948 663 est
973 649 988 672 ,
1018 606 1084 660 de
1110 620 1214 675 quo
1241 605 1441 660 dictum
1473 612 1552 656 est
1577 644 1591 666 ,
1623 601 1688 654 Et
1714 599 1855 670 regni

253 711 381 779 ejus
411 721 510 757 non
540 704 631 756 erit
661 703 777 770 ﬁnis
807 701 824 770 (
850 700 975 754 Luc.
1007 715 1044 761 ι,
1070 700 1138 753 55
1163 700 1180 768 )
1205 716 1219 764 ;
1257 699 1366 766 ipsa
1401 695 1698 750 testimonia
1720 693 1854 747 dixit

261 799 323 849 in
355 806 615 850 asternum
645 807 764 847 esse
793 791 1008 846 fundata
1029 833 1042 853 ,
1072 791 1193 860 quia
1222 789 1273 843 id
1303 788 1443 858 quod
1487 802 1580 858 per
1623 801 1682 837 ea
1715 787 1850 839 Deus

269 887 554 956 promisit,
582 895 838 940 aeternum
870 892 970 938 est.
1001 882 1132 936 Nam
1163 897 1255 952 per
1299 895 1358 935 se
1400 881 1510 950 ipsa
1553 877 1852 933 testimonia

266 987 399 1033 tunc
429 993 532 1031 non
562 985 718 1030 erunt
740 975 1034 1029 necessaria
1057 1015 1072 1040 ,
1098 972 1308 1043 quando
1329 985 1414 1027 res
1439 972 1548 1040 ipsa
1571 969 1850 1034 videbitur,

265 1081 492 1140 propter
517 1084 676 1138 quam
702 1068 1018 1122 credendam
1053 1081 1194 1120 nunc
1224 1065 1524 1119 testimonia
1576 1063 1855 1133 requirun-

269 1171 376 1215 tnr.
428 1160 492 1213 Et
539 1161 659 1213 ideo
707 1158 842 1212 bene
884 1157 1191 1225 intelligitur
1219 1155 1453 1217 dictum,
1497 1153 1723 1222 fundasti
1773 1169 1851 1216 ea,

265 1253 392 1322 quia
451 1252 502 1304 in
553 1251 767 1305 Christo
813 1265 935 1304 vera
992 1256 1374 1302 monstrantur.
1430 1245 1852 1300 Fundamentum

267 1345 414 1397 enim
445 1343 584 1396 aliud
612 1357 768 1396 nemo
797 1350 970 1411 potest
1002 1355 1230 1409 ponere,
1280 1348 1471 1406 prteler
1502 1338 1551 1392 id
1583 1338 1720 1408 quod
1755 1353 1851 1406 po-

267 1440 433 1490 situm
464 1445 578 1501 est,
627 1435 766 1504 quod
810 1444 892 1489 est
943 1432 1188 1487 Christus
1238 1431 1392 1485 Iesus
1422 1429 1602 1501 (lCor.
1628 1445 1704 1490 ιιι.
1743 1427 1850 1500 11).

268 1527 428 1583 Unde
459 1527 560 1582 hoc
586 1541 712 1596 ergo
738 1527 837 1579 iste
863 1525 1014 1578 initio
1039 1523 1286 1588 cognovit
1305 1563 1317 1585 ,
1347 1522 1448 1575 nisi
1472 1522 1589 1587 quia
1619 1519 1854 1575 Ecclesia

271 1619 527 1688 loquitur,
559 1633 677 1687 qua:
710 1616 866 1670 terris
894 1631 996 1669 non
1030 1614 1196 1668 deluit
1223 1614 1291 1669 ab
1318 1612 1466 1666 initio
1493 1612 1706 1682 generis
1751 1609 1854 1664 bu-

269 1710 454 1771 mani,
483 1708 634 1772 cuius
673 1706 921 1777 primitize
968 1705 1096 1759 Abel
1147 1713 1362 1758 sanctus
1406 1711 1521 1769 cst,
1555 1700 1858 1756 immolatus

269 1809 330 1854 et
361 1801 472 1868 ipse
502 1798 664 1870 (Gen.
698 1813 774 1862 IV,
804 1797 880 1867 8)
913 1796 963 1849 in
997 1794 1354 1849 testimonium
1391 1793 1550 1846 futuri
1582 1791 1853 1859 sanguinis

272 1893 582 1947 Mediatoris
609 1891 676 1944 ah
701 1891 863 1959 impio
891 1889 1052 1942 fratre
1079 1886 1328 1941 l'undendi
1352 1886 1376 1938 ?
1397 1885 1524 1939 Nam
1554 1894 1608 1937 et
1638 1883 1761 1937 illud
1791 1883 1856 1935 ah

273 1983 642 2037 initiodictnm
666 1991 745 2035 est
765 2023 780 2042 ,
813 1980 974 2033 Erunt
998 1981 1098 2032 duo
1123 1980 1176 2031 iu
1205 1994 1355 2032 carne
1381 1993 1482 2030 una
1508 1975 1619 2046 (Id.
1653 1991 1710 2040 ιι,
1737 1974 1856 2039 24);

271 2075 418 2144 quod
464 2089 710 2138 magnum
757 2080 1150 2126 sacramentum
1200 2067 1474 2137 apostolus
1519 2066 1712 2120 Paulus
1762 2080 1860 2119 ex-

276 2180 484 2232 ponens
506 2205 520 2229 ,
555 2163 663 2232 Ego
687 2203 700 2223 ,
731 2162 933 2232 inquit,
975 2160 1088 2213 dico
1119 2161 1170 2213 in
1212 2158 1411 2214 Christo
1438 2169 1484 2211 et
1529 2159 1581 2210 iu
1636 2156 1860 2210 Ecclesia

274 2258 295 2325 (
329 2257 519 2325 Epltes.
553 2271 604 2319 v,
632 2255 702 2308 52
731 2256 770 2323 ).

909 2359 1081 2400 ειζιιιιο
1120 2360 1243 2398 XXX.

355 2439 409 2492 1.
452 2437 600 2508 [vers
637 2435 778 2507 l53.]
819 2435 985 2490 Nemo
1017 2437 1066 2488 in
1097 2435 1297 2488 Christi
1347 2448 1574 2503 corpore
1603 2435 1861 2487 constitu-

279 2537 369 2583 tus
399 2544 428 2582 a
455 2544 514 2582 se
541 2529 767 2582 alienam
810 2526 1096 2580 arbitretur
1138 2541 1258 2581 esse
1304 2524 1443 2579 hanc
1473 2514 1655 2578 vocem
1685 2526 1702 2593 (
1728 2538 1864 2594 quo-

281 2622 426 2674 niam
453 2635 510 2674 re
538 2634 662 2672 vera
693 2626 859 2672 totum
887 2618 1084 2673 Christi
1115 2632 1311 2686 corpus
1355 2617 1408 2671 in
1441 2616 1542 2671 hac
1568 2616 1865 2671 humilitate

282 2711 514 2780 positum
547 2710 748 2779 dicit),
779 2709 918 2764 unde
957 2710 1143 2779 psalmi
1176 2708 1331 2778 lmjus
1361 2709 1546 2777 incipit
1575 2707 1767 2775 lectio,
1799 2707 1865 2762 de

281 2820 388 2872 qua
437 2819 577 2857 nunc
623 2803 893 2872 disputare
937 2802 1268 2870 suscepimus
1307 2817 1320 2852 :
1367 2799 1494 2854 Vide
1536 2800 1866 2853 humilitatem

283 2912 480 2958 nteant,
509 2905 553 2947 et
582 2895 718 2963 eripe
743 2909 858 2957 me;
900 2894 1016 2962 quia
1044 2894 1200 2963 legem
1229 2900 1366 2945 tuam
1396 2909 1498 2945 non
1523 2909 1634 2946 sum
1663 2890 1863 2947 obl-ilus.

285 2988 401 3041 Iloc
443 2986 559 3039 loco
605 2985 801 3039 nullam
844 2985 935 3038 Dei
969 2985 1135 3053 legem
1168 2983 1574 3042 convenientius
1622 2982 1866 3051 intelligi-

283 3093 428 3143 mus,
459 3079 556 3133 nisi
587 3093 688 3148 qua
721 3075 1064 3132 immobiliter
1094 3075 1258 3138 fixum
1288 3085 1370 3130 est
1399 3083 1457 3129 ut
1485 3075 1660 3128 omnis
1687 3075 1774 3145 qui
1809 3089 1868 3129 se

283 3173 486 3226 exaltat
508 3212 522 3233 ,
554 3170 893 3233 humilietur,
925 3177 979 3223 et
1005 3171 1178 3222 omnis
1208 3167 1297 3236 qui
1328 3182 1387 3221 se
1418 3166 1660 3220 luuniliat
1680 3207 1694 3231 ,
1727 3165 1871 3220 exal-

285 3273 433 3317 tetur
462 3261 612 3334 (Luc.
639 3278 749 3323 xw,
779 3262 833 3314 11
868 3277 882 3324 ;
916 3270 960 3314 et
985 3275 1133 3323 xvut,
1166 3259 1275 3327 1-1).
1307 3258 1582 3327 Superbus
1606 3273 1732 3326 ergo
1761 3272 1870 3310 ma-

286 3355 357 3409 lis
378 3396 393 3415 ,
427 3363 486 3407 ut
527 3353 854 3416 humilietur,
903 3352 1190 3405 innectitur
1219 3369 1232 3415 ;
1283 3350 1498 3403 humilis
1528 3368 1557 3404 ει
1587 3350 1738 3403 malis
1761 3389 1777 3414 ,
1817 3357 1873 3404 ut

285 3444 555 3498 cxaltctur
571 3483 587 3509 ,
617 3443 860 3510 eripitur.

361 3535 419 3588 2.
465 3535 625 3607 [vers
659 3533 814 3606 154.]
853 3533 1072 3598 Judica,
1103 3533 1304 3602 inquit,
1327 3532 1582 3603 judicium
1610 3546 1796 3596 nteant,
1829 3539 1874 3582 et

287 3629 481 3682 redime
510 3643 605 3680 me.
637 3626 896 3693 Superior
923 3623 1314 3694 quodammodo
1355 3621 1616 3677 sententia
1649 3619 1873 3689 repetita

289 3730 396 3773 est.
429 3718 578 3786 Quod
607 3718 747 3772 enim
778 3717 870 3781 ait,
908 3714 1034 3769 Vide
1059 3715 1388 3768 humilitatem
1414 3729 1616 3777 meam;
1645 3711 1748 3765 hoc
1771 3717 1872 3774 est,

291 3811 484 3862 .ludica
503 3809 757 3879 judicium
790 3823 950 3859 meum
980 3822 998 3859 :
1026 3814 1079 3859 et
1106 3804 1245 3874 quod
1273 3805 1366 3866 ait,
1400 3813 1444 3854 et
1471 3803 1606 3871 eripe
1633 3817 1744 3865 me;
1775 3800 1876 3853 hoc

295 3911 401 3959 est,
433 3911 478 3952 et
508 3900 695 3952 redime
725 3914 821 3952 me.
868 3896 1017 3961 Quod
1045 3911 1173 3949 vero
1198 3909 1353 3962 supra
1386 3893 1585 3946 dictum
1615 3901 1695 3945 est
1714 3932 1728 3954 ,
1759 3890 1878 3959 quia

301 3993 461 4061 legem
494 4000 631 4042 tuum
660 4006 759 4041 non
783 4005 893 4040 sum
917 3987 1135 4048 oblitus;
1169 3985 1288 4037 huic
1313 3982 1556 4051 congruit
1578 3980 1718 4051 quod
1743 3980 1878 4034 infra

296 4090 380 4134 est
402 4121 415 4135 .
451 4089 654 4150 propter
697 4078 950 4145 eloquium
997 4065 1135 4128 tuum
1162 4075 1356 4142 viriﬁca
1387 4089 1484 4126 me.
1534 4071 1705 4140 Ipsum
1737 4069 1878 4124 enim

299 4171 569 4239 eloquium
602 4176 685 4221 est
729 4169 810 4222 lex
844 4168 974 4232 Dei,
1006 4182 1161 4235 quam
1195 4180 1297 4217 non
1343 4173 1426 4217 est
1466 4162 1660 4215 oblitus
1682 4203 1696 4225 ,
1730 4169 1787 4214 ut
1823 4175 1881 4214 se

300 4260 626 4316 cxaltandus
670 4259 988 4312 humiliaret.
1022 4258 1100 4311 Ad
1147 4257 1312 4325 ipsam
1346 4270 1472 4310 vero
1508 4255 1880 4308 exultationem

307 4352 539 4419 pertinet
567 4350 704 4418 quod
733 4350 825 4413 ait,
866 4349 1076 4417 Viri/ica
1106 4364 1221 4413 me;
1252 4348 1373 4416 quia
1401 4357 1706 4400 sanctorum
1735 4347 1884 4400 exal-

308 4444 439 4496 tatio
471 4442 573 4494 vita
603 4450 799 4494 :etcrna
839 4450 942 4493 est.
1638 4493 1642 4496 ,

377 4533 435 4585 5.
479 4529 642 4602 [rcrs.
875 4529 1045 4600 Longe
1081 4539 1185 4594 est,
1229 4529 1434 4598 inquit,
1475 4545 1507 4581 α
1545 4528 1886 4598 peccatoribus

310 4623 492 4686 salus;
531 4623 647 4689 quia
667 4621 1056 4691 justificationes
1098 4629 1211 4672 tuas
1240 4636 1339 4672 non
1367 4619 1726 4689 ea‘quisierunt.
1759 4618 1888 4684 Quis

310 4712 451 4764 enim
482 4720 534 4764 te
562 4711 819 4764 dism‘rnit
841 4751 855 4774 ,
888 4725 921 4763 ο
953 4718 1006 4763 tu
1033 4709 1123 4778 qui
1152 4708 1371 4772 dixisti,
1404 4707 1572 4778 Longe
1613 4718 1685 4761 est
1709 4725 1742 4761 a
1772 4724 1889 4778 pec-

310 4804 565 4857 catoribus
590 4803 730 4857 salus
751 4806 776 4857 ?
817 4803 936 4872 quis
967 4811 1017 4856 te
1044 4803 1302 4856 discernit
1341 4818 1371 4856 a
1403 4801 1768 4870 peccatoribus
1787 4843 1802 4868 ,
1834 4810 1893 4857 ut

309 4909 414 4947 non
449 4910 477 4947 a
511 4903 561 4948 te
594 4893 783 4962 longe,
809 4893 901 4948 sed
935 4904 1105 4948 tecum
1136 4893 1203 4947 sit
1231 4892 1416 4947 salus?
1457 4891 1568 4946 I-Ioc
1611 4901 1660 4946 te
1699 4907 1892 4961 nempe

318 4984 596 5051 discernit,
625 4985 746 5052 quia
779 4984 829 5038 id
859 4983 1000 5053 quod
1028 4983 1115 5038 isti
1149 4999 1252 5037 non
1281 4994 1523 5053 egerunt,
1556 4983 1668 5052 ipse
1698 4982 1889 5048 iecisti,

321 5076 420 5129 hoc
448 5084 567 5139 est,
603 5074 692 5128 Dei
734 5074 1141 5143 justiticatioues
1183 5073 1482 5143 exquisisti.
1535 5073 1670 5138 Quid
1715 5082 1891 5127 autem

318 5167 484 5220 habes
527 5166 665 5237 quod
711 5181 816 5220 non
848 5166 1095 5236 accepisti
1128 5165 1186 5234 (1
1217 5165 1337 5220 Cor.
1367 5181 1418 5219 tv
1437 5206 1452 5229 ,
1480 5163 1597 5236 7)?
1624 5163 1810 5220 Nonne
1839 5173 1895 5218 tu

313 5274 373 5311 es
399 5257 490 5326 qui
522 5258 682 5328 paulo
705 5267 830 5312 ante
855 5256 1092 5318 dicebas,
1117 5255 1341 5310 Clamavi
1365 5257 1416 5308 in
1444 5264 1546 5310 toto
1576 5254 1725 5309 corde
1750 5270 1895 5318 meo;

314 5349 499 5401 exaudi
543 5365 656 5414 me,
700 5348 915 5403 Domine
942 5364 961 5402 :
983 5349 1374 5418 justiﬁcationes
1423 5359 1536 5403 tuas
1587 5349 1846 5417 exquiram
1872 5349 1898 5402 ?

320 5441 464 5510 Ergo
505 5439 575 5493 ab
620 5440 709 5494 illo
738 5439 804 5494 ad
851 5454 1010 5508 quem
1054 5439 1314 5502 clamasti,
1361 5447 1420 5493 ut
1457 5453 1549 5493 cas
1590 5439 1897 5509 exquireres

316 5531 590 5600 accepisti.
645 5531 762 5601 Ipse
809 5539 860 5586 te
903 5532 1061 5601 igitur
1107 5531 1362 5586 discernit
1403 5530 1480 5584 ab.
1515 5531 1593 5585 eis
1633 5546 1664 5585 a
1706 5531 1899 5601 quibus

324 5631 602 5692 propterea
629 5620 782 5693 longe
802 5631 886 5678 est
909 5623 1079 5688 salus,
1103 5622 1224 5693 quia
1245 5622 1649 5692 justiticatioues
1675 5621 1766 5678 Dei
1792 5637 1898 5677 non

321 5715 704 5782 quuisierunt.

396 5763 447 5862 λ.
489 5807 656 5881 Iners.
689 5809 808 5865 156.
830 5808 852 5881 ἰ
895 5809 1034 5865 \‘idit
1060 5809 1158 5864 hoc
1189 5809 1347 5865 etiam
1377 5811 1510 5880 ipse.
1543 5763 1724 5880 Neque
1752 5808 1896 5865 enim

1334 386 1738 450 ENARRATIO
1766 385 1832 442 IN
1867 382 2190 446 PSALI'IUM
2227 390 2454 448 CXVIII.

3407 404 3548 457 ISQh

1964 523 2061 582 ego
2105 510 2152 564 id
2195 511 2452 577 viderem,
2504 512 2600 565 nisi
2646 513 2698 566 in
2733 512 2846 582 ipso
2877 514 3145 579 viderem,
3180 517 3279 573 nisi
3325 519 3376 573 in
3427 521 3540 589 ipso

1961 619 2156 658 essem.
2199 605 2452 672 Corporis
2481 605 2622 658 enim
2650 605 2841 660 Chrisxi
2872 608 3029 661 verba
3080 608 3175 662 ista
3217 620 3357 674 sunt,
3391 613 3541 680 cujus

1965 697 2201 750 membra
2253 711 2456 751 sumus.
2507 697 2650 751 Vidit
2697 698 2829 762 hoc,
2882 701 3130 768 inquam,
3180 705 3540 773 continuoque

1963 788 2187 856 subjecit
2217 805 2230 817 ο
2260 788 2606 842 Miserntiones
2638 801 2733 843 tute
2755 792 2943 858 unt/tte,
2970 793 3203 846 Domine.
3241 795 3408 850 Etiam
3441 796 3542 849 hoc

1963 895 2090 951 ergo
2119 880 2260 951 quod
2306 882 2632 952 exquirimus
2673 883 3081 951 jttstilicalioncs
3123 897 3238 941 tuas
3261 929 3276 952 ,
3308 889 3537 958 pertinet

1965 973 2030 1027 ad
2059 972 2423 1027 miserationes
2455 980 2587 1028 tuas.
2621 973 2912 1029 Secundum
2941 975 3193 1044 judicium
3233 988 3373 1030 tuum
3410 980 3539 1033 viri-

1963 1066 2060 1133 ﬁca
2099 1081 2196 1117 me.
2243 1064 2372 1119 Novi
2418 1064 2559 1118 enim
2591 1069 2708 1134 quTa
2742 1075 2796 1118 et
2837 1065 3092 1135 judicium
3126 1077 3270 1123 ttuun
3301 1071 3418 1125 sine
3449 1080 3534 1125 tua

1964 1156 2302 1210 miseratione
2329 1172 2430 1209 non
2460 1157 2563 1210 erit
2590 1171 2750 1226 super
2777 1172 2887 1210 me.

2033 1247 2086 1302 5.
2127 1244 2290 1318 [πονε.
2326 1246 2471 1317 157.]
2518 1245 2669 1300 Multi
2697 1257 3040 1318 persequentes
3068 1265 3146 1302 me
3173 1259 3217 1303 et
3249 1251 3541 1306 tribulantes

1962 1354 2044 1393 me
2062 1355 2083 1404 ;
2121 1355 2152 1391 a
2181 1339 2473 1392 testimoniis
2504 1340 2603 1393 tuis
2630 1355 2728 1393 non
2755 1339 3021 1394 declinavi.
3056 1342 3272 1397 Factum
3309 1354 3407 1409 est,
3447 1360 3542 1398 no-

1962 1432 2154 1497 vimus,
2197 1430 2501 1496 recolimus,
2549 1431 2906 1500 agnoscimus.
2962 1433 3254 1502 Purpurata
3295 1443 3376 1488 est
3421 1435 3540 1488 uni-

1962 1536 2114 1577 versa
2145 1531 2286 1577 terra
2316 1522 2570 1593 sanguine
2601 1531 2891 1594 martyrum
2919 1542 2932 1587 ς
2976 1524 3131 1579 ﬂoret
3161 1525 3354 1580 cmluin
3387 1541 3541 1580 coro-

1965 1615 2047 1667 nis
2073 1623 2386 1684 martyrum,
2417 1624 2618 1668 ornata:
2648 1623 2774 1669 sunt
2816 1616 3068 1670 Ecclesiae
3099 1618 3366 1671 memoriis
3407 1633 3546 1670 mar-

1965 1713 2138 1775 tyrmn
2162 1747 2177 1770 ,
2210 1705 2454 1775 insignita
2485 1715 2610 1760 sunt
2653 1716 2888 1774 tempora
2921 1707 3188 1760 natalibus
3228 1719 3541 1778 martyrum,

1965 1796 2311 1849 crebrescunt
2339 1797 2596 1850 sanitates
2641 1798 2843 1851 meritis
2885 1807 3192 1868 martyrum.
3227 1797 3377 1853 Unde
3422 1799 3541 1860 hoc.

1966 1885 2065 1938 nisi
2097 1887 2218 1955 quia
2249 1887 2568 1954 completum
2595 1897 2677 1941 est
2717 1887 2855 1956 quod
2901 1887 3210 1956 praedictum
3241 1896 3322 1942 est
3348 1887 3412 1941 de
3445 1889 3544 1941 ho-
3582 1923 3587 1927 ι

1967 1983 2110 2034 mine
2140 1979 2244 2033 isto
2289 1988 2399 2033 toto
2443 1989 2705 2034 terrarum
2751 1979 2879 2033 orbe
2920 1979 3130 2043 dill'uso,
3176 1979 3330 2033 Multi
3374 1997 3544 2048 perse-

1967 2077 2168 2140 quentes
2209 2086 2289 2123 me
2331 2080 2376 2123 et
2423 2069 2716 2124 tribulantes
2757 2086 2869 2134 me;
2916 2086 2946 2122 a
2978 2071 3271 2124 testimoniis
3313 2071 3409 2122 tuis
3447 2086 3548 2123 non

1968 2161 2260 2215 declinavi?
2307 2160 2690 2228 Agnoscimus,
2737 2169 2791 2214 et
2833 2161 3031 2230 gratias
3049 2141 3278 2230 'agimus
3327 2161 3550 2214 Domino

1970 2255 2077 2308 Deo
2105 2263 2312 2308 nostro.
2345 2253 2422 2307 Tu
2453 2268 2681 2321 namque
2708 2252 2867 2308 homo
2886 2294 2898 2316 ,
2933 2261 2986 2305 tu
3015 2252 3065 2306 in
3095 2252 3198 2305 alio
3227 2251 3427 2320 psalmo
3449 2293 3462 2316 ,
3495 2260 3546 2304 tu

1970 2347 2082 2414 ipse
2105 2345 2283 2399 dixisti
2315 2361 2328 2397 :
2353 2343 2472 2399 Nisi
2498 2345 2617 2415 quia
2645 2343 2891 2397 Dominus
2915 2355 3018 2396 erat
3045 2345 3095 2395 in
3124 2343 3294 2408 nobis,
3327 2347 3542 2413 fortasse

1968 2438 2105 2490 vivas
2129 2435 2499 2490 absorbuisseut
2528 2451 2618 2488 nos
2646 2432 2815 2506 (Psal.
2835 2449 3018 2501 cxxtu,
3037 2434 3092 2497 ‘2,
3113 2436 3188 2504 '5).
3222 2435 3360 2488 Ecce
3385 2450 3550 2503 quare

1971 2528 2037 2582 ab
2079 2527 2194 2595 ejus
2243 2525 2560 2581 testimoniis
2609 2541 2712 2580 non
2760 2525 3058 2592 declinasti,
3108 2535 3165 2581 et
3206 2527 3271 2581 ad
3321 2527 3549 2596 palmam

1971 2634 2219 2689 supernae
2264 2619 2557 2673 vocationis
2604 2618 2746 2673 inter
2793 2633 2983 2672 manus
3033 2619 3318 2673 nmltorutn
3370 2634 3554 2689 perse-

1973 2711 2246 2781 quentium
2283 2710 2753 2780 tribulantimnque
2783 2709 2994 2764 venisti.

2043 2803 2097 2858 6.
2140 2801 2304 2874 (vers.
2342 2801 2487 2874 158.]
2525 2801 2663 2869 Vidi,
2692 2802 2895 2873 inquit,
2925 2803 3224 2867 insensatos,
3259 2813 3304 2857 et
3330 2803 3551 2857 tabesce-

1973 2893 2085 2947 bam
2113 2909 2129 2946 :
2159 2893 2264 2958 vel,
2291 2893 2430 2946 sicut
2455 2892 2543 2945 alii
2570 2892 2782 2946 codices
2812 2892 3008 2946 habent
3033 2934 3045 2955 ,
3086 2892 3201 2945 l'idi
3225 2909 3322 2946 non
3349 2909 3554 2946 servon-

1974 2995 2046 3038 tes
2073 2992 2315 3052 pactum;
2360 2991 2414 3036 et
2443 2982 2544 3036 hoc.
2569 2983 2748 3052 plures
2781 2981 2994 3037 habent.
3044 2981 3148 3037 Sed
3181 2984 3267 3052 qui
3310 2992 3432 3037 sunt
3462 2984 3551 3053 qui

1975 3085 2186 3147 pactum
2233 3091 2336 3128 non
2377 3083 2759 3138 servaverunt,
2801 3075 2900 3128 nisi
2949 3074 3035 3144 qui
3083 3074 3484 3128 declinaverunt
3524 3089 3554 3128 a

1976 3167 2296 3222 testimoniis
2340 3167 2466 3232 Dei,
2497 3166 2867 3221 tribulationes
2898 3165 3185 3219 multorum
3234 3180 3557 3234 persequen-

1977 3260 2105 3314 tium
2149 3276 2250 3313 non
2294 3258 2564 3314 ferentes?
2603 3257 2716 3312 Iloc
2755 3266 2839 3311 est
2878 3266 3053 3311 autem
3098 3265 3311 3326 pactum
3336 3298 3350 3322 ,
3383 3257 3553 3324 utqui

1978 3352 2186 3416 vicerit,
2221 3360 2530 3406 coronetur.
2577 3350 2688 3403 lloc
2718 3357 2928 3419 pactum
2959 3364 3065 3402 non
3094 3355 3444 3402 servaverunt
3469 3346 3556 3416 qui

1979 3444 2401 3513 persecutionem
2433 3458 2536 3495 non
2571 3443 2859 3496 tolerantes
2883 3483 2898 3508 ,
2931 3455 2960 3493 a
2990 3439 3309 3515 testimoniis
3342 3438 3434 3494 Dei
3465 3455 3556 3493 ne-

1978 3538 2153 3608 gando
2179 3535 2599 3590 declinaverunt.
2634 3533 2741 3586 llos
2769 3548 2897 3603 ergo
2927 3534 3028 3587 iste
3055 3531 3213 3597 vidit,
3243 3540 3297 3586 et
3324 3531 3559 3586 tabesce-

1979 3628 2104 3694 bat,
2135 3627 2256 3696 quia
2304 3625 2572 3694 diligebat.
2619 3623 2779 3676 Zelus
2825 3622 2915 3676 ille
2961 3630 3044 3676 est
3071 3621 3214 3675 enim
3257 3620 3464 3684 bonus,
3493 3618 3560 3672 de

1981 3733 2163 3773 amore
2193 3717 2433 3781 veniens,
2468 3729 2570 3768 non
2601 3714 2789 3766 livore.
2836 3712 2893 3765 In
2920 3726 3026 3780 quo
3060 3710 3202 3764 enim
3243 3725 3350 3763 non
3381 3724 3560 3764 scrva—

1981 3817 2171 3863 vcrunt
2212 3815 2421 3877 pactum
2443 3847 2458 3872 ,
2492 3812 2706 3858 secutus
2732 3801 2977 3871 adjunxit
3009 3816 3027 3855 :
3059 3800 3190 3865 Quia
3237 3800 3434 3868 eloquia
3476 3808 3561 3852 tua

1984 3919 2083 3956 non
2110 3899 2468 3954 custodierunt.
2513 3896 2589 3951 Ea
2633 3895 2828 3966 quippe
2859 3894 2910 3948 in
2946 3893 3371 3948 tribulationibus
3403 3906 3558 3961 nega-

1984 4002 2196 4048 verunt.

2058 4087 2108 4139 7.
2153 4084 2317 4156 [vers.
2353 4079 2522 4154 159.],
2544 4081 2611 4135 Et
2635 4077 2975 4135 commendat
3001 4092 3058 4132 se
3089 4078 3191 4131 iste
3218 4075 3470 4130 dill'erens
3497 4075 3564 4128 ab

1987 4177 2095 4241 eis,
2128 4191 2190 4230 ac
2219 4174 2381 4240 dicit,
2413 4171 2540 4225 Vide
2561 4170 2801 4240 quoniam
2841 4169 3084 4223 mandata
3112 4177 3198 4222 tua
3228 4167 3403 4221 dilexi.
3449 4164 3562 4220 Non

1987 4269 2099 4334 ait,
2131 4267 2355 4337 Eloquia
2398 4267 2480 4319 vel
2531 4263 2828 4319 testimonia
2879 4270 2964 4315 tua
3013 4275 3116 4315 non
3165 4259 3386 4330 negavi,
3425 4257 3564 4328 quod

1991 4371 2256 4428 martyres
2285 4358 2462 4412 facere
2493 4356 2816 4425 cogebantur
2835 4394 2849 4419 ,
2880 4362 2931 4406 et
2962 4367 3066 4406 non
3100 4349 3354 4406 [incientes
3376 4349 3567 4403 intole—

1991 4451 2176 4505 rabilia
2221 4449 2598 4520 patiebantur:
2630 4445 2724 4500 sed
2775 4446 2876 4499 hoc
2921 4443 3060 4498 dixit
3105 4443 3193 4498 ubi
3244 4443 3443 4497 fructus
3487 4450 3571 4496 est

1993 4544 2228 4597 omnium
2262 4545 2564 4610 passionum
2594 4553 2608 4603 ;
2647 4538 2767 4606 quia
2795 4537 2838 4590 si
2871 4533 3140 4589 tradidero
3166 4548 3360 4603 corpus
3391 4547 3567 4585 meum

1994 4643 2052 4689 ut
2074 4633 2311 4696 ardeam,
2336 4630 2649 4685 cbaritatcm
2675 4638 2851 4682 autem
2876 4641 2981 4680 non
3009 4625 3254 4690 habeam,
3281 4623 3413 4676 nihil
3439 4622 3572 4675 mihi

1995 4724 2215 4796 prodest
2240 4723 2298 4794 (1
2321 4721 2439 4778 Cor.
2463 4737 2573 4784 xm,
2600 4721 2634 4773 5
2654 4717 2695 4789 ).
2745 4718 2892 4771 Hanc
2934 4717 3034 4770 iste
3072 4713 3452 4768 commendans
3476 4711 3570 4777 ait,

2006 4817 2133 4871 Vide
2157 4817 2392 4887 quoniam
2420 4812 2660 4866 mandata
2697 4820 2783 4863 tua
2823 4807 2998 4862 dilexi.
3044 4807 3246 4863 Deinde
3291 4803 3575 4875 postulavit

1996 4909 2273 4980 praemium
2308 4925 2320 4960 :
2356 4903 2602 4967 Domine,
2633 4901 2686 4954 in
2730 4910 2818 4953 tua
2855 4898 3198 4954 misericordia
3239 4897 3436 4964 rivi/ica
3475 4910 3572 4948 me.

2001 5001 2090 5054 Isti
2121 4997 2465 5060 mortilicant,
2493 5003 2545 5047 tu
2573 4989 2800 5046 viviﬁca.
2833 4990 2938 5066 Sed
2965 4990 3008 5045 si
3039 4988 3315 5060 prarmium
3343 4985 3576 5055 poscitur

2001 5091 2052 5144 in
2087 5086 2470 5145 misericordia,
2499 5082 2642 5153 quod
2672 5080 2900 5137 reddere
2923 5080 3083 5135 debet
3106 5077 3344 5149 justitia;
3377 5084 3578 5144 quanto

2003 5180 2170 5249 magis
2200 5179 2439 5246 impensa
2471 5183 2554 5229 est
2583 5171 2951 5227 misericordia
2970 5209 2986 5236 ,
3035 5179 3094 5224 ιιι
3129 5168 3460 5222 obtinerctur
3491 5165 3576 5219 cui

2005 5269 2278 5340 prmmium
2305 5265 2612 5329 deberetur,
2645 5263 2758 5332 ipsa
2793 5258 3057 5316 victoria?

2073 5361 2124 5416 8.
2155 5358 2304 5432 [uers.
2330 5355 2481 5429 160.]
2510 5354 2852 5424 Principium,
2879 5352 3065 5421 inquit,
3091 5348 3352 5404 verborum
3377 5353 3582 5400 tuorum

2002 5453 2184 5508 veritas
2207 5493 2222 5515 ,
2268 5459 2312 5504 et
2340 5449 2392 5502 in
2437 5459 2675 5503 teternum
2704 5445 2874 5499 omnia
2905 5442 3105 5513 judicia
3138 5439 3354 5510 justitia:
3380 5449 3499 5492 tute.
3533 5440 3577 5491 A

2007 5546 2252 5608 veritate,
2276 5541 2464 5612 inqpit,
2493 5550 2580 5594 tua
2601 5538 2763 5594 verba
2790 5535 3104 5606 procedunt,
3137 5541 3191 5588 et
3217 5532 3338 5587 ideo
3362 5532 3570 5587 veracia

2005 5647 2162 5702 sunt,
2189 5646 2242 5693 et
2284 5635 2549 5691 neminem
2589 5632 2776 5687 fallunt
2794 5671 2808 5695 ,
2837 5628 3025 5700 quibus
3050 5627 3436 5698 praenuntiatur
3464 5627 3572 5682 vita

2002 5731 2172 5803 justo,
2217 5743 2370 5800 poma
2419 5725 2602 5795 impio.
2649 5722 2774 5779 llaec
2819 5729 2942 5778 sunt
2985 5720 3184 5791 quippe
3226 5721 3279 5776 in
3321 5731 3577 5775 aeternum

2004 5824 2206 5895 judicia
2238 5821 2450 5893 iustitiae
2478 5816 2586 5875 Dei.
2655 5833 2662 5839 ‘
