4032 6202
407 376 536 439 1591

1016 508 1188 550 88810
1226 507 1374 548 XXXI.

478 592 530 644 l.
573 590 723 662 [vers.
758 586 906 660 16L]
932 586 1075 655 Quas
1103 588 1504 657 persecutiones
1530 601 1558 638 a
1587 584 1802 655 regibus
1829 594 1986 639 term

407 695 601 751 corpus
640 678 857 743 Christi,
904 678 1007 733 hoc
1053 688 1139 732 est
1176 686 1360 731 sancta
1402 676 1641 732 Ecclesia
1687 674 1984 751 pertulerit,

404 772 667 826 novimus.
725 770 1090 840 Agnoscamus
1138 783 1268 836 ergo
1319 767 1406 822 hic
1454 766 1611 823 etiam
1659 767 1776 836 ejus
1824 767 1985 821 verba

331 900 339 909 ι
403 862 652 927 dicentis,
682 860 947 932 Principes
974 862 1217 932 persecuti
1241 869 1360 915 sunt
1387 878 1467 914 me
1490 863 1669 932 gratis,
1699 869 1746 915 et
1772 876 1805 913 a
1828 858 1988 914 verbis

332 958 335 961 ’
406 954 505 1007 tuis
536 953 825 1022 formidavit
852 969 940 1007 cor
967 968 1151 1007 meum.
1181 950 1316 1019 Quid
1348 951 1487 1005 enim
1515 951 1801 1005 Christiani
1834 950 1987 1006 laese-

332 1028 343 1039 κ
401 1054 525 1101 rant
568 1060 731 1116 regna
777 1054 1022 1108 terrena,
1067 1041 1309 1113 quamvis
1351 1043 1431 1097 eis
1476 1057 1694 1113 regnum
1726 1042 1986 1097 calorum

403 1136 715 1206 promiserit
741 1151 833 1190 rex
859 1134 1084 1190 eorum?
1116 1134 1265 1204 quid,
1291 1135 1527 1203 inquam,
1552 1134 1801 1188 laeserant
1826 1148 1987 1203 regna

406 1230 662 1285 terrena?
711 1228 979 1300 Numquid
1010 1243 1193 1283 eorum
1225 1243 1315 1288 rex
1351 1228 1547 1281 milites
1568 1242 1695 1282 suos
1718 1226 1989 1297 prohibuit

403 1322 717 1392 impendere
746 1330 801 1377 et
830 1321 1085 1377 exhibere
1112 1336 1230 1390 qua:
1254 1320 1523 1374 debentur
1554 1319 1765 1389 regibus
1792 1318 1988 1373 terrae?

402 1414 592 1470 Nonne
637 1413 704 1468 de
746 1414 846 1468 hoc
891 1412 992 1468 sibi
1034 1412 1352 1468 calumniam
1403 1410 1745 1466 molientibus
1789 1408 1986 1464 .ludaais

404 1509 482 1563 ait
512 1525 526 1562 :
560 1506 774 1562 Reddite
811 1506 999 1561 Ctvsari
1041 1520 1154 1576 qua!
1179 1503 1394 1559 Cwsaris
1442 1512 1593 1568 sunt,
1636 1512 1682 1555 et
1726 1501 1833 1555 Deo
1874 1517 1987 1572 quis

401 1600 503 1655 Dei
541 1609 657 1654 sunt
683 1594 907 1669 (Matth.
939 1614 1046 1652 χχιι
1068 1636 1081 1661 ,
1109 1597 1170 1651 2|
1197 1596 1258 1665 )?
1302 1594 1487 1649 Nonne
1515 1594 1768 1648 tributum
1801 1593 1868 1648 de
1894 1608 1986 1647 ore

403 1692 567 1761 piscis
594 1692 753 1745 etiam
793 1690 907 1759 ipse
947 1688 1199 1759 persolvit
1225 1686 1337 1760 (Id,
1368 1703 1494 1751 xm,
1520 1686 1761 1755 23-26)?
1801 1685 1987 1740 Nonne

404 1796 705 1852 prtecursor
745 1781 894 1851 ejus,
940 1780 1199 1835 militibus
1246 1779 1392 1849 regni
1434 1778 1594 1847 hujus
1637 1777 1761 1847 quid
1809 1775 1987 1831 facere

403 1875 664 1930 deberent
708 1884 805 1943 pro
852 1881 1051 1927 aeterna
1094 1872 1266 1925 salute
1308 1868 1692 1940 qumreutibus,
1736 1883 1839 1922 nou
1887 1866 1983 1931 ait,

403 1968 684 2038 Cingulum
728 1966 953 2030 solvite,
998 1980 1144 2018 arma
1195 1963 1474 2033 projicite,
1522 1977 1700 2032 regem
1746 1968 1984 2015 vestrum

401 2058 657 2121 deserite,
687 2067 746 2113 ut
773 2058 985 2127 possitis
1014 2057 1240 2112 Domino
1267 2055 1497 2110 militare
1522 2071 1537 2120 ;
1568 2054 1662 2109 sed
1690 2055 1783 2114 ait.
1809 2053 1987 2108 Nemi-

405 2166 521 2204 nem
545 2150 930 2215 concusseritis,
971 2149 1101 2203 uulli
1142 2147 1448 2201 calumniam
1492 2146 1748 2218 feceritis;
1776 2145 1987 2214 sufﬁciat

403 2242 541 2296 vobis
564 2242 866 2311 stipendium
898 2251 1111 2295 vestrum
1139 2238 1288 2312 (Luc.
1319 2255 1405 2307 ut,
1434 2238 1579 2309 is)?
1620 2235 1806 2292 Nonne
1848 2254 1984 2292 unus

404 2335 628 2389 militum
654 2333 770 2401 ejus
795 2341 847 2387 et
876 2331 1257 2388 dilectissimus
1281 2346 1462 2387 comes
1484 2331 1601 2401 ejus
1623 2371 1637 2396 ,
1665 2329 1986 2384 commilito-

404 2427 561 2482 nibus
605 2425 738 2488 suis.
787 2435 841 2481 et
883 2425 1279 2495 quodammodo
1321 2425 1520 2481 Christi
1567 2425 1983 2495 provincialibus

401 2518 537 2572 dixit
571 2535 584 2570 :
616 2519 794 2572 Omnis
822 2519 991 2571 anima
1018 2517 1346 2587 potestatibus
1385 2518 1760 2572 sublimioribus
1784 2518 1984 2572 subdita

402 2609 515 2663 sit?
554 2609 622 2663 Et
665 2610 820 2679 paulo
850 2618 968 2679 post
1006 2609 1080 2662 ait
1110 2627 1122 2663 :
1157 2608 1373 2663 Reddite
1400 2610 1629 2664 cautibus
1659 2609 1823 2663 debita
1849 2624 1868 2663 :
1902 2610 1985 2663 cui

405 2702 665 2767 tributum,
694 2701 929 2755 tributum
944 2720 961 2768 ;
988 2704 1069 2756 cui
1088 2703 1321 2773 vectigal,
1345 2703 1587 2772 vectigal;
1613 2704 1694 2756 cui
1730 2704 1980 2768 timorem,

402 2796 669 2861 timorem;
712 2797 794 2848 cui
835 2796 1103 2861 honorent,
1149 2796 1409 2849 honorent.
1453 2793 1661 2849 Nemini
1703 2795 1982 2867 quidquam

399 2887 642 2952 debeatis,
666 2887 766 2941 nisi
792 2897 845 2942 ut
865 2888 1073 2941 invicem
1098 2888 1322 2958 diligatis
1349 2887 1524 2959 (Rom.
1556 2903 1669 2954 xm,
1704 2889 1751 2954 Ι,
1776 2888 1807 2941 7
1828 2899 1875 2942 et
1898 2888 1978 2959 8).

401 2978 588 3034 Nonne
631 2980 883 3049 praecepit
924 2988 979 3033 ut
1026 2995 1121 3048 pro
1169 2980 1296 3048 ipsis
1339 2980 1499 3036 etiam
1542 2981 1759 3051 regibus
1801 2991 1981 3035 oraret

399 3070 641 3126 Ecclesia
676 3070 694 3142 (
717 3069 736 3125 l
764 3070 893 3124 Tim.
920 3086 991 3134 ιι,
1022 3072 1041 3125 1
1070 3114 1083 3137 ,
1112 3068 1228 3141 2)?
1255 3070 1392 3139 Quid
1420 3087 1549 3142 ergo
1573 3086 1668 3128 eos
1690 3071 1980 3128 Christiani

398 3159 777 3215 offenderunt?
802 3160 944 3231 quod
975 3160 1211 3215 debitum
1241 3175 1346 3216 non
1374 3161 1761 3217 reddiderunt?
1791 3161 1843 3215 in
1874 3164 1987 3230 quo‘

396 3250 685 3305 Christiani
714 3265 821 3305 non
860 3258 983 3303 sunt
1024 3251 1249 3305 terrenis
1276 3251 1488 3320 regibus
1513 3251 1798 3306 obsecuti?
1836 3251 1978 3321 Ergo

398 3340 593 3395 terreni
636 3354 789 3410 reges
816 3340 1146 3395 Christianos
1183 3341 1348 3410 gratis
1383 3342 1644 3409 persecuti
1683 3350 1829 3396 sunt.
1870 3340 1976 3398 Sed

395 3431 540 3501 quod
578 3430 805 3501 subjecit
828 3472 843 3497 ,
874 3429 1131 3486 attende:
1164 3430 1232 3484 Et
1272 3448 1304 3485 a
1341 3431 1499 3486 verbis
1545 3432 1644 3485 tuis
1684 3432 1978 3501 formidavit

394 3540 486 3579 cor
512 3538 699 3577 meum.
746 3522 1057 3579 Habuerunt
1093 3522 1308 3593 quidem
1346 3533 1401 3579 et
1430 3524 1506 3579 illi
1536 3524 1695 3579 verba
1727 3524 1973 3592 minacia,

393 3614 642 3684 Expello,
670 3614 980 3684 proscribo,
1008 3614 1193 3670 occido
1211 3655 1227 3678 ,
1257 3615 1464 3685 ungulis
1493 3623 1738 3685 torqueo,
1768 3614 1976 3685 ignibus

394 3715 610 3769 torreo,
655 3704 841 3760 bestiis
879 3704 1170 3776 subrigo‘,
1196 3705 1435 3760 membra
1476 3705 1677 3761 dilanio
1705 3724 1718 3759 :
1747 3706 1846 3761 sed
1886 3714 1973 3760 tua

392 3812 482 3854 me
521 3797 699 3868 potius
734 3797 897 3853 verba
942 3806 1278 3863 terruerunt,
1322 3796 1496 3852 Nolite
1540 3799 1714 3852 timere
1761 3814 1846 3852 eos
1886 3799 1976 3868 qui

393 3906 577 3961 corpus
602 3889 857 3957 occidunt,
884 3897 929 3944 et
952 3897 1127 3959 postea
1152 3905 1252 3943 non
1279 3889 1459 3944 habent
1482 3890 1605 3959 quid
1627 3890 1858 3961 faciant;
1884 3891 1973 3944 sed

393 3998 510 4036 eum
538 3981 702 4035 timete
740 3981 826 4049 qui
865 3981 1009 4035 habet
1039 3988 1330 4050 potestatem
1357 3989 1404 4034 et
1441 3996 1625 4050 corpus
1667 3990 1712 4034 et
1750 3981 1972 4035 animant

392 4074 603 4144 perdere
624 4074 678 4127 in
714 4073 991 4145 gehennam
1017 4069 1227 4145 (Matth.
1255 4088 1306 4135 x,
1333 4071 1447 4141 28).
1475 4072 1549 4125 Ab
1579 4071 1664 4127 bis
1691 4071 1848 4127 verbis
1873 4072 1972 4126 tuis

392 4163 682 4233 formidavit
716 4179 808 4217 cer
829 4176 1036 4225 nicum;
1064 4171 1119 4217 et
1143 4161 1437 4230 contempsi
1481 4161 1749 4217 hominem
1791 4175 1969 4231 perse-

391 4264 634 4310 cutorem
662 4269 862 4317 meum,
895 4262 949 4308 et
977 4254 1079 4309 vici
1108 4253 1375 4310 diabolum
1401 4252 1735 4308 seductorem
1764 4267 1967 4309 meum.

456 4344 517 4397 2.
559 4343 727 4417 [vers.
757 4342 922 4415 162.]
963 4343 1200 4414 Denique
1245 4344 1483 4413 sequitur
1514 4361 1528 4398 :
1557 4342 1837 4399 Exsultabo
1879 4360 1969 4415 ego

388 4451 543 4505 super
564 4433 766 4503 eloquia
798 4443 908 4501 tua,
948 4434 1077 4488 sicut
1100 4434 1186 4503 qui
1226 4434 1412 4487 invenit
1452 4433 1616 4501 spolia
1644 4434 1824 4489 multa.
1868 4434 1969 4489 Per

388 4542 453 4581 ea
482 4524 641 4581 verba
668 4525 823 4593 vicit,
850 4540 879 4578 a
900 4524 1095 4595 quibus
1123 4522 1448 4577 formidavit.
1481 4523 1642 4578 Victis
1670 4526 1811 4580 enim
1838 4539 1966 4594 spo-

385 4618 456 4673 lia
488 4616 876 4681 detrahuntur;
920 4616 1061 4671 sicut
1087 4617 1258 4670 victus
1285 4624 1339 4670 et
1374 4614 1630 4687 spoliatus
1657 4626 1742 4670 est
1781 4616 1869 4672 ille
1898 4615 1966 4671 de

385 4725 492 4781 quo
518 4711 711 4766 dicitur
735 4710 791 4764 in
820 4709 1127 4779 Evangelio,
1163 4705 1324 4762 Nemo
1348 4708 1502 4762 intrat
1536 4701 1589 4761 in
1618 4707 1821 4761 domum
1861 4713 1967 4778 for‘

385 4804 472 4870 tis,
502 4813 558 4856 ut
584 4817 703 4856 vasa
729 4801 841 4870 eius
880 4801 1119 4872 diripiat,
1149 4800 1247 4857 nisi
1288 4799 1427 4871 prius
1463 4797 1745 4869 alligaverit
1786 4798 1967 4867 {artem

390 4892 501 4963 (Id.
531 4908 623 4956 stt,
653 4891 779 4965 29).
811 4890 916 4947 Sed
941 4891 1107 4961 spolia
1135 4891 1297 4945 multa
1330 4890 1540 4944 iuventa
1568 4897 1721 4953 Sunt,
1750 4888 1963 4958 quando

386 4986 699 5055 patientiam
727 4985 900 5039 mirati
924 4994 1237 5056 martyrum,
1260 4983 1422 5040 etiam
1442 4983 1529 5054 qui
1557 4984 1817 5052 persecuti
1840 4992 1967 5036 sunt

384 5077 767 5142 crediderunt;
796 5084 854 5132 et
878 5075 967 5145 qui
995 5090 1174 5144 regem
1206 5086 1443 5131 nostrum
1476 5074 1799 5132 detrimento
1830 5074 1966 5128 miliv

386 5178 497 5224 tum
524 5169 641 5239 ejus
663 5177 789 5224 sunt
814 5168 1155 5223 damniﬁcare
1180 5166 1368 5231 moliti,
1391 5167 1459 5223 ab
1486 5168 1576 5222 illo
1600 5175 1723 5221 sunt
1747 5168 1964 5235 insuper

386 5260 649 5330 acquisiti.
692 5259 943 5330 Quisquis
981 5273 1108 5326 ergo
1144 5272 1173 5312 ιι
1213 5258 1389 5313 verbis
1430 5258 1556 5323 Dei,
1588 5273 1656 5314 ne
1694 5258 1746 5312 in
1788 5266 1965 5312 certa-

388 5350 531 5404 mine
560 5351 804 5406 vincatur
841 5348 1124 5408 formidat.
1165 5362 1328 5418 super
1366 5347 1553 5403 eadem
1596 5348 1757 5404 verba
1794 5348 1965 5403 victor

384 5442 634 5496 exsultat.
1719 5435 1724 5442 Δ

458 5529 512 5583 5.
542 5528 867 5603 (vers.163.]
894 5530 1022 5585 Natu
1051 5544 1117 5584 ne
1142 5538 1450 5599 putaremus
1476 5544 1536 5583 ex
1566 5528 1653 5583 illa
1684 5528 1966 5585 formidine

384 5618 566 5673 odium
610 5621 889 5676 ves-borum
936 5622 1024 5676 Dei
1067 5621 1304 5691 potuisse
1347 5620 1674 5688 subrepere'
1722 5620 1964 5688 quamvis

383 5711 491 5783 jam
518 5712 742 5776 dixerit,
786 5712 1024 5766 Exultavi
1061 5729 1213 5781 super
1252 5710 1449 5782 eloquia
1476 5719 1594 5778 tua,
1620 5711 1760 5783 quod
1788 5713 1967 5783 utique

449 5823 465 5855 ¹
489 5823 565 5873 Sic
584 5830 679 5870 tm.
709 5828 760 5873 et
776 5830 883 5873 um.
905 5831 959 5874 Αι
975 5830 1049 5873 Er.
1070 5832 1120 5876 et
1141 5810 1470 5887 tov.,s‘ubi§o.

1644 373 1703 431 S.
1745 367 2107 429 AUGUSTINI
2147 369 2444 431 EPlSCOPl

3535 397 3682 456 1599.

2099 503 2203 543 non
2235 490 2467 557 diceret,
2499 492 2543 548 si
2589 494 2787 553 odisset
2812 512 2911 564 ea;
2958 509 3131 559 tamen
3160 506 3333 564 adhuc
3358 510 3592 581 addidit,
3620 525 3685 572 et

2092 582 2220 638 dicit
2247 604 2259 639 :
2282 583 2593 655 lnjustitiant
2614 590 2732 645 odio
2750 592 2925 660 habiti,
2949 605 2995 650 et
3013 597 3329 655 abominatus
3351 621 3497 671 sum;
3516 607 3683 677 legem

2094 684 2263 729 autem
2302 684 2441 730 tuam
2478 679 2655 735 dilexi.
2686 682 2885 753 Nempe
2909 702 2938 739 ιι
2964 688 3143 745 verbis
3164 691 3283 760 ejus
3324 694 3410 748 illa
3450 697 3688 754 formido

2096 780 2203 819 non
2232 765 2365 859 iecit
2402 772 2712 827 eorumdem
2741 775 3024 833 verborum
3051 780 3230 836 odium
3250 824 3265 850 ,
3294 786 3387 839 sed
3418 787 3686 859 integram

2097 858 2267 913 tenuit
2291 859 2629 918 cbaritatem.
2651 864 2833 936 Neque
2856 870 2998 924 enim
3020 871 3106 926 lex
3128 872 3219 929 Dei
3242 890 3347 930 non
3369 890 3493 932 sunt
3515 858 3684 936 verba

2095 958 2149 1005 et
2191 950 2397 1022 eloquia
2446 954 2558 1010 Dei.
2594 958 2745 1012 Absit
2773 975 2901 1031 ergo
2938 972 2997 1017 ιιι
3040 965 3235 1021 timore
3278 981 3463 1037 pereat
3500 988 3689 1038 amor,

2096 1038 2184 1094 ubi
2211 1051 2390 1097 castus
2415 1052 2498 1099 est
2523 1046 2700 1102 timor.
2732 1048 2819 1105 Sic
2851 1060 3029 1121 patres
3056 1069 3086 1107 a
3116 1054 3240 1111 [iliis
3268 1057 3371 1127 piis
3400 1071 3451 1114 et
3483 1062 3689 1117 timeu-

2094 1139 2180 1186 tur
2214 1143 2269 1189 et
2309 1146 2593 1203 amantur;
2643 1140 2722 1195 sic
2763 1143 2949 1211 pudica
2981 1145 3177 1215 conjux
3206 1148 3377 1204 virum
3410 1162 3465 1207 et
3502 1156 3685 1217 tinuit,

2093 1238 2162 1280 ne
2185 1223 2254 1278 ab
2295 1225 2386 1280 illo
2414 1226 2722 1293 deseratur,
2750 1241 2805 1287 et
2831 1243 2996 1301 amat,
3030 1245 3089 1291 ut
3116 1236 3341 1295 fruatur.
3386 1243 3438 1298 Si
3468 1260 3594 1313 ergo
3619 1257 3686 1300 et

2093 1326 2243 1383 pater
2271 1316 2428 1372 homo
2450 1359 2463 1384 ,
2490 1330 2545 1374 et
2570 1321 2764 1391 conjux
2808 1322 2987 1391 homo,
3014 1336 3069 1382 et
3096 1328 3269 1384 timeri
3299 1341 3353 1386 et
3375 1334 3541 1388 amari
3572 1335 3683 1389 de-

2090 1406 2213 1472 bet;
2244 1410 2410 1463 multo
2438 1412 2607 1481 magis
2623 1413 2777 1468 Pater
2807 1424 2989 1471 noster
3002 1419 3089 1487 qui
3112 1419 3163 1473 in
3177 1420 3328 1477 caelis
3345 1432 3428 1478 est
3452 1424 3681 1490 (Matth.

2093 1514 2164 1561 Vt,
2192 1498 2266 1569 9),
2295 1509 2349 1554 et
2378 1500 2467 1556 ille
2490 1516 2738 1572 sponsus,
2765 1520 2869 1560 non
2890 1522 3052 1564 carne
3079 1525 3188 1579 pra:
3216 1510 3337 1565 liliis
3369 1514 3674 1580 hominum,

2092 1589 2185 1645 sed
2217 1589 2412 1647 virtute
2438 1590 2705 1649 formosus
2731 1594 2916 1666 (Psat.
2944 1614 3094 1662 thv,
3127 1601 3215 1671 3).
3247 1602 3286 1655 Α
3314 1602 3505 1672 quibus
3530 1607 3685 1659 enim

2090 1679 2328 1752 diligitur
2356 1682 2444 1738 lex
2464 1684 2582 1753 Dei,
2608 1687 2709 1741 nisi
2734 1701 2763 1741 a
2785 1687 2979 1757 quibus
3003 1689 3239 1762 diligitur
3259 1693 3434 1748 Deus?
3464 1696 3525 1750 Et
3544 1696 3685 1765 quid

2092 1771 2256 1829 habet
2279 1775 2434 1831 bonis
2463 1776 2584 1832 liliis
2607 1778 2757 1833 triste
2783 1778 2864 1834 lex
2892 1782 3104 1850 patris?
3132 1785 3216 1838 An
3238 1786 3487 1854 quoniam
3513 1804 3683 1858 quem

2090 1864 2263 1935 diligit
2294 1869 2535 1939 corripit,
2565 1880 2619 1926 et
2645 1869 2874 1942 ﬂagellat
2900 1889 3114 1929 omnem
3160 1876 3321 1932 lilium
3348 1895 3504 1948 quem
3530 1882 3686 1935 reci-

2090 1957 2167 2027 pit
2191 1957 2376 2027 (Hebr.
2403 1976 2495 2026 xu,
2524 1961 2638 2031 6)?
2687 1962 2757 2017 At
2781 1964 2873 2033 qui
2914 1964 3030 2020 hzec
3054 1966 3250 2036 judicia
3280 1972 3514 2038 respuit,
3543 1988 3686 2041 pro-

2089 2048 2250 2103 missa
2295 2065 2399 2104 non
2446 2052 2652 2122 recipit.
2701 2054 2930 2110 Paterna
2980 2073 3109 2128 ergo
3149 2059 3346 2125 judicia
3392 2062 3687 2118 laudentur

2089 2147 2148 2192 ct
2172 2139 2221 2192 in
2253 2139 2480 2211 ﬂagello,
2507 2144 2550 2197 si
2584 2146 2842 2212 promissa
2870 2146 3158 2218 diligantur
3181 2150 3232 2204 in
3259 2155 3498 2219 praemio.

2158 2231 2210 2283 4.
2242 2229 2390 2302 [vers.
2419 2233 2564 2305 itit]
2590 2233 2661 2289 Ita
2693 2237 2847 2305 plane
2873 2238 2996 2293 facit
3023 2240 3142 2305 iste,
3175 2242 3262 2312 qui
3288 2242 3437 2308 dicit,
3468 2244 3686 2314 Septies

2088 2318 2140 2371 in
2166 2319 2248 2372 die
2267 2319 2471 2375 laudavi
2506 2333 2552 2376 te
2573 2366 2588 2389 ,
2619 2341 2771 2394 super
2785 2328 2983 2396 judicia
2998 2330 3217 2399 justitite
3242 2340 3361 2385 tum.
3397 2334 3591 2404 Septies
3614 2336 3683 2389 its

2089 2411 2169 2463 die
2194 2411 2335 2481 quod
2364 2414 2456 2478 ait,
2484 2414 2743 2486 significat
2767 2416 3008 2489 Semper.
3034 2420 3182 2476 Solet
3201 2436 3321 2477 esse
3349 2424 3542 2494 quippe
3567 2426 3683 2480 ietc

2085 2517 2344 2559 numerus
2388 2506 2748 2563 universitatis
2795 2509 3047 2565 indicium
3081 2529 3094 2564 :
3128 2525 3346 2582 propter
3385 2514 3525 2584 quod
3572 2530 3681 2571 sex

2083 2593 2275 2650 diebus
2295 2595 2488 2652 divinat
2509 2600 2849 2669 operationis,
2877 2603 3133 2671 septimus
3157 2605 3396 2674 adjectus
3418 2616 3499 2661 est
3518 2608 3684 2677 quie-

2085 2687 2156 2742 tis
2197 2687 2349 2756 (Gen.
2379 2704 2415 2743 ιι
2440 2731 2454 2755 ,
2485 2689 2579 2761 2);
2610 2702 2664 2747 et
2699 2709 2797 2764 per
2821 2705 3025 2764 septem
3054 2695 3171 2751 dies
3195 2708 3470 2753 currentes
3495 2708 3551 2755 et
3576 2716 3681 2756 re-

2083 2787 2380 2847 Currentes,
2414 2791 2650 2852 tempora
2678 2785 2925 2841 universa
2951 2789 3254 2844 volvuntur.
3282 2790 3392 2846 Nec
3424 2792 3495 2846 ob
3522 2793 3677 2848 aliud

2084 2870 2282 2925 dictum
2313 2882 2429 2940 est,
2456 2874 2657 2946 Septies
2679 2878 2822 2931 cadet
2852 2880 2869 2911 ί
2889 2880 3086 2949 justus,
3116 2890 3162 2935 et
3187 2893 3411 2955 resurget
3434 2900 3452 2937 :
3469 2884 3524 2938 id
3550 2893 3628 2940 est
3654 2926 3679 2953 ,

2084 2976 2189 3016 non
2216 2963 2353 3031 perit
2374 2964 2547 3033 justus
2570 3008 2584 3032 ,
2616 2967 2789 3023 modis
2813 2970 3059 3025 omnibus
3085 2971 3412 3038 humiliatus,
3440 2975 3531 3030 sed
3554 2988 3681 3032 non

2083 3056 2480 3124 precvaricatus,
2507 3058 2743 3129 alioquin
2768 3075 2874 3115 non
2898 3062 3002 3116 erit
3019 3062 3215 3131 justus.
3242 3063 3372 3119 Nam
3400 3080 3497 3134 pro
3516 3069 3677 3122 omni

2080 3160 2279 3216 genere
2310 3148 2685 3214 tribulationis,
2708 3167 2811 3221 qua
2840 3152 2893 3207 in
2915 3164 3207 3224 conspectu
3230 3156 3503 3211 hominum
3526 3157 3681 3226 deji-

2081 3236 2220 3297 citttr
2244 3278 2260 3301 .
2290 3237 2516 3307 positum
2548 3249 2666 3307 est,
2694 3243 2877 3313 septies
2904 3244 3078 3311 cadit;
3106 3255 3161 3301 et
3190 3260 3285 3316 pro
3322 3263 3387 3302 eo
3426 3247 3569 3318 quod
3600 3265 3678 3306 ex

2081 3328 2211 3398 ipsis
2255 3332 2502 3388 omnibus
2551 3334 2976 3390 tribulationibus
3003 3338 3213 3406 proﬁcit
3234 3379 3250 3405 ,
3282 3340 3510 3409 positum
3534 3350 3619 3397 est
3652 3383 3679 3409 ,

2080 3432 2321 3492 resurget.
2353 3422 2493 3479 Satis
2543 3423 2773 3481 illustrat
2817 3428 2868 3482 in
2906 3443 2972 3483 eo
3011 3428 3148 3483 libro
3173 3444 3509 3501 consequens
3537 3447 3678 3487 sen-

2078 3516 2244 3572 tentia
2274 3518 2662 3588 prmcedentem
2697 3538 2710 3574 :
2744 3521 2816 3576 ibi
2837 3522 2982 3577 enim
3010 3524 3251 3593 sequitur
3271 3567 3286 3589 ,
3316 3525 3472 3595 [mpii
3498 3535 3677 3580 autem

2077 3608 2469 3678 iuﬁrmabuntur
2485 3612 2540 3666 in
2566 3612 2714 3667 malis
2733 3613 2752 3683 (
2766 3611 2915 3667 Prov.
2940 3630 3088 3680 xxrv,
3111 3616 3222 3686 16).
3248 3616 3358 3670 lloc
3378 3626 3461 3672 est
3484 3617 3680 3687 itaque

2070 3699 2218 3769 justo
2251 3702 2449 3771 septies
2472 3701 2667 3758 cadere
2693 3710 2744 3759 et
2782 3718 3063 3775 resurgere
3081 3747 3097 3772 ,
3126 3705 3177 3759 in
3206 3706 3454 3761 omnibus
3504 3708 3675 3763 malis

2077 3806 2182 3845 non
2210 3792 2486 3848 inﬁrmari.
2509 3792 2699 3848 Merito
2727 3792 2889 3864 igitur
2902 3794 3102 3864 septies
3126 3796 3178 3850 in
3198 3796 3286 3851 die
3311 3796 3542 3852 laudavit
3560 3797 3673 3853 Ec-

2075 3882 2235 3938 clesia
2265 3883 2429 3938 Deum
2457 3900 2619 3954 super
2651 3884 2849 3955 judicia
2885 3886 3105 3956 justitia:
3150 3888 3355 3958 ipsius;
3385 3889 3506 3958 quia
3535 3904 3670 3945 cum

2077 3983 2286 4044 tempus
2327 3985 2473 4031 esset
2511 3985 2569 4030 ut
2604 3976 2861 4045 judicium
2893 3977 3150 4047 inciperet
3191 3993 3220 4032 a
3248 3978 3410 4034 domo
3450 3979 3671 4035 Domini

2076 4066 2096 4135 (
2112 4065 2131 4120 Ι
2151 4064 2288 4119 Petr.
2319 4081 2373 4119 tv
2391 4107 2407 4131 ,
2441 4066 2531 4137 i7)
2555 4108 2570 4131 ,
2602 4067 2654 4120 in
2683 4068 2932 4123 omnibus
2960 4068 3386 4124 tribulationibus
3413 4070 3521 4125 suis
3550 4084 3668 4126 non

2077 4156 2366 4221 inﬁrmata,
2389 4156 2483 4211 sed
2510 4158 2722 4213 coronis
2748 4170 3045 4230 martyrum
3072 4160 3363 4229 glorilicata
3388 4169 3489 4214 est.

2144 4249 2196 4303 5.
2223 4248 2239 4319 Ῐ
2262 4265 2388 4303 vers.
2417 4249 2563 4321 165.]
2594 4249 2707 4305 Pax
2735 4251 2912 4319 multa,
2936 4252 3125 4322 inquit,
3155 4251 3474 4323 diligentibus
3498 4253 3671 4325 legem

2073 4349 2233 4406 tuam,
2253 4349 2427 4394 etnon
2453 4350 2528 4397 est
2553 4343 2623 4395 eis
2643 4342 2958 4397 scandalum.
2984 4342 3167 4399 Utrum
3196 4345 3308 4412 ipsa
3336 4343 3419 4399 lex
3436 4344 3675 4414 diligen-

2074 4433 2214 4488 tibus
2242 4449 2300 4488 se
2322 4434 2629 4489 scandalum
2655 4450 2757 4490 non
2785 4445 2898 4503 est,
2926 4451 2992 4491 an
3013 4436 3356 4507 diligentibus
3381 4453 3497 4492 eam
3536 4436 3670 4492 nul-

2072 4524 2181 4579 lum
2202 4533 2284 4581 est
2312 4524 2683 4595 undecumque
2703 4526 3044 4581 scandalum?
3066 4526 3172 4582 Sed
3203 4537 3482 4597 utrumque
3511 4537 3671 4585 recte

2072 4616 2399 4687 intelligitur.
2428 4617 2528 4685 Qui
2555 4618 2695 4672 enim
2717 4617 2887 4688 diligit
2912 4618 3005 4673 Dei
3032 4619 3225 4689 legem,
3249 4619 3413 4675 etiam
3437 4620 3577 4690 quod
3602 4622 3665 4677 in

2071 4722 2133 4763 ea
2176 4723 2283 4763 non
2327 4709 2574 4780 intelligit
2604 4710 2865 4775 honorat;
2896 4719 2953 4766 et
2977 4710 3121 4781 quod
3143 4712 3194 4766 ei
3226 4727 3422 4767 sonare
3446 4713 3672 4770 videtur

2068 4799 2318 4861 absurde,
2342 4815 2402 4855 se
2428 4802 2604 4871 potius
2624 4817 2729 4856 non
2752 4802 3071 4872 intelligere,
3098 4810 3155 4859 et
3181 4804 3375 4873 aliquid
3404 4821 3668 4875 magnum

2072 4890 2237 4945 latere
2261 4890 2332 4945 ibi
2360 4892 2561 4960 judicat
2594 4909 2607 4944 :
2638 4892 2758 4946 ideo
2786 4892 2867 4947 lex
2896 4893 2990 4948 Dei
3014 4908 3121 4948 non
3140 4895 3294 4949 estei
3324 4896 3667 4951 St'aﬂdalum.

2071 4979 2140 5036 Ut
2178 4992 2358 5036 autem
2401 4982 2603 5036 nullum
2647 4983 2955 5038 scandalum
2995 4984 3214 5039 omnino
3257 4987 3524 5055 patiatur,
3549 5002 3670 5044 non

2069 5071 2149 5127 sic
2177 5072 2420 5128 homines
2461 5083 2659 5129 sancta:
2701 5073 2955 5144 cujusque
2995 5074 3343 5145 professionis
3379 5076 3615 5131 stteudat
3644 5117 3669 5141 ,

2069 5171 2128 5218 ut
2151 5163 2282 5218 ﬁdes
2307 5165 2423 5232 ejus
2445 5180 2509 5219 ex
2537 5178 2721 5220 eorum
2751 5165 2985 5221 moribus
3012 5166 3263 5234 pendeat;
3293 5182 3361 5220 ue
3390 5166 3671 5236 aliquibus

2069 5255 2380 5310 cadentibus
2418 5272 2556 5327 quos
2604 5271 2701 5325 pro
2742 5272 2936 5327 magno
2965 5257 3191 5312 habebat
3212 5299 3226 5322 ,
3261 5258 3375 5327 ipse
3403 5259 3669 5315 seandalo

2068 5354 2257 5417 pereat
2286 5363 2302 5402 :
2334 5347 2426 5401 sed
2456 5349 2626 5416 ipsam
2656 5348 2750 5403 Dei
2796 5349 2966 5418 legem
2997 5348 3180 5418 diligat
3204 5390 3217 5411 ,
3242 5360 3300 5403 et
3342 5351 3447 5404 erit
3468 5350 3519 5403 ei
3554 5365 3669 5417 pax

2066 5438 2235 5492 multa
2263 5479 2279 5502 ,
2308 5438 2615 5508 nullumque
2660 5438 2987 5494 scandalum.
3032 5439 3264 5494 Securus
3302 5440 3442 5495 enim
3484 5440 3670 5510 diligit

2066 5544 2211 5595 eam,
2243 5530 2295 5583 in
2320 5544 2427 5599 qua
2456 5528 2664 5586 etiamsi
2691 5531 2841 5585 multi
2871 5540 3129 5601 peccant,
3155 5546 3379 5601 peccare
3408 5532 3518 5602 ipsa
3547 5547 3664 5590 non

2068 5622 2236 5677 novit.

2142 5712 2195 5768 6.
2222 5712 2371 5784 (vers.
2399 5713 2545 5786 £66.]
2576 5714 2976 5785 Exspectabam,
3008 5714 3202 5787 inquit,
3230 5716 3448 5771 salutare
3477 5728 3625 5775 tuum
3642 5738 3668 5788 ;

2142 5825 2157 5855 ί
2182 5825 2254 5873 Sic
2272 5831 2370 5872 Am.
2392 5830 2468 5874 Er.
2497 5833 2547 5876 et
2571 5833 2674 5875 Mss.
2695 5825 2835 5889 juxta
2853 5832 3000 5876 Grec.
3026 5832 3152 5876 LXX.
3182 5833 3233 5876 At
3252 5833 3385 5889 tot,
3410 5830 3557 5881 cadit.
