  <div class='ocr_page' id='page_1' title='image "/cluster/home/n/w/nwhite01/storage/ocr_20150623/37/hvd.32044096580592/292.png"; bbox 0 0 4032 6202; ppageno 0'>
   <div class='ocr_carea' id='block_1_1' title="bbox 302 389 436 448">
    <p class='ocr_par' dir='ltr' id='par_1_1' title="bbox 302 389 436 448">
     <span class='ocr_line' id='line_1_1' title="bbox 302 389 436 448; baseline -0.015 0"><span class='ocrx_word' id='word_1_1' title='bbox 302 389 436 448; x_wconf 71' lang='grc'><strong>1595</strong></span> 
     </span>
    </p>
   </div>
   <div class='ocr_carea' id='block_1_2' title="bbox 303 499 1876 570">
    <p class='ocr_par' dir='ltr' id='par_1_2' title="bbox 303 499 1876 570">
     <span class='ocr_line' id='line_1_2' title="bbox 303 499 1876 570; baseline -0.006 -10"><span class='ocrx_word' id='word_1_2' title='bbox 303 506 518 560; x_wconf 80' lang='lat' dir='ltr'><strong>Domine</strong></span> <span class='ocrx_word' id='word_1_3' title='bbox 540 544 555 570; x_wconf 86' lang='lat'><strong>,</strong></span> <span class='ocrx_word' id='word_1_4' title='bbox 582 511 628 557; x_wconf 85' lang='lat' dir='ltr'><strong>et</strong></span> <span class='ocrx_word' id='word_1_5' title='bbox 666 503 903 557; x_wconf 87' lang='lat' dir='ltr'><strong>mandata</strong></span> <span class='ocrx_word' id='word_1_6' title='bbox 932 512 1016 555; x_wconf 85' lang='lat' dir='ltr'><strong>tua</strong></span> <span class='ocrx_word' id='word_1_7' title='bbox 1042 502 1212 556; x_wconf 73' lang='lat' dir='ltr'><strong>dilexi-</strong></span> <span class='ocrx_word' id='word_1_8' title='bbox 1242 501 1374 569; x_wconf 83' lang='lat' dir='ltr'><strong>Quid</strong></span> <span class='ocrx_word' id='word_1_9' title='bbox 1407 501 1546 556; x_wconf 88' lang='lat' dir='ltr'><strong>enim</strong></span> <span class='ocrx_word' id='word_1_10' title='bbox 1572 499 1725 569; x_wconf 90' lang='lat' dir='ltr'><strong>justis</strong></span> <span class='ocrx_word' id='word_1_11' title='bbox 1753 514 1876 568; x_wconf 90' lang='lat' dir='ltr'><strong>pro-</strong></span> 
     </span>
    </p>
   </div>
   <div class='ocr_carea' id='block_1_3' title="bbox 299 591 1886 665">
    <p class='ocr_par' dir='ltr' id='par_1_3' title="bbox 299 591 1886 665">
     <span class='ocr_line' id='line_1_3' title="bbox 299 591 1886 665; baseline -0.004 -13"><span class='ocrx_word' id='word_1_12' title='bbox 299 599 487 652; x_wconf 79' lang='lat' dir='ltr'><strong>fuisset</strong></span> <span class='ocrx_word' id='word_1_13' title='bbox 520 597 750 665; x_wconf 84' lang='lat' dir='ltr'><strong>antiquis</strong></span> <span class='ocrx_word' id='word_1_14' title='bbox 782 595 868 650; x_wconf 86' lang='lat' dir='ltr'><strong>Dei</strong></span> <span class='ocrx_word' id='word_1_15' title='bbox 893 595 1139 650; x_wconf 74' lang='lat' dir='ltr'><strong>dilexisse</strong></span> <span class='ocrx_word' id='word_1_16' title='bbox 1175 593 1419 648; x_wconf 86' lang='lat' dir='ltr'><strong>mandata</strong></span> <span class='ocrx_word' id='word_1_17' title='bbox 1440 635 1456 659; x_wconf 90' lang='lat'><strong>,</strong></span> <span class='ocrx_word' id='word_1_18' title='bbox 1481 593 1580 648; x_wconf 90' lang='lat' dir='ltr'><strong>nisi</strong></span> <span class='ocrx_word' id='word_1_19' title='bbox 1610 608 1705 647; x_wconf 90' lang='lat' dir='ltr'><strong>cos</strong></span> <span class='ocrx_word' id='word_1_20' title='bbox 1732 591 1886 645; x_wconf 85' lang='lat' dir='ltr'><strong>Chri-</strong></span> 
     </span>
    </p>
   </div>
   <div class='ocr_carea' id='block_1_4' title="bbox 298 687 1882 760">
    <p class='ocr_par' dir='ltr' id='par_1_4' title="bbox 298 687 1882 760">
     <span class='ocr_line' id='line_1_4' title="bbox 298 687 1882 760; baseline -0.001 -16"><span class='ocrx_word' id='word_1_21' title='bbox 298 701 412 745; x_wconf 83' lang='lat' dir='ltr'><strong>stus</strong></span> <span class='ocrx_word' id='word_1_22' title='bbox 439 690 528 760; x_wconf 85' lang='lat' dir='ltr'><strong>qui</strong></span> <span class='ocrx_word' id='word_1_23' title='bbox 558 699 640 744; x_wconf 87' lang='lat' dir='ltr'><strong>est</strong></span> <span class='ocrx_word' id='word_1_24' title='bbox 669 690 760 744; x_wconf 88' lang='lat' dir='ltr'><strong>Dei</strong></span> <span class='ocrx_word' id='word_1_25' title='bbox 793 689 1044 755; x_wconf 84' lang='lat' dir='ltr'><strong>salutare,</strong></span> <span class='ocrx_word' id='word_1_26' title='bbox 1076 688 1372 753; x_wconf 72' lang='lat' dir='ltr'><strong>liberasset;</strong></span> <span class='ocrx_word' id='word_1_27' title='bbox 1400 688 1551 757; x_wconf 83' lang='lat' dir='ltr'><strong>cujus</strong></span> <span class='ocrx_word' id='word_1_28' title='bbox 1581 687 1739 742; x_wconf 90' lang='lat' dir='ltr'><strong>etiam</strong></span> <span class='ocrx_word' id='word_1_29' title='bbox 1768 687 1882 756; x_wconf 83' lang='lat' dir='ltr'><strong>spi-</strong></span> 
     </span>
    </p>
   </div>
   <div class='ocr_carea' id='block_1_5' title="bbox 298 781 1885 852">
    <p class='ocr_par' dir='ltr' id='par_1_5' title="bbox 298 781 1885 852">
     <span class='ocr_line' id='line_1_5' title="bbox 298 781 1885 852; baseline -0.003 -15"><span class='ocrx_word' id='word_1_30' title='bbox 298 783 400 837; x_wconf 90' lang='lat' dir='ltr'><strong>ritu</strong></span> <span class='ocrx_word' id='word_1_31' title='bbox 426 782 700 852; x_wconf 88' lang='lat' dir='ltr'><strong>impcrtito</strong></span> <span class='ocrx_word' id='word_1_32' title='bbox 716 782 961 835; x_wconf 89' lang='lat' dir='ltr'><strong>mandata</strong></span> <span class='ocrx_word' id='word_1_33' title='bbox 981 782 1072 834; x_wconf 89' lang='lat' dir='ltr'><strong>Dei</strong></span> <span class='ocrx_word' id='word_1_34' title='bbox 1099 781 1316 852; x_wconf 84' lang='lat' dir='ltr'><strong>diligere</strong></span> <span class='ocrx_word' id='word_1_35' title='bbox 1339 789 1623 850; x_wconf 88' lang='lat' dir='ltr'><strong>potuerunt</strong></span> <span class='ocrx_word' id='word_1_36' title='bbox 1641 781 1664 834; x_wconf 70' lang='grc' dir='ltr'><strong>’ἶ</strong></span> <span class='ocrx_word' id='word_1_37' title='bbox 1684 781 1736 834; x_wconf 87' lang='lat' dir='ltr'><strong>Si</strong></span> <span class='ocrx_word' id='word_1_38' title='bbox 1753 796 1885 848; x_wconf 80' lang='lat' dir='ltr'><strong>ergo</strong></span> 
     </span>
    </p>
   </div>
   <div class='ocr_carea' id='block_1_6' title="bbox 300 870 1886 942">
    <p class='ocr_par' dir='ltr' id='par_1_6' title="bbox 300 870 1886 942">
     <span class='ocr_line' id='line_1_6' title="bbox 300 870 1886 942; baseline -0.003 -13"><span class='ocrx_word' id='word_1_39' title='bbox 300 873 684 942; x_wconf 78' lang='lat' dir='ltr'><strong>exspectabant</strong></span> <span class='ocrx_word' id='word_1_40' title='bbox 725 872 956 927; x_wconf 75' lang='lat' dir='ltr'><strong>salumrc</strong></span> <span class='ocrx_word' id='word_1_41' title='bbox 985 873 1076 928; x_wconf 93' lang='lat' dir='ltr'><strong>Dei</strong></span> <span class='ocrx_word' id='word_1_42' title='bbox 1103 913 1116 936; x_wconf 91' lang='lat'><strong>,</strong></span> <span class='ocrx_word' id='word_1_43' title='bbox 1148 874 1238 942; x_wconf 89' lang='lat' dir='ltr'><strong>qui</strong></span> <span class='ocrx_word' id='word_1_44' title='bbox 1263 872 1514 926; x_wconf 88' lang='lat' dir='ltr'><strong>mandata</strong></span> <span class='ocrx_word' id='word_1_45' title='bbox 1541 872 1656 942; x_wconf 79' lang='lat' dir='ltr'><strong>ejus</strong></span> <span class='ocrx_word' id='word_1_46' title='bbox 1683 870 1886 925; x_wconf 85' lang='lat' dir='ltr'><strong>dilexe-</strong></span> 
     </span>
    </p>
   </div>
   <div class='ocr_carea' id='block_1_7' title="bbox 301 963 1885 1035">
    <p class='ocr_par' dir='ltr' id='par_1_7' title="bbox 301 963 1885 1035">
     <span class='ocr_line' id='line_1_7' title="bbox 301 963 1885 1035; baseline -0.001 -16"><span class='ocrx_word' id='word_1_47' title='bbox 301 977 462 1030; x_wconf 83' lang='lat' dir='ltr'><strong>runt;</strong></span> <span class='ocrx_word' id='word_1_48' title='bbox 493 975 693 1035; x_wconf 88' lang='lat' dir='ltr'><strong>quanto</strong></span> <span class='ocrx_word' id='word_1_49' title='bbox 740 967 904 1035; x_wconf 80' lang='lat' dir='ltr'><strong>magis</strong></span> <span class='ocrx_word' id='word_1_50' title='bbox 949 965 1281 1019; x_wconf 82' lang='lat' dir='ltr'><strong>necessarius</strong></span> <span class='ocrx_word' id='word_1_51' title='bbox 1312 973 1426 1019; x_wconf 89' lang='lat' dir='ltr'><strong>erat</strong></span> <span class='ocrx_word' id='word_1_52' title='bbox 1457 963 1645 1029; x_wconf 80' lang='lat' dir='ltr'><strong>Jesus,</strong></span> <span class='ocrx_word' id='word_1_53' title='bbox 1678 963 1780 1017; x_wconf 88' lang='lat' dir='ltr'><strong>hoc</strong></span> <span class='ocrx_word' id='word_1_54' title='bbox 1805 972 1885 1018; x_wconf 87' lang='lat' dir='ltr'><strong>est</strong></span> 
     </span>
    </p>
   </div>
   <div class='ocr_carea' id='block_1_8' title="bbox 299 1056 1880 1126">
    <p class='ocr_par' dir='ltr' id='par_1_8' title="bbox 299 1056 1880 1126">
     <span class='ocr_line' id='line_1_8' title="bbox 299 1056 1880 1126; baseline -0.001 -15"><span class='ocrx_word' id='word_1_55' title='bbox 299 1057 532 1111; x_wconf 78' lang='lat' dir='ltr'><strong>salutare</strong></span> <span class='ocrx_word' id='word_1_56' title='bbox 556 1057 670 1121; x_wconf 89' lang='lat' dir='ltr'><strong>Dei,</strong></span> <span class='ocrx_word' id='word_1_57' title='bbox 690 1057 848 1110; x_wconf 76' lang='lat' dir='ltr'><strong>salvis</strong></span> <span class='ocrx_word' id='word_1_58' title='bbox 877 1056 1130 1111; x_wconf 80' lang='lat' dir='ltr'><strong>faciendis</strong></span> <span class='ocrx_word' id='word_1_59' title='bbox 1153 1057 1230 1111; x_wconf 85' lang='lat' dir='ltr'><strong>eis</strong></span> <span class='ocrx_word' id='word_1_60' title='bbox 1251 1057 1341 1126; x_wconf 87' lang='lat' dir='ltr'><strong>qui</strong></span> <span class='ocrx_word' id='word_1_61' title='bbox 1367 1056 1610 1112; x_wconf 86' lang='lat' dir='ltr'><strong>mandata</strong></span> <span class='ocrx_word' id='word_1_62' title='bbox 1639 1056 1754 1125; x_wconf 84' lang='lat' dir='ltr'><strong>ejus</strong></span> <span class='ocrx_word' id='word_1_63' title='bbox 1776 1071 1880 1110; x_wconf 89' lang='lat' dir='ltr'><strong>non</strong></span> 
     </span>
    </p>
   </div>
   <div class='ocr_carea' id='block_1_9' title="bbox 297 1145 1884 1215">
    <p class='ocr_par' dir='ltr' id='par_1_9' title="bbox 297 1145 1884 1215">
     <span class='ocr_line' id='line_1_9' title="bbox 297 1145 1884 1215; baseline -0.001 -17"><span class='ocrx_word' id='word_1_64' title='bbox 297 1145 638 1202; x_wconf 75' lang='lat' dir='ltr'><strong>dilexerunt?</strong></span> <span class='ocrx_word' id='word_1_65' title='bbox 671 1147 849 1202; x_wconf 81' lang='lat' dir='ltr'><strong>Potest</strong></span> <span class='ocrx_word' id='word_1_66' title='bbox 888 1148 981 1200; x_wconf 92' lang='lat' dir='ltr'><strong>ista</strong></span> <span class='ocrx_word' id='word_1_67' title='bbox 1014 1147 1172 1202; x_wconf 89' lang='lat' dir='ltr'><strong>etiam</strong></span> <span class='ocrx_word' id='word_1_68' title='bbox 1199 1147 1399 1201; x_wconf 73' lang='lat' dir='ltr'><strong>sanctis</strong></span> <span class='ocrx_word' id='word_1_69' title='bbox 1427 1147 1648 1200; x_wconf 89' lang='lat' dir='ltr'><strong>istorum</strong></span> <span class='ocrx_word' id='word_1_70' title='bbox 1677 1157 1884 1215; x_wconf 85' lang='lat' dir='ltr'><strong>tempo-</strong></span> 
     </span>
    </p>
   </div>
   <div class='ocr_carea' id='block_1_10' title="bbox 299 1237 1882 1308">
    <p class='ocr_par' dir='ltr' id='par_1_10' title="bbox 299 1237 1882 1308">
     <span class='ocr_line' id='line_1_10' title="bbox 299 1237 1882 1308; baseline -0.001 -17"><span class='ocrx_word' id='word_1_71' title='bbox 299 1253 416 1291; x_wconf 82' lang='lat' dir='ltr'><strong>rum</strong></span> <span class='ocrx_word' id='word_1_72' title='bbox 441 1278 454 1299; x_wconf 88' lang='lat'><strong>,</strong></span> <span class='ocrx_word' id='word_1_73' title='bbox 485 1253 553 1291; x_wconf 79' lang='lat' dir='ltr'><strong>ex</strong></span> <span class='ocrx_word' id='word_1_74' title='bbox 587 1253 692 1306; x_wconf 90' lang='lat' dir='ltr'><strong>quo</strong></span> <span class='ocrx_word' id='word_1_75' title='bbox 717 1239 882 1306; x_wconf 84' lang='lat' dir='ltr'><strong>gratia</strong></span> <span class='ocrx_word' id='word_1_76' title='bbox 914 1238 1144 1292; x_wconf 81' lang='lat' dir='ltr'><strong>revelata</strong></span> <span class='ocrx_word' id='word_1_77' title='bbox 1170 1238 1509 1308; x_wconf 78' lang='lat' dir='ltr'><strong>Evangelium</strong></span> <span class='ocrx_word' id='word_1_78' title='bbox 1542 1237 1882 1306; x_wconf 70' lang='lat' dir='ltr'><strong>prmdicatnr,</strong></span> 
     </span>
    </p>
   </div>
   <div class='ocr_carea' id='block_1_11' title="bbox 299 1326 1881 1397">
    <p class='ocr_par' dir='ltr' id='par_1_11' title="bbox 299 1326 1881 1397">
     <span class='ocr_line' id='line_1_11' title="bbox 299 1326 1881 1397; baseline 0.001 -18"><span class='ocrx_word' id='word_1_79' title='bbox 299 1342 597 1394; x_wconf 71' lang='lat' dir='ltr'><strong>congruere</strong></span> <span class='ocrx_word' id='word_1_80' title='bbox 625 1327 901 1395; x_wconf 75' lang='lat' dir='ltr'><strong>prophetia</strong></span> <span class='ocrx_word' id='word_1_81' title='bbox 937 1345 950 1381; x_wconf 88' lang='lat'><strong>:</strong></span> <span class='ocrx_word' id='word_1_82' title='bbox 981 1337 1297 1397; x_wconf 79' lang='lat' dir='ltr'><strong>exspectant</strong></span> <span class='ocrx_word' id='word_1_83' title='bbox 1321 1328 1462 1382; x_wconf 87' lang='lat' dir='ltr'><strong>enim</strong></span> <span class='ocrx_word' id='word_1_84' title='bbox 1495 1326 1763 1381; x_wconf 62' lang='lat' dir='ltr'><strong>Christum</strong></span> <span class='ocrx_word' id='word_1_85' title='bbox 1792 1328 1881 1396; x_wconf 88' lang='lat' dir='ltr'><strong>qui</strong></span> 
     </span>
    </p>
   </div>
   <div class='ocr_carea' id='block_1_12' title="bbox 299 1417 1885 1490">
    <p class='ocr_par' dir='ltr' id='par_1_12' title="bbox 299 1417 1885 1490">
     <span class='ocr_line' id='line_1_12' title="bbox 299 1417 1885 1490; baseline 0.002 -19"><span class='ocrx_word' id='word_1_86' title='bbox 299 1418 548 1472; x_wconf 86' lang='lat' dir='ltr'><strong>mandata</strong></span> <span class='ocrx_word' id='word_1_87' title='bbox 583 1418 675 1472; x_wconf 86' lang='lat' dir='ltr'><strong>Dei</strong></span> <span class='ocrx_word' id='word_1_88' title='bbox 697 1418 938 1488; x_wconf 82' lang='lat' dir='ltr'><strong>diligunt,</strong></span> <span class='ocrx_word' id='word_1_89' title='bbox 966 1429 1021 1473; x_wconf 91' lang='lat' dir='ltr'><strong>ut</strong></span> <span class='ocrx_word' id='word_1_90' title='bbox 1045 1434 1163 1474; x_wconf 91' lang='lat' dir='ltr'><strong>cum</strong></span> <span class='ocrx_word' id='word_1_91' title='bbox 1186 1417 1428 1474; x_wconf 76' lang='lat' dir='ltr'><strong>Christus</strong></span> <span class='ocrx_word' id='word_1_92' title='bbox 1449 1420 1751 1490; x_wconf 82' lang='lat' dir='ltr'><strong>apparuerit</strong></span> <span class='ocrx_word' id='word_1_93' title='bbox 1779 1422 1885 1475; x_wconf 82' lang='lat' dir='ltr'><strong>vita</strong></span> 
     </span>
    </p>
   </div>
   <div class='ocr_carea' id='block_1_13' title="bbox 300 1513 1884 1583">
    <p class='ocr_par' dir='ltr' id='par_1_13' title="bbox 300 1513 1884 1583">
     <span class='ocr_line' id='line_1_13' title="bbox 300 1513 1884 1583; baseline 0.001 -19"><span class='ocrx_word' id='word_1_94' title='bbox 300 1520 480 1564; x_wconf 88' lang='lat' dir='ltr'><strong>nostra</strong></span> <span class='ocrx_word' id='word_1_95' title='bbox 512 1553 528 1578; x_wconf 91' lang='lat'><strong>,</strong></span> <span class='ocrx_word' id='word_1_96' title='bbox 561 1520 685 1565; x_wconf 90' lang='lat' dir='ltr'><strong>tunc</strong></span> <span class='ocrx_word' id='word_1_97' title='bbox 727 1521 780 1567; x_wconf 84' lang='lat' dir='ltr'><strong>et</strong></span> <span class='ocrx_word' id='word_1_98' title='bbox 810 1526 905 1566; x_wconf 89' lang='lat' dir='ltr'><strong>nos</strong></span> <span class='ocrx_word' id='word_1_99' title='bbox 943 1528 1292 1582; x_wconf 86' lang='lat' dir='ltr'><strong>appareamus</strong></span> <span class='ocrx_word' id='word_1_100' title='bbox 1322 1527 1440 1567; x_wconf 90' lang='lat' dir='ltr'><strong>cum</strong></span> <span class='ocrx_word' id='word_1_101' title='bbox 1487 1513 1578 1567; x_wconf 88' lang='lat' dir='ltr'><strong>illo</strong></span> <span class='ocrx_word' id='word_1_102' title='bbox 1620 1513 1671 1566; x_wconf 92' lang='lat' dir='ltr'><strong>in</strong></span> <span class='ocrx_word' id='word_1_103' title='bbox 1717 1513 1884 1583; x_wconf 81' lang='lat' dir='ltr'><strong>gloria</strong></span> 
     </span>
    </p>
   </div>
   <div class='ocr_carea' id='block_1_14' title="bbox 305 1601 736 1673">
    <p class='ocr_par' dir='ltr' id='par_1_14' title="bbox 305 1601 736 1673">
     <span class='ocr_line' id='line_1_14' title="bbox 305 1601 736 1673; baseline -0.005 -15"><span class='ocrx_word' id='word_1_104' title='bbox 305 1601 524 1673; x_wconf 83' lang='lat' dir='ltr'><strong>(Coloss.</strong></span> <span class='ocrx_word' id='word_1_105' title='bbox 555 1619 631 1667; x_wconf 90' lang='grc' dir='ltr'>ιιι,</span> <span class='ocrx_word' id='word_1_106' title='bbox 660 1605 736 1670; x_wconf 61' lang='lat' dir='ltr'><strong>ti).</strong></span> 
     </span>
    </p>
   </div>
   <div class='ocr_carea' id='block_1_15' title="bbox 373 1694 1883 1768">
    <p class='ocr_par' dir='ltr' id='par_1_15' title="bbox 373 1694 1883 1768">
     <span class='ocr_line' id='line_1_15' title="bbox 373 1694 1883 1768; baseline 0.001 -20"><span class='ocrx_word' id='word_1_107' title='bbox 373 1697 424 1748; x_wconf 89' lang='lat'><strong>7.</strong></span> <span class='ocrx_word' id='word_1_108' title='bbox 457 1694 608 1767; x_wconf 87' lang='lat' dir='ltr'><strong>[vers.</strong></span> <span class='ocrx_word' id='word_1_109' title='bbox 638 1698 738 1752; x_wconf 85' lang='grc'><strong>167</strong></span> <span class='ocrx_word' id='word_1_110' title='bbox 764 1739 778 1762; x_wconf 91' lang='grc'><strong>,</strong></span> <span class='ocrx_word' id='word_1_111' title='bbox 812 1697 910 1752; x_wconf 80' lang='grc'><strong>168</strong></span> <span class='ocrx_word' id='word_1_112' title='bbox 938 1696 955 1768; x_wconf 85' lang='grc'>]</span> <span class='ocrx_word' id='word_1_113' title='bbox 986 1696 1265 1752; x_wconf 81' lang='lat' dir='ltr'><strong>Castodivit</strong></span> <span class='ocrx_word' id='word_1_114' title='bbox 1289 1741 1304 1763; x_wconf 81' lang='lat'><strong>,</strong></span> <span class='ocrx_word' id='word_1_115' title='bbox 1334 1699 1504 1768; x_wconf 84' lang='lat' dir='ltr'><strong>inquit</strong></span> <span class='ocrx_word' id='word_1_116' title='bbox 1527 1739 1542 1764; x_wconf 93' lang='lat'><strong>,</strong></span> <span class='ocrx_word' id='word_1_117' title='bbox 1574 1701 1743 1752; x_wconf 81' lang='lat' dir='ltr'><strong>anima</strong></span> <span class='ocrx_word' id='word_1_118' title='bbox 1773 1715 1883 1752; x_wconf 88' lang='lat' dir='ltr'><strong>mea</strong></span> 
     </span>
    </p>
   </div>
   <div class='ocr_carea' id='block_1_16' title="bbox 305 1788 1882 1854">
    <p class='ocr_par' dir='ltr' id='par_1_16' title="bbox 305 1788 1882 1854">
     <span class='ocr_line' id='line_1_16' title="bbox 305 1788 1882 1854; baseline 0.002 -14"><span class='ocrx_word' id='word_1_119' title='bbox 305 1788 592 1842; x_wconf 84' lang='lat' dir='ltr'><strong>testimonia</strong></span> <span class='ocrx_word' id='word_1_120' title='bbox 637 1798 722 1840; x_wconf 88' lang='lat' dir='ltr'><strong>tua</strong></span> <span class='ocrx_word' id='word_1_121' title='bbox 743 1831 758 1854; x_wconf 94' lang='lat'><strong>,</strong></span> <span class='ocrx_word' id='word_1_122' title='bbox 783 1799 825 1842; x_wconf 88' lang='lat' dir='ltr'><strong>et</strong></span> <span class='ocrx_word' id='word_1_123' title='bbox 855 1789 1010 1842; x_wconf 74' lang='lat' dir='ltr'><strong>dilexi</strong></span> <span class='ocrx_word' id='word_1_124' title='bbox 1037 1807 1096 1842; x_wconf 87' lang='lat' dir='ltr'><strong>ea</strong></span> <span class='ocrx_word' id='word_1_125' title='bbox 1123 1790 1266 1843; x_wconf 82' lang='lat' dir='ltr'><strong>valde</strong></span> <span class='ocrx_word' id='word_1_126' title='bbox 1293 1806 1310 1843; x_wconf 89' lang='lat'><strong><em>:</em></strong></span> <span class='ocrx_word' id='word_1_127' title='bbox 1337 1791 1416 1844; x_wconf 81' lang='lat' dir='ltr'><strong>vel</strong></span> <span class='ocrx_word' id='word_1_128' title='bbox 1436 1831 1449 1854; x_wconf 93' lang='lat'><strong>,</strong></span> <span class='ocrx_word' id='word_1_129' title='bbox 1475 1791 1610 1844; x_wconf 86' lang='lat' dir='ltr'><strong>sicut</strong></span> <span class='ocrx_word' id='word_1_130' title='bbox 1643 1790 1882 1844; x_wconf 89' lang='lat' dir='ltr'><strong>nonnulli</strong></span> 
     </span>
    </p>
   </div>
   <div class='ocr_carea' id='block_1_17' title="bbox 299 1877 1881 1943">
    <p class='ocr_par' dir='ltr' id='par_1_17' title="bbox 299 1877 1881 1943">
     <span class='ocr_line' id='line_1_17' title="bbox 299 1877 1881 1943; baseline 0.001 -12"><span class='ocrx_word' id='word_1_131' title='bbox 299 1877 514 1931; x_wconf 83' lang='lat' dir='ltr'><strong>codices</strong></span> <span class='ocrx_word' id='word_1_132' title='bbox 542 1877 771 1942; x_wconf 85' lang='lat' dir='ltr'><strong>habent,</strong></span> <span class='ocrx_word' id='word_1_133' title='bbox 804 1879 1019 1943; x_wconf 71' lang='lat' dir='ltr'><strong>dilexit,</strong></span> <span class='ocrx_word' id='word_1_134' title='bbox 1050 1891 1107 1933; x_wconf 91' lang='lat' dir='ltr'><strong>ut</strong></span> <span class='ocrx_word' id='word_1_135' title='bbox 1133 1880 1477 1934; x_wconf 88' lang='lat' dir='ltr'><strong>subaudiatur</strong></span> <span class='ocrx_word' id='word_1_136' title='bbox 1499 1920 1514 1943; x_wconf 93' lang='lat'><strong>,</strong></span> <span class='ocrx_word' id='word_1_137' title='bbox 1544 1880 1715 1932; x_wconf 88' lang='lat' dir='ltr'><strong>anima</strong></span> <span class='ocrx_word' id='word_1_138' title='bbox 1751 1896 1881 1932; x_wconf 86' lang='lat' dir='ltr'><strong>mea.</strong></span> 
     </span>
    </p>
   </div>
   <div class='ocr_carea' id='block_1_18' title="bbox 299 1969 1886 2043">
    <p class='ocr_par' dir='ltr' id='par_1_18' title="bbox 299 1969 1886 2043">
     <span class='ocr_line' id='line_1_18' title="bbox 299 1969 1886 2043; baseline 0.003 -20"><span class='ocrx_word' id='word_1_139' title='bbox 299 1969 683 2024; x_wconf 86' lang='lat' dir='ltr'><strong>Custodiuntur</strong></span> <span class='ocrx_word' id='word_1_140' title='bbox 713 1972 1010 2026; x_wconf 86' lang='lat' dir='ltr'><strong>testimonia</strong></span> <span class='ocrx_word' id='word_1_141' title='bbox 1042 1971 1154 2040; x_wconf 83' lang='lat' dir='ltr'><strong>Dei,</strong></span> <span class='ocrx_word' id='word_1_142' title='bbox 1183 1971 1307 2025; x_wconf 90' lang='lat' dir='ltr'><strong>dum</strong></span> <span class='ocrx_word' id='word_1_143' title='bbox 1337 1988 1440 2027; x_wconf 89' lang='lat' dir='ltr'><strong>non</strong></span> <span class='ocrx_word' id='word_1_144' title='bbox 1473 1983 1748 2043; x_wconf 78' lang='lat' dir='ltr'><strong>negantur.</strong></span> <span class='ocrx_word' id='word_1_145' title='bbox 1774 1972 1886 2027; x_wconf 81' lang='lat' dir='ltr'><strong>Hoc</strong></span> 
     </span>
    </p>
   </div>
   <div class='ocr_carea' id='block_1_19' title="bbox 301 2061 1887 2133">
    <p class='ocr_par' dir='ltr' id='par_1_19' title="bbox 301 2061 1887 2133">
     <span class='ocr_line' id='line_1_19' title="bbox 301 2061 1887 2133; baseline 0 -17"><span class='ocrx_word' id='word_1_146' title='bbox 301 2071 382 2117; x_wconf 83' lang='lat' dir='ltr'><strong>est</strong></span> <span class='ocrx_word' id='word_1_147' title='bbox 414 2072 704 2132; x_wconf 81' lang='lat' dir='ltr'><strong>martyrum</strong></span> <span class='ocrx_word' id='word_1_148' title='bbox 731 2061 1140 2132; x_wconf 33' lang='lat' dir='ltr'><strong>ofﬁcium,.quia</strong></span> <span class='ocrx_word' id='word_1_149' title='bbox 1170 2064 1464 2117; x_wconf 83' lang='lat' dir='ltr'><strong>testimonia</strong></span> <span class='ocrx_word' id='word_1_150' title='bbox 1495 2078 1666 2133; x_wconf 66' lang='lat' dir='ltr'><strong>graece</strong></span> <span class='ocrx_word' id='word_1_151' title='bbox 1694 2070 1887 2132; x_wconf 84' lang='lat' dir='ltr'><strong>marty-</strong></span> 
     </span>
    </p>
   </div>
   <div class='ocr_carea' id='block_1_20' title="bbox 298 2153 1882 2223">
    <p class='ocr_par' dir='ltr' id='par_1_20' title="bbox 298 2153 1882 2223">
     <span class='ocr_line' id='line_1_20' title="bbox 298 2153 1882 2223; baseline 0.001 -18"><span class='ocrx_word' id='word_1_152' title='bbox 298 2153 379 2205; x_wconf 89' lang='lat' dir='ltr'><strong>ria</strong></span> <span class='ocrx_word' id='word_1_153' title='bbox 410 2161 799 2220; x_wconf 86' lang='lat' dir='ltr'><strong>mmcupantur.</strong></span> <span class='ocrx_word' id='word_1_154' title='bbox 823 2153 928 2208; x_wconf 88' lang='lat' dir='ltr'><strong>Sed</strong></span> <span class='ocrx_word' id='word_1_155' title='bbox 955 2153 1075 2222; x_wconf 85' lang='lat' dir='ltr'><strong>quia</strong></span> <span class='ocrx_word' id='word_1_156' title='bbox 1110 2169 1202 2223; x_wconf 89' lang='lat' dir='ltr'><strong>pro</strong></span> <span class='ocrx_word' id='word_1_157' title='bbox 1230 2154 1546 2208; x_wconf 84' lang='lat' dir='ltr'><strong>testimoniis</strong></span> <span class='ocrx_word' id='word_1_158' title='bbox 1593 2155 1682 2208; x_wconf 91' lang='lat' dir='ltr'><strong>Dei</strong></span> <span class='ocrx_word' id='word_1_159' title='bbox 1724 2156 1882 2207; x_wconf 87' lang='lat' dir='ltr'><strong>etiam</strong></span> 
     </span>
    </p>
   </div>
   <div class='ocr_carea' id='block_1_21' title="bbox 301 2243 1881 2314">
    <p class='ocr_par' dir='ltr' id='par_1_21' title="bbox 301 2243 1881 2314">
     <span class='ocr_line' id='line_1_21' title="bbox 301 2243 1881 2314; baseline 0 -17"><span class='ocrx_word' id='word_1_160' title='bbox 301 2243 531 2297; x_wconf 82' lang='lat' dir='ltr'><strong>ﬂ:uumis</strong></span> <span class='ocrx_word' id='word_1_161' title='bbox 551 2243 882 2297; x_wconf 90' lang='lat' dir='ltr'><strong>concremari</strong></span> <span class='ocrx_word' id='word_1_162' title='bbox 902 2245 1016 2298; x_wconf 86' lang='lat' dir='ltr'><strong>sine</strong></span> <span class='ocrx_word' id='word_1_163' title='bbox 1037 2243 1295 2299; x_wconf 85' lang='lat' dir='ltr'><strong>charitate</strong></span> <span class='ocrx_word' id='word_1_164' title='bbox 1313 2244 1443 2298; x_wconf 88' lang='lat' dir='ltr'><strong>nihil</strong></span> <span class='ocrx_word' id='word_1_165' title='bbox 1461 2243 1677 2314; x_wconf 88' lang='lat' dir='ltr'><strong>prodest</strong></span> <span class='ocrx_word' id='word_1_166' title='bbox 1699 2244 1741 2314; x_wconf 94' lang='grc' dir='ltr'>(Ι</span> <span class='ocrx_word' id='word_1_167' title='bbox 1767 2244 1881 2297; x_wconf 82' lang='lat' dir='ltr'><strong>Cor.</strong></span> 
     </span>
    </p>
   </div>
   <div class='ocr_carea' id='block_1_22' title="bbox 302 2335 1884 2405">
    <p class='ocr_par' dir='ltr' id='par_1_22' title="bbox 302 2335 1884 2405">
     <span class='ocr_line' id='line_1_22' title="bbox 302 2335 1884 2405; baseline 0 -15"><span class='ocrx_word' id='word_1_168' title='bbox 302 2351 416 2401; x_wconf 78' lang='lat' dir='ltr'><strong>xm,</strong></span> <span class='ocrx_word' id='word_1_169' title='bbox 447 2337 528 2405; x_wconf 87' lang='grc'><strong>5),</strong></span> <span class='ocrx_word' id='word_1_170' title='bbox 560 2336 678 2390; x_wconf 90' lang='lat' dir='ltr'><strong>ideo</strong></span> <span class='ocrx_word' id='word_1_171' title='bbox 701 2335 934 2401; x_wconf 88' lang='lat' dir='ltr'><strong>addidit,</strong></span> <span class='ocrx_word' id='word_1_172' title='bbox 959 2335 1028 2388; x_wconf 85' lang='lat' dir='ltr'><strong>Et</strong></span> <span class='ocrx_word' id='word_1_173' title='bbox 1057 2337 1212 2390; x_wconf 66' lang='lat' dir='ltr'><strong>dilexi</strong></span> <span class='ocrx_word' id='word_1_174' title='bbox 1238 2354 1295 2390; x_wconf 88' lang='lat' dir='ltr'><strong>ea</strong></span> <span class='ocrx_word' id='word_1_175' title='bbox 1321 2337 1488 2391; x_wconf 83' lang='lat' dir='ltr'><strong>valde.</strong></span> <span class='ocrx_word' id='word_1_176' title='bbox 1516 2337 1684 2405; x_wconf 87' lang='lat' dir='ltr'><strong>Supra</strong></span> <span class='ocrx_word' id='word_1_177' title='bbox 1709 2347 1884 2390; x_wconf 89' lang='lat' dir='ltr'><strong>autem</strong></span> 
     </span>
    </p>
   </div>
   <div class='ocr_carea' id='block_1_23' title="bbox 303 2425 1883 2497">
    <p class='ocr_par' dir='ltr' id='par_1_23' title="bbox 303 2425 1883 2497">
     <span class='ocr_line' id='line_1_23' title="bbox 303 2425 1883 2497; baseline 0.001 -19"><span class='ocrx_word' id='word_1_178' title='bbox 303 2426 542 2491; x_wconf 73' lang='lat' dir='ltr'><strong>dixerat,</strong></span> <span class='ocrx_word' id='word_1_179' title='bbox 593 2425 837 2479; x_wconf 81' lang='lat' dir='ltr'><strong>Mandata</strong></span> <span class='ocrx_word' id='word_1_180' title='bbox 868 2436 955 2480; x_wconf 90' lang='lat' dir='ltr'><strong>tua</strong></span> <span class='ocrx_word' id='word_1_181' title='bbox 980 2428 1173 2490; x_wconf 75' lang='lat' dir='ltr'><strong>dilexi;</strong></span> <span class='ocrx_word' id='word_1_182' title='bbox 1201 2427 1392 2482; x_wconf 88' lang='lat' dir='ltr'><strong>deinde</strong></span> <span class='ocrx_word' id='word_1_183' title='bbox 1421 2425 1662 2497; x_wconf 86' lang='lat' dir='ltr'><strong>sequenti</strong></span> <span class='ocrx_word' id='word_1_184' title='bbox 1693 2444 1846 2482; x_wconf 81' lang='lat' dir='ltr'><strong>versu</strong></span> <span class='ocrx_word' id='word_1_185' title='bbox 1870 2470 1883 2494; x_wconf 91' lang='lat'><strong>,</strong></span> 
     </span>
    </p>
   </div>
   <div class='ocr_carea' id='block_1_24' title="bbox 307 2515 1888 2588">
    <p class='ocr_par' dir='ltr' id='par_1_24' title="bbox 307 2515 1888 2588">
     <span class='ocr_line' id='line_1_24' title="bbox 307 2515 1888 2588; baseline 0.002 -19"><span class='ocrx_word' id='word_1_186' title='bbox 307 2515 612 2570; x_wconf 79' lang='lat' dir='ltr'><strong>Testimonia</strong></span> <span class='ocrx_word' id='word_1_187' title='bbox 663 2527 748 2570; x_wconf 88' lang='lat' dir='ltr'><strong>tua</strong></span> <span class='ocrx_word' id='word_1_188' title='bbox 774 2561 788 2583; x_wconf 96' lang='lat'><strong>,</strong></span> <span class='ocrx_word' id='word_1_189' title='bbox 831 2527 882 2572; x_wconf 87' lang='lat' dir='ltr'><strong>ct</strong></span> <span class='ocrx_word' id='word_1_190' title='bbox 923 2519 1205 2582; x_wconf 78' lang='lat' dir='ltr'><strong>custodiri,</strong></span> <span class='ocrx_word' id='word_1_191' title='bbox 1239 2527 1292 2573; x_wconf 84' lang='lat' dir='ltr'><strong>et</strong></span> <span class='ocrx_word' id='word_1_192' title='bbox 1335 2519 1492 2572; x_wconf 73' lang='lat' dir='ltr'><strong>dilexi</strong></span> <span class='ocrx_word' id='word_1_193' title='bbox 1522 2535 1539 2571; x_wconf 93' lang='lat'><strong><em>:</em></strong></span> <span class='ocrx_word' id='word_1_194' title='bbox 1568 2530 1746 2588; x_wconf 86' lang='lat' dir='ltr'><strong>postea</strong></span> <span class='ocrx_word' id='word_1_195' title='bbox 1773 2561 1787 2584; x_wconf 91' lang='lat'><strong>,</strong></span> <span class='ocrx_word' id='word_1_196' title='bbox 1825 2519 1888 2572; x_wconf 79' lang='lat' dir='ltr'><strong>Et</strong></span> 
     </span>
    </p>
   </div>
   <div class='ocr_carea' id='block_1_25' title="bbox 303 2607 1889 2673">
    <p class='ocr_par' dir='ltr' id='par_1_25' title="bbox 303 2607 1889 2673">
     <span class='ocr_line' id='line_1_25' title="bbox 303 2607 1889 2673; baseline 0.003 -14"><span class='ocrx_word' id='word_1_197' title='bbox 303 2607 544 2660; x_wconf 86' lang='lat' dir='ltr'><strong>mandata</strong></span> <span class='ocrx_word' id='word_1_198' title='bbox 575 2618 680 2670; x_wconf 88' lang='lat' dir='ltr'><strong>tua,</strong></span> <span class='ocrx_word' id='word_1_199' title='bbox 711 2617 764 2663; x_wconf 91' lang='lat' dir='ltr'><strong>et</strong></span> <span class='ocrx_word' id='word_1_200' title='bbox 791 2611 1071 2662; x_wconf 84' lang='lat' dir='ltr'><strong>testimonia</strong></span> <span class='ocrx_word' id='word_1_201' title='bbox 1097 2620 1184 2662; x_wconf 89' lang='lat' dir='ltr'><strong>tua</strong></span> <span class='ocrx_word' id='word_1_202' title='bbox 1205 2611 1472 2673; x_wconf 76' lang='lat' dir='ltr'><strong>custodiri;</strong></span> <span class='ocrx_word' id='word_1_203' title='bbox 1497 2611 1569 2664; x_wconf 85' lang='lat' dir='ltr'><strong>ait</strong></span> <span class='ocrx_word' id='word_1_204' title='bbox 1594 2611 1756 2672; x_wconf 84' lang='lat' dir='ltr'><strong>enim,</strong></span> <span class='ocrx_word' id='word_1_205' title='bbox 1791 2611 1889 2663; x_wconf 80' lang='lat' dir='ltr'><strong>Ca-</strong></span> 
     </span>
    </p>
   </div>
   <div class='ocr_carea' id='block_1_26' title="bbox 303 2699 1884 2771">
    <p class='ocr_par' dir='ltr' id='par_1_26' title="bbox 303 2699 1884 2771">
     <span class='ocr_line' id='line_1_26' title="bbox 303 2699 1884 2771; baseline 0.001 -19"><span class='ocrx_word' id='word_1_206' title='bbox 303 2701 484 2752; x_wconf 82' lang='lat' dir='ltr'><strong>stodivi</strong></span> <span class='ocrx_word' id='word_1_207' title='bbox 510 2699 748 2752; x_wconf 88' lang='lat' dir='ltr'><strong>mandata</strong></span> <span class='ocrx_word' id='word_1_208' title='bbox 771 2711 855 2752; x_wconf 88' lang='lat' dir='ltr'><strong>tua</strong></span> <span class='ocrx_word' id='word_1_209' title='bbox 877 2710 922 2753; x_wconf 91' lang='lat' dir='ltr'><strong>et</strong></span> <span class='ocrx_word' id='word_1_210' title='bbox 953 2701 1234 2754; x_wconf 86' lang='lat' dir='ltr'><strong>testimonia</strong></span> <span class='ocrx_word' id='word_1_211' title='bbox 1261 2711 1366 2753; x_wconf 90' lang='lat' dir='ltr'><strong>tua.</strong></span> <span class='ocrx_word' id='word_1_212' title='bbox 1398 2703 1495 2768; x_wconf 81' lang='lat' dir='ltr'><strong>Qui</strong></span> <span class='ocrx_word' id='word_1_213' title='bbox 1529 2701 1667 2755; x_wconf 89' lang='lat' dir='ltr'><strong>enim</strong></span> <span class='ocrx_word' id='word_1_214' title='bbox 1697 2701 1884 2771; x_wconf 80' lang='lat' dir='ltr'><strong>diligit,</strong></span> 
     </span>
    </p>
   </div>
   <div class='ocr_carea' id='block_1_27' title="bbox 303 2791 1889 2865">
    <p class='ocr_par' dir='ltr' id='par_1_27' title="bbox 303 2791 1889 2865">
     <span class='ocr_line' id='line_1_27' title="bbox 303 2791 1889 2865; baseline 0.004 -20"><span class='ocrx_word' id='word_1_215' title='bbox 303 2791 414 2860; x_wconf 91' lang='lat' dir='ltr'><strong>ipsa</strong></span> <span class='ocrx_word' id='word_1_216' title='bbox 444 2795 459 2823; x_wconf 85' lang='grc'>¹</span> <span class='ocrx_word' id='word_1_217' title='bbox 486 2794 742 2848; x_wconf 86' lang='lat' dir='ltr'><strong>veraciter</strong></span> <span class='ocrx_word' id='word_1_218' title='bbox 761 2794 1087 2864; x_wconf 80' lang='lat' dir='ltr'><strong>libenterque</strong></span> <span class='ocrx_word' id='word_1_219' title='bbox 1106 2796 1355 2850; x_wconf 85' lang='lat' dir='ltr'><strong>custodit.</strong></span> <span class='ocrx_word' id='word_1_220' title='bbox 1377 2795 1694 2865; x_wconf 81' lang='lat' dir='ltr'><strong>Plerumque</strong></span> <span class='ocrx_word' id='word_1_221' title='bbox 1712 2805 1889 2851; x_wconf 89' lang='lat' dir='ltr'><strong>autem</strong></span> 
     </span>
    </p>
   </div>
   <div class='ocr_carea' id='block_1_28' title="bbox 303 2880 1888 2954">
    <p class='ocr_par' dir='ltr' id='par_1_28' title="bbox 303 2880 1888 2954">
     <span class='ocr_line' id='line_1_28' title="bbox 303 2880 1888 2954; baseline 0.004 -19"><span class='ocrx_word' id='word_1_222' title='bbox 303 2880 426 2936; x_wconf 87' lang='lat' dir='ltr'><strong>dum</strong></span> <span class='ocrx_word' id='word_1_223' title='bbox 458 2883 704 2938; x_wconf 89' lang='lat' dir='ltr'><strong>mandata</strong></span> <span class='ocrx_word' id='word_1_224' title='bbox 732 2885 824 2939; x_wconf 89' lang='lat' dir='ltr'><strong>Dei</strong></span> <span class='ocrx_word' id='word_1_225' title='bbox 850 2886 1251 2954; x_wconf 86' lang='lat' dir='ltr'><strong>custodiuntur,</strong></span> <span class='ocrx_word' id='word_1_226' title='bbox 1283 2889 1416 2942; x_wconf 88' lang='lat' dir='ltr'><strong>liunt</strong></span> <span class='ocrx_word' id='word_1_227' title='bbox 1459 2887 1660 2942; x_wconf 87' lang='lat' dir='ltr'><strong>inimici</strong></span> <span class='ocrx_word' id='word_1_228' title='bbox 1704 2896 1888 2942; x_wconf 90' lang='lat' dir='ltr'><strong>contra</strong></span> 
     </span>
    </p>
   </div>
   <div class='ocr_carea' id='block_1_29' title="bbox 303 2977 1891 3053">
    <p class='ocr_par' dir='ltr' id='par_1_29' title="bbox 303 2977 1891 3053">
     <span class='ocr_line' id='line_1_29' title="bbox 303 2977 1891 3053; baseline 0.006 -27"><span class='ocrx_word' id='word_1_229' title='bbox 303 2990 528 3053; x_wconf 87' lang='lat' dir='ltr'><strong>quorum</strong></span> <span class='ocrx_word' id='word_1_230' title='bbox 556 2977 878 3033; x_wconf 85' lang='lat' dir='ltr'><strong>voluntatem</strong></span> <span class='ocrx_word' id='word_1_231' title='bbox 918 2979 1288 3034; x_wconf 85' lang='lat' dir='ltr'><strong>custodiuntur</strong></span> <span class='ocrx_word' id='word_1_232' title='bbox 1322 2998 1336 3034; x_wconf 86' lang='lat'><strong>:</strong></span> <span class='ocrx_word' id='word_1_233' title='bbox 1371 2989 1496 3035; x_wconf 88' lang='lat' dir='ltr'><strong>tunc</strong></span> <span class='ocrx_word' id='word_1_234' title='bbox 1525 2996 1653 3036; x_wconf 88' lang='lat' dir='ltr'><strong>vero</strong></span> <span class='ocrx_word' id='word_1_235' title='bbox 1682 2979 1891 3036; x_wconf 76' lang='lat' dir='ltr'><strong>fortiter</strong></span> 
     </span>
    </p>
   </div>
   <div class='ocr_carea' id='block_1_30' title="bbox 301 3067 1890 3145">
    <p class='ocr_par' dir='ltr' id='par_1_30' title="bbox 301 3067 1890 3145">
     <span class='ocr_line' id='line_1_30' title="bbox 301 3067 1890 3145; baseline 0.007 -26"><span class='ocrx_word' id='word_1_236' title='bbox 301 3074 356 3120; x_wconf 91' lang='lat' dir='ltr'><strong>et</strong></span> <span class='ocrx_word' id='word_1_237' title='bbox 403 3067 702 3122; x_wconf 83' lang='lat' dir='ltr'><strong>testimonia</strong></span> <span class='ocrx_word' id='word_1_238' title='bbox 753 3071 1098 3127; x_wconf 88' lang='lat' dir='ltr'><strong>custodienda</strong></span> <span class='ocrx_word' id='word_1_239' title='bbox 1141 3082 1300 3139; x_wconf 89' lang='lat' dir='ltr'><strong>sunt,</strong></span> <span class='ocrx_word' id='word_1_240' title='bbox 1335 3089 1402 3129; x_wconf 90' lang='lat' dir='ltr'><strong>ne</strong></span> <span class='ocrx_word' id='word_1_241' title='bbox 1448 3075 1890 3145; x_wconf 86' lang='lat' dir='ltr'><strong>persequentibus</strong></span> 
     </span>
    </p>
   </div>
   <div class='ocr_carea' id='block_1_31' title="bbox 301 3155 839 3230">
    <p class='ocr_par' dir='ltr' id='par_1_31' title="bbox 301 3155 839 3230">
     <span class='ocr_line' id='line_1_31' title="bbox 301 3155 839 3230; baseline 0.009 -20"><span class='ocrx_word' id='word_1_242' title='bbox 301 3155 534 3213; x_wconf 90' lang='lat' dir='ltr'><strong>inimicis</strong></span> <span class='ocrx_word' id='word_1_243' title='bbox 561 3169 839 3230; x_wconf 82' lang='lat' dir='ltr'><strong>negentur.</strong></span> 
     </span>
    </p>
   </div>
   <div class='ocr_carea' id='block_1_32' title="bbox 373 3247 1887 3325">
    <p class='ocr_par' dir='ltr' id='par_1_32' title="bbox 373 3247 1887 3325">
     <span class='ocr_line' id='line_1_32' title="bbox 373 3247 1887 3325; baseline 0.006 -24"><span class='ocrx_word' id='word_1_244' title='bbox 373 3247 428 3301; x_wconf 90' lang='lat'><strong>8.</strong></span> <span class='ocrx_word' id='word_1_245' title='bbox 471 3249 604 3302; x_wconf 90' lang='lat' dir='ltr'><strong>Cum</strong></span> <span class='ocrx_word' id='word_1_246' title='bbox 649 3266 778 3321; x_wconf 89' lang='lat' dir='ltr'><strong>ergo</strong></span> <span class='ocrx_word' id='word_1_247' title='bbox 820 3267 878 3307; x_wconf 87' lang='lat' dir='ltr'><strong>se</strong></span> <span class='ocrx_word' id='word_1_248' title='bbox 927 3253 1026 3308; x_wconf 91' lang='lat' dir='ltr'><strong>iste</strong></span> <span class='ocrx_word' id='word_1_249' title='bbox 1073 3263 1359 3325; x_wconf 88' lang='lat' dir='ltr'><strong>utrumque</strong></span> <span class='ocrx_word' id='word_1_250' title='bbox 1401 3255 1593 3312; x_wconf 78' lang='lat' dir='ltr'><strong>fecisse</strong></span> <span class='ocrx_word' id='word_1_251' title='bbox 1632 3257 1887 3325; x_wconf 82' lang='lat' dir='ltr'><strong>dixisset,</strong></span> 
     </span>
    </p>
   </div>
   <div class='ocr_carea' id='block_1_33' title="bbox 299 3337 1886 3418">
    <p class='ocr_par' dir='ltr' id='par_1_33' title="bbox 299 3337 1886 3418">
     <span class='ocr_line' id='line_1_33' title="bbox 299 3337 1886 3418; baseline 0.008 -28"><span class='ocrx_word' id='word_1_252' title='bbox 299 3337 416 3391; x_wconf 88' lang='lat' dir='ltr'><strong>Deo</strong></span> <span class='ocrx_word' id='word_1_253' title='bbox 459 3339 642 3394; x_wconf 88' lang='lat' dir='ltr'><strong>tribuit</strong></span> <span class='ocrx_word' id='word_1_254' title='bbox 685 3342 826 3397; x_wconf 89' lang='lat' dir='ltr'><strong>unde</strong></span> <span class='ocrx_word' id='word_1_255' title='bbox 868 3344 993 3399; x_wconf 82' lang='lat' dir='ltr'><strong>fecit</strong></span> <span class='ocrx_word' id='word_1_256' title='bbox 1015 3386 1030 3411; x_wconf 91' lang='lat'><strong>,</strong></span> <span class='ocrx_word' id='word_1_257' title='bbox 1062 3345 1398 3416; x_wconf 85' lang='lat' dir='ltr'><strong>adjungendo</strong></span> <span class='ocrx_word' id='word_1_258' title='bbox 1431 3358 1590 3418; x_wconf 88' lang='lat' dir='ltr'><strong>atque</strong></span> <span class='ocrx_word' id='word_1_259' title='bbox 1617 3349 1843 3405; x_wconf 88' lang='lat' dir='ltr'><strong>dicendo</strong></span> <span class='ocrx_word' id='word_1_260' title='bbox 1873 3367 1886 3402; x_wconf 87' lang='lat'><strong>:</strong></span> 
     </span>
    </p>
   </div>
   <div class='ocr_carea' id='block_1_34' title="bbox 303 3430 1887 3507">
    <p class='ocr_par' dir='ltr' id='par_1_34' title="bbox 303 3430 1887 3507">
     <span class='ocr_line' id='line_1_34' title="bbox 303 3430 1887 3507; baseline 0.009 -26"><span class='ocrx_word' id='word_1_261' title='bbox 303 3430 441 3496; x_wconf 87' lang='lat' dir='ltr'><strong>Quia</strong></span> <span class='ocrx_word' id='word_1_262' title='bbox 467 3447 637 3486; x_wconf 84' lang='lat' dir='ltr'><strong>omnes</strong></span> <span class='ocrx_word' id='word_1_263' title='bbox 664 3435 754 3486; x_wconf 65' lang='lat' dir='ltr'><strong>via:</strong></span> <span class='ocrx_word' id='word_1_264' title='bbox 779 3449 903 3488; x_wconf 74' lang='lat' dir='ltr'><strong>mea:</strong></span> <span class='ocrx_word' id='word_1_265' title='bbox 929 3436 981 3488; x_wconf 90' lang='lat' dir='ltr'><strong>in</strong></span> <span class='ocrx_word' id='word_1_266' title='bbox 1009 3447 1276 3506; x_wconf 78' lang='lat' dir='ltr'><strong>conspectu</strong></span> <span class='ocrx_word' id='word_1_267' title='bbox 1305 3449 1390 3492; x_wconf 92' lang='lat' dir='ltr'><strong>tuo</strong></span> <span class='ocrx_word' id='word_1_268' title='bbox 1415 3481 1428 3503; x_wconf 89' lang='lat'><strong>,</strong></span> <span class='ocrx_word' id='word_1_269' title='bbox 1469 3438 1698 3493; x_wconf 81' lang='lat' dir='ltr'><strong>Domine.</strong></span> <span class='ocrx_word' id='word_1_270' title='bbox 1724 3439 1848 3495; x_wconf 83' lang='lat' dir='ltr'><strong>Ideo</strong></span> <span class='ocrx_word' id='word_1_271' title='bbox 1871 3482 1887 3507; x_wconf 88' lang='lat'><strong>,</strong></span> 
     </span>
    </p>
   </div>
   <div class='ocr_carea' id='block_1_35' title="bbox 300 3522 1890 3604">
    <p class='ocr_par' dir='ltr' id='par_1_35' title="bbox 300 3522 1890 3604">
     <span class='ocr_line' id='line_1_35' title="bbox 300 3522 1890 3604; baseline 0.006 -29"><span class='ocrx_word' id='word_1_272' title='bbox 300 3522 514 3590; x_wconf 85' lang='lat' dir='ltr'><strong>inquit,</strong></span> <span class='ocrx_word' id='word_1_273' title='bbox 541 3525 782 3578; x_wconf 83' lang='lat' dir='ltr'><strong>custodivi</strong></span> <span class='ocrx_word' id='word_1_274' title='bbox 825 3528 1029 3580; x_wconf 87' lang='lat' dir='ltr'><strong>madata</strong></span> <span class='ocrx_word' id='word_1_275' title='bbox 1072 3539 1158 3582; x_wconf 88' lang='lat' dir='ltr'><strong>tua</strong></span> <span class='ocrx_word' id='word_1_276' title='bbox 1192 3539 1238 3584; x_wconf 90' lang='lat' dir='ltr'><strong>et</strong></span> <span class='ocrx_word' id='word_1_277' title='bbox 1279 3532 1565 3586; x_wconf 83' lang='lat' dir='ltr'><strong>testimonia</strong></span> <span class='ocrx_word' id='word_1_278' title='bbox 1611 3543 1734 3597; x_wconf 85' lang='lat' dir='ltr'><strong>tua;</strong></span> <span class='ocrx_word' id='word_1_279' title='bbox 1772 3535 1890 3604; x_wconf 86' lang='lat' dir='ltr'><strong>quia</strong></span> 
     </span>
    </p>
   </div>
   <div class='ocr_carea' id='block_1_36' title="bbox 300 3620 1891 3693">
    <p class='ocr_par' dir='ltr' id='par_1_36' title="bbox 300 3620 1891 3693">
     <span class='ocr_line' id='line_1_36' title="bbox 300 3620 1891 3693; baseline 0.006 -24"><span class='ocrx_word' id='word_1_280' title='bbox 300 3631 477 3669; x_wconf 84' lang='lat' dir='ltr'><strong>omnes</strong></span> <span class='ocrx_word' id='word_1_281' title='bbox 499 3620 591 3670; x_wconf 76' lang='lat' dir='ltr'><strong>via:</strong></span> <span class='ocrx_word' id='word_1_282' title='bbox 613 3635 735 3673; x_wconf 77' lang='lat' dir='ltr'><strong>mea:</strong></span> <span class='ocrx_word' id='word_1_283' title='bbox 759 3621 808 3674; x_wconf 86' lang='lat' dir='ltr'><strong>in</strong></span> <span class='ocrx_word' id='word_1_284' title='bbox 831 3632 1098 3690; x_wconf 84' lang='lat' dir='ltr'><strong>conspectu</strong></span> <span class='ocrx_word' id='word_1_285' title='bbox 1124 3635 1227 3676; x_wconf 89' lang='lat' dir='ltr'><strong>tuo.</strong></span> <span class='ocrx_word' id='word_1_286' title='bbox 1257 3624 1530 3693; x_wconf 85' lang='lat' dir='ltr'><strong>Tanquam</strong></span> <span class='ocrx_word' id='word_1_287' title='bbox 1556 3625 1758 3680; x_wconf 85' lang='lat' dir='ltr'><strong>diceret</strong></span> <span class='ocrx_word' id='word_1_288' title='bbox 1791 3643 1804 3678; x_wconf 88' lang='lat'>:</span> <span class='ocrx_word' id='word_1_289' title='bbox 1835 3624 1891 3680; x_wconf 91' lang='lat' dir='ltr'><strong>Si</strong></span> 
     </span>
    </p>
   </div>
   <div class='ocr_carea' id='block_1_37' title="bbox 297 3710 1895 3782">
    <p class='ocr_par' dir='ltr' id='par_1_37' title="bbox 297 3710 1895 3782">
     <span class='ocr_line' id='line_1_37' title="bbox 297 3710 1895 3782; baseline 0.004 -18"><span class='ocrx_word' id='word_1_290' title='bbox 297 3710 596 3765; x_wconf 83' lang='lat' dir='ltr'><strong>avertisscs</strong></span> <span class='ocrx_word' id='word_1_291' title='bbox 621 3727 648 3763; x_wconf 92' lang='lat' dir='ltr'><strong>a</strong></span> <span class='ocrx_word' id='word_1_292' title='bbox 671 3728 754 3766; x_wconf 92' lang='lat' dir='ltr'><strong>mc</strong></span> <span class='ocrx_word' id='word_1_293' title='bbox 781 3712 967 3768; x_wconf 79' lang='lat' dir='ltr'><strong>faciem</strong></span> <span class='ocrx_word' id='word_1_294' title='bbox 997 3726 1158 3782; x_wconf 89' lang='lat' dir='ltr'><strong>tuam,</strong></span> <span class='ocrx_word' id='word_1_295' title='bbox 1192 3718 1370 3771; x_wconf 82' lang='lat' dir='ltr'><strong>ﬁerem</strong></span> <span class='ocrx_word' id='word_1_296' title='bbox 1400 3717 1764 3779; x_wconf 87' lang='lat' dir='ltr'><strong>conturbatus,</strong></span> <span class='ocrx_word' id='word_1_297' title='bbox 1798 3732 1895 3771; x_wconf 89' lang='lat' dir='ltr'><strong>nec</strong></span> 
     </span>
    </p>
   </div>
   <div class='ocr_carea' id='block_1_38' title="bbox 302 3803 1891 3878">
    <p class='ocr_par' dir='ltr' id='par_1_38' title="bbox 302 3803 1891 3878">
     <span class='ocr_line' id='line_1_38' title="bbox 302 3803 1891 3878; baseline 0.006 -25"><span class='ocrx_word' id='word_1_298' title='bbox 302 3810 396 3854; x_wconf 89' lang='lat' dir='ltr'><strong>tua</strong></span> <span class='ocrx_word' id='word_1_299' title='bbox 420 3803 664 3857; x_wconf 89' lang='lat' dir='ltr'><strong>mandata</strong></span> <span class='ocrx_word' id='word_1_300' title='bbox 688 3814 741 3859; x_wconf 89' lang='lat' dir='ltr'><strong>et</strong></span> <span class='ocrx_word' id='word_1_301' title='bbox 763 3808 1058 3861; x_wconf 82' lang='lat' dir='ltr'><strong>testimonia</strong></span> <span class='ocrx_word' id='word_1_302' title='bbox 1083 3809 1424 3863; x_wconf 87' lang='lat' dir='ltr'><strong>custodirem.</strong></span> <span class='ocrx_word' id='word_1_303' title='bbox 1450 3809 1721 3864; x_wconf 81' lang='lat' dir='ltr'><strong>Custodivi</strong></span> <span class='ocrx_word' id='word_1_304' title='bbox 1743 3824 1891 3878; x_wconf 84' lang='lat' dir='ltr'><strong>ergo,</strong></span> 
     </span>
    </p>
   </div>
   <div class='ocr_carea' id='block_1_39' title="bbox 300 3893 1895 3970">
    <p class='ocr_par' dir='ltr' id='par_1_39' title="bbox 300 3893 1895 3970">
     <span class='ocr_line' id='line_1_39' title="bbox 300 3893 1895 3970; baseline 0.007 -26"><span class='ocrx_word' id='word_1_305' title='bbox 300 3893 423 3961; x_wconf 87' lang='lat' dir='ltr'><strong>quia</strong></span> <span class='ocrx_word' id='word_1_306' title='bbox 445 3911 614 3947; x_wconf 85' lang='lat' dir='ltr'><strong>omnes</strong></span> <span class='ocrx_word' id='word_1_307' title='bbox 642 3896 734 3949; x_wconf 52' lang='lat' dir='ltr'><strong>via,</strong></span> <span class='ocrx_word' id='word_1_308' title='bbox 758 3913 880 3950; x_wconf 77' lang='lat' dir='ltr'><strong>mea:</strong></span> <span class='ocrx_word' id='word_1_309' title='bbox 919 3899 971 3950; x_wconf 87' lang='lat' dir='ltr'><strong>in</strong></span> <span class='ocrx_word' id='word_1_310' title='bbox 1009 3908 1275 3966; x_wconf 83' lang='lat' dir='ltr'><strong>conspectu</strong></span> <span class='ocrx_word' id='word_1_311' title='bbox 1302 3908 1404 3952; x_wconf 88' lang='lat' dir='ltr'><strong>tuo.</strong></span> <span class='ocrx_word' id='word_1_312' title='bbox 1439 3899 1673 3969; x_wconf 82' lang='lat' dir='ltr'><strong>Propitio</strong></span> <span class='ocrx_word' id='word_1_313' title='bbox 1700 3899 1895 3970; x_wconf 88' lang='lat' dir='ltr'><strong>quippe</strong></span> 
     </span>
    </p>
   </div>
   <div class='ocr_carea' id='block_1_40' title="bbox 301 3984 1894 4058">
    <p class='ocr_par' dir='ltr' id='par_1_40' title="bbox 301 3984 1894 4058">
     <span class='ocr_line' id='line_1_40' title="bbox 301 3984 1894 4058; baseline 0.004 -20"><span class='ocrx_word' id='word_1_314' title='bbox 301 3994 362 4038; x_wconf 87' lang='lat' dir='ltr'><strong>et</strong></span> <span class='ocrx_word' id='word_1_315' title='bbox 388 3984 669 4055; x_wconf 84' lang='lat' dir='ltr'><strong>adjuvante</strong></span> <span class='ocrx_word' id='word_1_316' title='bbox 708 3998 1033 4058; x_wconf 88' lang='lat' dir='ltr'><strong>conspectu,</strong></span> <span class='ocrx_word' id='word_1_317' title='bbox 1063 3991 1230 4044; x_wconf 87' lang='lat' dir='ltr'><strong>voluit</strong></span> <span class='ocrx_word' id='word_1_318' title='bbox 1258 3990 1474 4058; x_wconf 80' lang='lat' dir='ltr'><strong>intelligi</strong></span> <span class='ocrx_word' id='word_1_319' title='bbox 1516 3991 1679 4045; x_wconf 88' lang='lat' dir='ltr'><strong>Deum</strong></span> <span class='ocrx_word' id='word_1_320' title='bbox 1709 3990 1894 4044; x_wconf 83' lang='lat' dir='ltr'><strong>videre</strong></span> 
     </span>
    </p>
   </div>
   <div class='ocr_carea' id='block_1_41' title="bbox 301 4077 1895 4150">
    <p class='ocr_par' dir='ltr' id='par_1_41' title="bbox 301 4077 1895 4150">
     <span class='ocr_line' id='line_1_41' title="bbox 301 4077 1895 4150; baseline 0.002 -21"><span class='ocrx_word' id='word_1_321' title='bbox 301 4077 424 4129; x_wconf 81' lang='lat' dir='ltr'><strong>vias</strong></span> <span class='ocrx_word' id='word_1_322' title='bbox 469 4092 630 4141; x_wconf 89' lang='lat' dir='ltr'><strong>suas;</strong></span> <span class='ocrx_word' id='word_1_323' title='bbox 661 4080 799 4132; x_wconf 91' lang='lat' dir='ltr'><strong>sicut</strong></span> <span class='ocrx_word' id='word_1_324' title='bbox 843 4081 1012 4134; x_wconf 90' lang='lat' dir='ltr'><strong>oravit</strong></span> <span class='ocrx_word' id='word_1_325' title='bbox 1054 4080 1142 4150; x_wconf 91' lang='lat' dir='ltr'><strong>qui</strong></span> <span class='ocrx_word' id='word_1_326' title='bbox 1181 4080 1349 4146; x_wconf 82' lang='lat' dir='ltr'><strong>dixit,</strong></span> <span class='ocrx_word' id='word_1_327' title='bbox 1378 4080 1459 4134; x_wconf 78' lang='lat' dir='ltr'><strong>Ne</strong></span> <span class='ocrx_word' id='word_1_328' title='bbox 1483 4090 1680 4135; x_wconf 77' lang='lat' dir='ltr'><strong>avertas</strong></span> <span class='ocrx_word' id='word_1_329' title='bbox 1713 4081 1895 4149; x_wconf 84' lang='lat' dir='ltr'><strong>[aciem</strong></span> 
     </span>
    </p>
   </div>
   <div class='ocr_carea' id='block_1_42' title="bbox 306 4169 1892 4242">
    <p class='ocr_par' dir='ltr' id='par_1_42' title="bbox 306 4169 1892 4242">
     <span class='ocr_line' id='line_1_42' title="bbox 306 4169 1892 4242; baseline 0.003 -21"><span class='ocrx_word' id='word_1_330' title='bbox 306 4179 450 4221; x_wconf 86' lang='lat' dir='ltr'><strong>tuam</strong></span> <span class='ocrx_word' id='word_1_331' title='bbox 477 4187 508 4222; x_wconf 90' lang='lat' dir='ltr'><strong>a</strong></span> <span class='ocrx_word' id='word_1_332' title='bbox 537 4186 614 4223; x_wconf 90' lang='lat' dir='ltr'><strong>me</strong></span> <span class='ocrx_word' id='word_1_333' title='bbox 647 4169 812 4238; x_wconf 86' lang='lat' dir='ltr'><strong>(Psal.</strong></span> <span class='ocrx_word' id='word_1_334' title='bbox 843 4187 991 4236; x_wconf 78' lang='lat' dir='ltr'><strong>xxvr,</strong></span> <span class='ocrx_word' id='word_1_335' title='bbox 1021 4173 1100 4242; x_wconf 91' lang='lat'><strong>9).</strong></span> <span class='ocrx_word' id='word_1_336' title='bbox 1123 4173 1253 4225; x_wconf 85' lang='lat' dir='ltr'><strong>Nam</strong></span> <span class='ocrx_word' id='word_1_337' title='bbox 1279 4173 1464 4242; x_wconf 89' lang='lat' dir='ltr'><strong>utique</strong></span> <span class='ocrx_word' id='word_1_338' title='bbox 1494 4171 1658 4226; x_wconf 78' lang='lat' dir='ltr'><strong>facies</strong></span> <span class='ocrx_word' id='word_1_339' title='bbox 1686 4172 1892 4226; x_wconf 90' lang='lat' dir='ltr'><strong>Domini</strong></span> 
     </span>
    </p>
   </div>
   <div class='ocr_carea' id='block_1_43' title="bbox 304 4262 1894 4335">
    <p class='ocr_par' dir='ltr' id='par_1_43' title="bbox 304 4262 1894 4335">
     <span class='ocr_line' id='line_1_43' title="bbox 304 4262 1894 4335; baseline 0.001 -19"><span class='ocrx_word' id='word_1_340' title='bbox 304 4271 396 4316; x_wconf 72' lang='lat' dir='ltr'><strong>est</strong></span> <span class='ocrx_word' id='word_1_341' title='bbox 435 4272 488 4316; x_wconf 88' lang='lat' dir='ltr'><strong>ct</strong></span> <span class='ocrx_word' id='word_1_342' title='bbox 527 4277 686 4335; x_wconf 82' lang='lat' dir='ltr'><strong>super</strong></span> <span class='ocrx_word' id='word_1_343' title='bbox 728 4262 984 4318; x_wconf 82' lang='lat' dir='ltr'><strong>facientes</strong></span> <span class='ocrx_word' id='word_1_344' title='bbox 1021 4265 1153 4318; x_wconf 86' lang='lat' dir='ltr'><strong>mala</strong></span> <span class='ocrx_word' id='word_1_345' title='bbox 1179 4306 1192 4329; x_wconf 95' lang='lat'><strong>,</strong></span> <span class='ocrx_word' id='word_1_346' title='bbox 1222 4264 1315 4320; x_wconf 83' lang='lat' dir='ltr'><strong>sed</strong></span> <span class='ocrx_word' id='word_1_347' title='bbox 1355 4273 1413 4318; x_wconf 87' lang='lat' dir='ltr'><strong>ut</strong></span> <span class='ocrx_word' id='word_1_348' title='bbox 1449 4265 1632 4332; x_wconf 86' lang='lat' dir='ltr'><strong>perdat</strong></span> <span class='ocrx_word' id='word_1_349' title='bbox 1656 4263 1724 4318; x_wconf 89' lang='lat' dir='ltr'><strong>dc</strong></span> <span class='ocrx_word' id='word_1_350' title='bbox 1756 4272 1894 4318; x_wconf 88' lang='lat' dir='ltr'><strong>terra</strong></span> 
     </span>
    </p>
   </div>
   <div class='ocr_carea' id='block_1_44' title="bbox 305 4354 1898 4426">
    <p class='ocr_par' dir='ltr' id='par_1_44' title="bbox 305 4354 1898 4426">
     <span class='ocr_line' id='line_1_44' title="bbox 305 4354 1898 4426; baseline 0.003 -20"><span class='ocrx_word' id='word_1_351' title='bbox 305 4354 623 4407; x_wconf 85' lang='lat' dir='ltr'><strong>memoriam</strong></span> <span class='ocrx_word' id='word_1_352' title='bbox 652 4370 836 4408; x_wconf 90' lang='lat' dir='ltr'><strong>eorum</strong></span> <span class='ocrx_word' id='word_1_353' title='bbox 866 4354 1037 4424; x_wconf 86' lang='lat' dir='ltr'><strong>(Psal.</strong></span> <span class='ocrx_word' id='word_1_354' title='bbox 1074 4372 1262 4420; x_wconf 72' lang='lat' dir='ltr'><strong>xxxiii,</strong></span> <span class='ocrx_word' id='word_1_355' title='bbox 1282 4354 1392 4426; x_wconf 82' lang='lat' dir='ltr'><strong>l7).</strong></span> <span class='ocrx_word' id='word_1_356' title='bbox 1418 4355 1534 4410; x_wconf 87' lang='lat' dir='ltr'><strong>Non</strong></span> <span class='ocrx_word' id='word_1_357' title='bbox 1564 4355 1639 4409; x_wconf 87' lang='lat' dir='ltr'><strong>sic</strong></span> <span class='ocrx_word' id='word_1_358' title='bbox 1661 4355 1898 4424; x_wconf 77' lang='lat' dir='ltr'><strong>proiecto</strong></span> 
     </span>
    </p>
   </div>
   <div class='ocr_carea' id='block_1_45' title="bbox 304 4445 1864 4512">
    <p class='ocr_par' dir='ltr' id='par_1_45' title="bbox 304 4445 1864 4512">
     <span class='ocr_line' id='line_1_45' title="bbox 304 4445 1864 4512; baseline 0.001 -14"><span class='ocrx_word' id='word_1_359' title='bbox 304 4445 415 4499; x_wconf 86' lang='lat' dir='ltr'><strong>istc</strong></span> <span class='ocrx_word' id='word_1_360' title='bbox 443 4445 578 4500; x_wconf 78' lang='lat' dir='ltr'><strong>dixit</strong></span> <span class='ocrx_word' id='word_1_361' title='bbox 602 4449 714 4500; x_wconf 87' lang='lat' dir='ltr'><strong>vias</strong></span> <span class='ocrx_word' id='word_1_362' title='bbox 743 4464 866 4503; x_wconf 83' lang='lat' dir='ltr'><strong>snas</strong></span> <span class='ocrx_word' id='word_1_363' title='bbox 890 4449 962 4502; x_wconf 84' lang='lat' dir='ltr'><strong>ab</strong></span> <span class='ocrx_word' id='word_1_364' title='bbox 993 4449 1082 4501; x_wconf 88' lang='lat' dir='ltr'><strong>illo</strong></span> <span class='ocrx_word' id='word_1_365' title='bbox 1114 4449 1298 4512; x_wconf 80' lang='lat' dir='ltr'><strong>videri;</strong></span> <span class='ocrx_word' id='word_1_366' title='bbox 1332 4448 1425 4504; x_wconf 87' lang='lat' dir='ltr'><strong>sed</strong></span> <span class='ocrx_word' id='word_1_367' title='bbox 1454 4449 1589 4502; x_wconf 87' lang='lat' dir='ltr'><strong>sicut</strong></span> <span class='ocrx_word' id='word_1_368' title='bbox 1615 4449 1761 4502; x_wconf 74' lang='lat' dir='ltr'><strong>novit</strong></span> <span class='ocrx_word' id='word_1_369' title='bbox 1787 4449 1864 4501; x_wconf 91' lang='lat' dir='ltr'><strong>Do</strong></span> 
     </span>
    </p>
   </div>
   <div class='ocr_carea' id='block_1_46' title="bbox 306 4538 1894 4613">
    <p class='ocr_par' dir='ltr' id='par_1_46' title="bbox 306 4538 1894 4613">
     <span class='ocr_line' id='line_1_46' title="bbox 306 4538 1894 4613; baseline 0.001 -20"><span class='ocrx_word' id='word_1_370' title='bbox 306 4538 489 4593; x_wconf 78' lang='lat' dir='ltr'><strong>mimis</strong></span> <span class='ocrx_word' id='word_1_371' title='bbox 518 4539 632 4594; x_wconf 90' lang='lat' dir='ltr'><strong>vias</strong></span> <span class='ocrx_word' id='word_1_372' title='bbox 653 4541 914 4609; x_wconf 88' lang='lat' dir='ltr'><strong>justorum</strong></span> <span class='ocrx_word' id='word_1_373' title='bbox 945 4541 1115 4611; x_wconf 86' lang='lat' dir='ltr'><strong>(Psal.</strong></span> <span class='ocrx_word' id='word_1_374' title='bbox 1144 4558 1179 4608; x_wconf 87' lang='grc' dir='ltr'>ι,</span> <span class='ocrx_word' id='word_1_375' title='bbox 1201 4542 1308 4613; x_wconf 87' lang='lat'><strong>6),</strong></span> <span class='ocrx_word' id='word_1_376' title='bbox 1337 4551 1395 4597; x_wconf 91' lang='lat' dir='ltr'><strong>et</strong></span> <span class='ocrx_word' id='word_1_377' title='bbox 1420 4543 1554 4596; x_wconf 83' lang='lat' dir='ltr'><strong>sicut</strong></span> <span class='ocrx_word' id='word_1_378' title='bbox 1583 4544 1656 4597; x_wconf 88' lang='lat' dir='ltr'><strong>ait</strong></span> <span class='ocrx_word' id='word_1_379' title='bbox 1685 4543 1847 4613; x_wconf 85' lang='lat' dir='ltr'><strong>Moysi</strong></span> <span class='ocrx_word' id='word_1_380' title='bbox 1879 4585 1894 4608; x_wconf 83' lang='grc'><em>,</em></span> 
     </span>
    </p>
   </div>
   <div class='ocr_carea' id='block_1_47' title="bbox 309 4631 1902 4707">
    <p class='ocr_par' dir='ltr' id='par_1_47' title="bbox 309 4631 1902 4707">
     <span class='ocr_line' id='line_1_47' title="bbox 309 4631 1902 4707; baseline 0.004 -22"><span class='ocrx_word' id='word_1_381' title='bbox 309 4631 437 4685; x_wconf 75' lang='lat' dir='ltr'><strong>Scia</strong></span> <span class='ocrx_word' id='word_1_382' title='bbox 475 4640 521 4686; x_wconf 87' lang='lat' dir='ltr'><strong>te</strong></span> <span class='ocrx_word' id='word_1_383' title='bbox 560 4648 667 4700; x_wconf 78' lang='lat' dir='ltr'><strong>pra:</strong></span> <span class='ocrx_word' id='word_1_384' title='bbox 694 4636 920 4688; x_wconf 72' lang='lat' dir='ltr'><strong>omnibus</strong></span> <span class='ocrx_word' id='word_1_385' title='bbox 947 4634 964 4704; x_wconf 93' lang='lat'><strong>(</strong></span> <span class='ocrx_word' id='word_1_386' title='bbox 988 4635 1150 4688; x_wconf 77' lang='lat' dir='ltr'><strong>Exod.</strong></span> <span class='ocrx_word' id='word_1_387' title='bbox 1177 4653 1338 4689; x_wconf 59' lang='grc' dir='ltr'>χχχιιι</span> <span class='ocrx_word' id='word_1_388' title='bbox 1365 4677 1379 4700; x_wconf 92' lang='grc'><strong><em>,</em></strong></span> <span class='ocrx_word' id='word_1_389' title='bbox 1415 4635 1535 4707; x_wconf 91' lang='grc'><strong>17).</strong></span> <span class='ocrx_word' id='word_1_390' title='bbox 1564 4636 1696 4691; x_wconf 85' lang='lat' dir='ltr'><strong>Nam</strong></span> <span class='ocrx_word' id='word_1_391' title='bbox 1728 4639 1771 4691; x_wconf 89' lang='lat' dir='ltr'><strong>si</strong></span> <span class='ocrx_word' id='word_1_392' title='bbox 1800 4636 1902 4692; x_wconf 89' lang='lat' dir='ltr'><strong>hoc</strong></span> 
     </span>
    </p>
   </div>
   <div class='ocr_carea' id='block_1_48' title="bbox 309 4724 1898 4798">
    <p class='ocr_par' dir='ltr' id='par_1_48' title="bbox 309 4724 1898 4798">
     <span class='ocr_line' id='line_1_48' title="bbox 309 4724 1898 4798; baseline 0.004 -21"><span class='ocrx_word' id='word_1_393' title='bbox 309 4737 434 4777; x_wconf 91' lang='lat' dir='ltr'><strong>cum</strong></span> <span class='ocrx_word' id='word_1_394' title='bbox 465 4739 570 4777; x_wconf 88' lang='lat' dir='ltr'><strong>non</strong></span> <span class='ocrx_word' id='word_1_395' title='bbox 592 4724 867 4793; x_wconf 86' lang='lat' dir='ltr'><strong>adjuvarct</strong></span> <span class='ocrx_word' id='word_1_396' title='bbox 891 4727 1241 4796; x_wconf 82' lang='lat' dir='ltr'><strong>gradientem,</strong></span> <span class='ocrx_word' id='word_1_397' title='bbox 1260 4728 1398 4796; x_wconf 90' lang='lat' dir='ltr'><strong>quod</strong></span> <span class='ocrx_word' id='word_1_398' title='bbox 1425 4728 1542 4798; x_wconf 88' lang='lat' dir='ltr'><strong>ejus</strong></span> <span class='ocrx_word' id='word_1_399' title='bbox 1567 4729 1665 4782; x_wconf 69' lang='lat' dir='ltr'><strong>vite</strong></span> <span class='ocrx_word' id='word_1_400' title='bbox 1694 4738 1819 4783; x_wconf 92' lang='lat' dir='ltr'><strong>sunt</strong></span> <span class='ocrx_word' id='word_1_401' title='bbox 1847 4729 1898 4784; x_wconf 91' lang='lat' dir='ltr'><strong>in</strong></span> 
     </span>
    </p>
   </div>
   <div class='ocr_carea' id='block_1_49' title="bbox 308 4815 1903 4884">
    <p class='ocr_par' dir='ltr' id='par_1_49' title="bbox 308 4815 1903 4884">
     <span class='ocr_line' id='line_1_49' title="bbox 308 4815 1903 4884; baseline 0.006 -16"><span class='ocrx_word' id='word_1_402' title='bbox 308 4825 601 4884; x_wconf 74' lang='lat' dir='ltr'><strong>couSpectu</strong></span> <span class='ocrx_word' id='word_1_403' title='bbox 631 4815 745 4882; x_wconf 90' lang='lat' dir='ltr'><strong>Dei,</strong></span> <span class='ocrx_word' id='word_1_404' title='bbox 771 4832 874 4871; x_wconf 90' lang='lat' dir='ltr'><strong>non</strong></span> <span class='ocrx_word' id='word_1_405' title='bbox 895 4817 1095 4872; x_wconf 90' lang='lat' dir='ltr'><strong>diceret</strong></span> <span class='ocrx_word' id='word_1_406' title='bbox 1115 4817 1233 4872; x_wconf 88' lang='lat' dir='ltr'><strong>ideo</strong></span> <span class='ocrx_word' id='word_1_407' title='bbox 1258 4833 1316 4873; x_wconf 87' lang='lat' dir='ltr'><strong>se</strong></span> <span class='ocrx_word' id='word_1_408' title='bbox 1335 4819 1632 4875; x_wconf 84' lang='lat' dir='ltr'><strong>custodisse</strong></span> <span class='ocrx_word' id='word_1_409' title='bbox 1655 4821 1903 4877; x_wconf 83' lang='lat' dir='ltr'><strong>mandata</strong></span> 
     </span>
    </p>
   </div>
   <div class='ocr_carea' id='block_1_50' title="bbox 310 4908 1903 4980">
    <p class='ocr_par' dir='ltr' id='par_1_50' title="bbox 310 4908 1903 4980">
     <span class='ocr_line' id='line_1_50' title="bbox 310 4908 1903 4980; baseline 0.003 -20"><span class='ocrx_word' id='word_1_410' title='bbox 310 4913 372 4960; x_wconf 88' lang='lat' dir='ltr'><strong>et</strong></span> <span class='ocrx_word' id='word_1_411' title='bbox 401 4908 701 4962; x_wconf 86' lang='lat' dir='ltr'><strong>testimonia</strong></span> <span class='ocrx_word' id='word_1_412' title='bbox 731 4908 846 4978; x_wconf 83' lang='lat' dir='ltr'><strong>ejus</strong></span> <span class='ocrx_word' id='word_1_413' title='bbox 865 4951 878 4975; x_wconf 92' lang='lat'><strong>,</strong></span> <span class='ocrx_word' id='word_1_414' title='bbox 907 4911 1032 4980; x_wconf 88' lang='lat' dir='ltr'><strong>quia</strong></span> <span class='ocrx_word' id='word_1_415' title='bbox 1057 4925 1245 4964; x_wconf 88' lang='lat' dir='ltr'><strong>omnes</strong></span> <span class='ocrx_word' id='word_1_416' title='bbox 1271 4912 1368 4965; x_wconf 67' lang='lat' dir='ltr'><strong>vite</strong></span> <span class='ocrx_word' id='word_1_417' title='bbox 1394 4925 1506 4965; x_wconf 66' lang='lat' dir='ltr'><strong>sua:</strong></span> <span class='ocrx_word' id='word_1_418' title='bbox 1533 4920 1657 4965; x_wconf 87' lang='lat' dir='ltr'><strong>sunt</strong></span> <span class='ocrx_word' id='word_1_419' title='bbox 1688 4912 1742 4966; x_wconf 89' lang='lat' dir='ltr'><strong>in</strong></span> <span class='ocrx_word' id='word_1_420' title='bbox 1769 4927 1903 4966; x_wconf 80' lang='lat' dir='ltr'><strong>cou-</strong></span> 
     </span>
    </p>
   </div>
   <div class='ocr_carea' id='block_1_51' title="bbox 311 4998 1902 5066">
    <p class='ocr_par' dir='ltr' id='par_1_51' title="bbox 311 4998 1902 5066">
     <span class='ocr_line' id='line_1_51' title="bbox 311 4998 1902 5066; baseline 0.003 -14"><span class='ocrx_word' id='word_1_421' title='bbox 311 5008 500 5066; x_wconf 76' lang='lat' dir='ltr'><strong>spcctu</strong></span> <span class='ocrx_word' id='word_1_422' title='bbox 524 4998 757 5053; x_wconf 83' lang='lat' dir='ltr'><strong>Domini.</strong></span> <span class='ocrx_word' id='word_1_423' title='bbox 786 5000 942 5055; x_wconf 80' lang='lat' dir='ltr'><strong>Novit</strong></span> <span class='ocrx_word' id='word_1_424' title='bbox 967 5002 1109 5055; x_wconf 81' lang='lat' dir='ltr'><strong>enim</strong></span> <span class='ocrx_word' id='word_1_425' title='bbox 1138 5002 1322 5056; x_wconf 86' lang='lat' dir='ltr'><strong>audire</strong></span> <span class='ocrx_word' id='word_1_426' title='bbox 1341 5041 1356 5065; x_wconf 85' lang='lat'><strong>,</strong></span> <span class='ocrx_word' id='word_1_427' title='bbox 1388 5001 1585 5057; x_wconf 78' lang='lat' dir='ltr'><strong>Seruite</strong></span> <span class='ocrx_word' id='word_1_428' title='bbox 1609 5001 1828 5056; x_wconf 83' lang='lat' dir='ltr'><strong>Domino</strong></span> <span class='ocrx_word' id='word_1_429' title='bbox 1850 5003 1902 5057; x_wconf 87' lang='lat' dir='ltr'><strong>in</strong></span> 
     </span>
    </p>
   </div>
   <div class='ocr_carea' id='block_1_52' title="bbox 313 5089 1904 5165">
    <p class='ocr_par' dir='ltr' id='par_1_52' title="bbox 313 5089 1904 5165">
     <span class='ocr_line' id='line_1_52' title="bbox 313 5089 1904 5165; baseline 0.004 -23"><span class='ocrx_word' id='word_1_430' title='bbox 313 5089 515 5154; x_wconf 81' lang='lat' dir='ltr'><strong>timore,</strong></span> <span class='ocrx_word' id='word_1_431' title='bbox 548 5101 592 5145; x_wconf 89' lang='lat' dir='ltr'><strong>et</strong></span> <span class='ocrx_word' id='word_1_432' title='bbox 618 5093 867 5145; x_wconf 73' lang='lat' dir='ltr'><strong>exsultate</strong></span> <span class='ocrx_word' id='word_1_433' title='bbox 888 5095 934 5146; x_wconf 88' lang='lat' dir='ltr'><strong>ei</strong></span> <span class='ocrx_word' id='word_1_434' title='bbox 947 5111 1064 5147; x_wconf 85' lang='lat' dir='ltr'><strong>cum</strong></span> <span class='ocrx_word' id='word_1_435' title='bbox 1088 5103 1300 5149; x_wconf 78' lang='lat' dir='ltr'><strong>tremore</strong></span> <span class='ocrx_word' id='word_1_436' title='bbox 1326 5111 1345 5148; x_wconf 89' lang='lat'><strong><em>:</em></strong></span> <span class='ocrx_word' id='word_1_437' title='bbox 1367 5095 1729 5165; x_wconf 76' lang='lat' dir='ltr'><strong>appro/tendite</strong></span> <span class='ocrx_word' id='word_1_438' title='bbox 1751 5097 1904 5150; x_wconf 83' lang='lat' dir='ltr'><strong>disci-</strong></span> 
     </span>
    </p>
   </div>
   <div class='ocr_carea' id='block_1_53' title="bbox 312 5181 1904 5256">
    <p class='ocr_par' dir='ltr' id='par_1_53' title="bbox 312 5181 1904 5256">
     <span class='ocr_line' id='line_1_53' title="bbox 312 5181 1904 5256; baseline 0.004 -24"><span class='ocrx_word' id='word_1_439' title='bbox 312 5181 510 5250; x_wconf 78' lang='lat' dir='ltr'><strong>plinam</strong></span> <span class='ocrx_word' id='word_1_440' title='bbox 529 5223 542 5244; x_wconf 82' lang='lat'><strong>,</strong></span> <span class='ocrx_word' id='word_1_441' title='bbox 568 5183 832 5253; x_wconf 79' lang='lat' dir='ltr'><strong>nequando</strong></span> <span class='ocrx_word' id='word_1_442' title='bbox 853 5185 1100 5238; x_wconf 75' lang='lat' dir='ltr'><strong>irascatur</strong></span> <span class='ocrx_word' id='word_1_443' title='bbox 1120 5184 1382 5250; x_wconf 76' lang='lat' dir='ltr'><strong>Dominus,</strong></span> <span class='ocrx_word' id='word_1_444' title='bbox 1416 5196 1463 5240; x_wconf 89' lang='lat' dir='ltr'><strong>et</strong></span> <span class='ocrx_word' id='word_1_445' title='bbox 1489 5188 1705 5256; x_wconf 75' lang='lat' dir='ltr'><strong>pereatis</strong></span> <span class='ocrx_word' id='word_1_446' title='bbox 1733 5187 1797 5240; x_wconf 85' lang='lat' dir='ltr'><strong>de</strong></span> <span class='ocrx_word' id='word_1_447' title='bbox 1825 5188 1904 5240; x_wconf 83' lang='lat' dir='ltr'><strong>via</strong></span> 
     </span>
    </p>
   </div>
   <div class='ocr_carea' id='block_1_54' title="bbox 312 5265 1900 5348">
    <p class='ocr_par' dir='ltr' id='par_1_54' title="bbox 312 5265 1900 5348">
     <span class='ocr_line' id='line_1_54' title="bbox 312 5265 1900 5348; baseline 0.007 -26"><span class='ocrx_word' id='word_1_448' title='bbox 312 5275 452 5342; x_wconf 75' lang='lat' dir='ltr'><strong>iusta</strong></span> <span class='ocrx_word' id='word_1_449' title='bbox 471 5275 640 5344; x_wconf 84' lang='lat' dir='ltr'><strong>(Psal.</strong></span> <span class='ocrx_word' id='word_1_450' title='bbox 670 5291 726 5340; x_wconf 85' lang='grc' dir='ltr'>ιι,</span> <span class='ocrx_word' id='word_1_451' title='bbox 755 5277 868 5330; x_wconf 83' lang='lat' dir='ltr'><strong>Hel</strong></span> <span class='ocrx_word' id='word_1_452' title='bbox 885 5277 970 5346; x_wconf 74' lang='grc'><strong>12)</strong></span> <span class='ocrx_word' id='word_1_453' title='bbox 995 5295 1008 5331; x_wconf 86' lang='lat'><strong>:</strong></span> <span class='ocrx_word' id='word_1_454' title='bbox 1038 5278 1158 5348; x_wconf 86' lang='lat' dir='ltr'><strong>quia</strong></span> <span class='ocrx_word' id='word_1_455' title='bbox 1183 5265 1282 5332; x_wconf 82' lang='lat' dir='ltr'><strong>nisi</strong></span> <span class='ocrx_word' id='word_1_456' title='bbox 1306 5279 1356 5333; x_wconf 92' lang='lat' dir='ltr'><strong>in</strong></span> <span class='ocrx_word' id='word_1_457' title='bbox 1381 5291 1670 5348; x_wconf 86' lang='lat' dir='ltr'><strong>conspectu</strong></span> <span class='ocrx_word' id='word_1_458' title='bbox 1694 5279 1900 5334; x_wconf 85' lang='lat' dir='ltr'><strong>Domini</strong></span> 
     </span>
    </p>
   </div>
   <div class='ocr_carea' id='block_1_55' title="bbox 313 5365 1905 5434">
    <p class='ocr_par' dir='ltr' id='par_1_55' title="bbox 313 5365 1905 5434">
     <span class='ocr_line' id='line_1_55' title="bbox 313 5365 1905 5434; baseline 0.006 -19"><span class='ocrx_word' id='word_1_459' title='bbox 313 5375 477 5426; x_wconf 75' lang='lat' dir='ltr'><strong>esset.</strong></span> <span class='ocrx_word' id='word_1_460' title='bbox 509 5367 588 5418; x_wconf 88' lang='lat' dir='ltr'><strong>via</strong></span> <span class='ocrx_word' id='word_1_461' title='bbox 614 5365 754 5434; x_wconf 91' lang='lat' dir='ltr'><strong>justa</strong></span> <span class='ocrx_word' id='word_1_462' title='bbox 786 5383 892 5422; x_wconf 86' lang='lat' dir='ltr'><strong>nou</strong></span> <span class='ocrx_word' id='word_1_463' title='bbox 918 5378 1084 5424; x_wconf 80' lang='lat' dir='ltr'><strong>esset.</strong></span> <span class='ocrx_word' id='word_1_464' title='bbox 1113 5369 1243 5423; x_wconf 82' lang='lat' dir='ltr'><strong>Nam</strong></span> <span class='ocrx_word' id='word_1_465' title='bbox 1274 5369 1415 5426; x_wconf 85' lang='lat' dir='ltr'><strong>hunc</strong></span> <span class='ocrx_word' id='word_1_466' title='bbox 1442 5371 1685 5426; x_wconf 89' lang='lat' dir='ltr'><strong>timorem</strong></span> <span class='ocrx_word' id='word_1_467' title='bbox 1712 5378 1770 5425; x_wconf 90' lang='lat' dir='ltr'><strong>et</strong></span> <span class='ocrx_word' id='word_1_468' title='bbox 1800 5381 1905 5425; x_wconf 89' lang='lat' dir='ltr'><strong>trc-</strong></span> 
     </span>
    </p>
   </div>
   <div class='ocr_carea' id='block_1_56' title="bbox 312 5459 1906 5532">
    <p class='ocr_par' dir='ltr' id='par_1_56' title="bbox 312 5459 1906 5532">
     <span class='ocr_line' id='line_1_56' title="bbox 312 5459 1906 5532; baseline 0.005 -24"><span class='ocrx_word' id='word_1_469' title='bbox 312 5470 519 5510; x_wconf 86' lang='lat' dir='ltr'><strong>morem</strong></span> <span class='ocrx_word' id='word_1_470' title='bbox 568 5459 836 5526; x_wconf 85' lang='lat' dir='ltr'><strong>apostolus</strong></span> <span class='ocrx_word' id='word_1_471' title='bbox 878 5460 1034 5523; x_wconf 85' lang='lat' dir='ltr'><strong>etiam</strong></span> <span class='ocrx_word' id='word_1_472' title='bbox 1084 5460 1275 5515; x_wconf 82' lang='lat' dir='ltr'><strong>Paulus</strong></span> <span class='ocrx_word' id='word_1_473' title='bbox 1322 5462 1544 5532; x_wconf 79' lang='lat' dir='ltr'><strong>imponit</strong></span> <span class='ocrx_word' id='word_1_474' title='bbox 1582 5462 1660 5516; x_wconf 89' lang='lat' dir='ltr'><strong>eis</strong></span> <span class='ocrx_word' id='word_1_475' title='bbox 1714 5462 1906 5532; x_wconf 83' lang='lat' dir='ltr'><strong>quibus</strong></span> 
     </span>
    </p>
   </div>
   <div class='ocr_carea' id='block_1_57' title="bbox 312 5547 1904 5623">
    <p class='ocr_par' dir='ltr' id='par_1_57' title="bbox 312 5547 1904 5623">
     <span class='ocr_line' id='line_1_57' title="bbox 312 5547 1904 5623; baseline 0.004 -23"><span class='ocrx_word' id='word_1_476' title='bbox 312 5548 442 5601; x_wconf 82' lang='lat' dir='ltr'><strong>dicit</strong></span> <span class='ocrx_word' id='word_1_477' title='bbox 467 5590 484 5615; x_wconf 93' lang='lat'><strong>,</strong></span> <span class='ocrx_word' id='word_1_478' title='bbox 515 5547 642 5602; x_wconf 85' lang='lat' dir='ltr'><strong>Cum</strong></span> <span class='ocrx_word' id='word_1_479' title='bbox 673 5550 849 5604; x_wconf 88' lang='lat' dir='ltr'><strong>timore</strong></span> <span class='ocrx_word' id='word_1_480' title='bbox 877 5561 924 5604; x_wconf 90' lang='lat' dir='ltr'><strong>et</strong></span> <span class='ocrx_word' id='word_1_481' title='bbox 961 5561 1172 5606; x_wconf 82' lang='lat' dir='ltr'><strong>tremore</strong></span> <span class='ocrx_word' id='word_1_482' title='bbox 1195 5565 1407 5608; x_wconf 79' lang='lat' dir='ltr'><strong>vestram</strong></span> <span class='ocrx_word' id='word_1_483' title='bbox 1445 5555 1666 5623; x_wconf 87' lang='lat' dir='ltr'><strong>ipsorum</strong></span> <span class='ocrx_word' id='word_1_484' title='bbox 1692 5554 1904 5608; x_wconf 84' lang='lat' dir='ltr'><strong>salutent</strong></span> 
     </span>
    </p>
   </div>
   <div class='ocr_carea' id='block_1_58' title="bbox 313 5633 1902 5715">
    <p class='ocr_par' dir='ltr' id='par_1_58' title="bbox 313 5633 1902 5715">
     <span class='ocr_line' id='line_1_58' title="bbox 313 5633 1902 5715; baseline 0.006 -24"><span class='ocrx_word' id='word_1_485' title='bbox 313 5642 598 5706; x_wconf 85' lang='lat' dir='ltr'><strong>aperamini</strong></span> <span class='ocrx_word' id='word_1_486' title='bbox 625 5657 645 5695; x_wconf 87' lang='lat'><strong><em>:</em></strong></span> <span class='ocrx_word' id='word_1_487' title='bbox 663 5651 715 5697; x_wconf 91' lang='lat' dir='ltr'><strong>ct</strong></span> <span class='ocrx_word' id='word_1_488' title='bbox 739 5659 836 5698; x_wconf 91' lang='lat' dir='ltr'><strong>cur</strong></span> <span class='ocrx_word' id='word_1_489' title='bbox 862 5644 964 5700; x_wconf 88' lang='lat' dir='ltr'><strong>hoc</strong></span> <span class='ocrx_word' id='word_1_490' title='bbox 985 5645 1178 5700; x_wconf 78' lang='lat' dir='ltr'><strong>dixerit</strong></span> <span class='ocrx_word' id='word_1_491' title='bbox 1207 5648 1470 5715; x_wconf 83' lang='lat' dir='ltr'><strong>aperiens,</strong></span> <span class='ocrx_word' id='word_1_492' title='bbox 1497 5633 1633 5702; x_wconf 86' lang='lat' dir='ltr'><strong>Deus</strong></span> <span class='ocrx_word' id='word_1_493' title='bbox 1654 5655 1726 5702; x_wconf 87' lang='lat' dir='ltr'><strong>est</strong></span> <span class='ocrx_word' id='word_1_494' title='bbox 1749 5647 1902 5713; x_wconf 88' lang='lat' dir='ltr'><strong>enim,</strong></span> 
     </span>
    </p>
   </div>
   <div class='ocr_carea' id='block_1_59' title="bbox 316 5733 1905 5811">
    <p class='ocr_par' dir='ltr' id='par_1_59' title="bbox 316 5733 1905 5811">
     <span class='ocr_line' id='line_1_59' title="bbox 316 5733 1905 5811; baseline 0.006 -26"><span class='ocrx_word' id='word_1_495' title='bbox 316 5733 509 5802; x_wconf 85' lang='lat' dir='ltr'><strong>quuit,</strong></span> <span class='ocrx_word' id='word_1_496' title='bbox 532 5734 620 5803; x_wconf 88' lang='lat' dir='ltr'><strong>qui</strong></span> <span class='ocrx_word' id='word_1_497' title='bbox 647 5745 881 5803; x_wconf 80' lang='lat' dir='ltr'><strong>operatur</strong></span> <span class='ocrx_word' id='word_1_498' title='bbox 904 5738 956 5791; x_wconf 87' lang='lat' dir='ltr'><strong>in</strong></span> <span class='ocrx_word' id='word_1_499' title='bbox 977 5755 1003 5791; x_wconf 85' lang='grc' dir='ltr'><strong><em>υ</em></strong></span> <span class='ocrx_word' id='word_1_500' title='bbox 1040 5739 1112 5791; x_wconf 79' lang='lat' dir='ltr'><strong>bis</strong></span> <span class='ocrx_word' id='word_1_501' title='bbox 1127 5739 1311 5793; x_wconf 79' lang='lat' dir='ltr'><strong>etrel‘le</strong></span> <span class='ocrx_word' id='word_1_502' title='bbox 1338 5749 1383 5794; x_wconf 88' lang='lat' dir='ltr'><strong>et</strong></span> <span class='ocrx_word' id='word_1_503' title='bbox 1411 5743 1628 5809; x_wconf 84' lang='lat' dir='ltr'><strong>operari,</strong></span> <span class='ocrx_word' id='word_1_504' title='bbox 1659 5756 1747 5811; x_wconf 87' lang='lat' dir='ltr'><strong>pro</strong></span> <span class='ocrx_word' id='word_1_505' title='bbox 1775 5739 1905 5794; x_wconf 85' lang='lat' dir='ltr'><strong>bona</strong></span> 
     </span>
    </p>
   </div>
   <div class='ocr_carea' id='block_1_60' title="bbox 381 5845 1117 5914">
    <p class='ocr_par' dir='ltr' id='par_1_60' title="bbox 381 5845 1117 5914">
     <span class='ocr_line' id='line_1_60' title="bbox 381 5845 1117 5914; baseline 0.004 -20"><span class='ocrx_word' id='word_1_506' title='bbox 381 5845 399 5878; x_wconf 86' lang='grc'>¹</span> <span class='ocrx_word' id='word_1_507' title='bbox 429 5854 528 5896; x_wconf 70' lang='lat' dir='ltr'><strong>am.</strong></span> <span class='ocrx_word' id='word_1_508' title='bbox 551 5856 604 5900; x_wconf 82' lang='lat' dir='ltr'><strong>et</strong></span> <span class='ocrx_word' id='word_1_509' title='bbox 625 5848 805 5914; x_wconf 84' lang='lat' dir='ltr'><strong>aliquot</strong></span> <span class='ocrx_word' id='word_1_510' title='bbox 832 5849 963 5908; x_wconf 82' lang='lat' dir='ltr'><strong>.\lss.,</strong></span> <span class='ocrx_word' id='word_1_511' title='bbox 995 5845 1117 5909; x_wconf 73' lang='lat' dir='ltr'><strong>ipse.</strong></span> 
     </span>
    </p>
   </div>
   <div class='ocr_carea' id='block_1_61' title="bbox 1358 373 2469 440">
    <p class='ocr_par' dir='ltr' id='par_1_61' title="bbox 1358 373 2469 440">
     <span class='ocr_line' id='line_1_61' title="bbox 1358 373 2469 440; baseline 0.002 -2"><span class='ocrx_word' id='word_1_512' title='bbox 1358 376 1750 438; x_wconf 71' lang='lat' dir='ltr'><strong>ENARRATlO</strong></span> <span class='ocrx_word' id='word_1_513' title='bbox 1789 377 1852 435; x_wconf 77' lang='lat' dir='ltr'><strong>IN</strong></span> <span class='ocrx_word' id='word_1_514' title='bbox 1891 373 2217 438; x_wconf 66' lang='lat' dir='ltr'><strong>PSALMUM</strong></span> <span class='ocrx_word' id='word_1_515' title='bbox 2245 378 2469 440; x_wconf 81' lang='lat' dir='ltr'><strong>CXVII].</strong></span> 
     </span>
    </p>
   </div>
   <div class='ocr_carea' id='block_1_62' title="bbox 3429 396 3564 454">
    <p class='ocr_par' dir='ltr' id='par_1_62' title="bbox 3429 396 3564 454">
     <span class='ocr_line' id='line_1_62' title="bbox 3429 396 3564 454; baseline 0 0"><span class='ocrx_word' id='word_1_516' title='bbox 3429 396 3564 454; x_wconf 65' lang='grc'><strong>1594</strong></span> 
     </span>
    </p>
   </div>
   <div class='ocr_carea' id='block_1_63' title="bbox 1991 501 3564 584">
    <p class='ocr_par' dir='ltr' id='par_1_63' title="bbox 1991 501 3564 584">
     <span class='ocr_line' id='line_1_63' title="bbox 1991 501 3564 584; baseline 0.011 -32"><span class='ocrx_word' id='word_1_517' title='bbox 1991 501 2243 554; x_wconf 81' lang='lat' dir='ltr'><strong>voluntate</strong></span> <span class='ocrx_word' id='word_1_518' title='bbox 2273 503 2290 572; x_wconf 94' lang='lat'><strong>(</strong></span> <span class='ocrx_word' id='word_1_519' title='bbox 2317 502 2545 573; x_wconf 81' lang='lat' dir='ltr'><strong>Philipp.</strong></span> <span class='ocrx_word' id='word_1_520' title='bbox 2577 520 2610 558; x_wconf 90' lang='grc' dir='ltr'><strong>ιι</strong></span> <span class='ocrx_word' id='word_1_521' title='bbox 2635 547 2650 570; x_wconf 88' lang='grc'>,</span> <span class='ocrx_word' id='word_1_522' title='bbox 2686 506 2750 560; x_wconf 73' lang='grc'><strong>12</strong></span> <span class='ocrx_word' id='word_1_523' title='bbox 2775 547 2790 572; x_wconf 93' lang='grc'><strong><em>,</em></strong></span> <span class='ocrx_word' id='word_1_524' title='bbox 2826 507 2944 575; x_wconf 84' lang='grc'><strong>15).</strong></span> <span class='ocrx_word' id='word_1_525' title='bbox 2976 509 3054 564; x_wconf 82' lang='lat' dir='ltr'><strong>Ad</strong></span> <span class='ocrx_word' id='word_1_526' title='bbox 3084 511 3185 566; x_wconf 90' lang='lat' dir='ltr'><strong>hoc</strong></span> <span class='ocrx_word' id='word_1_527' title='bbox 3213 520 3333 566; x_wconf 89' lang='lat' dir='ltr'><strong>sunt</strong></span> <span class='ocrx_word' id='word_1_528' title='bbox 3357 517 3564 584; x_wconf 66' lang='lat' dir='ltr'><strong>crgaiu</strong></span> 
     </span>
    </p>
   </div>
   <div class='ocr_carea' id='block_1_64' title="bbox 1986 595 3567 675">
    <p class='ocr_par' dir='ltr' id='par_1_64' title="bbox 1986 595 3567 675">
     <span class='ocr_line' id='line_1_64' title="bbox 1986 595 3567 675; baseline 0.01 -29"><span class='ocrx_word' id='word_1_529' title='bbox 1986 602 2272 662; x_wconf 89' lang='lat' dir='ltr'><strong>conspectu</strong></span> <span class='ocrx_word' id='word_1_530' title='bbox 2314 595 2522 648; x_wconf 86' lang='lat' dir='ltr'><strong>Domini</strong></span> <span class='ocrx_word' id='word_1_531' title='bbox 2551 597 2649 650; x_wconf 69' lang='lat' dir='ltr'><strong>via:</strong></span> <span class='ocrx_word' id='word_1_532' title='bbox 2688 598 2986 666; x_wconf 86' lang='lat' dir='ltr'><strong>justorum,</strong></span> <span class='ocrx_word' id='word_1_533' title='bbox 3019 610 3074 655; x_wconf 90' lang='lat' dir='ltr'><strong>ut</strong></span> <span class='ocrx_word' id='word_1_534' title='bbox 3119 602 3313 672; x_wconf 76' lang='lat' dir='ltr'><strong>dirigat</strong></span> <span class='ocrx_word' id='word_1_535' title='bbox 3346 620 3567 675; x_wconf 82' lang='lat' dir='ltr'><strong>gressus</strong></span> 
     </span>
    </p>
   </div>
   <div class='ocr_carea' id='block_1_65' title="bbox 1985 685 3568 762">
    <p class='ocr_par' dir='ltr' id='par_1_65' title="bbox 1985 685 3568 762">
     <span class='ocr_line' id='line_1_65' title="bbox 1985 685 3568 762; baseline 0.008 -25"><span class='ocrx_word' id='word_1_536' title='bbox 1985 697 2190 746; x_wconf 88' lang='lat' dir='ltr'><strong>eorum,</strong></span> <span class='ocrx_word' id='word_1_537' title='bbox 2209 685 2456 753; x_wconf 90' lang='lat' dir='ltr'><strong>quoniam</strong></span> <span class='ocrx_word' id='word_1_538' title='bbox 2479 685 2607 754; x_wconf 71' lang='lat' dir='ltr'><strong>ipsa:</strong></span> <span class='ocrx_word' id='word_1_539' title='bbox 2635 699 2758 742; x_wconf 89' lang='lat' dir='ltr'><strong>sunt</strong></span> <span class='ocrx_word' id='word_1_540' title='bbox 2775 690 2871 743; x_wconf 68' lang='lat' dir='ltr'><strong>vim</strong></span> <span class='ocrx_word' id='word_1_541' title='bbox 2894 690 2960 744; x_wconf 90' lang='lat' dir='ltr'><strong>de</strong></span> <span class='ocrx_word' id='word_1_542' title='bbox 2986 693 3178 759; x_wconf 83' lang='lat' dir='ltr'><strong>quibus</strong></span> <span class='ocrx_word' id='word_1_543' title='bbox 3207 696 3458 762; x_wconf 86' lang='lat' dir='ltr'><strong>scriptum</strong></span> <span class='ocrx_word' id='word_1_544' title='bbox 3484 705 3568 750; x_wconf 88' lang='lat' dir='ltr'><strong>est</strong></span> 
     </span>
    </p>
   </div>
   <div class='ocr_carea' id='block_1_66' title="bbox 1985 772 3567 849">
    <p class='ocr_par' dir='ltr' id='par_1_66' title="bbox 1985 772 3567 849">
     <span class='ocr_line' id='line_1_66' title="bbox 1985 772 3567 849; baseline 0.008 -22"><span class='ocrx_word' id='word_1_545' title='bbox 1985 772 2037 827; x_wconf 88' lang='lat' dir='ltr'><strong>in</strong></span> <span class='ocrx_word' id='word_1_546' title='bbox 2056 773 2375 839; x_wconf 84' lang='lat' dir='ltr'><strong>Proverbiis,</strong></span> <span class='ocrx_word' id='word_1_547' title='bbox 2404 773 2524 828; x_wconf 86' lang='lat' dir='ltr'><strong>Vias</strong></span> <span class='ocrx_word' id='word_1_548' title='bbox 2545 785 2710 830; x_wconf 85' lang='lat' dir='ltr'><strong>autem</strong></span> <span class='ocrx_word' id='word_1_549' title='bbox 2732 794 2894 846; x_wconf 73' lang='lat' dir='ltr'><strong>quam</strong></span> <span class='ocrx_word' id='word_1_550' title='bbox 2924 780 3110 835; x_wconf 73' lang='lat' dir='ltr'><strong>dextris</strong></span> <span class='ocrx_word' id='word_1_551' title='bbox 3130 793 3265 849; x_wconf 85' lang='lat' dir='ltr'><strong>sunt,</strong></span> <span class='ocrx_word' id='word_1_552' title='bbox 3295 785 3429 838; x_wconf 75' lang='lat' dir='ltr'><strong>uouit</strong></span> <span class='ocrx_word' id='word_1_553' title='bbox 3460 785 3567 839; x_wconf 79' lang='grc' dir='ltr'><strong>Ι)οο</strong></span> 
     </span>
    </p>
   </div>
   <div class='ocr_carea' id='block_1_67' title="bbox 1986 867 3566 942">
    <p class='ocr_par' dir='ltr' id='par_1_67' title="bbox 1986 867 3566 942">
     <span class='ocr_line' id='line_1_67' title="bbox 1986 867 3566 942; baseline 0.009 -24"><span class='ocrx_word' id='word_1_554' title='bbox 1986 867 2151 920; x_wconf 84' lang='lat' dir='ltr'><strong>minus</strong></span> <span class='ocrx_word' id='word_1_555' title='bbox 2181 883 2200 920; x_wconf 90' lang='lat'><strong><em>:</em></strong></span> <span class='ocrx_word' id='word_1_556' title='bbox 2229 883 2473 935; x_wconf 76' lang='lat' dir='ltr'><strong>perversw</strong></span> <span class='ocrx_word' id='word_1_557' title='bbox 2497 877 2666 922; x_wconf 80' lang='lat' dir='ltr'><strong>autem</strong></span> <span class='ocrx_word' id='word_1_558' title='bbox 2694 880 2808 923; x_wconf 82' lang='lat' dir='ltr'><strong>sunt</strong></span> <span class='ocrx_word' id='word_1_559' title='bbox 2832 912 2848 937; x_wconf 92' lang='lat'><strong>,</strong></span> <span class='ocrx_word' id='word_1_560' title='bbox 2872 871 3039 941; x_wconf 89' lang='lat' dir='ltr'><strong>inquit</strong></span> <span class='ocrx_word' id='word_1_561' title='bbox 3062 915 3077 939; x_wconf 92' lang='lat'><strong>,</strong></span> <span class='ocrx_word' id='word_1_562' title='bbox 3109 891 3220 942; x_wconf 63' lang='lat' dir='ltr'><strong>quia</strong></span> <span class='ocrx_word' id='word_1_563' title='bbox 3249 892 3279 927; x_wconf 89' lang='lat' dir='ltr'><strong>a</strong></span> <span class='ocrx_word' id='word_1_564' title='bbox 3303 877 3517 932; x_wconf 78' lang='lat' dir='ltr'><strong>sinistris</strong></span> <span class='ocrx_word' id='word_1_565' title='bbox 3547 894 3566 931; x_wconf 91' lang='lat'><strong><em>:</em></strong></span> 
     </span>
    </p>
   </div>
   <div class='ocr_carea' id='block_1_68' title="bbox 1987 959 3563 1031">
    <p class='ocr_par' dir='ltr' id='par_1_68' title="bbox 1987 959 3563 1031">
     <span class='ocr_line' id='line_1_68' title="bbox 1987 959 3563 1031; baseline 0.006 -17"><span class='ocrx_word' id='word_1_566' title='bbox 1987 967 2046 1014; x_wconf 88' lang='lat' dir='ltr'><strong>ut</strong></span> <span class='ocrx_word' id='word_1_567' title='bbox 2087 959 2500 1029; x_wconf 81' lang='lat' dir='ltr'><strong>intelligeremus</strong></span> <span class='ocrx_word' id='word_1_568' title='bbox 2543 961 2684 1031; x_wconf 88' lang='lat' dir='ltr'><strong>quod</strong></span> <span class='ocrx_word' id='word_1_569' title='bbox 2738 977 2830 1017; x_wconf 88' lang='lat' dir='ltr'><strong>cas</strong></span> <span class='ocrx_word' id='word_1_570' title='bbox 2880 978 2982 1017; x_wconf 90' lang='lat' dir='ltr'><strong>non</strong></span> <span class='ocrx_word' id='word_1_571' title='bbox 3026 967 3232 1020; x_wconf 84' lang='lat' dir='ltr'><strong>noverit</strong></span> <span class='ocrx_word' id='word_1_572' title='bbox 3275 968 3563 1031; x_wconf 85' lang='lat' dir='ltr'><strong>Dominus,</strong></span> 
     </span>
    </p>
   </div>
   <div class='ocr_carea' id='block_1_69' title="bbox 1987 1049 3566 1121">
    <p class='ocr_par' dir='ltr' id='par_1_69' title="bbox 1987 1049 3566 1121">
     <span class='ocr_line' id='line_1_69' title="bbox 1987 1049 3566 1121; baseline 0.007 -19"><span class='ocrx_word' id='word_1_573' title='bbox 1987 1059 2203 1120; x_wconf 89' lang='lat' dir='ltr'><strong>propter</strong></span> <span class='ocrx_word' id='word_1_574' title='bbox 2244 1049 2383 1118; x_wconf 89' lang='lat' dir='ltr'><strong>quod</strong></span> <span class='ocrx_word' id='word_1_575' title='bbox 2427 1052 2696 1119; x_wconf 87' lang='lat' dir='ltr'><strong>perversis</strong></span> <span class='ocrx_word' id='word_1_576' title='bbox 2730 1053 2970 1108; x_wconf 84' lang='lat' dir='ltr'><strong>dicturus</strong></span> <span class='ocrx_word' id='word_1_577' title='bbox 3016 1064 3136 1121; x_wconf 79' lang='lat' dir='ltr'><strong>est,</strong></span> <span class='ocrx_word' id='word_1_578' title='bbox 3165 1055 3284 1110; x_wconf 84' lang='lat' dir='ltr'><strong>Non</strong></span> <span class='ocrx_word' id='word_1_579' title='bbox 3327 1059 3442 1112; x_wconf 79' lang='lat' dir='ltr'><strong>uari</strong></span> <span class='ocrx_word' id='word_1_580' title='bbox 3483 1074 3566 1113; x_wconf 86' lang='lat' dir='ltr'><strong>vos</strong></span> 
     </span>
    </p>
   </div>
   <div class='ocr_carea' id='block_1_70' title="bbox 1991 1141 3568 1218">
    <p class='ocr_par' dir='ltr' id='par_1_70' title="bbox 1991 1141 3568 1218">
     <span class='ocr_line' id='line_1_70' title="bbox 1991 1141 3568 1218; baseline 0.008 -24"><span class='ocrx_word' id='word_1_581' title='bbox 1991 1141 2198 1212; x_wconf 77' lang='lat' dir='ltr'><strong>(Matth.</strong></span> <span class='ocrx_word' id='word_1_582' title='bbox 2232 1159 2298 1196; x_wconf 86' lang='lat' dir='ltr'><strong>vn</strong></span> <span class='ocrx_word' id='word_1_583' title='bbox 2319 1185 2335 1210; x_wconf 97' lang='lat'><strong>,</strong></span> <span class='ocrx_word' id='word_1_584' title='bbox 2366 1143 2480 1211; x_wconf 77' lang='lat'><strong>9.5).</strong></span> <span class='ocrx_word' id='word_1_585' title='bbox 2514 1145 2679 1200; x_wconf 87' lang='lat' dir='ltr'><strong>Porro</strong></span> <span class='ocrx_word' id='word_1_586' title='bbox 2710 1153 2766 1199; x_wconf 89' lang='lat' dir='ltr'><strong>ut</strong></span> <span class='ocrx_word' id='word_1_587' title='bbox 2791 1147 3096 1202; x_wconf 87' lang='lat' dir='ltr'><strong>ostenderet</strong></span> <span class='ocrx_word' id='word_1_588' title='bbox 3121 1164 3225 1218; x_wconf 91' lang='lat' dir='ltr'><strong>quo</strong></span> <span class='ocrx_word' id='word_1_589' title='bbox 3254 1150 3425 1206; x_wconf 81' lang='lat' dir='ltr'><strong>fructu</strong></span> <span class='ocrx_word' id='word_1_590' title='bbox 3459 1154 3568 1207; x_wconf 68' lang='lat' dir='ltr'><strong>tias</strong></span> 
     </span>
    </p>
   </div>
   <div class='ocr_carea' id='block_1_71' title="bbox 1987 1235 3565 1308">
    <p class='ocr_par' dir='ltr' id='par_1_71' title="bbox 1987 1235 3565 1308">
     <span class='ocr_line' id='line_1_71' title="bbox 1987 1235 3565 1308; baseline 0.005 -21"><span class='ocrx_word' id='word_1_591' title='bbox 1987 1250 2104 1305; x_wconf 71' lang='lat' dir='ltr'><strong>qua:</strong></span> <span class='ocrx_word' id='word_1_592' title='bbox 2130 1251 2158 1288; x_wconf 90' lang='lat' dir='ltr'><strong>a</strong></span> <span class='ocrx_word' id='word_1_593' title='bbox 2179 1235 2382 1290; x_wconf 84' lang='lat' dir='ltr'><strong>dextris</strong></span> <span class='ocrx_word' id='word_1_594' title='bbox 2411 1245 2554 1302; x_wconf 85' lang='lat' dir='ltr'><strong>sunt,</strong></span> <span class='ocrx_word' id='word_1_595' title='bbox 2581 1237 2628 1291; x_wconf 92' lang='lat' dir='ltr'><strong>id</strong></span> <span class='ocrx_word' id='word_1_596' title='bbox 2651 1247 2731 1291; x_wconf 88' lang='lat' dir='ltr'><strong>est</strong></span> <span class='ocrx_word' id='word_1_597' title='bbox 2750 1240 3034 1306; x_wconf 85' lang='lat' dir='ltr'><strong>justorum,</strong></span> <span class='ocrx_word' id='word_1_598' title='bbox 3056 1241 3261 1295; x_wconf 87' lang='lat' dir='ltr'><strong>noverit</strong></span> <span class='ocrx_word' id='word_1_599' title='bbox 3286 1243 3565 1308; x_wconf 86' lang='lat' dir='ltr'><strong>Dominus,</strong></span> 
     </span>
    </p>
   </div>
   <div class='ocr_carea' id='block_1_72' title="bbox 1986 1326 3566 1402">
    <p class='ocr_par' dir='ltr' id='par_1_72' title="bbox 1986 1326 3566 1402">
     <span class='ocr_line' id='line_1_72' title="bbox 1986 1326 3566 1402; baseline 0.005 -23"><span class='ocrx_word' id='word_1_600' title='bbox 1986 1326 2238 1380; x_wconf 88' lang='lat' dir='ltr'><strong>continuo</strong></span> <span class='ocrx_word' id='word_1_601' title='bbox 2259 1326 2483 1396; x_wconf 77' lang='lat' dir='ltr'><strong>subjecit</strong></span> <span class='ocrx_word' id='word_1_602' title='bbox 2509 1346 2522 1381; x_wconf 91' lang='lat'>:</span> <span class='ocrx_word' id='word_1_603' title='bbox 2554 1327 2674 1397; x_wconf 75' lang='lat' dir='ltr'><strong>Ipse</strong></span> <span class='ocrx_word' id='word_1_604' title='bbox 2697 1330 2826 1384; x_wconf 84' lang='lat' dir='ltr'><strong>enim</strong></span> <span class='ocrx_word' id='word_1_605' title='bbox 2854 1339 3013 1384; x_wconf 88' lang='lat' dir='ltr'><strong>rectos</strong></span> <span class='ocrx_word' id='word_1_606' title='bbox 3041 1330 3192 1399; x_wconf 74' lang='lat' dir='ltr'><strong>faciet</strong></span> <span class='ocrx_word' id='word_1_607' title='bbox 3209 1349 3409 1402; x_wconf 70' lang='lat' dir='ltr'><strong>gressus</strong></span> <span class='ocrx_word' id='word_1_608' title='bbox 3437 1345 3566 1395; x_wconf 84' lang='lat' dir='ltr'><strong>tuos,</strong></span> 
     </span>
    </p>
   </div>
   <div class='ocr_carea' id='block_1_73' title="bbox 1987 1419 3571 1494">
    <p class='ocr_par' dir='ltr' id='par_1_73' title="bbox 1987 1419 3571 1494">
     <span class='ocr_line' id='line_1_73' title="bbox 1987 1419 3571 1494; baseline 0.005 -23"><span class='ocrx_word' id='word_1_609' title='bbox 1987 1428 2034 1471; x_wconf 87' lang='lat' dir='ltr'><strong>et</strong></span> <span class='ocrx_word' id='word_1_610' title='bbox 2081 1419 2263 1473; x_wconf 80' lang='lat' dir='ltr'><strong>itinera</strong></span> <span class='ocrx_word' id='word_1_611' title='bbox 2313 1430 2402 1472; x_wconf 78' lang='lat' dir='ltr'><strong>tua</strong></span> <span class='ocrx_word' id='word_1_612' title='bbox 2443 1421 2494 1474; x_wconf 90' lang='lat' dir='ltr'><strong>in</strong></span> <span class='ocrx_word' id='word_1_613' title='bbox 2534 1438 2656 1490; x_wconf 83' lang='lat' dir='ltr'><strong>pace</strong></span> <span class='ocrx_word' id='word_1_614' title='bbox 2685 1424 2925 1491; x_wconf 81' lang='lat' dir='ltr'><strong>producet</strong></span> <span class='ocrx_word' id='word_1_615' title='bbox 2957 1421 3136 1494; x_wconf 84' lang='lat' dir='ltr'><strong>(Prov.</strong></span> <span class='ocrx_word' id='word_1_616' title='bbox 3171 1437 3257 1488; x_wconf 84' lang='lat' dir='ltr'><strong>tv,</strong></span> <span class='ocrx_word' id='word_1_617' title='bbox 3284 1424 3396 1493; x_wconf 69' lang='grc'><strong>27).</strong></span> <span class='ocrx_word' id='word_1_618' title='bbox 3433 1424 3571 1479; x_wconf 80' lang='lat' dir='ltr'><strong>Ecce</strong></span> 
     </span>
    </p>
   </div>
   <div class='ocr_carea' id='block_1_74' title="bbox 1986 1509 3572 1577">
    <p class='ocr_par' dir='ltr' id='par_1_74' title="bbox 1986 1509 3572 1577">
     <span class='ocr_line' id='line_1_74' title="bbox 1986 1509 3572 1577; baseline 0.003 -15"><span class='ocrx_word' id='word_1_619' title='bbox 1986 1523 2151 1577; x_wconf 84' lang='lat' dir='ltr'><strong>quare</strong></span> <span class='ocrx_word' id='word_1_620' title='bbox 2188 1509 2262 1563; x_wconf 86' lang='lat' dir='ltr'><strong>ait</strong></span> <span class='ocrx_word' id='word_1_621' title='bbox 2301 1510 2458 1564; x_wconf 86' lang='lat' dir='ltr'><strong>etiam</strong></span> <span class='ocrx_word' id='word_1_622' title='bbox 2488 1511 2618 1575; x_wconf 85' lang='lat' dir='ltr'><strong>iste,</strong></span> <span class='ocrx_word' id='word_1_623' title='bbox 2647 1510 2905 1565; x_wconf 78' lang='lat' dir='ltr'><strong>Custodivi</strong></span> <span class='ocrx_word' id='word_1_624' title='bbox 2929 1513 3172 1566; x_wconf 84' lang='lat' dir='ltr'><strong>mandata</strong></span> <span class='ocrx_word' id='word_1_625' title='bbox 3217 1523 3304 1566; x_wconf 83' lang='lat' dir='ltr'><strong>tua</strong></span> <span class='ocrx_word' id='word_1_626' title='bbox 3349 1524 3392 1568; x_wconf 89' lang='lat' dir='ltr'><strong>et</strong></span> <span class='ocrx_word' id='word_1_627' title='bbox 3437 1515 3572 1567; x_wconf 85' lang='lat' dir='ltr'><strong>testi-</strong></span> 
     </span>
    </p>
   </div>
   <div class='ocr_carea' id='block_1_75' title="bbox 1986 1599 3566 1673">
    <p class='ocr_par' dir='ltr' id='par_1_75' title="bbox 1986 1599 3566 1673">
     <span class='ocr_line' id='line_1_75' title="bbox 1986 1599 3566 1673; baseline 0.004 -22"><span class='ocrx_word' id='word_1_628' title='bbox 1986 1599 2156 1654; x_wconf 86' lang='lat' dir='ltr'><strong>monia</strong></span> <span class='ocrx_word' id='word_1_629' title='bbox 2183 1609 2289 1652; x_wconf 89' lang='lat' dir='ltr'><strong>tua.</strong></span> <span class='ocrx_word' id='word_1_630' title='bbox 2321 1600 2388 1654; x_wconf 88' lang='lat' dir='ltr'><strong>Et</strong></span> <span class='ocrx_word' id='word_1_631' title='bbox 2415 1601 2562 1656; x_wconf 83' lang='lat' dir='ltr'><strong>velut</strong></span> <span class='ocrx_word' id='word_1_632' title='bbox 2588 1618 2950 1671; x_wconf 59' lang='lat' dir='ltr'><strong>quarreretnus</strong></span> <span class='ocrx_word' id='word_1_633' title='bbox 2979 1603 3081 1658; x_wconf 87' lang='lat' dir='ltr'><strong>hoc</strong></span> <span class='ocrx_word' id='word_1_634' title='bbox 3111 1603 3248 1660; x_wconf 87' lang='lat' dir='ltr'><strong>unde</strong></span> <span class='ocrx_word' id='word_1_635' title='bbox 3294 1606 3522 1673; x_wconf 83' lang='lat' dir='ltr'><strong>potuerit</strong></span> <span class='ocrx_word' id='word_1_636' title='bbox 3552 1622 3566 1657; x_wconf 90' lang='lat'><strong>:</strong></span> 
     </span>
    </p>
   </div>
   <div class='ocr_carea' id='block_1_76' title="bbox 1989 1689 3574 1763">
    <p class='ocr_par' dir='ltr' id='par_1_76' title="bbox 1989 1689 3574 1763">
     <span class='ocr_line' id='line_1_76' title="bbox 1989 1689 3574 1763; baseline 0.005 -21"><span class='ocrx_word' id='word_1_637' title='bbox 1989 1689 2122 1756; x_wconf 84' lang='lat' dir='ltr'><strong>Quia</strong></span> <span class='ocrx_word' id='word_1_638' title='bbox 2169 1707 2339 1745; x_wconf 84' lang='lat' dir='ltr'><strong>omnes</strong></span> <span class='ocrx_word' id='word_1_639' title='bbox 2362 1733 2378 1757; x_wconf 91' lang='lat'><strong>,</strong></span> <span class='ocrx_word' id='word_1_640' title='bbox 2412 1691 2611 1762; x_wconf 87' lang='lat' dir='ltr'><strong>inquit,</strong></span> <span class='ocrx_word' id='word_1_641' title='bbox 2644 1693 2736 1746; x_wconf 71' lang='lat' dir='ltr'><strong>via:</strong></span> <span class='ocrx_word' id='word_1_642' title='bbox 2777 1709 2900 1749; x_wconf 67' lang='lat' dir='ltr'><strong>mea:</strong></span> <span class='ocrx_word' id='word_1_643' title='bbox 2928 1694 2979 1748; x_wconf 89' lang='lat' dir='ltr'><strong>in</strong></span> <span class='ocrx_word' id='word_1_644' title='bbox 3013 1705 3278 1762; x_wconf 87' lang='lat' dir='ltr'><strong>conspectu</strong></span> <span class='ocrx_word' id='word_1_645' title='bbox 3318 1704 3437 1763; x_wconf 88' lang='lat' dir='ltr'><strong>tuo,</strong></span> <span class='ocrx_word' id='word_1_646' title='bbox 3467 1695 3574 1750; x_wconf 86' lang='lat' dir='ltr'><strong>Do-</strong></span> 
     </span>
    </p>
   </div>
   <div class='ocr_carea' id='block_1_77' title="bbox 1987 1801 2137 1838">
    <p class='ocr_par' dir='ltr' id='par_1_77' title="bbox 1987 1801 2137 1838">
     <span class='ocr_line' id='line_1_77' title="bbox 1987 1801 2137 1838; baseline 0.007 -1"><span class='ocrx_word' id='word_1_647' title='bbox 1987 1801 2137 1838; x_wconf 85' lang='lat' dir='ltr'><strong>nune.</strong></span> 
     </span>
    </p>
   </div>
   <div class='ocr_carea' id='block_1_78' title="bbox 2587 1940 2974 1979">
    <p class='ocr_par' dir='ltr' id='par_1_78' title="bbox 2587 1940 2974 1979">
     <span class='ocr_line' id='line_1_78' title="bbox 2587 1940 2974 1979; baseline 0 0"><span class='ocrx_word' id='word_1_648' title='bbox 2587 1940 2757 1979; x_wconf 71' lang='lat' dir='ltr'><strong>SEIUIO</strong></span> <span class='ocrx_word' id='word_1_649' title='bbox 2794 1940 2974 1979; x_wconf 65' lang='lat' dir='ltr'><strong>XXXII.</strong></span> 
     </span>
    </p>
   </div>
   <div class='ocr_carea' id='block_1_79' title="bbox 2060 2056 3575 2129">
    <p class='ocr_par' dir='ltr' id='par_1_79' title="bbox 2060 2056 3575 2129">
     <span class='ocr_line' id='line_1_79' title="bbox 2060 2056 3575 2129; baseline -0.003 -17"><span class='ocrx_word' id='word_1_650' title='bbox 2060 2058 2111 2112; x_wconf 93' lang='grc'><strong>1.</strong></span> <span class='ocrx_word' id='word_1_651' title='bbox 2135 2056 2283 2129; x_wconf 82' lang='lat' dir='ltr'><strong>[vers.</strong></span> <span class='ocrx_word' id='word_1_652' title='bbox 2313 2056 2462 2128; x_wconf 77' lang='grc'><strong>169.)</strong></span> <span class='ocrx_word' id='word_1_653' title='bbox 2487 2057 2685 2112; x_wconf 80' lang='lat' dir='ltr'><strong>Vocem</strong></span> <span class='ocrx_word' id='word_1_654' title='bbox 2712 2072 2851 2112; x_wconf 90' lang='lat' dir='ltr'><strong>nunc</strong></span> <span class='ocrx_word' id='word_1_655' title='bbox 2882 2059 3084 2111; x_wconf 82' lang='lat' dir='ltr'><strong>orantis</strong></span> <span class='ocrx_word' id='word_1_656' title='bbox 3102 2057 3380 2111; x_wconf 85' lang='lat' dir='ltr'><strong>audiamus</strong></span> <span class='ocrx_word' id='word_1_657' title='bbox 3406 2072 3417 2108; x_wconf 92' lang='lat'><strong>:</strong></span> <span class='ocrx_word' id='word_1_658' title='bbox 3441 2069 3575 2124; x_wconf 90' lang='lat' dir='ltr'><strong>quo-</strong></span> 
     </span>
    </p>
   </div>
   <div class='ocr_carea' id='block_1_80' title="bbox 1987 2147 3573 2218">
    <p class='ocr_par' dir='ltr' id='par_1_80' title="bbox 1987 2147 3573 2218">
     <span class='ocr_line' id='line_1_80' title="bbox 1987 2147 3573 2218; baseline -0.001 -15"><span class='ocrx_word' id='word_1_659' title='bbox 1987 2149 2127 2203; x_wconf 86' lang='lat' dir='ltr'><strong>niam</strong></span> <span class='ocrx_word' id='word_1_660' title='bbox 2159 2149 2276 2218; x_wconf 89' lang='lat' dir='ltr'><strong>quis</strong></span> <span class='ocrx_word' id='word_1_661' title='bbox 2305 2158 2418 2204; x_wconf 87' lang='lat' dir='ltr'><strong>oret</strong></span> <span class='ocrx_word' id='word_1_662' title='bbox 2448 2150 2688 2202; x_wconf 82' lang='lat' dir='ltr'><strong>novimus</strong></span> <span class='ocrx_word' id='word_1_663' title='bbox 2712 2191 2724 2210; x_wconf 92' lang='lat'><strong>,</strong></span> <span class='ocrx_word' id='word_1_664' title='bbox 2758 2159 2812 2203; x_wconf 91' lang='lat' dir='ltr'><strong>et</strong></span> <span class='ocrx_word' id='word_1_665' title='bbox 2852 2163 2949 2203; x_wconf 91' lang='lat' dir='ltr'><strong>nos</strong></span> <span class='ocrx_word' id='word_1_666' title='bbox 2981 2148 3123 2217; x_wconf 84' lang='lat' dir='ltr'><strong>ipsos</strong></span> <span class='ocrx_word' id='word_1_667' title='bbox 3151 2149 3194 2202; x_wconf 87' lang='lat' dir='ltr'><strong>si</strong></span> <span class='ocrx_word' id='word_1_668' title='bbox 3228 2147 3435 2216; x_wconf 86' lang='lat' dir='ltr'><strong>reprobi</strong></span> <span class='ocrx_word' id='word_1_669' title='bbox 3468 2160 3573 2201; x_wconf 88' lang='lat' dir='ltr'><strong>non</strong></span> 
     </span>
    </p>
   </div>
   <div class='ocr_carea' id='block_1_81' title="bbox 1987 2238 3576 2310">
    <p class='ocr_par' dir='ltr' id='par_1_81' title="bbox 1987 2238 3576 2310">
     <span class='ocr_line' id='line_1_81' title="bbox 1987 2238 3576 2310; baseline -0.003 -16"><span class='ocrx_word' id='word_1_670' title='bbox 1987 2255 2203 2305; x_wconf 88' lang='lat' dir='ltr'><strong>sumus,</strong></span> <span class='ocrx_word' id='word_1_671' title='bbox 2238 2240 2290 2296; x_wconf 89' lang='lat' dir='ltr'><strong>in</strong></span> <span class='ocrx_word' id='word_1_672' title='bbox 2333 2240 2585 2294; x_wconf 88' lang='lat' dir='ltr'><strong>membris</strong></span> <span class='ocrx_word' id='word_1_673' title='bbox 2629 2240 2784 2310; x_wconf 90' lang='lat' dir='ltr'><strong>hujus</strong></span> <span class='ocrx_word' id='word_1_674' title='bbox 2826 2240 3027 2293; x_wconf 87' lang='lat' dir='ltr'><strong>orantis</strong></span> <span class='ocrx_word' id='word_1_675' title='bbox 3073 2239 3431 2308; x_wconf 84' lang='lat' dir='ltr'><strong>agnoscimus.</strong></span> <span class='ocrx_word' id='word_1_676' title='bbox 3477 2238 3576 2307; x_wconf 81' lang='lat' dir='ltr'><strong>Ap-</strong></span> 
     </span>
    </p>
   </div>
   <div class='ocr_carea' id='block_1_82' title="bbox 1989 2329 3576 2403">
    <p class='ocr_par' dir='ltr' id='par_1_82' title="bbox 1989 2329 3576 2403">
     <span class='ocr_line' id='line_1_82' title="bbox 1989 2329 3576 2403; baseline -0.001 -19"><span class='ocrx_word' id='word_1_677' title='bbox 1989 2333 2283 2403; x_wconf 81' lang='lat' dir='ltr'><strong>propinqnet</strong></span> <span class='ocrx_word' id='word_1_678' title='bbox 2311 2333 2471 2385; x_wconf 89' lang='lat' dir='ltr'><strong>oratio</strong></span> <span class='ocrx_word' id='word_1_679' title='bbox 2493 2350 2602 2386; x_wconf 87' lang='lat' dir='ltr'><strong>mea</strong></span> <span class='ocrx_word' id='word_1_680' title='bbox 2628 2333 2678 2384; x_wconf 90' lang='lat' dir='ltr'><strong>in</strong></span> <span class='ocrx_word' id='word_1_681' title='bbox 2705 2340 2969 2400; x_wconf 80' lang='lat' dir='ltr'><strong>conspectu</strong></span> <span class='ocrx_word' id='word_1_682' title='bbox 2997 2341 3102 2397; x_wconf 86' lang='lat' dir='ltr'><strong>tuo,</strong></span> <span class='ocrx_word' id='word_1_683' title='bbox 3129 2331 3343 2383; x_wconf 83' lang='lat' dir='ltr'><strong>Domine</strong></span> <span class='ocrx_word' id='word_1_684' title='bbox 3372 2347 3390 2383; x_wconf 82' lang='lat'><strong>.&#39;</strong></span> <span class='ocrx_word' id='word_1_685' title='bbox 3412 2329 3461 2383; x_wconf 88' lang='lat' dir='ltr'><strong>id</strong></span> <span class='ocrx_word' id='word_1_686' title='bbox 3492 2338 3576 2384; x_wconf 85' lang='lat' dir='ltr'><strong>est</strong></span> 
     </span>
    </p>
   </div>
   <div class='ocr_carea' id='block_1_83' title="bbox 1988 2421 3576 2491">
    <p class='ocr_par' dir='ltr' id='par_1_83' title="bbox 1988 2421 3576 2491">
     <span class='ocr_line' id='line_1_83' title="bbox 1988 2421 3576 2491; baseline 0 -16"><span class='ocrx_word' id='word_1_687' title='bbox 1988 2423 2158 2475; x_wconf 89' lang='lat' dir='ltr'><strong>oratio</strong></span> <span class='ocrx_word' id='word_1_688' title='bbox 2187 2437 2301 2476; x_wconf 87' lang='lat' dir='ltr'><strong>mea</strong></span> <span class='ocrx_word' id='word_1_689' title='bbox 2323 2464 2338 2484; x_wconf 86' lang='lat'><strong>,</strong></span> <span class='ocrx_word' id='word_1_690' title='bbox 2371 2439 2487 2490; x_wconf 76' lang='lat' dir='ltr'><strong>qua:</strong></span> <span class='ocrx_word' id='word_1_691' title='bbox 2521 2422 2577 2475; x_wconf 85' lang='lat' dir='ltr'><strong>ﬁt</strong></span> <span class='ocrx_word' id='word_1_692' title='bbox 2617 2422 2668 2476; x_wconf 92' lang='lat' dir='ltr'><strong>in</strong></span> <span class='ocrx_word' id='word_1_693' title='bbox 2699 2432 2988 2491; x_wconf 84' lang='lat' dir='ltr'><strong>conspectu</strong></span> <span class='ocrx_word' id='word_1_694' title='bbox 3034 2432 3122 2475; x_wconf 89' lang='lat' dir='ltr'><strong>tuo</strong></span> <span class='ocrx_word' id='word_1_695' title='bbox 3145 2462 3158 2484; x_wconf 90' lang='lat'><strong>,</strong></span> <span class='ocrx_word' id='word_1_696' title='bbox 3186 2421 3576 2490; x_wconf 63' lang='lat' dir='ltr'><strong>appr-cpinquet</strong></span> 
     </span>
    </p>
   </div>
   <div class='ocr_carea' id='block_1_84' title="bbox 1990 2515 3575 2587">
    <p class='ocr_par' dir='ltr' id='par_1_84' title="bbox 1990 2515 3575 2587">
     <span class='ocr_line' id='line_1_84' title="bbox 1990 2515 3575 2587; baseline -0.005 -13"><span class='ocrx_word' id='word_1_697' title='bbox 1990 2520 2102 2574; x_wconf 89' lang='lat' dir='ltr'><strong>tibi.</strong></span> <span class='ocrx_word' id='word_1_698' title='bbox 2129 2517 2299 2587; x_wconf 85' lang='lat' dir='ltr'><strong>Prope</strong></span> <span class='ocrx_word' id='word_1_699' title='bbox 2327 2527 2410 2572; x_wconf 88' lang='lat' dir='ltr'><strong>est</strong></span> <span class='ocrx_word' id='word_1_700' title='bbox 2437 2517 2579 2573; x_wconf 86' lang='lat' dir='ltr'><strong>enim</strong></span> <span class='ocrx_word' id='word_1_701' title='bbox 2623 2516 2876 2571; x_wconf 89' lang='lat' dir='ltr'><strong>Dominus</strong></span> <span class='ocrx_word' id='word_1_702' title='bbox 2902 2516 2984 2570; x_wconf 90' lang='lat' dir='ltr'><strong>his</strong></span> <span class='ocrx_word' id='word_1_703' title='bbox 3010 2515 3099 2583; x_wconf 86' lang='lat' dir='ltr'><strong>qui</strong></span> <span class='ocrx_word' id='word_1_704' title='bbox 3123 2516 3454 2570; x_wconf 74' lang='lat' dir='ltr'><strong>obtriveruut</strong></span> <span class='ocrx_word' id='word_1_705' title='bbox 3477 2528 3575 2566; x_wconf 86' lang='lat' dir='ltr'><strong>cor</strong></span> 
     </span>
    </p>
   </div>
   <div class='ocr_carea' id='block_1_85' title="bbox 1991 2606 3575 2684">
    <p class='ocr_par' dir='ltr' id='par_1_85' title="bbox 1991 2606 3575 2684">
     <span class='ocr_line' id='line_1_85' title="bbox 1991 2606 3575 2684; baseline -0.004 -20"><span class='ocrx_word' id='word_1_706' title='bbox 1991 2611 2162 2684; x_wconf 81' lang='lat' dir='ltr'><strong>(Psal.</strong></span> <span class='ocrx_word' id='word_1_707' title='bbox 2194 2628 2364 2666; x_wconf 75' lang='lat' dir='ltr'><strong>xxxut</strong></span> <span class='ocrx_word' id='word_1_708' title='bbox 2390 2653 2402 2674; x_wconf 91' lang='lat'><strong>,</strong></span> <span class='ocrx_word' id='word_1_709' title='bbox 2433 2611 2544 2681; x_wconf 88' lang='grc'><strong>19).</strong></span> <span class='ocrx_word' id='word_1_710' title='bbox 2578 2609 2870 2665; x_wconf 87' lang='lat' dir='ltr'><strong>Secundum</strong></span> <span class='ocrx_word' id='word_1_711' title='bbox 2896 2609 3148 2679; x_wconf 83' lang='lat' dir='ltr'><strong>eloquium</strong></span> <span class='ocrx_word' id='word_1_712' title='bbox 3179 2618 3320 2660; x_wconf 84' lang='lat' dir='ltr'><strong>tuum</strong></span> <span class='ocrx_word' id='word_1_713' title='bbox 3345 2607 3412 2660; x_wconf 87' lang='lat' dir='ltr'><strong>da</strong></span> <span class='ocrx_word' id='word_1_714' title='bbox 3450 2606 3575 2658; x_wconf 81' lang='lat' dir='ltr'><strong>mihi</strong></span> 
     </span>
    </p>
   </div>
   <div class='ocr_carea' id='block_1_86' title="bbox 1989 2696 3576 2770">
    <p class='ocr_par' dir='ltr' id='par_1_86' title="bbox 1989 2696 3576 2770">
     <span class='ocr_line' id='line_1_86' title="bbox 1989 2696 3576 2770; baseline -0.005 -14"><span class='ocrx_word' id='word_1_715' title='bbox 1989 2703 2315 2756; x_wconf 86' lang='lat' dir='ltr'><strong>intellectum.</strong></span> <span class='ocrx_word' id='word_1_716' title='bbox 2347 2703 2673 2756; x_wconf 83' lang='lat' dir='ltr'><strong>Promissum</strong></span> <span class='ocrx_word' id='word_1_717' title='bbox 2703 2700 2848 2770; x_wconf 87' lang='lat' dir='ltr'><strong>petit.</strong></span> <span class='ocrx_word' id='word_1_718' title='bbox 2877 2698 3007 2752; x_wconf 86' lang='lat' dir='ltr'><strong>Nam</strong></span> <span class='ocrx_word' id='word_1_719' title='bbox 3038 2697 3141 2752; x_wconf 85' lang='lat' dir='ltr'><strong>hoc</strong></span> <span class='ocrx_word' id='word_1_720' title='bbox 3165 2697 3255 2762; x_wconf 85' lang='lat' dir='ltr'><strong>ait,</strong></span> <span class='ocrx_word' id='word_1_721' title='bbox 3285 2696 3576 2750; x_wconf 85' lang='lat' dir='ltr'><strong>Secundum</strong></span> 
     </span>
    </p>
   </div>
   <div class='ocr_carea' id='block_1_87' title="bbox 1991 2786 3576 2866">
    <p class='ocr_par' dir='ltr' id='par_1_87' title="bbox 1991 2786 3576 2866">
     <span class='ocr_line' id='line_1_87' title="bbox 1991 2786 3576 2866; baseline -0.007 -17"><span class='ocrx_word' id='word_1_722' title='bbox 1991 2796 2239 2866; x_wconf 77' lang='lat' dir='ltr'><strong>eloquium</strong></span> <span class='ocrx_word' id='word_1_723' title='bbox 2283 2805 2422 2848; x_wconf 77' lang='lat' dir='ltr'><strong>litum</strong></span> <span class='ocrx_word' id='word_1_724' title='bbox 2446 2809 2466 2856; x_wconf 88' lang='lat'><strong><em>;</em></strong></span> <span class='ocrx_word' id='word_1_725' title='bbox 2492 2801 2739 2860; x_wconf 82' lang='lat' dir='ltr'><strong>tanquam</strong></span> <span class='ocrx_word' id='word_1_726' title='bbox 2767 2791 2999 2854; x_wconf 82' lang='lat' dir='ltr'><strong>diceret,</strong></span> <span class='ocrx_word' id='word_1_727' title='bbox 3032 2788 3321 2842; x_wconf 88' lang='lat' dir='ltr'><strong>secundum</strong></span> <span class='ocrx_word' id='word_1_728' title='bbox 3352 2786 3576 2856; x_wconf 87' lang='lat' dir='ltr'><strong>promis-</strong></span> 
     </span>
    </p>
   </div>
   <div class='ocr_carea' id='block_1_88' title="bbox 1991 2875 3578 2944">
    <p class='ocr_par' dir='ltr' id='par_1_88' title="bbox 1991 2875 3578 2944">
     <span class='ocr_line' id='line_1_88' title="bbox 1991 2875 3578 2944; baseline -0.006 -5"><span class='ocrx_word' id='word_1_729' title='bbox 1991 2902 2107 2939; x_wconf 88' lang='lat' dir='ltr'><strong>sum</strong></span> <span class='ocrx_word' id='word_1_730' title='bbox 2132 2896 2297 2938; x_wconf 90' lang='lat' dir='ltr'><strong>tuum.</strong></span> <span class='ocrx_word' id='word_1_731' title='bbox 2325 2882 2574 2937; x_wconf 84' lang='lat' dir='ltr'><strong>Promisit</strong></span> <span class='ocrx_word' id='word_1_732' title='bbox 2592 2883 2732 2936; x_wconf 88' lang='lat' dir='ltr'><strong>enim</strong></span> <span class='ocrx_word' id='word_1_733' title='bbox 2759 2881 2857 2933; x_wconf 91' lang='lat' dir='ltr'><strong>hoc</strong></span> <span class='ocrx_word' id='word_1_734' title='bbox 2881 2880 3154 2943; x_wconf 85' lang='lat' dir='ltr'><strong>Dominus,</strong></span> <span class='ocrx_word' id='word_1_735' title='bbox 3176 2877 3264 2932; x_wconf 92' lang='lat' dir='ltr'><strong>ubi</strong></span> <span class='ocrx_word' id='word_1_736' title='bbox 3289 2877 3398 2944; x_wconf 87' lang='lat' dir='ltr'><strong>ait,</strong></span> <span class='ocrx_word' id='word_1_737' title='bbox 3423 2875 3578 2930; x_wconf 87' lang='lat' dir='ltr'><strong>Intel-</strong></span> 
     </span>
    </p>
   </div>
   <div class='ocr_carea' id='block_1_89' title="bbox 1991 2969 2924 3044">
    <p class='ocr_par' dir='ltr' id='par_1_89' title="bbox 1991 2969 2924 3044">
     <span class='ocr_line' id='line_1_89' title="bbox 1991 2969 2924 3044; baseline -0.005 -15"><span class='ocrx_word' id='word_1_738' title='bbox 1991 2976 2172 3029; x_wconf 82' lang='lat' dir='ltr'><strong>lectum</strong></span> <span class='ocrx_word' id='word_1_739' title='bbox 2198 2975 2328 3027; x_wconf 88' lang='lat' dir='ltr'><strong>dabo</strong></span> <span class='ocrx_word' id='word_1_740' title='bbox 2353 2975 2440 3027; x_wconf 85' lang='lat' dir='ltr'><strong>tibi</strong></span> <span class='ocrx_word' id='word_1_741' title='bbox 2469 2973 2635 3044; x_wconf 83' lang='lat' dir='ltr'><strong>(Psal.</strong></span> <span class='ocrx_word' id='word_1_742' title='bbox 2671 2986 2815 3035; x_wconf 77' lang='lat' dir='ltr'><strong>xxxt,</strong></span> <span class='ocrx_word' id='word_1_743' title='bbox 2844 2969 2924 3042; x_wconf 88' lang='lat'><strong>8).</strong></span> 
     </span>
    </p>
   </div>
   <div class='ocr_carea' id='block_1_90' title="bbox 2061 3061 3574 3137">
    <p class='ocr_par' dir='ltr' id='par_1_90' title="bbox 2061 3061 3574 3137">
     <span class='ocr_line' id='line_1_90' title="bbox 2061 3061 3574 3137; baseline -0.005 -17"><span class='ocrx_word' id='word_1_744' title='bbox 2061 3065 2116 3120; x_wconf 79' lang='grc'><strong>2.</strong></span> <span class='ocrx_word' id='word_1_745' title='bbox 2148 3064 2310 3137; x_wconf 83' lang='lat' dir='ltr'><strong>[vers.</strong></span> <span class='ocrx_word' id='word_1_746' title='bbox 2346 3065 2464 3118; x_wconf 77' lang='grc'><strong>170.</strong></span> <span class='ocrx_word' id='word_1_747' title='bbox 2490 3063 2510 3135; x_wconf 86' lang='grc'>]</span> <span class='ocrx_word' id='word_1_748' title='bbox 2535 3062 2696 3115; x_wconf 82' lang='lat' dir='ltr'><strong>Intret</strong></span> <span class='ocrx_word' id='word_1_749' title='bbox 2740 3061 3010 3129; x_wconf 81' lang='lat' dir='ltr'><strong>postulatio</strong></span> <span class='ocrx_word' id='word_1_750' title='bbox 3059 3075 3171 3112; x_wconf 84' lang='lat' dir='ltr'><strong>mea</strong></span> <span class='ocrx_word' id='word_1_751' title='bbox 3210 3061 3261 3113; x_wconf 88' lang='lat' dir='ltr'><strong>in</strong></span> <span class='ocrx_word' id='word_1_752' title='bbox 3304 3068 3574 3127; x_wconf 83' lang='lat' dir='ltr'><strong>conspectu</strong></span> 
     </span>
    </p>
   </div>
   <div class='ocr_carea' id='block_1_91' title="bbox 1992 3152 3574 3228">
    <p class='ocr_par' dir='ltr' id='par_1_91' title="bbox 1992 3152 3574 3228">
     <span class='ocr_line' id='line_1_91' title="bbox 1992 3152 3574 3228; baseline -0.004 -15"><span class='ocrx_word' id='word_1_753' title='bbox 1992 3169 2078 3214; x_wconf 86' lang='lat' dir='ltr'><strong>tuo</strong></span> <span class='ocrx_word' id='word_1_754' title='bbox 2098 3202 2113 3224; x_wconf 82' lang='lat'><strong>,</strong></span> <span class='ocrx_word' id='word_1_755' title='bbox 2148 3159 2396 3224; x_wconf 82' lang='lat' dir='ltr'><strong>Domine;</strong></span> <span class='ocrx_word' id='word_1_756' title='bbox 2421 3159 2694 3213; x_wconf 85' lang='lat' dir='ltr'><strong>secundum</strong></span> <span class='ocrx_word' id='word_1_757' title='bbox 2724 3157 2976 3228; x_wconf 82' lang='lat' dir='ltr'><strong>eloquium</strong></span> <span class='ocrx_word' id='word_1_758' title='bbox 3010 3166 3150 3210; x_wconf 85' lang='lat' dir='ltr'><strong>tuum</strong></span> <span class='ocrx_word' id='word_1_759' title='bbox 3179 3155 3316 3224; x_wconf 85' lang='lat' dir='ltr'><strong>eripe</strong></span> <span class='ocrx_word' id='word_1_760' title='bbox 3341 3170 3437 3206; x_wconf 88' lang='lat' dir='ltr'><strong>me.</strong></span> <span class='ocrx_word' id='word_1_761' title='bbox 3469 3152 3574 3207; x_wconf 64' lang='lat' dir='ltr'><strong>lie-</strong></span> 
     </span>
    </p>
   </div>
   <div class='ocr_carea' id='block_1_92' title="bbox 1993 3245 3578 3320">
    <p class='ocr_par' dir='ltr' id='par_1_92' title="bbox 1993 3245 3578 3320">
     <span class='ocr_line' id='line_1_92' title="bbox 1993 3245 3578 3320; baseline -0.003 -16"><span class='ocrx_word' id='word_1_762' title='bbox 1993 3252 2122 3319; x_wconf 85' lang='lat' dir='ltr'><strong>pctit</strong></span> <span class='ocrx_word' id='word_1_763' title='bbox 2147 3249 2537 3320; x_wconf 75' lang='lat' dir='ltr'><strong>quodammodo</strong></span> <span class='ocrx_word' id='word_1_764' title='bbox 2564 3248 2702 3319; x_wconf 88' lang='lat' dir='ltr'><strong>quod</strong></span> <span class='ocrx_word' id='word_1_765' title='bbox 2723 3249 2926 3318; x_wconf 83' lang='lat' dir='ltr'><strong>petivit.</strong></span> <span class='ocrx_word' id='word_1_766' title='bbox 2943 3246 3074 3301; x_wconf 80' lang='lat' dir='ltr'><strong>Nam</strong></span> <span class='ocrx_word' id='word_1_767' title='bbox 3098 3245 3237 3315; x_wconf 88' lang='lat' dir='ltr'><strong>quod</strong></span> <span class='ocrx_word' id='word_1_768' title='bbox 3264 3248 3408 3315; x_wconf 83' lang='lat' dir='ltr'><strong>prius</strong></span> <span class='ocrx_word' id='word_1_769' title='bbox 3428 3245 3578 3300; x_wconf 46' lang='lat' dir='ltr'><strong>dixc‘</strong></span> 
     </span>
    </p>
   </div>
   <div class='ocr_carea' id='block_1_93' title="bbox 1992 3327 3579 3412">
    <p class='ocr_par' dir='ltr' id='par_1_93' title="bbox 1992 3327 3579 3412">
     <span class='ocr_line' id='line_1_93' title="bbox 1992 3327 3579 3412; baseline -0.005 -16"><span class='ocrx_word' id='word_1_770' title='bbox 1992 3350 2091 3402; x_wconf 76' lang='lat' dir='ltr'><strong>rat,</strong></span> <span class='ocrx_word' id='word_1_771' title='bbox 2115 3343 2153 3394; x_wconf 83' lang='grc' dir='ltr'><strong><em>Α</em></strong></span> <span class='ocrx_word' id='word_1_772' title='bbox 2161 3327 2494 3412; x_wconf 71' lang='grc' dir='ltr'><strong>ιιρνὸρίηίιιιρι</strong></span> <span class='ocrx_word' id='word_1_773' title='bbox 2516 3341 2677 3394; x_wconf 86' lang='lat' dir='ltr'><strong>oratio</strong></span> <span class='ocrx_word' id='word_1_774' title='bbox 2707 3357 2817 3393; x_wconf 88' lang='lat' dir='ltr'><strong>mea</strong></span> <span class='ocrx_word' id='word_1_775' title='bbox 2841 3340 2892 3392; x_wconf 89' lang='lat' dir='ltr'><strong>in</strong></span> <span class='ocrx_word' id='word_1_776' title='bbox 2918 3348 3184 3406; x_wconf 83' lang='lat' dir='ltr'><strong>conspectu</strong></span> <span class='ocrx_word' id='word_1_777' title='bbox 3210 3345 3315 3401; x_wconf 90' lang='lat' dir='ltr'><strong>tuo,</strong></span> <span class='ocrx_word' id='word_1_778' title='bbox 3345 3335 3579 3399; x_wconf 78' lang='lat' dir='ltr'><strong>Domine;</strong></span> 
     </span>
    </p>
   </div>
   <div class='ocr_carea' id='block_1_94' title="bbox 1993 3426 3578 3502">
    <p class='ocr_par' dir='ltr' id='par_1_94' title="bbox 1993 3426 3578 3502">
     <span class='ocr_line' id='line_1_94' title="bbox 1993 3426 3578 3502; baseline -0.006 -14"><span class='ocrx_word' id='word_1_779' title='bbox 1993 3433 2116 3488; x_wconf 91' lang='lat' dir='ltr'><strong>huic</strong></span> <span class='ocrx_word' id='word_1_780' title='bbox 2162 3433 2335 3488; x_wconf 89' lang='lat' dir='ltr'><strong>simile</strong></span> <span class='ocrx_word' id='word_1_781' title='bbox 2379 3441 2460 3486; x_wconf 89' lang='lat' dir='ltr'><strong>est</strong></span> <span class='ocrx_word' id='word_1_782' title='bbox 2487 3430 2625 3502; x_wconf 90' lang='lat' dir='ltr'><strong>quod</strong></span> <span class='ocrx_word' id='word_1_783' title='bbox 2667 3431 2742 3484; x_wconf 86' lang='lat' dir='ltr'><strong>ait</strong></span> <span class='ocrx_word' id='word_1_784' title='bbox 2773 3431 3038 3498; x_wconf 87' lang='lat' dir='ltr'><strong>posterius</strong></span> <span class='ocrx_word' id='word_1_785' title='bbox 3065 3471 3083 3494; x_wconf 93' lang='lat'><strong>,</strong></span> <span class='ocrx_word' id='word_1_786' title='bbox 3116 3426 3277 3482; x_wconf 85' lang='lat' dir='ltr'><strong>Intret</strong></span> <span class='ocrx_word' id='word_1_787' title='bbox 3306 3427 3578 3496; x_wconf 83' lang='lat' dir='ltr'><strong>postulatio</strong></span> 
     </span>
    </p>
   </div>
   <div class='ocr_carea' id='block_1_95' title="bbox 1992 3517 3578 3593">
    <p class='ocr_par' dir='ltr' id='par_1_95' title="bbox 1992 3517 3578 3593">
     <span class='ocr_line' id='line_1_95' title="bbox 1992 3517 3578 3593; baseline -0.005 -15"><span class='ocrx_word' id='word_1_788' title='bbox 1992 3543 2102 3579; x_wconf 88' lang='lat' dir='ltr'><strong>mea</strong></span> <span class='ocrx_word' id='word_1_789' title='bbox 2121 3526 2171 3578; x_wconf 89' lang='lat' dir='ltr'><strong>in</strong></span> <span class='ocrx_word' id='word_1_790' title='bbox 2189 3533 2456 3593; x_wconf 76' lang='lat' dir='ltr'><strong>conspectu</strong></span> <span class='ocrx_word' id='word_1_791' title='bbox 2474 3533 2575 3585; x_wconf 87' lang='lat' dir='ltr'><strong>tuo,</strong></span> <span class='ocrx_word' id='word_1_792' title='bbox 2604 3521 2839 3582; x_wconf 88' lang='lat' dir='ltr'><strong>Domine;</strong></span> <span class='ocrx_word' id='word_1_793' title='bbox 2860 3520 3070 3590; x_wconf 89' lang='lat' dir='ltr'><strong>etquod</strong></span> <span class='ocrx_word' id='word_1_794' title='bbox 3102 3519 3268 3588; x_wconf 87' lang='lat' dir='ltr'><strong>prius,</strong></span> <span class='ocrx_word' id='word_1_795' title='bbox 3289 3517 3578 3572; x_wconf 82' lang='lat' dir='ltr'><strong>Secundum</strong></span> 
     </span>
    </p>
   </div>
   <div class='ocr_carea' id='block_1_96' title="bbox 1992 3609 3579 3685">
    <p class='ocr_par' dir='ltr' id='par_1_96' title="bbox 1992 3609 3579 3685">
     <span class='ocr_line' id='line_1_96' title="bbox 1992 3609 3579 3685; baseline -0.005 -15"><span class='ocrx_word' id='word_1_796' title='bbox 1992 3618 2243 3685; x_wconf 86' lang='lat' dir='ltr'><strong>eloquium</strong></span> <span class='ocrx_word' id='word_1_797' title='bbox 2273 3627 2413 3668; x_wconf 88' lang='lat' dir='ltr'><strong>tuam</strong></span> <span class='ocrx_word' id='word_1_798' title='bbox 2442 3615 2508 3666; x_wconf 89' lang='lat' dir='ltr'><strong>da</strong></span> <span class='ocrx_word' id='word_1_799' title='bbox 2536 3614 2658 3666; x_wconf 74' lang='lat' dir='ltr'><strong>milii</strong></span> <span class='ocrx_word' id='word_1_800' title='bbox 2685 3613 3010 3675; x_wconf 84' lang='lat' dir='ltr'><strong>intellectum;</strong></span> <span class='ocrx_word' id='word_1_801' title='bbox 3033 3611 3154 3664; x_wconf 86' lang='lat' dir='ltr'><strong>huic</strong></span> <span class='ocrx_word' id='word_1_802' title='bbox 3172 3610 3415 3678; x_wconf 79' lang='lat' dir='ltr'><strong>congruit</strong></span> <span class='ocrx_word' id='word_1_803' title='bbox 3437 3609 3579 3677; x_wconf 87' lang='lat' dir='ltr'><strong>quod</strong></span> 
     </span>
    </p>
   </div>
   <div class='ocr_carea' id='block_1_97' title="bbox 1996 3699 3574 3778">
    <p class='ocr_par' dir='ltr' id='par_1_97' title="bbox 1996 3699 3574 3778">
     <span class='ocr_line' id='line_1_97' title="bbox 1996 3699 3574 3778; baseline -0.008 -15"><span class='ocrx_word' id='word_1_804' title='bbox 1996 3709 2257 3778; x_wconf 80' lang='lat' dir='ltr'><strong>posterius</strong></span> <span class='ocrx_word' id='word_1_805' title='bbox 2277 3750 2289 3771; x_wconf 90' lang='lat'><strong>,</strong></span> <span class='ocrx_word' id='word_1_806' title='bbox 2316 3706 2608 3762; x_wconf 87' lang='lat' dir='ltr'><strong>Secundum</strong></span> <span class='ocrx_word' id='word_1_807' title='bbox 2639 3704 2891 3773; x_wconf 86' lang='lat' dir='ltr'><strong>eloquium</strong></span> <span class='ocrx_word' id='word_1_808' title='bbox 2937 3713 3076 3754; x_wconf 85' lang='lat' dir='ltr'><strong>tuum</strong></span> <span class='ocrx_word' id='word_1_809' title='bbox 3102 3703 3238 3767; x_wconf 82' lang='lat' dir='ltr'><strong>eripe</strong></span> <span class='ocrx_word' id='word_1_810' title='bbox 3269 3716 3366 3752; x_wconf 90' lang='lat' dir='ltr'><strong>me.</strong></span> <span class='ocrx_word' id='word_1_811' title='bbox 3413 3699 3574 3754; x_wconf 71' lang='lat' dir='ltr'><strong>Acci~</strong></span> 
     </span>
    </p>
   </div>
   <div class='ocr_carea' id='block_1_98' title="bbox 1998 3789 3580 3868">
    <p class='ocr_par' dir='ltr' id='par_1_98' title="bbox 1998 3789 3580 3868">
     <span class='ocr_line' id='line_1_98' title="bbox 1998 3789 3580 3868; baseline -0.004 -19"><span class='ocrx_word' id='word_1_812' title='bbox 1998 3798 2189 3868; x_wconf 82' lang='lat' dir='ltr'><strong>piendo</strong></span> <span class='ocrx_word' id='word_1_813' title='bbox 2232 3797 2427 3867; x_wconf 86' lang='lat' dir='ltr'><strong>quippe</strong></span> <span class='ocrx_word' id='word_1_814' title='bbox 2467 3795 2787 3848; x_wconf 81' lang='lat' dir='ltr'><strong>intellectum</strong></span> <span class='ocrx_word' id='word_1_815' title='bbox 2810 3792 3035 3862; x_wconf 85' lang='lat' dir='ltr'><strong>eripitur</strong></span> <span class='ocrx_word' id='word_1_816' title='bbox 3059 3833 3074 3856; x_wconf 92' lang='lat'><strong>,</strong></span> <span class='ocrx_word' id='word_1_817' title='bbox 3103 3791 3190 3860; x_wconf 86' lang='lat' dir='ltr'><strong>qui</strong></span> <span class='ocrx_word' id='word_1_818' title='bbox 3221 3806 3318 3859; x_wconf 82' lang='lat' dir='ltr'><strong>per</strong></span> <span class='ocrx_word' id='word_1_819' title='bbox 3344 3789 3580 3858; x_wconf 85' lang='lat' dir='ltr'><strong>scipsum</strong></span> 
     </span>
    </p>
   </div>
   <div class='ocr_carea' id='block_1_99' title="bbox 2003 3885 2782 3956">
    <p class='ocr_par' dir='ltr' id='par_1_99' title="bbox 2003 3885 2782 3956">
     <span class='ocr_line' id='line_1_99' title="bbox 2003 3885 2782 3956; baseline -0.01 -12"><span class='ocrx_word' id='word_1_820' title='bbox 2003 3906 2104 3944; x_wconf 87' lang='lat' dir='ltr'><strong>non</strong></span> <span class='ocrx_word' id='word_1_821' title='bbox 2135 3887 2476 3956; x_wconf 81' lang='lat' dir='ltr'><strong>intelligendo</strong></span> <span class='ocrx_word' id='word_1_822' title='bbox 2503 3885 2782 3954; x_wconf 85' lang='lat' dir='ltr'><strong>decipitur.</strong></span> 
     </span>
    </p>
   </div>
   <div class='ocr_carea' id='block_1_100' title="bbox 2067 3971 3580 4050">
    <p class='ocr_par' dir='ltr' id='par_1_100' title="bbox 2067 3971 3580 4050">
     <span class='ocr_line' id='line_1_100' title="bbox 2067 3971 3580 4050; baseline -0.006 -17"><span class='ocrx_word' id='word_1_823' title='bbox 2067 3981 2119 4034; x_wconf 83' lang='lat'><strong>5.</strong></span> <span class='ocrx_word' id='word_1_824' title='bbox 2153 3979 2301 4050; x_wconf 82' lang='lat' dir='ltr'><strong>[vers.</strong></span> <span class='ocrx_word' id='word_1_825' title='bbox 2331 3975 2476 4047; x_wconf 69' lang='grc'><strong>171.)</strong></span> <span class='ocrx_word' id='word_1_826' title='bbox 2537 3974 2879 4036; x_wconf 84' lang='lat' dir='ltr'><strong>Eructabunt,</strong></span> <span class='ocrx_word' id='word_1_827' title='bbox 2914 3971 3119 4042; x_wconf 88' lang='lat' dir='ltr'><strong>inquit,</strong></span> <span class='ocrx_word' id='word_1_828' title='bbox 3171 3971 3304 4024; x_wconf 86' lang='lat' dir='ltr'><strong>labia</strong></span> <span class='ocrx_word' id='word_1_829' title='bbox 3335 3989 3443 4026; x_wconf 87' lang='lat' dir='ltr'><strong>mea</strong></span> <span class='ocrx_word' id='word_1_830' title='bbox 3485 3972 3580 4042; x_wconf 78' lang='lat' dir='ltr'><strong>Ity-</strong></span> 
     </span>
    </p>
   </div>
   <div class='ocr_carea' id='block_1_101' title="bbox 1997 4061 3579 4136">
    <p class='ocr_par' dir='ltr' id='par_1_101' title="bbox 1997 4061 3579 4136">
     <span class='ocr_line' id='line_1_101' title="bbox 1997 4061 3579 4136; baseline -0.005 -13"><span class='ocrx_word' id='word_1_831' title='bbox 1997 4087 2169 4124; x_wconf 84' lang='lat' dir='ltr'><strong>mnum</strong></span> <span class='ocrx_word' id='word_1_832' title='bbox 2193 4110 2208 4136; x_wconf 93' lang='lat'><strong>,</strong></span> <span class='ocrx_word' id='word_1_833' title='bbox 2233 4085 2346 4122; x_wconf 87' lang='lat' dir='ltr'><strong>cum</strong></span> <span class='ocrx_word' id='word_1_834' title='bbox 2375 4067 2606 4120; x_wconf 86' lang='lat' dir='ltr'><strong>docueris</strong></span> <span class='ocrx_word' id='word_1_835' title='bbox 2633 4082 2713 4118; x_wconf 89' lang='lat' dir='ltr'><strong>me</strong></span> <span class='ocrx_word' id='word_1_836' title='bbox 2735 4064 3124 4134; x_wconf 80' lang='lat' dir='ltr'><strong>justi/icationes</strong></span> <span class='ocrx_word' id='word_1_837' title='bbox 3152 4071 3282 4115; x_wconf 82' lang='lat' dir='ltr'><strong>tuas.</strong></span> <span class='ocrx_word' id='word_1_838' title='bbox 3324 4061 3579 4115; x_wconf 86' lang='lat' dir='ltr'><strong>Novimus</strong></span> 
     </span>
    </p>
   </div>
   <div class='ocr_carea' id='block_1_102' title="bbox 1998 4153 3583 4232">
    <p class='ocr_par' dir='ltr' id='par_1_102' title="bbox 1998 4153 3583 4232">
     <span class='ocr_line' id='line_1_102' title="bbox 1998 4153 3583 4232; baseline -0.003 -19"><span class='ocrx_word' id='word_1_839' title='bbox 1998 4159 2442 4232; x_wconf 87' lang='lat' dir='ltr'><strong>quemadmodum</strong></span> <span class='ocrx_word' id='word_1_840' title='bbox 2485 4156 2676 4212; x_wconf 87' lang='lat' dir='ltr'><strong>doceat</strong></span> <span class='ocrx_word' id='word_1_841' title='bbox 2719 4171 2812 4212; x_wconf 88' lang='lat' dir='ltr'><strong>eos</strong></span> <span class='ocrx_word' id='word_1_842' title='bbox 2857 4157 2998 4210; x_wconf 89' lang='lat' dir='ltr'><strong>Deus</strong></span> <span class='ocrx_word' id='word_1_843' title='bbox 3037 4155 3128 4224; x_wconf 90' lang='lat' dir='ltr'><strong>qui</strong></span> <span class='ocrx_word' id='word_1_844' title='bbox 3162 4163 3286 4208; x_wconf 89' lang='lat' dir='ltr'><strong>sunt</strong></span> <span class='ocrx_word' id='word_1_845' title='bbox 3324 4153 3583 4208; x_wconf 89' lang='lat' dir='ltr'><strong>docibilcs</strong></span> 
     </span>
    </p>
   </div>
   <div class='ocr_carea' id='block_1_103' title="bbox 1998 4243 3586 4318">
    <p class='ocr_par' dir='ltr' id='par_1_103' title="bbox 1998 4243 3586 4318">
     <span class='ocr_line' id='line_1_103' title="bbox 1998 4243 3586 4318; baseline -0.009 -10"><span class='ocrx_word' id='word_1_846' title='bbox 1998 4254 2128 4309; x_wconf 88' lang='lat' dir='ltr'><strong>Deo.</strong></span> <span class='ocrx_word' id='word_1_847' title='bbox 2159 4251 2346 4308; x_wconf 89' lang='lat' dir='ltr'><strong>Omnis</strong></span> <span class='ocrx_word' id='word_1_848' title='bbox 2374 4251 2515 4304; x_wconf 90' lang='lat' dir='ltr'><strong>enim</strong></span> <span class='ocrx_word' id='word_1_849' title='bbox 2545 4249 2634 4318; x_wconf 88' lang='lat' dir='ltr'><strong>qui</strong></span> <span class='ocrx_word' id='word_1_850' title='bbox 2662 4247 2861 4302; x_wconf 86' lang='lat' dir='ltr'><strong>audivit</strong></span> <span class='ocrx_word' id='word_1_851' title='bbox 2883 4262 2915 4299; x_wconf 90' lang='lat' dir='ltr'><strong>a</strong></span> <span class='ocrx_word' id='word_1_852' title='bbox 2943 4246 3101 4302; x_wconf 89' lang='lat' dir='ltr'><strong>Patre</strong></span> <span class='ocrx_word' id='word_1_853' title='bbox 3121 4254 3173 4299; x_wconf 84' lang='lat' dir='ltr'><strong>et</strong></span> <span class='ocrx_word' id='word_1_854' title='bbox 3202 4243 3406 4308; x_wconf 85' lang='lat' dir='ltr'><strong>didicit,</strong></span> <span class='ocrx_word' id='word_1_855' title='bbox 3435 4243 3586 4297; x_wconf 80' lang='lat' dir='ltr'><strong>venit</strong></span> 
     </span>
    </p>
   </div>
   <div class='ocr_carea' id='block_1_104' title="bbox 1999 4334 3583 4412">
    <p class='ocr_par' dir='ltr' id='par_1_104' title="bbox 1999 4334 3583 4412">
     <span class='ocr_line' id='line_1_104' title="bbox 1999 4334 3583 4412; baseline -0.008 -14"><span class='ocrx_word' id='word_1_856' title='bbox 1999 4344 2065 4400; x_wconf 86' lang='lat' dir='ltr'><strong>ad</strong></span> <span class='ocrx_word' id='word_1_857' title='bbox 2089 4359 2213 4398; x_wconf 91' lang='lat' dir='ltr'><strong>eum</strong></span> <span class='ocrx_word' id='word_1_858' title='bbox 2243 4341 2330 4412; x_wconf 91' lang='lat' dir='ltr'><strong>qui</strong></span> <span class='ocrx_word' id='word_1_859' title='bbox 2367 4340 2622 4412; x_wconf 86' lang='lat' dir='ltr'><strong>justilicat</strong></span> <span class='ocrx_word' id='word_1_860' title='bbox 2654 4339 2870 4408; x_wconf 88' lang='lat' dir='ltr'><strong>impium</strong></span> <span class='ocrx_word' id='word_1_861' title='bbox 2902 4336 3080 4409; x_wconf 84' lang='lat' dir='ltr'><strong>(Joau.</strong></span> <span class='ocrx_word' id='word_1_862' title='bbox 3108 4351 3159 4390; x_wconf 76' lang='lat' dir='ltr'><strong>vr</strong></span> <span class='ocrx_word' id='word_1_863' title='bbox 3184 4375 3198 4397; x_wconf 89' lang='lat'><strong>,</strong></span> <span class='ocrx_word' id='word_1_864' title='bbox 3223 4334 3316 4403; x_wconf 72' lang='grc'><strong>45)</strong></span> <span class='ocrx_word' id='word_1_865' title='bbox 3347 4352 3360 4388; x_wconf 92' lang='lat'><strong>:</strong></span> <span class='ocrx_word' id='word_1_866' title='bbox 3393 4342 3452 4387; x_wconf 90' lang='lat' dir='ltr'><strong>ut</strong></span> <span class='ocrx_word' id='word_1_867' title='bbox 3478 4349 3583 4386; x_wconf 86' lang='lat' dir='ltr'><strong>nun</strong></span> 
     </span>
    </p>
   </div>
   <div class='ocr_carea' id='block_1_105' title="bbox 2000 4426 3583 4495">
    <p class='ocr_par' dir='ltr' id='par_1_105' title="bbox 2000 4426 3583 4495">
     <span class='ocr_line' id='line_1_105' title="bbox 2000 4426 3583 4495; baseline -0.008 -5"><span class='ocrx_word' id='word_1_868' title='bbox 2000 4437 2173 4490; x_wconf 88' lang='lat' dir='ltr'><strong>solum</strong></span> <span class='ocrx_word' id='word_1_869' title='bbox 2204 4433 2457 4489; x_wconf 86' lang='lat' dir='ltr'><strong>memoria</strong></span> <span class='ocrx_word' id='word_1_870' title='bbox 2488 4431 2787 4495; x_wconf 84' lang='lat' dir='ltr'><strong>retinendo,</strong></span> <span class='ocrx_word' id='word_1_871' title='bbox 2815 4447 2997 4486; x_wconf 85' lang='lat' dir='ltr'><strong>verum</strong></span> <span class='ocrx_word' id='word_1_872' title='bbox 3026 4430 3185 4484; x_wconf 77' lang='lat' dir='ltr'><strong>etiam</strong></span> <span class='ocrx_word' id='word_1_873' title='bbox 3213 4426 3459 4482; x_wconf 80' lang='lat' dir='ltr'><strong>iaciendo</strong></span> <span class='ocrx_word' id='word_1_874' title='bbox 3485 4441 3583 4480; x_wconf 86' lang='lat' dir='ltr'><strong>cu-</strong></span> 
     </span>
    </p>
   </div>
   <div class='ocr_carea' id='block_1_106' title="bbox 2001 4517 3585 4594">
    <p class='ocr_par' dir='ltr' id='par_1_106' title="bbox 2001 4517 3585 4594">
     <span class='ocr_line' id='line_1_106' title="bbox 2001 4517 3585 4594; baseline -0.008 -14"><span class='ocrx_word' id='word_1_875' title='bbox 2001 4525 2197 4580; x_wconf 89' lang='lat' dir='ltr'><strong>stodiat</strong></span> <span class='ocrx_word' id='word_1_876' title='bbox 2216 4523 2628 4594; x_wconf 81' lang='lat' dir='ltr'><strong>justilicationes</strong></span> <span class='ocrx_word' id='word_1_877' title='bbox 2651 4521 2760 4576; x_wconf 87' lang='lat' dir='ltr'><strong>Dei.</strong></span> <span class='ocrx_word' id='word_1_878' title='bbox 2785 4520 2872 4576; x_wconf 89' lang='lat' dir='ltr'><strong>Sic</strong></span> <span class='ocrx_word' id='word_1_879' title='bbox 2895 4521 3036 4574; x_wconf 91' lang='lat' dir='ltr'><strong>enim</strong></span> <span class='ocrx_word' id='word_1_880' title='bbox 3065 4519 3153 4589; x_wconf 85' lang='lat' dir='ltr'><strong>qui</strong></span> <span class='ocrx_word' id='word_1_881' title='bbox 3182 4517 3459 4588; x_wconf 81' lang='lat' dir='ltr'><strong>gloriatur,</strong></span> <span class='ocrx_word' id='word_1_882' title='bbox 3482 4531 3585 4569; x_wconf 89' lang='lat' dir='ltr'><strong>non</strong></span> 
     </span>
    </p>
   </div>
   <div class='ocr_carea' id='block_1_107' title="bbox 2004 4608 3587 4686">
    <p class='ocr_par' dir='ltr' id='par_1_107' title="bbox 2004 4608 3587 4686">
     <span class='ocr_line' id='line_1_107' title="bbox 2004 4608 3587 4686; baseline -0.007 -14"><span class='ocrx_word' id='word_1_883' title='bbox 2004 4618 2054 4672; x_wconf 89' lang='lat' dir='ltr'><strong>in</strong></span> <span class='ocrx_word' id='word_1_884' title='bbox 2099 4616 2309 4686; x_wconf 81' lang='lat' dir='ltr'><strong>seipse,</strong></span> <span class='ocrx_word' id='word_1_885' title='bbox 2339 4615 2434 4670; x_wconf 90' lang='lat' dir='ltr'><strong>sed</strong></span> <span class='ocrx_word' id='word_1_886' title='bbox 2483 4615 2538 4669; x_wconf 88' lang='lat' dir='ltr'><strong>in</strong></span> <span class='ocrx_word' id='word_1_887' title='bbox 2596 4612 2820 4668; x_wconf 88' lang='lat' dir='ltr'><strong>Domino</strong></span> <span class='ocrx_word' id='word_1_888' title='bbox 2871 4611 3126 4682; x_wconf 85' lang='lat' dir='ltr'><strong>gloriatur</strong></span> <span class='ocrx_word' id='word_1_889' title='bbox 3152 4609 3196 4682; x_wconf 85' lang='grc' dir='ltr'><strong>(Ι</strong></span> <span class='ocrx_word' id='word_1_890' title='bbox 3222 4608 3340 4665; x_wconf 88' lang='lat' dir='ltr'><strong>Cor.</strong></span> <span class='ocrx_word' id='word_1_891' title='bbox 3371 4625 3420 4673; x_wconf 86' lang='grc' dir='ltr'>ι,</span> <span class='ocrx_word' id='word_1_892' title='bbox 3453 4608 3587 4678; x_wconf 87' lang='grc'><strong>51),</strong></span> 
     </span>
    </p>
   </div>
   <div class='ocr_carea' id='block_1_108' title="bbox 2005 4712 2654 4782">
    <p class='ocr_par' dir='ltr' id='par_1_108' title="bbox 2005 4712 2654 4782">
     <span class='ocr_line' id='line_1_108' title="bbox 2005 4712 2654 4782; baseline -0.008 -18"><span class='ocrx_word' id='word_1_893' title='bbox 2005 4712 2340 4782; x_wconf 84' lang='lat' dir='ltr'><strong>hymnusque</strong></span> <span class='ocrx_word' id='word_1_894' title='bbox 2365 4717 2654 4762; x_wconf 85' lang='lat' dir='ltr'><strong>eructatur.</strong></span> 
     </span>
    </p>
   </div>
   <div class='ocr_carea' id='block_1_109' title="bbox 2075 4789 3589 4875">
    <p class='ocr_par' dir='ltr' id='par_1_109' title="bbox 2075 4789 3589 4875">
     <span class='ocr_line' id='line_1_109' title="bbox 2075 4789 3589 4875; baseline -0.009 -17"><span class='ocrx_word' id='word_1_895' title='bbox 2075 4805 2127 4858; x_wconf 74' lang='grc'><strong>4.</strong></span> <span class='ocrx_word' id='word_1_896' title='bbox 2159 4801 2311 4875; x_wconf 71' lang='grc' dir='ltr'><strong>[υενδ.</strong></span> <span class='ocrx_word' id='word_1_897' title='bbox 2342 4798 2488 4871; x_wconf 70' lang='lat'><strong>172.]</strong></span> <span class='ocrx_word' id='word_1_898' title='bbox 2519 4797 2622 4854; x_wconf 88' lang='lat' dir='ltr'><strong>Sed</strong></span> <span class='ocrx_word' id='word_1_899' title='bbox 2644 4797 2754 4867; x_wconf 91' lang='lat' dir='ltr'><strong>jam</strong></span> <span class='ocrx_word' id='word_1_900' title='bbox 2781 4797 2904 4866; x_wconf 85' lang='lat' dir='ltr'><strong>quia</strong></span> <span class='ocrx_word' id='word_1_901' title='bbox 2931 4793 3117 4849; x_wconf 90' lang='lat' dir='ltr'><strong>didicit</strong></span> <span class='ocrx_word' id='word_1_902' title='bbox 3144 4800 3200 4847; x_wconf 89' lang='lat' dir='ltr'><strong>et</strong></span> <span class='ocrx_word' id='word_1_903' title='bbox 3229 4791 3461 4847; x_wconf 84' lang='lat' dir='ltr'><strong>laudavit</strong></span> <span class='ocrx_word' id='word_1_904' title='bbox 3487 4789 3589 4844; x_wconf 82' lang='lat' dir='ltr'><strong>do-</strong></span> 
     </span>
    </p>
   </div>
   <div class='ocr_carea' id='block_1_110' title="bbox 2004 4882 3591 4958">
    <p class='ocr_par' dir='ltr' id='par_1_110' title="bbox 2004 4882 3591 4958">
     <span class='ocr_line' id='line_1_110' title="bbox 2004 4882 3591 4958; baseline -0.013 -5"><span class='ocrx_word' id='word_1_905' title='bbox 2004 4905 2206 4954; x_wconf 85' lang='lat' dir='ltr'><strong>cturem</strong></span> <span class='ocrx_word' id='word_1_906' title='bbox 2237 4895 2402 4949; x_wconf 89' lang='lat' dir='ltr'><strong>Deum</strong></span> <span class='ocrx_word' id='word_1_907' title='bbox 2429 4932 2444 4958; x_wconf 89' lang='lat'><strong>,</strong></span> <span class='ocrx_word' id='word_1_908' title='bbox 2468 4889 2660 4945; x_wconf 88' lang='lat' dir='ltr'><strong>deinde</strong></span> <span class='ocrx_word' id='word_1_909' title='bbox 2689 4888 2801 4941; x_wconf 78' lang='lat' dir='ltr'><strong>vult</strong></span> <span class='ocrx_word' id='word_1_910' title='bbox 2833 4887 3047 4941; x_wconf 87' lang='lat' dir='ltr'><strong>dooere.</strong></span> <span class='ocrx_word' id='word_1_911' title='bbox 3082 4883 3434 4938; x_wconf 82' lang='lat' dir='ltr'><strong>Prouuntiabit</strong></span> <span class='ocrx_word' id='word_1_912' title='bbox 3460 4922 3475 4940; x_wconf 78' lang='lat'><strong>.</strong></span> <span class='ocrx_word' id='word_1_913' title='bbox 3507 4882 3591 4936; x_wconf 85' lang='lat' dir='ltr'><strong>in-</strong></span> 
     </span>
    </p>
   </div>
   <div class='ocr_carea' id='block_1_111' title="bbox 2005 4973 3593 5061">
    <p class='ocr_par' dir='ltr' id='par_1_111' title="bbox 2005 4973 3593 5061">
     <span class='ocr_line' id='line_1_111' title="bbox 2005 4973 3593 5061; baseline -0.014 -15"><span class='ocrx_word' id='word_1_914' title='bbox 2005 4991 2121 5061; x_wconf 85' lang='lat' dir='ltr'><strong>quit</strong></span> <span class='ocrx_word' id='word_1_915' title='bbox 2141 5031 2158 5055; x_wconf 91' lang='lat'><strong>,</strong></span> <span class='ocrx_word' id='word_1_916' title='bbox 2188 4989 2362 5059; x_wconf 75' lang='lat' dir='ltr'><strong>lingua</strong></span> <span class='ocrx_word' id='word_1_917' title='bbox 2388 5001 2501 5038; x_wconf 85' lang='lat' dir='ltr'><strong>mea</strong></span> <span class='ocrx_word' id='word_1_918' title='bbox 2535 4981 2731 5052; x_wconf 87' lang='lat' dir='ltr'><strong>eloquia</strong></span> <span class='ocrx_word' id='word_1_919' title='bbox 2758 4989 2863 5042; x_wconf 87' lang='lat' dir='ltr'><strong>tua,</strong></span> <span class='ocrx_word' id='word_1_920' title='bbox 2888 4980 3012 5048; x_wconf 85' lang='lat' dir='ltr'><strong>quia</strong></span> <span class='ocrx_word' id='word_1_921' title='bbox 3040 4977 3209 5030; x_wconf 87' lang='lat' dir='ltr'><strong>omnia</strong></span> <span class='ocrx_word' id='word_1_922' title='bbox 3234 4973 3476 5028; x_wconf 71' lang='lat' dir='ltr'><strong>inmutata</strong></span> <span class='ocrx_word' id='word_1_923' title='bbox 3506 4981 3593 5025; x_wconf 83' lang='lat' dir='ltr'><strong>tua</strong></span> 
     </span>
    </p>
   </div>
   <div class='ocr_carea' id='block_1_112' title="bbox 1995 5065 3592 5154">
    <p class='ocr_par' dir='ltr' id='par_1_112' title="bbox 1995 5065 3592 5154">
     <span class='ocr_line' id='line_1_112' title="bbox 1995 5065 3592 5154; baseline -0.01 -20"><span class='ocrx_word' id='word_1_924' title='bbox 1995 5082 2200 5154; x_wconf 83' lang='lat' dir='ltr'><strong>justitia</strong></span> <span class='ocrx_word' id='word_1_925' title='bbox 2222 5082 2265 5134; x_wconf 85' lang='grc'><strong>¹.</strong></span> <span class='ocrx_word' id='word_1_926' title='bbox 2293 5080 2428 5134; x_wconf 88' lang='lat' dir='ltr'><strong>Cum</strong></span> <span class='ocrx_word' id='word_1_927' title='bbox 2458 5077 2576 5131; x_wconf 82' lang='lat' dir='ltr'><strong>haec</strong></span> <span class='ocrx_word' id='word_1_928' title='bbox 2604 5089 2663 5130; x_wconf 87' lang='lat' dir='ltr'><strong>se</strong></span> <span class='ocrx_word' id='word_1_929' title='bbox 2708 5071 3167 5143; x_wconf 84' lang='lat' dir='ltr'><strong>pronuntiaturum</strong></span> <span class='ocrx_word' id='word_1_930' title='bbox 3211 5067 3340 5122; x_wconf 90' lang='lat' dir='ltr'><strong>dicit</strong></span> <span class='ocrx_word' id='word_1_931' title='bbox 3364 5106 3380 5130; x_wconf 85' lang='lat'><strong>,</strong></span> <span class='ocrx_word' id='word_1_932' title='bbox 3409 5065 3592 5132; x_wconf 78' lang='lat' dir='ltr'><strong>utique</strong></span> 
     </span>
    </p>
   </div>
   <div class='ocr_carea' id='block_1_113' title="bbox 2007 5154 3556 5234">
    <p class='ocr_par' dir='ltr' id='par_1_113' title="bbox 2007 5154 3556 5234">
     <span class='ocr_line' id='line_1_113' title="bbox 2007 5154 3556 5234; baseline -0.013 -8"><span class='ocrx_word' id='word_1_933' title='bbox 2007 5173 2249 5226; x_wconf 85' lang='lat' dir='ltr'><strong>minister</strong></span> <span class='ocrx_word' id='word_1_934' title='bbox 2279 5170 2338 5224; x_wconf 85' lang='lat' dir='ltr'><strong>ﬁt</strong></span> <span class='ocrx_word' id='word_1_935' title='bbox 2361 5168 2528 5223; x_wconf 85' lang='lat' dir='ltr'><strong>verbi.</strong></span> <span class='ocrx_word' id='word_1_936' title='bbox 2560 5165 2812 5234; x_wconf 83' lang='lat' dir='ltr'><strong>Quamvis</strong></span> <span class='ocrx_word' id='word_1_937' title='bbox 2839 5163 2981 5218; x_wconf 84' lang='lat' dir='ltr'><strong>enim</strong></span> <span class='ocrx_word' id='word_1_938' title='bbox 3010 5162 3150 5217; x_wconf 81' lang='lat' dir='ltr'><strong>Deus</strong></span> <span class='ocrx_word' id='word_1_939' title='bbox 3176 5159 3366 5214; x_wconf 87' lang='lat' dir='ltr'><strong>doceat</strong></span> <span class='ocrx_word' id='word_1_940' title='bbox 3395 5154 3556 5208; x_wconf 89' lang='lat' dir='ltr'><strong>intrin</strong></span> 
     </span>
    </p>
   </div>
   <div class='ocr_carea' id='block_1_114' title="bbox 2006 5245 3592 5326">
    <p class='ocr_par' dir='ltr' id='par_1_114' title="bbox 2006 5245 3592 5326">
     <span class='ocr_line' id='line_1_114' title="bbox 2006 5245 3592 5326; baseline -0.015 -7"><span class='ocrx_word' id='word_1_941' title='bbox 2006 5277 2180 5326; x_wconf 82' lang='lat' dir='ltr'><strong>secus;</strong></span> <span class='ocrx_word' id='word_1_942' title='bbox 2216 5272 2388 5316; x_wconf 83' lang='lat' dir='ltr'><strong>tamen</strong></span> <span class='ocrx_word' id='word_1_943' title='bbox 2417 5259 2550 5314; x_wconf 77' lang='lat' dir='ltr'><strong>ﬁdes</strong></span> <span class='ocrx_word' id='word_1_944' title='bbox 2569 5273 2635 5312; x_wconf 81' lang='lat' dir='ltr'><strong>ex</strong></span> <span class='ocrx_word' id='word_1_945' title='bbox 2660 5257 2839 5310; x_wconf 86' lang='lat' dir='ltr'><strong>auditu</strong></span> <span class='ocrx_word' id='word_1_946' title='bbox 2868 5265 2979 5309; x_wconf 88' lang='lat' dir='ltr'><strong>est:</strong></span> <span class='ocrx_word' id='word_1_947' title='bbox 2999 5265 3054 5307; x_wconf 90' lang='lat' dir='ltr'><strong>et</strong></span> <span class='ocrx_word' id='word_1_948' title='bbox 3077 5247 3343 5320; x_wconf 85' lang='lat' dir='ltr'><strong>quomodo</strong></span> <span class='ocrx_word' id='word_1_949' title='bbox 3368 5245 3592 5300; x_wconf 87' lang='lat' dir='ltr'><strong>audiunt</strong></span> 
     </span>
    </p>
   </div>
   <div class='ocr_carea' id='block_1_115' title="bbox 2007 5337 3589 5424">
    <p class='ocr_par' dir='ltr' id='par_1_115' title="bbox 2007 5337 3589 5424">
     <span class='ocr_line' id='line_1_115' title="bbox 2007 5337 3589 5424; baseline -0.014 -14"><span class='ocrx_word' id='word_1_950' title='bbox 2007 5355 2121 5410; x_wconf 88' lang='lat' dir='ltr'><strong>sine</strong></span> <span class='ocrx_word' id='word_1_951' title='bbox 2150 5353 2470 5424; x_wconf 67' lang='lat' dir='ltr'><strong>przcdicantc</strong></span> <span class='ocrx_word' id='word_1_952' title='bbox 2494 5350 2667 5420; x_wconf 87' lang='lat' dir='ltr'><strong>(Rom.</strong></span> <span class='ocrx_word' id='word_1_953' title='bbox 2700 5365 2764 5409; x_wconf 74' lang='grc' dir='ltr'>ιι.</span> <span class='ocrx_word' id='word_1_954' title='bbox 2793 5349 2858 5401; x_wconf 85' lang='grc'><strong>17</strong></span> <span class='ocrx_word' id='word_1_955' title='bbox 2883 5387 2899 5408; x_wconf 86' lang='grc'>,</span> <span class='ocrx_word' id='word_1_956' title='bbox 2928 5345 3055 5415; x_wconf 73' lang='lat' dir='ltr'><strong>H)?</strong></span> <span class='ocrx_word' id='word_1_957' title='bbox 3080 5342 3261 5410; x_wconf 80' lang='lat' dir='ltr'><strong>Neque</strong></span> <span class='ocrx_word' id='word_1_958' title='bbox 3303 5339 3444 5393; x_wconf 89' lang='lat' dir='ltr'><strong>enim</strong></span> <span class='ocrx_word' id='word_1_959' title='bbox 3468 5337 3589 5405; x_wconf 88' lang='lat' dir='ltr'><strong>quia</strong></span> 
     </span>
    </p>
   </div>
   <div class='ocr_carea' id='block_1_116' title="bbox 2011 5429 3592 5510">
    <p class='ocr_par' dir='ltr' id='par_1_116' title="bbox 2011 5429 3592 5510">
     <span class='ocr_line' id='line_1_116' title="bbox 2011 5429 3592 5510; baseline -0.01 -11"><span class='ocrx_word' id='word_1_960' title='bbox 2011 5445 2150 5499; x_wconf 83' lang='lat' dir='ltr'><strong>Deus</strong></span> <span class='ocrx_word' id='word_1_961' title='bbox 2186 5443 2278 5496; x_wconf 84' lang='lat' dir='ltr'><strong>dat</strong></span> <span class='ocrx_word' id='word_1_962' title='bbox 2324 5441 2704 5496; x_wconf 87' lang='lat' dir='ltr'><strong>incrementum</strong></span> <span class='ocrx_word' id='word_1_963' title='bbox 2738 5437 2797 5510; x_wconf 88' lang='grc' dir='ltr'>(ι</span> <span class='ocrx_word' id='word_1_964' title='bbox 2836 5435 2953 5491; x_wconf 87' lang='lat' dir='ltr'><strong>Cor.</strong></span> <span class='ocrx_word' id='word_1_965' title='bbox 2987 5450 3071 5500; x_wconf 89' lang='lat' dir='ltr'><strong>ut,</strong></span> <span class='ocrx_word' id='word_1_966' title='bbox 3105 5431 3208 5500; x_wconf 83' lang='lat'><strong>7).</strong></span> <span class='ocrx_word' id='word_1_967' title='bbox 3235 5429 3356 5484; x_wconf 84' lang='lat' dir='ltr'><strong>ideo</strong></span> <span class='ocrx_word' id='word_1_968' title='bbox 3384 5443 3487 5482; x_wconf 86' lang='lat' dir='ltr'><strong>non</strong></span> <span class='ocrx_word' id='word_1_969' title='bbox 3511 5434 3592 5483; x_wconf 73' lang='lat' dir='ltr'><strong>est</strong></span> 
     </span>
    </p>
   </div>
   <div class='ocr_carea' id='block_1_117' title="bbox 2008 5531 2759 5607">
    <p class='ocr_par' dir='ltr' id='par_1_117' title="bbox 2008 5531 2759 5607">
     <span class='ocr_line' id='line_1_117' title="bbox 2008 5531 2759 5607; baseline -0.008 -19"><span class='ocrx_word' id='word_1_970' title='bbox 2008 5533 2353 5607; x_wconf 88' lang='lat' dir='ltr'><strong>plantandum</strong></span> <span class='ocrx_word' id='word_1_971' title='bbox 2383 5542 2438 5588; x_wconf 92' lang='lat' dir='ltr'><strong>et</strong></span> <span class='ocrx_word' id='word_1_972' title='bbox 2463 5531 2759 5602; x_wconf 83' lang='lat' dir='ltr'><strong>rigandum.</strong></span> 
     </span>
    </p>
   </div>
   <div class='ocr_carea' id='block_1_118' title="bbox 2079 5611 3594 5700">
    <p class='ocr_par' dir='ltr' id='par_1_118' title="bbox 2079 5611 3594 5700">
     <span class='ocr_line' id='line_1_118' title="bbox 2079 5611 3594 5700; baseline -0.013 -16"><span class='ocrx_word' id='word_1_973' title='bbox 2079 5630 2133 5684; x_wconf 82' lang='grc'><strong>5.</strong></span> <span class='ocrx_word' id='word_1_974' title='bbox 2158 5625 2306 5700; x_wconf 83' lang='lat' dir='ltr'><strong>[vers.</strong></span> <span class='ocrx_word' id='word_1_975' title='bbox 2340 5627 2442 5681; x_wconf 79' lang='grc'><strong>175</strong></span> <span class='ocrx_word' id='word_1_976' title='bbox 2465 5666 2479 5689; x_wconf 90' lang='grc'><em>,</em></span> <span class='ocrx_word' id='word_1_977' title='bbox 2513 5621 2660 5696; x_wconf 68' lang='grc'><strong>174]</strong></span> <span class='ocrx_word' id='word_1_978' title='bbox 2686 5621 2796 5678; x_wconf 90' lang='lat' dir='ltr'><strong>Scit</strong></span> <span class='ocrx_word' id='word_1_979' title='bbox 2816 5628 2991 5676; x_wconf 86' lang='lat' dir='ltr'><strong>autcm</strong></span> <span class='ocrx_word' id='word_1_980' title='bbox 3019 5631 3141 5687; x_wconf 79' lang='lat' dir='ltr'><strong>qua:</strong></span> <span class='ocrx_word' id='word_1_981' title='bbox 3181 5611 3411 5685; x_wconf 87' lang='lat' dir='ltr'><strong>pericula</strong></span> <span class='ocrx_word' id='word_1_982' title='bbox 3438 5626 3594 5667; x_wconf 86' lang='lat' dir='ltr'><strong>secu—</strong></span> 
     </span>
    </p>
   </div>
   <div class='ocr_carea' id='block_1_119' title="bbox 2076 5771 3592 5844">
    <p class='ocr_par' dir='ltr' id='par_1_119' title="bbox 2076 5771 3592 5844">
     <span class='ocr_line' id='line_1_119' title="bbox 2076 5771 3592 5844; baseline -0.013 -9"><span class='ocrx_word' id='word_1_983' title='bbox 2076 5789 2090 5819; x_wconf 78' lang='grc'>¹</span> <span class='ocrx_word' id='word_1_984' title='bbox 2118 5787 2190 5834; x_wconf 88' lang='lat' dir='ltr'><strong>sic</strong></span> <span class='ocrx_word' id='word_1_985' title='bbox 2213 5795 2275 5832; x_wconf 76' lang='lat' dir='ltr'><strong>ex</strong></span> <span class='ocrx_word' id='word_1_986' title='bbox 2310 5782 2496 5843; x_wconf 84' lang='lat' dir='ltr'><strong>aliquot</strong></span> <span class='ocrx_word' id='word_1_987' title='bbox 2537 5787 2641 5829; x_wconf 77' lang='lat' dir='ltr'><strong>Mss.</strong></span> <span class='ocrx_word' id='word_1_988' title='bbox 2679 5779 2752 5844; x_wconf 75' lang='lat' dir='ltr'><strong>sic</strong></span> <span class='ocrx_word' id='word_1_989' title='bbox 2771 5773 3236 5844; x_wconf 65' lang='lat' dir='ltr'><strong>_etiam_.\mbrosius</strong></span> <span class='ocrx_word' id='word_1_990' title='bbox 3265 5771 3316 5821; x_wconf 88' lang='lat' dir='ltr'><strong>in</strong></span> <span class='ocrx_word' id='word_1_991' title='bbox 3338 5771 3442 5821; x_wconf 84' lang='lat' dir='ltr'><strong>suis</strong></span> <span class='ocrx_word' id='word_1_992' title='bbox 3461 5776 3592 5817; x_wconf 88' lang='lat' dir='ltr'><strong>Com-</strong></span> 
     </span>
    </p>
   </div>
   <div class='ocr_carea' id='block_1_120' title="bbox 2009 5836 3163 5900">
    <p class='ocr_par' dir='ltr' id='par_1_120' title="bbox 2009 5836 3163 5900">
     <span class='ocr_line' id='line_1_120' title="bbox 2009 5836 3163 5900; baseline -0.014 0"><span class='ocrx_word' id='word_1_993' title='bbox 2009 5847 2256 5900; x_wconf 86' lang='lat' dir='ltr'><strong>mentariis</strong></span> <span class='ocrx_word' id='word_1_994' title='bbox 2280 5846 2336 5895; x_wconf 84' lang='lat' dir='ltr'><strong>ad</strong></span> <span class='ocrx_word' id='word_1_995' title='bbox 2361 5836 2544 5892; x_wconf 84' lang='lat' dir='ltr'><strong>huncce</strong></span> <span class='ocrx_word' id='word_1_996' title='bbox 2578 5840 2884 5891; x_wconf 77' lang='lat' dir='ltr'><strong>versiculum.</strong></span> <span class='ocrx_word' id='word_1_997' title='bbox 2910 5836 3163 5899; x_wconf 68' lang='lat' dir='ltr'><strong>Liudu‘ittJ</strong></span> 
     </span>
    </p>
   </div>
  </div>
