4032 6202
411 393 551 451 1595

406 517 526 564 tum
557 509 662 564 sint
688 523 715 562 a
745 504 1229 563 contradicentibus
1264 512 1319 560 et
1362 504 1802 576 persequentibus
1825 545 1841 568 ,
1867 519 1989 558 cum

407 585 571 654 fuerit.
612 599 982 668 pronuntiator
1029 596 1364 667 eloquiorum
1415 596 1510 651 Dei
1545 614 1557 651 :
1591 605 1808 666 propter
1856 594 1999 665 quod

356 733 364 753 _.
407 691 648 758 adjunxit
671 730 686 753 ,
714 688 835 755 Fiat
863 706 1042 745 manus
1083 700 1167 744 tua
1190 731 1206 755 ,
1230 698 1283 742 ut
1319 689 1514 743 salvum
1552 705 1632 743 me
1657 690 1853 759 faciat;
1878 689 1999 758 quia

408 780 647 833 mandata
690 789 777 832 tua
811 780 957 851 elegi.
984 778 1052 835 Ut
1098 795 1203 834 non
1247 780 1490 834 timerem
1515 819 1530 845 ,
1559 794 1659 834 nec
1686 780 1859 834 solum
1904 794 1999 834 cor

407 885 582 925 meum
609 871 874 935 teneret‘,
902 870 996 925 sed
1019 871 1193 941 lingua
1215 870 1374 925 etiam
1400 870 1769 939 pronuntiaret
1789 869 1998 939 eloquia

409 967 518 1023 tua;
550 960 790 1013 mandata
816 970 903 1014 tua
930 961 1077 1031 elegi,
1107 961 1459 1032 timoremque
1480 976 1664 1016 amore
1680 960 1991 1031 compressi.

411 1051 531 1107 Fiat
557 1066 684 1122 ergo
724 1067 911 1106 manus
938 1060 1023 1106 tua
1045 1092 1060 1118 ,
1087 1062 1143 1106 ut
1186 1052 1388 1107 salvum
1418 1067 1504 1107 me
1538 1051 1605 1108 de
1633 1068 1793 1107 manu
1837 1051 1996 1107 iacias

408 1143 601 1198 aliena.
632 1138 721 1198 Sic
744 1154 920 1197 autem
943 1142 1083 1198 Deus
1102 1142 1278 1197 salvos
1308 1151 1569 1214 martyres
1597 1141 1740 1209 fecit,
1763 1156 1887 1197 cum
1903 1156 1999 1197 eos

407 1232 463 1288 in
490 1232 664 1287 anima
695 1248 798 1287 non
826 1234 1065 1302 permisit
1085 1233 1252 1289 occidi
1286 1251 1298 1287 :
1326 1248 1445 1287 nam
1462 1233 1755 1288 secundum
1782 1249 1996 1290 carnem

408 1339 545 1378 vana
567 1323 712 1378 salus
738 1323 967 1378 hominis
989 1322 1156 1394 (Psat.
1182 1339 1288 1390 th,
1314 1324 1615 1390 i5).Potest
1634 1333 1689 1379 et
1707 1324 1786 1380 sic
1804 1324 1995 1395 accipi.

410 1416 533 1470 Fiat
571 1432 751 1470 manus
776 1425 896 1483 tua,
925 1423 981 1469 ut
1010 1430 1197 1469 manus
1228 1415 1320 1470 Dei
1351 1414 1597 1470 Christus
1630 1414 1992 1486 intelligatur;

402 1505 554 1575 juxta
582 1506 711 1560 illud
743 1504 907 1571 Isaia),
930 1505 995 1559 Et
1021 1505 1276 1559 brachium
1300 1504 1504 1560 Domini
1529 1506 1611 1560 cui
1633 1506 1902 1561 revelatum
1921 1517 1996 1561 est

409 1594 560 1665 (Isai.
592 1612 678 1651 un
701 1639 717 1662 ,
748 1597 835 1668 1)?
855 1597 967 1652 Non
998 1597 1142 1653 enim
1169 1606 1283 1653 erat
1311 1596 1480 1652 factus
1510 1597 1844 1668 Unigenitus,
1871 1614 1993 1654 cum

407 1701 506 1757 per
534 1703 655 1742 eum
699 1689 832 1743 facta
857 1689 965 1743 sint
988 1690 1164 1743 omnia
1195 1688 1369 1759 (Joan.
1395 1705 1434 1754 ι,
1466 1689 1521 1761 5)
1550 1708 1567 1757 ;
1593 1690 1687 1745 sed
1716 1691 1883 1748 factus
1912 1700 1996 1747 est

407 1792 471 1832 ex
499 1779 702 1834 semine
729 1779 896 1834 David
917 1778 1096 1849 (Rom.
1120 1795 1137 1834 ι
1162 1821 1177 1846 ,
1205 1778 1261 1850 5)
1291 1820 1306 1847 ,
1334 1788 1392 1834 ιιι
1430 1789 1573 1835 esset
1610 1779 1766 1836 Jesus
1786 1822 1800 1846 ,
1831 1781 1884 1836 id
1913 1790 1996 1837 est

408 1867 672 1935 Salvator,
700 1871 786 1940 qui
812 1870 921 1940 jam
951 1880 1066 1926 erat
1094 1870 1335 1926 Creator.
1360 1871 1467 1927 Sed
1494 1887 1614 1926 cum
1641 1871 1901 1929 familiare
1925 1875 1996 1929 sit

405 1960 728 2029 Scriptum,
754 1960 878 2015 Fiat
907 1978 1090 2016 manus
1116 1971 1202 2016 tua
1226 1979 1246 2026 ;
1290 1971 1344 2017 et
1364 2005 1378 2023 ,
1411 1963 1568 2018 Facta
1587 1974 1660 2019 est
1679 1981 1860 2021 manus
1884 1964 1995 2021 Do-

404 2051 530 2105 mini
559 2050 768 2122 (Ezeclt.
797 2068 834 2117 ι,
858 2052 911 2118 3,
935 2054 1056 2123 etc.)
1083 2071 1096 2106 :
1123 2054 1299 2109 nescio
1322 2065 1496 2110 utrum
1516 2056 1682 2125 possit
1699 2056 1784 2111 hic
1802 2071 1996 2113 sensus

405 2141 460 2197 in
489 2143 568 2198 eis
594 2142 722 2197 locis
741 2144 986 2200 omnibus
1013 2145 1262 2202 obtineri.
1285 2147 1423 2202 Sane
1458 2149 1544 2203 ubi
1578 2150 1820 2206 audimus
1849 2150 1993 2222 quod

404 2232 667 2303 sequitur,
698 2231 976 2305 Concupivi
997 2235 1224 2291 salutare
1250 2246 1410 2304 tuum,
1439 2237 1678 2305 Domine;
1701 2242 1860 2297 etiam
1891 2258 1992 2297 uo-

404 2323 634 2381 lentibus
664 2327 909 2382 omnibus
933 2327 1181 2396 inimicis,
1203 2331 1434 2386 salutare
1461 2332 1554 2388 Dei
1578 2334 1731 2391 nobis
1749 2334 1992 2392 Christus

404 2428 644 2473 occurrat
659 2436 672 2472 :
687 2419 859 2489 ipsum
881 2434 939 2475 se
958 2421 1275 2492 concupisse
1289 2421 1414 2493 justi
1431 2424 1634 2495 antiqui
1654 2427 1990 2482 veracissime

403 2510 727 2565 conﬁtentur
750 2550 766 2578 ,
796 2511 967 2581 ipsum
1007 2514 1311 2584 concupivit
1339 2516 1573 2571 Ecclesia
1614 2528 1896 2574 venturum
1921 2520 1991 2577 de

403 2601 701 2657 visceribus
729 2605 934 2671 matris,
968 2604 1140 2674 ipsum
1168 2608 1499 2676 concupiscit
1528 2608 1766 2665 Ecclesia
1796 2619 1990 2667 ventu-

402 2708 522 2748 rum
549 2710 575 2746 a
603 2693 823 2750 dextera
852 2694 1042 2750 Patris.
1064 2695 1411 2767 Subjungitur
1429 2709 1605 2754 autem
1633 2698 1756 2755 huic
1776 2711 1992 2757 senten-

404 2785 521 2851 tiae,
557 2783 616 2838 Et
641 2786 724 2839 lea:
760 2797 846 2839 tua
875 2787 1132 2842 meditatio
1170 2806 1280 2843 mea
1309 2799 1381 2844 est
1412 2805 1432 2844 :
1462 2790 1586 2862 quia
1627 2790 1712 2846 lex
1749 2792 1992 2861 perhibet

402 2877 762 2931 testimonium
791 2875 1020 2933 Christo.

473 2966 525 3021 6.
569 2966 718 3037 [υεη.
752 2967 898 3039 175.]
937 2968 1039 3024 Sed
1069 2970 1119 3024 in
1150 2967 1249 3025 bac
1270 2969 1392 3037 tide,
1415 2986 1537 3026 eum
1563 2972 1726 3028 corde
1755 2974 1990 3030 creditur

398 3054 467 3108 ιιιΙ
519 3055 795 3125 justitiam,
852 3063 946 3113 o'i'e
997 3069 1175 3115 autem
1215 3059 1481 3116 confessio
1537 3061 1597 3117 ﬁt
1644 3062 1711 3117 ad
1764 3065 1989 3139 salutem

401 3147 578 3220 (Rom.
625 3164 683 3214 χ,
731 3150 856 3220 10);
901 3149 1131 3207 fremant
1175 3161 1383 3221 gentes,
1439 3154 1621 3223 populi
1664 3156 1991 3212 meditemur

402 3240 578 3295 inania
602 3238 773 3310 (l’sal.
798 3258 855 3308 ιι,
886 3239 966 3311 1),
991 3243 1265 3297 occidatur
1292 3252 1440 3299 certe
1483 3258 1610 3301 caro
1637 3245 1764 3300 dum
1793 3247 1987 3314 [mndi-

402 3338 490 3383 cat
521 3338 609 3385 te:
652 3330 787 3384 Vivet
826 3332 997 3385 anima
1035 3350 1165 3397 utea,
1196 3342 1243 3386 et
1268 3333 1495 3388 laudabit
1520 3343 1587 3398 te,
1615 3344 1663 3389 et
1676 3336 1877 3405 judicia
1898 3350 1989 3391 tua

402 3421 712 3491 adiuvabunt
739 3438 835 3475 me.
865 3422 1070 3477 Judicia
1114 3425 1310 3494 quippe
1341 3425 1426 3480 illa
1463 3436 1605 3494 sunt,
1633 3443 1752 3497 qua:
1779 3438 1988 3500 tempus

400 3520 518 3566 erat
543 3521 599 3567 ut
628 3513 925 3583 inciperent
950 3532 980 3570 a
1006 3516 1166 3570 domo
1191 3517 1396 3573 Domini
1416 3519 1459 3590 (l
1481 3518 1620 3575 Petr.
1644 3536 1716 3587 IV,
1745 3522 1850 3593 i7).
1878 3523 1985 3579 Sed

400 3604 711 3676 adjuvabunt
744 3623 841 3665 me.
877 3608 1065 3678 inquit.
1106 3609 1171 3663 Et
1211 3611 1330 3680 quis
1377 3627 1482 3667 non
1520 3611 1696 3669 videat
1730 3623 1986 3685 quantum

398 3698 660 3767 adjuvcrit
687 3699 983 3756 Ecclesium
1009 3703 1224 3773 sanguis
1256 3703 1550 3759 Ecclesim?
1575 3716 1770 3776 quanta
1796 3723 1867 3763 ex
1896 3708 1987 3763 illa

398 3800 637 3847 semente
666 3808 819 3863 seges
848 3801 958 3848 toto
984 3794 1115 3849 orbe
1139 3797 1459 3851 surrexerit?

470 3885 521 3938 7.
566 3884 716 3957 [vers.
749 3884 897 3958 176.]
937 3886 1233 3942 Novissime
1257 3902 1475 3957 prorsus
1499 3892 1670 3958 aperit
1692 3906 1771 3955 se,
1795 3900 1851 3947 et
1867 3908 1986 3962 qute

398 3991 626 4045 persona
672 3993 767 4048 per
817 3986 984 4032 totmn
1033 3979 1303 4033 Psalmum
1355 3979 1688 4049 loquebatur,
1729 3982 1981 4039 ostendit.

398 4067 602 4136 Erravi,
636 4069 825 4138 inquit,
857 4070 986 4123 sicut
1020 4070 1124 4123 ovis
1152 4069 1348 4139 perdita
1367 4086 1384 4134 ;
1405 4086 1573 4142 qurere
1595 4088 1790 4126 servum
1817 4082 1980 4141 tuum,

397 4159 516 4227 quia
550 4160 789 4213 mandata
816 4170 900 4213 tua
941 4177 1041 4214 non
1066 4177 1178 4215 sum
1218 4161 1422 4216 oblitus.
1471 4163 1725 4217 Nonnulli
1766 4165 2001 4221 codices.

397 4267 504 4305 non
542 4250 740 4307 habent
781 4267 967 4321 qurere,
1015 4252 1109 4307 sed
1148 4254 1364 4321 vivi/ica.
1400 4253 1509 4309 Una
1539 4255 1735 4325 quippe
1781 4256 1983 4328 syllaba

397 4343 640 4410 interest,
663 4358 765 4412 qua
788 4344 925 4398 inter
943 4345 1071 4398 sein
1096 4360 1269 4414 graeco
1283 4344 1485 4400 distant
1506 4351 1646 4411 ζῆσσν
1669 4356 1725 4401 et
1748 4354 1980 4414 fiscum:

398 4432 539 4486 unde
584 4441 638 4488 et
682 4433 780 4503 ipsi
828 4433 1040 4489 codices
1078 4435 1236 4503 grmci
1286 4435 1514 4489 variant.
1560 4436 1665 4492 Sed
1708 4439 1985 4507 quodlibet

398 4521 587 4577 borum
625 4524 714 4587 sit,
758 4523 872 4577 ovis
895 4524 1095 4592 perdita
1126 4534 1413 4593 quieratur,
1443 4525 1559 4579 ovis
1582 4527 1786 4595 perdita
1811 4530 1984 4585 viviﬁ-

395 4621 565 4679 Cetur,
598 4623 814 4683 prepter
841 4630 999 4684 quam
1027 4624 1207 4684 pastor
1225 4615 1341 4685 ejus
1372 4617 1654 4686 nonaginta
1685 4636 1873 4675 novem
1897 4623 1980 4677 di-

394 4703 539 4757 misit
565 4704 617 4756 in
658 4703 940 4768 montibus,
974 4713 1028 4758 et
1048 4719 1164 4759 eam
1192 4720 1440 4774 qumrens
1471 4704 1976 4783 (Matt/1.xv1u,12),

393 4782 627 4849 Judaieis
656 4792 917 4848 hceratus
940 4804 1024 4849 est
1049 4794 1321 4864 vepribus.
1361 4795 1466 4850 Sed
1494 4795 1669 4852 adhuc
1695 4800 1975 4869 quieritur,

393 4885 571 4939 adhuc
604 4892 893 4952 qumratur,
936 4899 1004 4939 ex
1044 4895 1194 4955 parte
1233 4885 1449 4941 inventa
1491 4886 1665 4943 adhuc
1687 4899 1976 4958 quaeratur.

392 4974 471 5030 Ex
499 4990 559 5030 ea
594 4990 823 5044 namque
851 4986 1022 5045 parte,
1051 4992 1154 5047 qua
1183 4977 1311 5031 dicit
1335 4978 1456 5042 iste,
1486 4977 1735 5033 Mandata
1762 4989 1850 5034 tua
1878 4999 1980 5037 non

392 5082 503 5118 sum
528 5066 733 5131 oblitus,
765 5066 977 5120 inventa
1006 5076 1116 5132 est;
1142 5066 1239 5122 sed
1268 5083 1364 5136 per
1387 5082 1481 5122 eos
1500 5069 1590 5139 qui
1614 5070 1859 5126 mandata
1886 5071 1978 5128 Dei

389 5157 616 5225 eligunt,
655 5157 968 5226 colligunt“,
997 5157 1239 5227 diligunt,
1283 5158 1455 5213 adhuc
1480 5162 1756 5230 quieritur,
1801 5171 1857 5217 et
1883 5180 1979 5234 per

389 5250 471 5303 sui
523 5250 752 5319 pastoris
785 5250 1099 5320 sanguinem
1146 5249 1318 5303 fusum
1363 5260 1520 5322 atque
1559 5250 1884 5323 dispersum,
1924 5256 1977 5311 in

392 5342 643 5398 omnibus
668 5342 913 5412 gentibus
943 5342 1230 5397 invenitur.

459 5434 514 5489 8.
554 5435 626 5491 Ut
651 5436 820 5505 potui,
843 5444 1098 5505 quantum
1120 5453 1148 5488 a
1181 5434 1404 5488 Domino
1432 5434 1649 5505 adjutus
1668 5450 1811 5502 sum,
1835 5437 1976 5507 psal-

388 5539 534 5578 inmn
580 5526 738 5579 istum
784 5541 1032 5597 magnum
1077 5527 1388 5594 pertractavi
1432 5534 1487 5581 et
1539 5528 1778 5597 exposui.
1822 5527 1976 5597 Quod

456 5638 471 5668 ι
498 5641 572 5686 sic
595 5646 693 5690 Am.
724 5647 778 5689 et
800 5646 906 5689 Mss.
932 5641 972 5703 si
998 5653 1174 5702 paucos
1198 5641 1430 5702 excipias,
1466 5642 1549 5703 qui
1573 5642 1772 5702 habent,
1798 5655 1884 5693 nec
1901 5657 1975 5695 so-

387 5697 490 5749 lum
513 5710 605 5769 cor.
618 5712 779 5769 meum
794 5713 886 5750 non
908 5697 1111 5752 timeret.
1135 5710 1189 5751 At.
1205 5708 1278 5751 Er.
1308 5697 1360 5751 et
1375 5697 1503 5762 Levf,
1529 5714 1616 5753 nec
1631 5697 1783 5755 solum
1807 5717 1866 5756 ne
1887 5718 1973 5756 cor

385 5772 547 5811 meum
569 5765 772 5808 timeret.

451 5823 472 5852 ²
498 5820 724 5881 verbum,
748 5821 993 5885 colligunt,
1014 5823 1154 5873 abest
1175 5836 1202 5872 a
1227 5823 1444 5886 piuribns
1463 5831 1568 5874 Mss.

1650 388 1707 444 S.
1748 383 2114 443 AUGUSTINI
2155 384 2459 445 EPISCOPI

3548 397 3701 457 1596

2104 505 2342 575 profecto
2384 508 2575 564 melius
2615 511 2963 581 Sapientiores
3004 515 3379 595 doctioresque
3417 526 3687 599 fecerunt,

2104 596 2218 651 sive
2242 596 2430 653 facturi
2457 609 2617 667 sunt;
2650 618 2749 659 nec
2776 606 2898 662 ideo
2934 617 3108 666 tamen
3136 614 3185 667 ei
3221 627 3467 674 nostrum
3493 596 3694 680 deesse

2103 686 2285 742 debuit
2326 689 2700 760 ministerium,
2750 698 2980 755 maxime
3007 701 3059 756 id
3099 702 3168 759 de
3209 721 3296 763 me
3325 710 3693 780 ﬂagitantibus

2104 777 2379 875 fratribus,
2407 783 2596 875 quibus
2620 801 2738 842 sum
2780 788 2989 847 debitor
3022 793 3179 865 hujus
3204 777 3560 875 ot'liciiIQnod
3590 827 3696 865 au-

2103 875 2219 970 tem.
2240 870 2306 925 de
2334 872 2617 943 alphabeto
2646 876 2882 947 hebrreo,
2919 883 3009 938 ubi
3045 890 3221 943 octoni
3249 870 3695 970 vcrsnsvsinguiis

2103 959 2381 1030 subjacent
2399 964 2610 1033 litteris,
2642 977 2801 1040 atque
2821 971 2892 1027 ita
2915 974 3157 1032 Psalmus
3189 989 3329 1039 totus
3354 959 3692 1060 contexi-tur,

2101 1051 2233 1108 nihil
2275 1054 2405 1123 dixi,
2448 1073 2552 1113 non
2601 1061 2671 1115 sit
2703 1063 2918 1133 mirum,
2967 1072 3215 1139 quoniam
3257 1076 3386 1133 nihil
3428 1084 3567 1152 quod
3612 1051 3692 1139 ad

2101 1144 2259 1200 istum
2290 1150 2502 1219 proprie
2538 1155 2828 1221 pertineret
2865 1159 3040 1216 inveni
3070 1181 3085 1218 :
3115 1181 3221 1220 non
3249 1170 3389 1225 enim
3417 1144 3561 1229 solus
3585 1176 3698 1232 ba-

2099 1236 2309 1336 bethas
2335 1240 2559 1297 litteras.
2594 1244 2727 1302 Illud
2756 1263 2886 1305 sane
2911 1253 3083 1309 sciant
3109 1258 3198 1326 qui
3227 1259 3327 1315 hoc
3353 1262 3405 1317 in
3429 1281 3598 1336 grieca
3630 1278 3698 1326 et

2101 1326 2264 1383 latina
2291 1333 2575 1402 scriptura,
2600 1339 2849 1407 quoniam
2882 1357 2987 1398 non
3018 1345 3126 1402 illic
3162 1326 3457 1429 servatumv
3470 1367 3572 1424 est,
3601 1360 3699 1413 iu-

2099 1420 2283 1476 venire
2312 1437 2416 1476 non
2446 1436 2684 1495 possunt,
2716 1445 2903 1487 omnes
2927 1444 3150 1492 octonos
3171 1420 3356 1497 versus
3385 1445 3435 1499 in
3470 1420 3699 1505 hebrai—

2098 1508 2176 1563 cis
2202 1511 2474 1569 codicibus
2498 1516 2567 1571 ab
2587 1532 2649 1571 ea
2680 1535 2800 1589 quae
2828 1523 2932 1577 illis
2956 1529 3300 1598 praeponitur,
3340 1533 3513 1593 littera
3543 1539 3697 1596 inci-

2098 1614 2260 1670 pere;
2302 1605 2438 1660 sicut
2467 1609 2621 1666 nobis
2648 1611 2718 1666 ab
2758 1614 2837 1669 eis
2862 1617 2954 1686 qui
2984 1619 3100 1675 illas
3143 1637 3407 1682 noverunt
3452 1630 3693 1700 litteras,

2099 1691 2388 1750 indicatum
2432 1707 2534 1753 est.
2579 1699 2733 1769 Quod
2780 1706 2949 1763 multo
2992 1709 3297 1782 diligentius
3338 1717 3529 1777 factum
3569 1691 3691 1792 est,

2097 1796 2256 1851 quam
2296 1788 2464 1842 nostri
2493 1789 2577 1845 vel
2607 1792 2768 1851 latine
2809 1797 2893 1852 vel
2934 1802 3146 1871 punice,
3175 1821 3310 1875 quos
3338 1788 3693 1872 abeeedarios

2097 1887 2289 1933 vocant
2342 1881 2609 1951 psalmos,
2668 1884 2844 1945 facere
2895 1905 3312 1954 consueverunt.
3363 1902 3479 1959 Non
3535 1909 3691 1965 enim

2096 1982 2283 2024 onmes
2326 1986 2509 2028 versus
2547 1973 2718 2033 donec
2755 1979 3034 2039 claudatur
3072 1989 3345 2060 periodus,
3393 1996 3487 2051 sed
3534 2001 3696 2056 solos

2096 2060 2297 2129 primos
2325 2063 2394 2119 ab
2416 2064 2603 2123 eadem
2630 2069 2805 2126 littera
2833 2073 3115 2147 incipiunt,
3153 2097 3310 2153 quam
3343 2101 3690 2158 praeponuut.

2103 2194 3696 2352 Μ

2697 2398 3117 2462 ENARRATIO.

2643 2529 2816 2572 εειιιιο
2841 2538 2907 2575 Αἰ)
2936 2538 3158 2580 PLEBEM.

2167 2623 2219 2676 i.
2261 2621 2411 2697 [vers.
2453 2626 2530 2699 1.]
2571 2627 2754 2686 Brevis
2797 2632 3036 2692 Psalmus
3073 2649 3175 2707 est,
3228 2652 3284 2697 et
3314 2643 3465 2700 valde
3505 2648 3689 2715 utilis,

2094 2728 2251 2783 quem
2280 2716 2440 2773 modo
2468 2721 2619 2776 nobis
2661 2732 2930 2780 cantatum
2969 2728 3287 2799 audivimus,
3329 2744 3382 2790 et
3406 2740 3691 2797 cantando

2094 2807 2489 2875 respondimus.
2535 2811 2649 2867 Non
2678 2813 2769 2869 diu
2814 2816 3122 2877 laborabitis
3161 2822 3213 2878 in
3260 2826 3544 2893 audiendo,
3577 2848 3691 2887 nec

2096 2897 2424 2955 infructuose
2452 2901 2758 2959 laborabitis
2786 2906 2838 2962 in
2866 2910 3156 2977 operando.
3207 2912 3303 2968 Est
3344 2917 3507 2985 enim,
3538 2921 3691 2976 sicut

2093 2988 2209 3057 ejus
2249 2989 2435 3045 titulus
2482 3002 2827 3062 praenotatur,
2872 2997 3134 3055 Canticum
3176 3005 3445 3073 graduum.
3489 3010 3688 3066 Grmce

2093 3080 2347 3150 scriptum
2388 3091 2491 3148 est,
2529 3087 2826 3155 ἀναϐαθμῶν.
2867 3088 3075 3145 Gradus
3111 3095 3194 3148 vel
3234 3096 3686 3159 descendentium

2094 3163 2218 3225 sunt
2240 3172 2320 3226 vel
2361 3175 2763 3231 ascendentium
2797 3196 2812 3234 :
2851 3180 2946 3235 sed
2978 3184 3172 3252 gradus
3210 3190 3475 3255 quomodo
3504 3192 3556 3246 in
3588 3193 3685 3250 his

2094 3262 2315 3332 psalmis
2343 3264 2496 3334 positi
2526 3276 2669 3334 sunt,
2694 3269 3045 3326 ascendentes
3064 3274 3379 3343 signiﬁcant.
3409 3278 3689 3354 Intellige-

2093 3367 2214 3408 mus
2243 3367 2371 3425 ergo
2407 3364 2656 3425 tanquam
2691 3362 2963 3415 ascensuri
2989 3380 3003 3416 :
3033 3380 3132 3420 nec
3157 3368 3497 3426 ascensioucs
3523 3374 3689 3442 pedi-

2092 3443 2193 3498 bus
2218 3447 2588 3517 corporalibus
2613 3465 2933 3520 quaeramus,
2964 3455 3056 3511 sed
3084 3457 3223 3513 sicut
3250 3459 3300 3514 in
3335 3462 3439 3516 alio
3466 3465 3687 3533 psalmo

2092 3536 2347 3605 scriptum
2386 3547 2489 3607 est,
2524 3557 2544 3590 ι
2572 3541 2930 3600 Ascensiones
2968 3546 3018 3600 in
3054 3549 3216 3604 corde
3243 3550 3358 3621 ejus
3389 3553 3681 3624 disposuit,

2092 3626 2143 3680 in
2184 3630 2423 3685 convalle
2469 3631 2800 3701 plorationis,
2847 3635 2902 3690 in
2942 3638 3116 3693 locum
3155 3657 3313 3711 quem
3353 3644 3613 3715 diSposuit
3651 3667 3679 3702 ι

2091 3718 2263 3789 (Psat.
2293 3736 2516 3786 uniti,
2546 3723 2580 3779 6
2608 3734 2654 3779 et
2684 3726 2760 3795 7).
2794 3728 2929 3783 Dixit
2964 3747 2982 3781 ι
3004 3733 3373 3799 ascensioncs;
3404 3755 3422 3788 ι
3455 3737 3585 3791 ubi?
3616 3738 3684 3794 ιιι

2090 3820 2193 3878 est,
2227 3830 2245 3864 ι
2276 3812 2329 3867 in
2352 3813 2532 3869 corde.
2564 3833 2584 3867 ι
2608 3814 2797 3872 Unde?
2817 3819 2858 3872 A
2880 3836 2899 3869 ι
2927 3822 3170 3877 convalle
3199 3824 3526 3892 plorationis.
3560 3845 3579 3879 ι
3604 3828 3684 3884 Et

2085 3902 2195 3972 jam
2220 3920 2327 3974 quo
2353 3906 2692 3974 ascendatur,
2716 3918 2964 3978 tanquam
2986 3913 3165 3969 delicit
3184 3932 3363 3971 sermo
3385 3918 3677 3990 humanus,

2089 4010 2190 4049 nec
2237 3998 2489 4066 explicari
2544 4008 2753 4069 potest,
2807 4000 2943 4057 forte
2991 4021 3089 4060 nec
3136 4009 3379 4078 cogitari.
3431 4011 3683 4069 Audistis

2089 4089 2272 4154 modo,
2303 4104 2423 4143 cum
2451 4091 2739 4161 Apostolus
2781 4093 3070 4164 legeretur,
3109 4115 3128 4148 ι
3157 4098 3307 4167 Quod
3346 4101 3533 4156 oculus
3562 4118 3679 4159 non

2086 4177 2239 4240 vidit,
2264 4194 2362 4233 nec
2386 4180 2528 4234 auris
2559 4181 2778 4248 audivit,
2805 4200 2902 4240 nee
2928 4187 2979 4239 in
3008 4203 3101 4241 cor
3131 4188 3360 4244 hominis
3380 4193 3617 4248 ascendit
3639 4213 3665 4247 ι

2089 4269 2132 4339 (l
2155 4264 2273 4324 (lor.
2300 4285 2356 4337 ιι,
2385 4269 2462 4342 9).
2492 4291 2511 4325 ι
2540 4272 2594 4326 In
2616 4287 2709 4328 cor
2730 4273 2957 4332 hominis
2980 4295 3083 4335 non
3109 4282 3377 4347 ascendit;
3406 4303 3425 4335 ι
3453 4300 3547 4340 cor
3572 4284 3680 4341 bo-

2087 4363 2247 4416 minis
2285 4363 2411 4418 illuc
2448 4366 2721 4421 ascendat.
2765 4367 2905 4439 Ergo
2933 4373 3053 4440 quia
3090 4390 3110 4424 ι
3140 4374 3325 4429 oculus
3368 4392 3471 4431 non
3512 4377 3676 4447 vidit,

2082 4466 2186 4506 nec
2207 4453 2351 4507 auris
2375 4454 2595 4523 audivit,
2620 4472 2720 4512 nec
2744 4457 2796 4511 in
2822 4474 2916 4513 cor
2935 4459 3163 4517 hominis
3185 4465 3421 4520 ascendit
3441 4484 3456 4529 ;
3484 4485 3502 4519 ι
3535 4483 3681 4537 quo-

2086 4542 2248 4597 modo
2291 4543 2395 4599 dici
2427 4554 2608 4615 posset
2639 4561 2743 4616 quo
2778 4550 3169 4606 ascendentium
3217 4556 3334 4610 est?
3377 4556 3500 4612 Ideo
3543 4574 3677 4615 cum

2086 4635 2190 4690 dici
2232 4652 2337 4692 non
2367 4647 2568 4706 posset,
2612 4639 2706 4703 ait,
2747 4638 2811 4694 In
2848 4641 3014 4695 locum
3048 4661 3193 4715 quem
3230 4646 3501 4716 disposuit.
3529 4649 3677 4717 Quid

2087 4727 2179 4782 tibi
2222 4729 2338 4798 plus
2364 4728 2604 4783 dicturus
2642 4746 2779 4796 sum,
2811 4732 2884 4785 ait
2921 4731 3082 4788 homo
3123 4750 3217 4804 per
3244 4752 3400 4807 quem
3439 4739 3681 4808 Spiritus

2084 4827 2299 4872 sanctus
2360 4817 2706 4887 loquebatur?
2763 4818 2816 4875 in
2876 4820 3050 4876 locum
3107 4826 3286 4889 talem,
3346 4836 3439 4881 aut
3488 4829 3673 4883 locum

2086 4910 2280 4965 talem?
2320 4909 2587 4981 Quidquid
2629 4910 2838 4981 dixero,
2889 4924 3159 4971 terrenum
3210 4919 3432 4989 cogitas,
3482 4919 3673 4974 humi'

2084 5001 2245 5072 repis,
2291 5016 2504 5058 carnem
2532 5012 2713 5073 portas
2742 5022 2756 5059 :
2786 5019 2982 5075 corpus
3009 5006 3151 5077 quod
3187 5012 3545 5082 corrumpitur
3572 5028 3676 5085 ag-

2081 5105 2265 5165 gravat
2294 5096 2551 5163 animam,
2595 5105 2649 5151 et
2674 5095 2923 5166 deprimit
2960 5107 3170 5155 terrena
3200 5100 3513 5159 inhabitatio
3536 5098 3675 5163 sen—

2082 5203 2201 5242 sum
2227 5187 2389 5241 multa
2415 5187 2735 5257 cogitantem
2761 5186 2915 5259 (Sap.
2939 5203 3013 5257 ix,
3042 5189 3155 5262 15).
3180 5191 3275 5246 Cui
3298 5193 3679 5268 loquariquis

2080 5279 2358 5335 auditurus
2385 5291 2468 5335 est
2483 5281 2508 5333 ἰ
2552 5280 2673 5350 quis
2701 5281 2877 5351 capiet
2902 5282 2991 5336 ubi
3034 5283 3236 5339 erimus
3264 5296 3386 5356 post
3413 5287 3555 5344 hanc
3584 5291 3675 5345 vi-

2081 5380 2211 5439 tam,
2252 5373 2299 5426 si
2339 5372 2391 5426 in
2437 5372 2600 5428 corde
2647 5373 3085 5429 ascenderimus?
3125 5377 3256 5444 Quia
3307 5393 3436 5450 ergo
3481 5396 3663 5447 nemo,

2079 5466 2272 5536 spera'
2302 5464 2530 5536 aliquem
2556 5464 2877 5521 ineffabilem
2913 5466 3253 5524 beatitudinis
3279 5470 3476 5537 locum,
3503 5488 3669 5544 quem

2142 5641 2159 5673 ί
2183 5648 2281 5689 Am.
2308 5644 2361 5689 et
2381 5644 2474 5699 Er.,
2502 5637 2662 5688 Imma.
2688 5645 2741 5689 Et
2755 5639 2826 5690 sic
2845 5645 2953 5689 uss.
2975 5648 3272 5691 constanter.

2140 5704 2161 5734 ³
2187 5700 2316 5750 add:
2345 5699 2466 5762 quia
2499 5712 2615 5812 ενιΕὲ
2634 5712 2772 5751 nemo
2791 5707 2973 5763 sperat.
3012 5701 3373 5755 Christiuiensis
3413 5710 3516 5775 Its;
3542 5703 3673 5764 Quia

2140 5776 2193 5812 ao
2211 5775 2350 5812 nam
2370 5768 2518 5812 potest
2616 5775 2714 5812 ere.
2737 5775 2899 5812 saera.
2926 5772 3021 5812 etc.
3039 5763 3133 5812 Sed
3157 5763 3423 5812 tenendum
3448 5765 3667 5812 “detur:

2076 5776 2193 5827 ergo
2211 5775 2350 5812 nam
2370 5768 2518 5826 potest
2534 5763 2714 5827 dicere.
2737 5775 2899 5825 spera,
2926 5772 3021 5814 etc.
3039 5763 3133 5813 Sed
3157 5763 3423 5827 legendum
3448 5763 3667 5818 videtur;

2080 5823 2197 5885 Quia
2217 5837 2332 5890 ergo
2352 5823 2507 5887 neruo,
2526 5823 2739 5888 (supple,
2762 5823 2935 5887 capere
2957 5828 3129 5887 potest)
3148 5823 3308 5889 spira.
