4032 6202
328 401 355 456 ί
373 403 476 457 597

319 515 458 568 tibi‘
485 513 749 581 disposuit
772 515 860 584 qui
882 515 1222 570 ascensiones
1246 517 1402 571 etiam
1430 519 1481 572 iu
1505 520 1667 574 corde
1695 531 1784 575 luo
1810 521 1920 576 dis.

317 605 532 674 posuit.
598 603 702 659 Sed
751 605 874 658 ubi?
914 603 982 660 In
1023 607 1252 661 convalle
1292 607 1608 676 plorationis.
1651 610 1918 667 Convallis

317 698 688 752 humilitatem
715 697 1008 767 signiﬁcat;
1041 714 1196 754 mons
1222 700 1594 755 celsitudinem
1632 701 1913 772 signiﬁcat.

320 787 430 842 Est
459 803 615 842 mons
645 804 751 857 quo
776 789 1146 855 ascendamus,
1177 791 1467 861 spiritualis
1494 792 1736 861 quaedam
1761 793 1916 847 celsi-

319 880 478 935 tudo.
520 879 590 934 Et
629 881 747 950 quis
791 890 873 935 est
916 883 1015 937 iste
1059 897 1212 936 mons
1253 898 1360 953 quo
1406 885 1767 952 ascendimus,
1813 883 1918 940 nisi

321 968 590 1026 Dominus
637 971 794 1027 Jesus
829 971 1111 1028 Christus?
1159 973 1276 1043 lpse
1323 975 1414 1028 tibi
1457 976 1602 1041 lccit,
1643 975 1912 1046 patiendo,

323 1062 626 1117 convallem
659 1062 986 1132 plorationis,
1021 1065 1108 1133 qui
1151 1064 1297 1132 fecit,
1345 1067 1631 1134 manendo,
1677 1077 1912 1123 montem

323 1155 679 1208 ascensionis.
706 1155 839 1219 Quid
876 1165 958 1209 est
983 1157 1133 1210 vallis
1164 1157 1516 1225 plorationis?
1556 1157 1768 1212 Verbum
1793 1176 1912 1214 caro

318 1242 511 1310 factum
529 1251 622 1302 est,
649 1252 694 1294 et
721 1241 960 1294 habitavit
1001 1243 1050 1294 in
1095 1241 1256 1296 nobis.
1286 1241 1418 1310 Quid
1446 1249 1526 1297 est
1555 1243 1706 1298 vallis
1734 1245 1914 1314 plora-

320 1333 516 1387 tioais?
551 1332 772 1385 I’rwbuit
804 1332 1096 1400 percutienti
1126 1349 1180 1385 se
1206 1331 1505 1397 maxillam;
1546 1343 1800 1388 saturatas
1840 1345 1914 1390 est

319 1425 608 1496 apprabriis
640 1423 850 1495 (Tltren.
886 1440 962 1490 nt,
987 1423 1098 1494 '50).
1125 1423 1257 1490 Quid
1281 1432 1363 1480 est
1386 1425 1534 1478 vallis
1557 1425 1912 1494 plorationis?

318 1515 698 1586 Colapltizatus
738 1525 838 1579 est,
885 1515 1054 1584 sputis
1102 1515 1340 1580 illinitus,
1393 1515 1560 1583 spinis
1600 1525 1908 1584 coronatus,

321 1610 608 1664 cruciﬁxus
653 1618 752 1661 est.
803 1607 927 1661 [an
974 1617 1057 1661 est
1101 1606 1252 1659 vallis
1297 1605 1606 1674 plorationis
1638 1605 1776 1661 unde
1816 1608 1910 1661 tibi

319 1701 720 1756 ascendendum
751 1708 849 1754 est.
883 1699 987 1756 Sed
1013 1701 1064 1753 in
1093 1715 1197 1767 quo
1236 1699 1627 1753 ascendendum
1675 1700 1795 1754 est?
1845 1699 1912 1754 In

326 1792 579 1863 principio
611 1801 718 1844 erat
758 1789 991 1854 Verbum,
1019 1800 1064 1843 et
1101 1788 1313 1842 Verbum
1353 1798 1457 1842 erat
1481 1789 1620 1858 apud
1649 1788 1828 1854 Deum,
1861 1800 1910 1844 et

322 1884 462 1938 Deus
509 1892 618 1936 erat
670 1880 908 1936 Verbum.
943 1881 1118 1950 Ipsum
1146 1881 1288 1936 enim
1312 1879 1547 1934 Verbum
1575 1896 1692 1933 caro
1718 1881 1910 1947 {actum

323 1988 421 2040 est,
453 1989 500 2031 et
523 1979 768 2034 habitavit
795 1977 849 2032 in
871 1979 1012 2033 nobis
1035 1979 1214 2050 (Joan.
1239 1993 1276 2044 ι,
1305 1980 1356 2037 1.
1386 1980 1497 2048 14).
1522 1978 1610 2035 Sic
1634 1979 1909 2035 descendit

326 2067 397 2122 ad
425 2077 496 2133 te,
551 2077 608 2122 ut
649 2078 888 2125 maneret
917 2070 970 2123 in
1015 2084 1075 2124 se
1105 2087 1117 2122 :
1146 2069 1423 2123 descendit
1467 2069 1530 2123 ad
1563 2079 1633 2134 te,
1676 2079 1731 2124 ut
1756 2069 1907 2126 ﬁeret

327 2159 421 2213 tibi
466 2159 725 2213 convallis
757 2160 1102 2229 plorationis;
1135 2161 1329 2214 mansit
1358 2160 1406 2212 in
1439 2174 1517 2225 se,
1545 2168 1602 2214 ut
1642 2171 1786 2216 esset
1815 2163 1906 2216 tibi

327 2263 482 2302 mons
511 2250 862 2304 ascensionis.
905 2249 1040 2314 Erit,
1085 2250 1251 2318 inquit
1307 2249 1489 2314 Isaias,
1537 2251 1588 2303 in
1629 2251 1909 2306 novissimis

327 2339 500 2393 diebus
538 2341 833 2407 manifestus
864 2341 1038 2393 mons’
1068 2339 1292 2404 Domini,
1325 2349 1532 2408 paratus
1571 2341 1624 2393 in
1653 2342 1911 2395 cacumine

327 2431 573 2484 montium
603 2431 751 2502 (lsai.
781 2447 838 2496 tt,
868 2431 946 2501 2).
971 2431 1109 2486 Ecce
1129 2445 1233 2500 quo
1257 2431 1649 2486 ascendentium
1673 2442 1776 2486 est.
1801 2431 1906 2487 Sed

325 2521 432 2574 noli
461 2521 661 2590 aliquid
685 2529 952 2576 terrenum
981 2521 1236 2590 cogitare,
1269 2536 1367 2576 nec
1395 2523 1514 2589 quia
1551 2532 1784 2577 montem
1814 2540 1908 2577 au-

322 2612 468 2673 disti.
497 2614 602 2667 alta
627 2613 868 2682 quaedam
889 2614 1089 2683 cogites
1115 2623 1268 2666 terrm
1295 2631 1310 2665 ι
1338 2629 1438 2683 nec
1460 2629 1578 2668 cum
1603 2629 1787 2668 saxum
1813 2631 1907 2670 au-

322 2705 405 2758 dis
442 2714 533 2758 aut
573 2715 799 2773 petram,
829 2706 1020 2758 duritia
1074 2723 1103 2759 a
1146 2714 1195 2759 te
1236 2706 1588 2776 intelligatur;
1641 2723 1739 2762 nec
1783 2723 1902 2762 cum

317 2797 475 2854 audis
528 2798 758 2862 leonem,
816 2798 1017 2866 cogites
1068 2796 1368 2861 feritatem;
1430 2813 1527 2852 nec
1583 2813 1704 2852 cum
1753 2799 1906 2854 audis

315 2907 534 2961 agnum,
561 2889 762 2958 cogites
786 2904 964 2955 pecus.
989 2887 1129 2941 Nihil
1155 2887 1342 2943 horum
1361 2899 1443 2942 est
1471 2890 1520 2942 iu
1544 2905 1624 2955 se,
1651 2901 1699 2944 et
1727 2891 1904 2946 omnia

316 2981 488 3036 factus
533 2995 612 3036 est
644 2994 741 3050 pro
784 2989 853 3032 te.
889 2979 1021 3032 llinc
1050 2994 1177 3049 ergo
1213 2979 1608 3034 ascendendum
1640 2992 1742 3045 est,
1778 2983 1903 3036 illuc

313 3074 748 3138 ascendendum;
810 3072 876 3125 ab
919 3073 1163 3140 exemplo
1210 3071 1396 3141 ipsius,
1451 3072 1516 3126 ad
1575 3072 1901 3128 divinitatem

311 3170 503 3238 ipsius.
536 3168 847 3236 Exemplum
871 3164 1015 3220 enim
1049 3165 1138 3219 tibi
1167 3165 1285 3220 fecit
1308 3164 1636 3220 humiliando
1661 3181 1740 3220 se.
1770 3166 1899 3220 Nam

309 3263 402 3331 qui
448 3261 698 3314 nolebant
725 3276 751 3311 a
792 3257 1036 3313 convalle
1067 3256 1377 3324 plorationis
1407 3255 1717 3320 ascendere,
1749 3272 1900 3310 com-

310 3352 484 3421 pressi
525 3359 649 3405 sunt
687 3349 754 3403 ab
786 3350 918 3418 ipso.
959 3349 1309 3418 Praepmpcre
1339 3345 1481 3400 enim
1518 3345 1765 3400 volebant
1805 3347 1901 3398 ba-

306 3442 438 3497 bere
458 3457 760 3508 ascensum,
795 3442 1025 3494 honores
1053 3440 1194 3494 altos
1215 3437 1534 3506 cogitabant,
1561 3437 1699 3491 viam
1726 3437 1901 3492 humi-

308 3535 473 3588 litatis
497 3549 600 3588 non
630 3532 955 3602 cogitabant.
991 3532 1248 3601 Intellignt
1280 3527 1524 3586 Charitas
1556 3539 1730 3583 vestra
1759 3530 1898 3598 quod

307 3624 452 3688 dico,
482 3624 621 3678 duos
642 3623 930 3693 discipulos
954 3623 1183 3676 voluisse
1205 3621 1271 3676 ad
1301 3623 1463 3676 latera
1485 3619 1714 3683 Domini,
1735 3637 1898 3674 unum

307 3716 376 3770 ad
405 3716 702 3777 dexteram,
731 3715 957 3768 alterum
990 3713 1052 3768 ad
1081 3715 1347 3767 sinistram
1377 3711 1570 3768 sedere
1595 3727 1609 3762 :
1641 3711 1770 3763 vidit
1807 3727 1901 3766 eos

307 3806 568 3860 Dominus
596 3820 931 3874 prmpropere
960 3813 1013 3858 ct
1041 3811 1364 3873 prtepostere
1390 3803 1457 3857 de
1489 3799 1783 3854 honoribus
1812 3815 1904 3854 co-

307 3899 497 3967 gitare,
525 3913 647 3952 cum
673 3896 818 3965 prius
838 3895 1043 3949 discere
1071 3894 1328 3948 deberent
1352 3891 1642 3950 humiliari,
1677 3899 1731 3942 ut
1757 3891 1897 3943 exal-

309 3997 586 4051 tarentur;
616 3995 671 4040 et
700 3987 774 4040 ait
807 3987 884 4039 cis
917 3985 1170 4038 Dominus
1197 4002 1208 4036 :
1247 3983 1466 4037 Potestis
1494 3981 1660 4036 bibere
1695 3980 1898 4033 calicem

306 4097 456 4148 quem
477 4097 566 4150 ego
591 4079 834 4132 bibiturus
863 4094 973 4129 sum
997 4075 1209 4146 (Matth.
1234 4092 1323 4136 xx,
1346 4075 1433 4140 2|,
1465 4075 1590 4145 9.9.)?
1613 4075 1730 4143 Ipse
1758 4071 1898 4126 enim

308 4173 362 4227 iu
395 4171 638 4226 convalle
666 4169 976 4239 plorationis
1018 4167 1278 4221 bibiturus
1307 4176 1418 4220 erat
1448 4166 1664 4220 calicem
1693 4163 1902 4235 passio-

308 4263 392 4316 nis
420 4279 432 4314 :
466 4261 538 4313 illi
568 4269 744 4312 autem
774 4273 878 4312 non
920 4255 1252 4311 attendentes
1286 4255 1635 4309 humilitatem
1676 4252 1896 4320 Christi,

306 4350 766 4420 comprehendere
789 4347 1033 4402 volebant
1059 4347 1388 4400 altitudinem
1411 4345 1629 4400 Christi.
1661 4345 1895 4400 ltevoca-

307 4447 384 4498 vit
433 4444 549 4496 illos
593 4441 656 4494 ad
690 4441 848 4506 viam,
883 4447 1127 4508 tanquam
1174 4437 1516 4502 aberrantes;
1561 4451 1664 4490 non
1706 4444 1762 4490 ut
1797 4452 1896 4490 ne-

306 4544 462 4606 garet
491 4535 592 4588 illis
620 4531 759 4602 quod
797 4529 1018 4594 vellent,
1062 4527 1155 4583 sed
1197 4537 1255 4582 ut
1282 4527 1583 4582 ostenderet
1613 4543 1716 4597 qua
1748 4527 1894 4581 veni~

307 4635 451 4679 rcttl.

381 4717 436 4770 2.
478 4714 681 4785 itaque,
717 4713 903 4767 fratres
943 4712 1066 4776 mei,
1105 4711 1245 4765 hunc
1272 4711 1530 4781 psalmum
1570 4710 1897 4766 ascensionis

308 4817 588 4861 cantemus
634 4802 903 4857 ascensuri
953 4802 1003 4856 in
1053 4800 1244 4864 corde;
1286 4801 1406 4868 quia
1448 4810 1504 4854 ut
1547 4799 1896 4855 ascendamus

308 4900 628 4953 descensum
667 4906 749 4949 est
782 4893 847 4948 ad
885 4911 999 4948 nos.
1028 4892 1158 4947 Nam
1191 4892 1322 4946 vidit
1345 4893 1517 4946 scalas
1543 4891 1726 4957 Jacob,
1761 4901 1815 4946 et
1844 4894 1895 4946 in

307 4989 441 5058 ipsis
477 4986 637 5042 scalis
677 4985 1021 5039 demonstrati
1071 4992 1195 5038 sunt
1237 4982 1285 5037 ei
1320 4982 1668 5038 ascendentes
1711 4992 1764 5037 et
1802 4982 1900 5037 dc-

303 5078 627 5135 scendentes
661 5075 812 5147 (Gen.
840 5091 1022 5141 xxvm,
1058 5074 1138 5143 l2)
1168 5091 1179 5126 :
1211 5084 1488 5143 utrumque
1518 5073 1665 5127 vidit.
1699 5075 1897 5128 Possu-

311 5185 434 5225 mus
465 5179 652 5241 putarc
687 5166 1035 5222 ascendentes
1072 5168 1233 5230 visos,
1267 5164 1636 5234 proﬁcientes;
1667 5165 1896 5219 dcscen-
1935 5205 1956 5214 -

306 5265 520 5331 dentes,
551 5261 863 5316 deﬁcientes
888 5277 900 5314 :
935 5259 1057 5330 quia
1085 5269 1139 5314 et
1172 5273 1359 5313 revera
1387 5259 1687 5313 invenimus
1717 5257 1816 5312 boc
1844 5259 1897 5312 in

303 5356 512 5428 populo
556 5353 685 5415 Dei;
731 5353 818 5406 alii
854 5350 1159 5421 proﬁciunt,
1207 5350 1291 5404 alii
1323 5349 1600 5405 deﬁciunt.
1650 5350 1900 5404 Poterant

301 5449 440 5501 istos
461 5443 762 5515 signiﬁcare
789 5443 890 5498 illa:
909 5441 1088 5506 scalae,
1117 5439 1211 5496 sed
1239 5441 1374 5495 forte
1391 5440 1579 5494 melius
1601 5439 1900 5509 intelligun-

305 5549 399 5592 tur
426 5549 617 5591 omues
658 5535 780 5589 boni
819 5534 871 5588 in
902 5533 1002 5586 illis
1031 5531 1207 5596 sealis,
1247 5540 1300 5585 et
1334 5529 1684 5585 ascendentes
1725 5540 1776 5584 et
1807 5532 1901 5583 de-

375 5653 396 5682 ¹
421 5649 496 5698 sic
518 5659 620 5696 Am.
661 5654 714 5696 et
742 5655 848 5697 MSS.
876 5653 930 5696 At
952 5651 1025 5695 Er.
1047 5652 1100 5695 et
1134 5651 1267 5706 Lov.,
1289 5641 1382 5693 sibi
1405 5655 1423 5693 :
1444 5649 1496 5693 et
1528 5641 1668 5702 inira,
1688 5639 1738 5691 in
1755 5640 1901 5691 corde

301 5722 479 5820 me}:
519 5778 572 5820 et
595 5777 730 5834 Lov.,
754 5784 887 5822 mons
906 5769 1074 5821 domus
1097 5768 1304 5820 Domini.
1327 5775 1446 5828 Vox,
1471 5767 1658 5826 (tomus,
1681 5766 1821 5817 abest
1841 5765 1902 5814 ab

303 5833 346 5885 Α
354 5847 424 5882 ιη.
440 5843 489 5884 et
510 5841 612 5884 MSS.

1424 406 1817 464 ENARllATlO
1846 409 1908 464 IN
1949 410 2266 472 l‘SALMUM
2305 419 2487 476 CXIX.

3471 437 3611 492 1508

2028 529 2363 586 scendentes.
2396 532 2509 586 Non
2540 535 2681 589 enim
2708 535 2899 592 frustra
2940 555 3044 594 non
3076 542 3271 597 dictum
3301 556 3379 600 est
3409 549 3605 604 caden-

2027 629 2125 684 tes,
2165 621 2259 677 sed
2290 623 2697 681 descendentes.
2741 628 2962 684 Multum
3003 643 3177 688 autem
3220 637 3438 692 interest
3469 641 3607 695 inter

2023 710 2348 768 descendere
2374 723 2428 768 et
2469 715 2676 773 cadere.
2717 717 2848 773 Nam
2895 722 3017 788 quia
3045 723 3236 779 cecidit
3265 727 3453 792 Adam,
3485 729 3606 784 ideo

2021 802 2299 858 descendit
2331 804 2614 860 Christus:
2646 808 2733 862 ille
2779 810 2987 874 cecidit,
3037 813 3124 868 ille
3163 815 3473 881 descendit;
3515 819 3603 874 ille

2020 893 2210 947 cecidit
2233 897 2499 963 superbia,
2546 898 2631 952 ille
2656 899 2929 955 descendit
2951 903 3328 959 misericordia.
3359 907 3475 962 Non
3504 925 3601 962 au-

2022 993 2126 1038 tem
2159 985 2271 1055 ipse
2299 988 2443 1042 solus
2471 989 2744 1045 descendit
2771 1010 2784 1044 :
2808 1003 2860 1046 et
2889 994 3100 1063 quidem
3120 996 3184 1051 de
3211 999 3348 1053 cmlo
3377 1000 3487 1068 ipse
3514 1015 3601 1053 so-

2019 1074 2101 1129 lus
2139 1075 2446 1142 descendit;
2495 1081 2585 1134 sed
2621 1083 2768 1135 multi
2813 1084 3078 1155 imitantes
3126 1103 3245 1141 eum
3287 1089 3456 1143 sancti
3507 1091 3600 1146 de-

2019 1166 2279 1220 scendunt
2322 1168 2388 1222 ad
2431 1185 2545 1235 nos,
2595 1181 2649 1226 et
2689 1172 3078 1229 descenderunt
3116 1177 3180 1230 ad
3223 1194 3340 1232 nos.
3371 1180 3502 1234 Nam
3544 1182 3596 1235 in

2017 1255 2241 1324 quadam
2283 1258 2558 1314 altitudine
2599 1263 2777 1316 cordis
2807 1264 3076 1320 habitabat
3114 1269 3420 1336 Apostolus,
3475 1286 3595 1325 cum

2017 1345 2215 1401 diceret
2246 1365 2258 1402 :
2289 1349 2407 1402 Sive
2449 1353 2577 1405 enim
2617 1363 2778 1407 mente
2814 1357 3114 1411 excessimus
3143 1358 3267 1412 Deo.
3311 1360 3427 1415 Jam
3455 1363 3596 1430 quod

2017 1447 2195 1492 mente
2242 1451 2566 1505 excesserat,
2611 1444 2717 1498 Deo
2754 1455 3075 1501 excesserat.
3126 1449 3404 1504 Evcedeus
3454 1453 3594 1506 enim

2015 1539 2194 1582 mente
2224 1545 2436 1585 omnem
2467 1532 2750 1589 humanam
2785 1536 3139 1607 fragilitatem,
3172 1556 3382 1596 onmem
3414 1544 3595 1597 smculi

2017 1621 2486 1689 tcmporalitatem,
2507 1626 2684 1679 omnia
2714 1642 3060 1698 qumcumque
3084 1633 3348 1687 nascendo
3374 1643 3426 1687 et
3456 1635 3596 1688 occi-

2014 1707 2192 1764 dendo
2217 1724 2526 1780 vanescunt,
2573 1719 2899 1772 transeuntia
2943 1719 3090 1785 lucc;
3124 1722 3392 1777 habitabat
3431 1723 3596 1779 corde

2014 1798 2066 1852 in
2095 1800 2318 1869 quadam
2371 1803 2620 1859 ineﬁ‘abili
2665 1810 3132 1878 contemplatione,
3161 1822 3414 1881 quantum
3443 1822 3595 1884 pote-

2012 1897 2114 1955 rat,
2142 1889 2209 1945 de
2241 1908 2345 1961 qua
2390 1893 2519 1949 dicit
2563 1896 2683 1966 quia
2728 1899 2928 1954 audivit
2976 1900 3257 1956 ineffabilia
3286 1904 3445 1958 verba
3474 1921 3593 1974 qua:

2011 1989 2118 2030 non
2148 1977 2271 2030 licet
2298 1977 2496 2031 homini
2525 1978 2665 2048 loqui
2710 1979 2775 2050 (ll
2817 1982 2933 2034 Cor.
2967 1997 3063 2049 xu,
3109 1985 3184 2053 4).
3232 1985 3335 2039 Sed
3383 1989 3474 2039 tibi
3507 1989 3594 2043 illa

2012 2066 2151 2137 loqui
2195 2083 2296 2122 non
2330 2079 2540 2138 posset:
2571 2071 2684 2140 ipse
2724 2082 2902 2127 autem
2944 2073 3124 2128 videre
3172 2076 3258 2130 illa
3309 2084 3595 2148 utcumque

2010 2169 2212 2228 posset,
2237 2176 2354 2231 qua:
2388 2161 2477 2217 tibi
2519 2161 2661 2233 loqui
2704 2179 2809 2218 non
2853 2174 3050 2234 posset.
3093 2166 3271 2237 Itaque
3307 2169 3351 2222 si
3381 2185 3593 2239 semper

2009 2267 2227 2307 manere
2257 2253 2415 2307 vellet
2439 2253 2490 2307 in
2513 2269 2579 2310 eo
2607 2254 2749 2324 quod
2777 2255 3007 2323 videbat,
3040 2265 3094 2312 et
3119 2258 3261 2328 loqui
3291 2276 3396 2314 non
3437 2269 3592 2330 pote-

2013 2351 2114 2404 rat,
2143 2347 2197 2393 te
2234 2355 2336 2392 non
2370 2341 2569 2395 levaret
2599 2342 2684 2396 ubi
2710 2352 2764 2397 ct
2799 2350 2852 2397 tu
2883 2358 3071 2413 posses
3105 2345 3304 2400 videre.
3336 2345 3471 2412 Quid
3499 2361 3593 2399 au-

2014 2436 2119 2480 tem
2159 2430 2320 2483 fecit?
2350 2431 2652 2486 Descendit.
2675 2431 2808 2486 Nam
2854 2433 2924 2488 ibi
2963 2434 3076 2488 ait:
3107 2435 3228 2488 Sive
3265 2436 3397 2488 enim
3431 2445 3593 2490 mente

2011 2521 2310 2573 excessimus
2341 2520 2468 2589 Deo,
2516 2524 2616 2577 sive
2641 2533 2970 2594 temperantes
3011 2543 3183 2580 sumus
3218 2525 3352 2579 vobis
3393 2526 3503 2593 (Id.
3535 2542 3588 2592 ν,

2014 2613 2121 2681 15).
2162 2613 2297 2681 Quid
2340 2625 2439 2680 est,
2487 2624 2816 2683 temperantes
2854 2620 3062 2673 sumus?
3091 2620 3178 2673 Sic
3220 2620 3504 2689 loquimur,
3535 2630 3594 2676 ut

2008 2717 2199 2771 capere
2235 2706 2466 2773 possitis.
2498 2708 2630 2772 Quia
2675 2717 2728 2761 et
2755 2707 2997 2762 Christus
3026 2710 3183 2763 talem
3225 2725 3286 2764 se
3325 2710 3447 2764 fecit
3487 2727 3585 2764 ua-

2009 2794 2283 2850 scendo-et
2309 2795 2580 2865 patiendo,
2607 2807 2663 2850 ut
2687 2808 2903 2867 possent
2929 2799 2994 2852 de
3027 2799 3116 2852 illo
3139 2799 3382 2854 homines
3412 2800 3588 2869 loqui:

2008 2885 2131 2954 quia
2160 2885 2227 2940 de
2266 2886 2479 2941 homine
2507 2887 2667 2942 homo
2704 2889 2860 2944 facile
2902 2890 3156 2958 loquitur.
3187 2891 3261 2944 De
3291 2891 3400 2944 Deo
3429 2890 3590 2945 homo

2007 2978 2218 3048 quando
2243 2979 2474 3049 loquitur
2494 2981 2590 3044 sic,
2613 2982 2880 3050 quomodo
2909 2982 3047 3036 Deus
3068 2992 3151 3036 est
3169 2984 3192 3031 ‘l
3222 2983 3393 3036 l-lomo
3412 2992 3589 3036 autem

2006 3067 2074 3123 de
2108 3068 2322 3123 homine
2351 3069 2502 3125 facile
2539 3071 2794 3139 loquitur.
2829 3072 2896 3128 υς
2923 3086 3053 3141 ergo
3088 3073 3261 3141 tnagui
3292 3072 3587 3126 descende-

2006 3169 2125 3214 rent
2163 3161 2226 3214 ad
2259 3176 2472 3229 parvos,
2514 3173 2569 3215 et
2613 3179 2716 3215 non
2749 3164 2852 3216 illis
2893 3174 3068 3218 tamen
3110 3163 3455 3234 loquerentur
3482 3165 3583 3218 nisi

2005 3267 2289 3320 magnum;
2325 3253 2437 3322 ipse
2463 3255 2551 3322 qui
2583 3271 2802 3324 magnus
2832 3265 2966 3321 erat,
2992 3254 3162 3310 factus
3183 3265 3265 3310 est
3290 3271 3502 3325 parvus,
3531 3265 3592 3310 ut

2005 3343 2072 3396 de
2118 3344 2209 3396 illo
2256 3346 2461 3415 magni‘
2518 3347 2693 3415 parvis
2741 3347 3102 3416 loquerentur.
3151 3348 3386 3403 Audistis
3431 3348 3590 3402 modo

2004 3432 2144 3502 quod
2177 3434 2315 3496 dico,
2343 3450 2464 3489 cum
2488 3437 2770 3505 Apostolus
2801 3439 3084 3507 legeretur.
3114 3438 3168 3493 Si
3198 3448 3372 3492 autem
3401 3438 3592 3494 adver-

2005 3525 2142 3578 tistis
2161 3527 2202 3590 ²,
2232 3526 2364 3580 dixit
2391 3525 2528 3581 hoc:
2550 3527 2669 3581 Non
2691 3531 2832 3599 potui
2855 3530 2990 3582 vobis
3015 3529 3150 3599 loqui
3178 3531 3321 3597 quasi
3341 3532 3587 3599 spiritua-

2005 3617 2156 3682 libus,
2185 3617 2273 3672 sed
2298 3619 2442 3687 quasi
2461 3621 2766 3673 carnalibus.
2794 3622 2930 3690 Ergo
2952 3622 3312 3688 spiritualibus
3336 3623 3387 3675 in
3416 3622 3588 3677 excel-

2005 3709 2086 3784 sis.
2106 3709 2366 3778 loquitur;
2412 3713 2717 3766 carnalibus
2765 3724 2942 3767 autem
2974 3724 3031 3767 ut
3061 3715 3325 3783 loquatur,
3356 3716 3582 3771 desccno

2003 3798 2100 3851 dit.
2138 3797 2270 3852 Nam
2307 3808 2363 3852 ut
2401 3801 2581 3854 sciatis
2617 3805 2738 3871 quia
2777 3818 2897 3857 cum
2937 3803 3231 3866 descendit,
3278 3803 3345 3858 de
3381 3807 3470 3859 illo
3497 3807 3586 3875 qui

2004 3887 2282 3943 descendit
2308 3889 2568 3960 loquitur;
2597 3907 2720 3946 ecce
2755 3893 2985 3946 Joannes
3008 3904 3312 3948 manentem
3342 3895 3393 3949 in
3424 3909 3483 3950 se
3505 3897 3587 3950 lo-

2005 3980 2186 4049 quitur
2219 3999 2230 4033 :
2271 3999 2289 4031 t
2320 3981 2372 4034 ln
2403 3983 2662 4051 principio
2692 3991 2806 4036 erat
2835 3983 3092 4050 Verbum,
3132 3995 3183 4039 et
3214 3985 3441 4040 Verbum
3470 3997 3587 4042 erat

2005 4072 2144 4140 apud
2174 4073 2355 4136 Deum,
2391 4083 2445 4127 ct
2478 4075 2614 4127 Deus
2642 4084 2756 4128 erat
2786 4074 3054 4140 Verbum;
3086 4078 3184 4130 hoc
3214 4086 3328 4130 erat
3360 4080 3408 4131 in
3435 4080 3580 4147 prin~

2005 4164 2143 4230 cipio
2171 4164 2307 4234 apud
2331 4165 2516 4218 Dettm.
2541 4165 2727 4219 Omnia
2754 4182 2845 4233 per
2865 4167 3033 4236 ipsum
3064 4166 3196 4222 facta
3223 4177 3363 4234 sunt,
3397 4178 3451 4223 et
3470 4169 3585 4224 sine

2006 4255 2122 4324 ipso
2160 4253 2352 4308 factum
2383 4265 2464 4310 est
2495 4256 2644 4310 nihil.
2677 4276 2694 4308 ι
2722 4256 2883 4326 Cape,
2916 4258 2961 4312 si
2992 4269 3175 4328 potes;
3207 4260 3400 4328 arripe,
3430 4260 3584 4313 cibus

2005 4355 2107 4400 est.
2135 4345 2236 4400 Sed
2267 4346 2506 4400 dicturus
2545 4363 2602 4401 cs
2633 4348 2782 4413 mihi,
2811 4348 2904 4403 llle
2929 4349 3142 4418 quidem
3179 4349 3329 4404 cibus
3354 4360 3456 4414 est,
3490 4351 3583 4405 sed

2000 4453 2103 4510 ego
2126 4437 2298 4491 infans
2324 4452 2463 4505 sum,
2507 4440 2777 4495 lactandus
2811 4457 2950 4508 sum,
2985 4451 3041 4496 ut
3067 4442 3290 4498 idoneus
3315 4441 3429 4497 ﬁeri
3459 4459 3586 4512 pos-

2001 4531 2103 4583 sim
2133 4527 2197 4580 ad
2239 4528 2664 4583 manducandum
2689 4531 2886 4585 cibum.
2918 4533 3059 4602 Ergo
3089 4533 3210 4602 quia
3239 4542 3293 4588 tu
3317 4535 3451 4588 lacte
3482 4551 3584 4588 nu-

2002 4620 2244 4674 triendus
2276 4635 2355 4685 es,
2384 4621 2470 4675 ille
2502 4631 2677 4676 autem
2708 4623 2857 4676 cibus
2885 4625 2986 4686 est,
3021 4625 3135 4693 ipse
3159 4625 3309 4679 cibus
3342 4641 3434 4694 per
3459 4640 3580 4679 car-

2001 4727 2124 4766 nem
2182 4711 2278 4768 tibi
2330 4713 2578 4782 trajectus
2627 4724 2709 4767 est
2756 4714 2823 4767 ad
2877 4713 3074 4769 fauces.
3131 4715 3410 4782 Quomodo
3458 4731 3588 4786 ergo

2002 4805 2178 4859 cibum
2218 4815 2391 4859 mater
2418 4805 2666 4868 comedit,
2697 4814 2752 4860 ut
2781 4819 2875 4874 per
2908 4821 3122 4862 carnem
3160 4808 3386 4878 trajiciat
3411 4808 3475 4862 ad
3503 4808 3588 4861 in.

2003 4896 2202 4954 fantem
2250 4901 2335 4955 lac
2378 4897 2609 4962 factum;
2653 4897 2730 4952 sic
2769 4898 2918 4952 cibus
2956 4900 3278 4970 Angelorum
3332 4901 3586 4955 Dominus

2017 4990 2226 5046 Verbum
2275 5008 2398 5046 caro
2441 4994 2627 5061 faction
2663 5000 2753 5056 est,
2789 5001 2843 5044 et
2877 4992 3046 5046 factus
3084 5002 3167 5047 est
3215 4993 3294 5047 lac
3319 5010 3331 5045 :
3357 5001 3410 5046 et
3453 4991 3582 5045 dicit

2002 5083 2308 5151 Apostolus,
2339 5081 2448 5135 Lac
2474 5080 2607 5133 vobis
2636 5091 2806 5149 potum
2837 5081 2972 5147 dedi,
3006 5099 3105 5135 non
3133 5099 3325 5145 escam;
3364 5080 3591 5134 nondum

2003 5175 2135 5227 enim
2157 5175 2414 5243 poteratis,
2438 5173 2530 5226 sed
2552 5187 2641 5224 nec
2661 5172 2828 5224 adhuc
2851 5173 3048 5241 quidem
3079 5174 3280 5241 potestis
3305 5173 3344 5243 (Ι
3369 5172 3484 5226 Cor.
3507 5187 3586 5235 ut,

2006 5264 2056 5324 ‘l,
2085 5263 2162 5332 2).
2194 5263 2333 5333 Ergo
2361 5261 2542 5317 dando
2571 5261 2652 5316 lac
2675 5261 2951 5316 descendit
2976 5262 3040 5316 ad
3079 5263 3358 5331 parvulos;
3385 5272 3438 5317 et
3463 5263 3584 5331 quia

2004 5355 2298 5416 descendit,
2329 5353 2745 5410 descendentem
2772 5354 2970 5409 dedit’.
2999 5355 3085 5407 Ait
3114 5355 3255 5408 enim
3284 5373 3296 5408 :
3326 5353 3587 5426 Numquid

2006 5448 2112 5501 dixi
2149 5463 2225 5500 me
2253 5448 2449 5517 aliquid
2473 5450 2605 5502 inter
2631 5463 2714 5501 vos
2739 5449 2885 5512 scire,
2916 5447 3014 5500 nisi
3038 5446 3214 5500 Jcsum
3246 5446 3519 5513 Christum,
3541 5457 3588 5502 et

2008 5541 2141 5592 nunc
2175 5538 2475 5607 cruci/imum
2514 5536 2626 5611 (Id.
2662 5553 2728 5604 ιι,
2759 5539 2854 5610 ‘2)?
2884 5538 3016 5604 Quia
3057 5537 3103 5592 si
3131 5537 3331 5594 diceret
3358 5547 3587 5608 tantum,

2073 5701 2088 5732 ί
2118 5699 2284 5748 Plures
2300 5705 2436 5763 διεδ..
2461 5704 2514 5763 ut
2535 5697 2598 5763 de
2617 5691 2702 5742 illo
2725 5705 2914 5763 magno.
2988 5753 3016 5763 Α

2072 5765 2092 5793 ⁸
2117 5771 2235 5810 vss;
2255 5759 2312 5810 Si
2334 5773 2476 5810 aures
2499 5757 2622 5819 (vel,
2647 5755 3118 5819 aure),’advertistis.

2077 5825 2099 5858 ³
2133 5824 2353 5881 t'leriquc
2388 5816 2519 5883 Mss,
2541 5816 2877 5872 descendendo
2895 5816 3046 5867 dedit.
