3964 6204
456 368 482 424 1
492 368 596 426 599

451 479 632 534 Iesum
661 477 931 540 Chrislttm,
958 482 1039 529 est
1065 471 1221 527 Jesus
1253 470 1496 526 Christus
1532 468 1692 525 etiam
1731 466 2018 521 secundum

451 570 801 631 divinitatem,
846 563 1145 621 secundum
1187 561 1239 617 id
1282 561 1423 633 quod
1463 569 1579 616 erat
1614 558 1845 615 Verbum
1884 558 2024 627 apud

398 711 401 717 ,
452 657 638 721 Dento,
670 655 835 709 Filius
875 654 965 709 Dei
1000 653 1156 708 Jesus
1181 652 1467 707 Christus:
1497 650 1592 707 sed
1632 649 1792 711 hunc.
1823 648 1873 703 id
1916 656 2018 711 est,

453 745 557 801 hoc
607 744 764 798 modo
803 743 1024 809 dictum,
1066 742 1268 812 parvuli
1310 756 1415 795 non
1462 740 1698 811 capiunt.
1743 738 2023 807 Quomodo

368 848 373 851 ‘
453 849 575 904 ergo
600 835 819 907 capiunt
842 834 928 904 qui
958 834 1040 888 lac
1063 833 1314 901 capiunt?
1337 829 1368 884 J
1376 847 1512 886 esum
1534 830 1805 895 Christum,
1831 829 2020 899 inquit,

453 935 501 979 et
526 928 663 979 hunc
696 926 1015 995 cruciﬁxum.
1059 924 1200 995 Suge
1240 923 1381 994 quod
1409 937 1504 993 pro
1543 928 1596 980 te
1632 921 1801 978 factus
1835 929 1936 987 est,
1970 928 2025 976 et

451 1016 648 1070 crescis
673 1015 739 1069 ad
771 1015 821 1070 id
848 1015 985 1086 quod
1015 1025 1117 1070 est.
1150 1014 1285 1070 Sunt
1312 1028 1439 1085 ergo
1464 1011 1815 1068 ascendentes
1837 1020 1893 1066 et
1921 1009 2020 1067 de-

452 1104 789 1159 scendentes.
820 1104 878 1159 ln
909 1105 1012 1159 illis
1052 1104 1211 1159 scalis
1235 1113 1288 1158 et
1310 1100 1660 1159 ascendentes
1701 1108 1827 1156 sunt
1850 1109 1906 1157 et
1925 1100 2023 1156 de-

452 1193 791 1248 scendentes.
822 1193 1184 1250 Ascendentes
1221 1193 1311 1263 qui
1344 1191 1507 1246 sunt?
1532 1190 1632 1258 Qui
1656 1190 1934 1260 proﬁciunt
1956 1187 2023 1243 ad

452 1283 781 1341 intellectum
807 1284 1183 1354 spiritualium.
1214 1282 1607 1338 Descendenles
1631 1281 1720 1352 qui
1743 1279 2023 1348 suntYQui

461 1377 727 1444 quamvis,
756 1385 1009 1444 quantum
1039 1376 1279 1430 homines
1304 1384 1538 1445 possunt,
1569 1374 1810 1429 fruantur
1830 1372 2021 1427 uitelli-

453 1467 627 1533 gentia
661 1467 1051 1536 Spiritualium;
1097 1476 1274 1522 tamen
1298 1465 1628 1521 descendunt
1656 1463 1722 1519 ad
1754 1462 2020 1533 parvulos,

455 1562 516 1608 ut
556 1555 676 1608 talia
716 1556 794 1611 eis
836 1555 1037 1621 dicant,
1069 1556 1244 1625 qualia
1276 1562 1498 1625 possunt
1541 1568 1751 1622 cnperc,
1793 1561 1846 1606 et
1887 1551 2025 1605 lacte

456 1646 639 1699 nutriti
669 1646 871 1715 possint
899 1647 1074 1703 idonei
1106 1647 1222 1703 ﬁeri
1249 1656 1302 1701 et
1333 1646 1488 1700 validi
1513 1645 1579 1700 ad
1611 1643 1927 1715 capiendum
1956 1643 2024 1697 ci-

456 1734 579 1787 bum
602 1735 950 1803 Spiritualem.
979 1735 1163 1802 Isaias,
1186 1736 1396 1801 fratres,
1425 1736 1583 1795 etiam
1611 1735 1725 1804 ipse
1744 1734 1809 1788 ad
1835 1748 1932 1789 nos
1957 1732 2025 1788 de

452 1822 897 1881 descendentibus
924 1826 1019 1880 fuit
1044 1844 1057 1879 :
1081 1842 1201 1883 nam
1232 1837 1286 1884 et
1318 1827 1416 1894 ipsi
1436 1826 1630 1900 gradus
1658 1825 1773 1895 ejus
1798 1824 2022 1880 descen-

457 1912 632 1970 dentis
647 1927 924 1985 apparent.
951 1915 1082 1972 Cum
1107 1916 1248 1972 enim
1272 1918 1473 1972 diceret
1500 1917 1568 1972 de
1593 1916 1790 1985 Spiritu
1815 1924 2020 1979 sancto,

462 2021 481 2052 ε
517 2003 850 2074 Reqtlicscet,
878 2024 898 2058 ›
926 2006 1113 2077 inquit,
1144 2025 1163 2058 ί
1188 2022 1347 2076 super
1364 2023 1483 2061 eum
1505 2006 1733 2076 Spiritus
1753 2004 2024 2074 sapientia:

455 2102 511 2146 et
552 2093 868 2161 intellectus,
903 2095 1133 2165 Spiritus
1159 2096 1365 2152 consilii
1404 2107 1459 2151 et
1483 2095 1826 2161 fortitudinis,
1858 2093 2026 2163 Spiri-

459 2189 544 2235 tus
578 2184 812 2239 scientiae
832 2195 883 2239 et
912 2184 1146 2255 pietatis,
1174 2193 1227 2240 et
1271 2186 1498 2257 Spiritus
1523 2186 1727 2241 timoris
1756 2185 1965 2239 Domini
1988 2192 2018 2235 ἰ
2050 2238 2057 2244 ,

455 2269 606 2342 (Isai.
638 2289 708 2336 in,
730 2274 785 2340 ‘2,
814 2275 872 2344 '5)
902 2293 917 2329 :
945 2290 973 2328 a
999 2276 1254 2345 sapientia
1283 2276 1464 2346 coepit,
1492 2284 1546 2330 et
1571 2290 1734 2346 usque
1757 2275 1824 2329 ad
1864 2276 2020 2330 timo-

453 2379 567 2418 rem
590 2364 881 2423 descendit.
910 2367 1189 2435 Quomodo
1220 2368 1308 2422 ille
1334 2369 1422 2438 qui
1449 2368 1694 2435 docebat,
1716 2383 1745 2422 a
1766 2367 2021 2435 sapientia

452 2453 727 2511 descendit
754 2471 920 2527 usque
947 2458 1013 2512 ad
1043 2458 1323 2523 timorem;
1359 2469 1411 2513 tu
1447 2459 1535 2530 qui
1562 2458 1743 2522 discis,
1774 2458 1819 2514 si
1860 2458 2020 2528 proli-

452 2545 545 2609 eis,
574 2561 603 2600 a
651 2548 839 2602 timore
877 2548 1107 2603 ascende
1149 2549 1216 2603 ad
1244 2549 1603 2620 sapientiam:
1636 2549 1893 2618 scriptum
1939 2558 2023 2605 est

451 2638 613 2701 enim,
658 2637 868 2692 Initium
909 2640 1171 2708 sapientia:
1214 2640 1363 2693 timor
1401 2638 1611 2693 Domini
1652 2639 1836 2711 (Prov.
1864 2655 1902 2708 ι,
1939 2638 2017 2710 7).

426 2725 568 2781 .Jam
603 2743 731 2798 ergo
755 2729 1019 2783 Psaimnm
1045 2730 1243 2785 audite.
1276 2730 1422 2785 Ecce
1445 2740 1567 2786 ante
1599 2732 1782 2786 oculos
1812 2738 2022 2788 nostros

453 2831 711 2886 ponamus
732 2833 1071 2873 ascensurum
1104 2819 1369 2875 hominem
1394 2838 1408 2873 :
1436 2820 1522 2874 ubi
1551 2820 1932 2878 ascensnrum?
1960 2818 2023 2877 In

340 2944 357 2955 κ
453 2910 622 2962 corde.
652 2909 805 2966 Unde
831 2926 1171 2967 ascensurum
1187 2912 1211 2965 ?
1230 2913 1311 2967 Ab
1331 2911 1645 2980 humilitate,
1673 2912 1725 2969 id
1747 2922 1829 2967 est
1852 2928 1880 2970 a
1902 2929 2024 2967 can-

453 2999 584 3053 uaile
619 3000 933 3070 ploratiom‘s.
976 3001 1092 3069 Quo
1140 3002 1524 3059 ascensurnm?
1560 3002 1639 3059 Ad
1675 3002 1801 3058 illud
1840 3002 2024 3061 iueii'a-

451 3087 559 3143 bile
584 3089 721 3157 quod
752 3104 873 3144 cum
903 3090 1004 3145 diei
1036 3106 1142 3145 non
1173 3100 1372 3162 posset,
1400 3091 1597 3147 dictum
1626 3103 1729 3160 est,
1756 3091 1823 3147 In
1856 3092 2023 3148 locum

450 3194 595 3250 quem
615 3178 878 3249 disposuit.

524 3270 577 3323 '5.
609 3269 739 3322 Cum
770 3284 897 3339 ergo
935 3270 1012 3324 sic
1060 3270 1218 3324 homo
1250 3271 1471 3341 cmperit
1507 3271 1791 3343 disponere
1829 3287 2020 3329 ascen-

451 3372 603 3422 sum;
637 3358 737 3411 hoc
762 3358 882 3413 dico
905 3361 1158 3428 apertius,
1188 3375 1307 3415 cum
1337 3361 1560 3432 coeperit
1585 3361 1746 3418 homo
1771 3362 2021 3419 christia-

455 3460 557 3500 nus
584 3447 815 3515 cogitare
843 3450 1118 3520 prolicere,
1152 3450 1334 3520 incipit
1363 3450 1471 3521 pati
1498 3451 1703 3523 linguas
1729 3453 2020 3509 adversan-

454 3537 607 3590 tium.
651 3537 977 3609 Quicumque
1020 3539 1134 3594 iilas
1162 3530 1394 3595 nondum
1423 3555 1611 3612 passus
1646 3550 1750 3607 est,
1785 3542 2022 3598 nondum

454 3628 677 3699 profecit
708 3646 720 3682 :
751 3629 1068 3701 quicumque
1101 3631 1217 3687 illas
1256 3648 1361 3688 non
1403 3632 1630 3704 patitur,
1676 3648 1775 3689 nec
1802 3642 2024 3689 conatur

454 3717 733 3789 proﬁcere.
768 3719 889 3774 Vult
911 3737 1066 3777 nosse
1093 3723 1216 3792 quid
1243 3722 1519 3779 dicamus?
1546 3723 1659 3780 Imo
1684 3725 1810 3796 quid
1832 3724 2021 3781 audia-

452 3823 573 3864 mus
613 3808 787 3875 simul,
843 3813 1166 3882 experiatur.
1214 3811 1434 3882 ineipiat
1478 3814 1755 3883 prolicere,
1804 3815 2025 3884 incipiat

452 3899 592 3955 velle
619 3901 928 3968 ascendere,
959 3903 1095 3958 velle
1131 3913 1475 3977 contemnere
1517 3914 1749 3972 terrena,
1778 3906 1982 3978 fragilia
2004 3951 2020 3977 ,

454 3991 764 4061 temporalia
788 3992 803 4023 ¹
829 4034 844 4059 ,
884 3991 1188 4049 felicitatem
1226 3995 1405 4050 sreculi
1451 4011 1546 4065 pro
1588 3997 1753 4052 nihilo
1793 3998 2021 4067 habere,

454 4080 621 4136 Deum
671 4083 838 4136 solum
881 4083 1133 4154 cogitare,
1176 4084 1339 4140 lucris
1378 4101 1482 4141 non
1524 4086 1773 4157 gaudere,
1812 4088 2022 4144 damnis

454 4186 559 4226 non
625 4173 999 4228 contabescere
1029 4215 1045 4238 ,
1099 4176 1275 4230 omnia
1330 4176 1490 4230 etiam
1548 4191 1641 4232 sua
1699 4178 1833 4233 velle
1891 4194 2023 4235 vcn-

456 4264 584 4318 dere
634 4274 688 4317 et
744 4265 1057 4333 pauperibus
1105 4266 1374 4333 tribuere,
1420 4277 1473 4322 ct
1519 4270 1667 4339 sequi
1717 4269 2020 4337 Christum;

456 4353 730 4407 videamus
785 4355 1227 4429 quemadmodum
1295 4358 1525 4425 patiatur
1573 4359 1777 4430 linguas
1848 4359 2026 4416 detra-

457 4442 694 4496 hentium
725 4444 745 4473 ²
791 4451 845 4497 et
894 4444 1051 4497 tuulm
1105 4445 1613 4510 contradicentium.
1662 4459 1716 4503 et
1756 4449 1895 4520 quod
1944 4459 2027 4505 est

456 4532 684 4601 gravius,
728 4532 875 4602 quasi
919 4534 1241 4588 consulendo
1269 4551 1300 4589 a
1326 4536 1495 4590 salute
1519 4539 1890 4593 avertentium.
1921 4539 2020 4606 Qui

457 4623 597 4677 enim
623 4623 847 4678 consulit
872 4624 1050 4692 alicui,
1078 4624 1143 4679 ad
1172 4626 1393 4679 salutem
1418 4628 1664 4692 consulit,
1691 4628 1758 4683 ad
1793 4630 1845 4684 id
1883 4632 2021 4700 quod

455 4717 670 4784 prodest
695 4716 947 4782 consulit;
976 4717 1065 4773 ille
1092 4726 1266 4773 autem
1292 4721 1441 4790 quasi
1465 4721 1769 4788 consulens,
1796 4723 2021 4779 retrahit

455 4822 485 4859 ιι
512 4805 699 4861 salute.
726 4806 859 4873 Quia
883 4822 1010 4878 ergo
1039 4808 1249 4865 videtur
1278 4809 1472 4866 habere
1501 4811 1712 4880 pallium
1740 4812 2027 4868 consulen-

454 4898 544 4959 tis.
573 4905 627 4953 et
648 4895 809 4952 habet
831 4913 1090 4953 venenum
1119 4899 1445 4968 pet-intentis,
1479 4901 1652 4971 lingua
1678 4899 1860 4956 dolosa
1885 4902 2025 4957 dicta

453 4997 554 5042 est.
609 4987 937 5043 Ascensurus
987 5002 1133 5058 ergo,
1175 4998 1358 5043 contra
1408 4989 1548 5058 ipsas
1601 4990 1805 5060 linguas
1854 4992 2025 5060 prium

454 5081 620 5134 Deum
646 5078 958 5149 deprecatur
982 5096 999 5134 :
1029 5081 1100 5134 ait
1128 5081 1288 5145 enim,
1321 5081 1398 5134 Ad
1423 5091 1497 5146 te,
1526 5081 1758 5145 Domine,
1784 5098 1899 5136 eum
1926 5083 2022 5136 tri-

452 5172 653 5225 bulnrer
676 5171 906 5234 clamavi,
930 5178 974 5223 et
999 5172 1248 5226 exaudiui
1266 5188 1362 5225 me.
1386 5171 1538 5226 Unde
1560 5172 1705 5226 illum
1725 5171 2026 5227 exaudivit?

459 5262 524 5318 ιιι
544 5262 652 5332 jam
672 5263 1022 5318 constitueret
1044 5277 1165 5317 eum
1194 5263 1257 5317 ad
1286 5262 1481 5333 gradus
1504 5263 1845 5319 ascendendi.

524 5354 577 5407 4.
600 5351 750 5426 [υενδ.
780 5351 862 5425 2.]
889 5352 954 5406 Et
982 5353 1101 5421 quia
1119 5352 1227 5420 jam
1249 5367 1568 5407 ascensurus
1595 5361 1676 5407 est
1712 5352 2021 5420 exauditus,

454 5444 579 5511 quid
600 5445 755 5498 orat?
780 5444 1010 5508 Domine,
1038 5442 1156 5497 erue
1173 5444 1392 5496 mximam
1414 5459 1573 5497 meam
1600 5459 1632 5495 a
1652 5442 1795 5499 labiis
1822 5443 2024 5514 injustis

454 5545 503 5587 at
525 5550 573 5585 —a
612 5534 784 5605 lingua
820 5535 1019 5589 dolosa.
1058 5534 1185 5599 Qua:
1205 5542 1288 5588 est
1314 5533 1485 5602 lingua
1515 5531 1738 5587 dolosa?
1765 5532 2019 5600 Subdola,

519 5646 538 5677 ί
564 5644 728 5711 t’lures
759 5654 883 5711 Mss“
901 5708 908 5711 _
926 5646 1050 5698 relic
1084 5653 1378 5711 contemnere
1413 5653 1653 5698 terrenam
1695 5644 2039 5711 fragilitatem,

452 5704 759 5766 mtioraiem
780 5706 1052 5767 felicitatem
1075 5707 1255 5765 saeculi.
1279 5717 1372 5756 etc.

517 5769 538 5799 ⁸
571 5768 643 5815 sic
660 5774 767 5816 Mss.
794 5767 903 5815 add.
930 5782 1066 5828 vero,
1091 5769 1443 5818 retrakattiwn.

1671 357 1728 414 s.
1768 353 2136 415 AUGUSTth
2173 352 2471 412 EPlSCOPl
2524 335 2528 339 ‘

3566 353 3720 410 1000

2133 467 2335 523 habens
2381 465 2662 537 imaginem
2698 465 3026 549 consulendi,
3056 474 3110 521 et
3136 467 3424 535 perniciem
3453 469 3713 524 nocendi.

2130 558 2236 633 ipsi
2257 557 2485 630 suntqui
2509 557 2692 613 dicunt
2718 575 2731 611 :
2764 558 2829 612 Et
2855 567 2909 612 tu
2932 557 3034 612 hoc
3058 558 3291 613 facturus
3311 574 3369 614 es
3391 599 3407 622 ,
3436 560 3574 631 quod
3604 577 3717 615 nc-

2130 666 2219 707 mo
2238 648 2401 706 fecit?
2429 657 2484 704 et
2509 656 2563 703 tu
2582 650 2727 707 solus
2746 650 2854 705 eris
2877 649 3234 705 christianos?
3256 650 3326 705 Et
3347 650 3392 706 si
3415 652 3720 707 ostenderit

2128 742 2262 797 alios
2288 742 2387 798 hoc
2416 742 2590 799 facere
2613 785 2628 811 ,
2659 752 2715 800 ct
2758 745 2947 814 legerit
2973 745 3313 816 Evangelium
3341 747 3428 801 ubi
3455 749 3721 818 prmcepit

2130 832 2384 888 Dominus
2425 833 2575 897 ﬁeri,
2627 845 2681 889 et
2725 834 2910 907 legerit
2957 835 3122 895 Actus
3162 838 3575 906 Apostolorum;
3622 837 3720 902 illi

2129 924 2253 994 quid
2280 924 2462 981 dicunt
2499 927 2552 983 in
2591 927 2765 998 lingua
2796 927 3014 984 subdola
3041 939 3095 983 et
3135 929 3291 985 labiis
3322 930 3558 1002 iniquis?
3585 933 3718 988 Non

2129 1015 2329 1085 poteris
2351 1015 2490 1073 forte
2518 1017 2768 1088 implere;
2811 1019 3034 1077 multum
3075 1030 3158 1077 est
3193 1022 3334 1092 quod
3375 1025 3717 1095 aggrederis.

2127 1106 2236 1161 Alii
2277 1107 2607 1177 prohibendo
2653 1109 2960 1176 deterrent,
2999 1112 3101 1168 alii
3125 1113 3388 1171 laudando
3424 1117 3542 1188 plus
3582 1133 3721 1187 pre-

2127 1209 2299 1255 munt.
2325 1199 2456 1268 Quia
2494 1203 2634 1259 enim
2677 1203 2794 1263 talis
2830 1213 2909 1261 est
2938 1205 3043 1260 vita
3070 1221 3186 1274 quae
3218 1207 3327 1277 jam
3365 1211 3719 1279 occupaverit

2127 1289 2404 1361 mundum,
2423 1299 2563 1347 tanta
2585 1293 2867 1351 auctoritas
2886 1295 3081 1351 Christi
3105 1305 3206 1365 est,
3230 1307 3287 1352 ut
3308 1298 3719 1368 reprehendere

2124 1378 2234 1448 jam
2256 1378 2526 1441 Christum
2570 1396 2669 1437 nec
2706 1397 2941 1457 paganus
2964 1384 3173 1441 audeat.
3220 1387 3435 1459 Legitur
3477 1389 3566 1445 ille
3608 1391 3715 1460 qui

2129 1473 2443 1542 reprehendi
2472 1489 2577 1529 non
2608 1484 2798 1545 potest,
2830 1478 2950 1547 quia
2981 1477 3132 1544 dixit,
3167 1479 3320 1546 Vade,
3350 1482 3505 1537 vende
3529 1483 3718 1536 omnia

2126 1580 2240 1632 qua:
2254 1565 2424 1630 habes,
2447 1575 2493 1621 et
2513 1566 2755 1622 distribue
2767 1570 3091 1640 pauperibus,
3104 1579 3148 1624 et
3163 1588 3368 1641 sequere
3386 1590 3463 1626 me
3485 1573 3715 1644 (Matth.

2127 1672 2214 1713 xxx
2235 1698 2250 1722 ,
2279 1658 2382 1728 21)
2411 1675 2425 1711 :
2454 1656 2664 1715 Christo
2707 1660 2997 1719 contradici
3042 1676 3145 1716 non
3190 1671 3382 1731 potest,
3415 1664 3717 1735 Evangelia

2126 1746 2413 1801 contradici
2434 1764 2538 1803 non
2562 1757 2753 1819 potest,
2770 1751 3084 1819 reprehendi
3106 1751 3346 1808 Christus
3369 1769 3470 1807 non
3488 1764 3714 1823 potest;

2126 1838 2384 1895 convertit
2410 1852 2469 1895 se
2505 1839 2677 1911 lingua
2705 1840 2887 1896 dolosa
2913 1842 2978 1899 ad
2997 1842 3201 1901 laudem
3225 1842 3609 1912 prohibentem.
3641 1845 3718 1902 Si

2126 1926 2330 1995 laudas,
2350 1928 2579 1986 hortare.
2603 1928 2775 1998 Quare
2795 1932 3055 1987 laudando
3070 1935 3290 2002 premis?
3310 1935 3491 1995 Melius
3503 1937 3719 2006 vitupe-

2128 2032 2296 2084 rares,
2315 2034 2468 2089 quam
2489 2020 2672 2079 dolose
2688 2022 2948 2078 laudares.
2971 2023 3105 2092 Quid
3127 2025 3266 2083 enim
3289 2026 3492 2081 diceres
3503 2027 3721 2098 vitupe-

2127 2107 2330 2167 rando?
2352 2109 2529 2171 Absit:
2547 2111 2682 2165 fmda
2712 2112 2814 2166 vita
2837 2113 2932 2167 ista
2954 2123 3055 2181 est,
3071 2114 3208 2169 mala
3227 2116 3330 2170 vita
3352 2117 3447 2173 ista
3467 2126 3564 2172 est.
3587 2118 3717 2175 Sed

2124 2198 2245 2268 quia
2275 2200 2434 2265 nosti,
2465 2215 2584 2255 cum
2616 2201 2727 2256 hace
2755 2202 2974 2267 dixeris,
3003 2207 3170 2274 premi
3201 2216 3252 2262 te
3280 2222 3435 2278 posse
3466 2211 3717 2265 auctori-

2128 2296 2234 2343 tate
2257 2291 2555 2361 evangelica
2578 2308 2593 2357 ;
2621 2294 2886 2348 convertis
2912 2304 2964 2349 te
2989 2295 3054 2352 ad
3079 2296 3219 2351 aliud
3241 2298 3577 2355 dissuadendi
3601 2318 3713 2371 ge-

2126 2395 2245 2444 nus,
2274 2390 2331 2436 ut
2361 2382 2621 2437 laudando
2648 2383 2801 2453 falso,
2830 2401 2917 2441 me
2940 2401 2971 2440 a
2994 2402 3118 2442 vera
3141 2389 3158 2419 ¹
3183 2387 3341 2446 laude
3375 2389 3667 2461 prohibeas
3691 2409 3711 2456 ;

2124 2469 2232 2524 imo
2254 2471 2516 2527 laudando
2541 2473 2830 2539 Christum,
2851 2491 2879 2528 a
2901 2475 3112 2532 Christo
3141 2477 3439 2548 prohibeas,
3466 2480 3658 2536 dicens
3690 2500 3707 2536 :

2125 2563 2259 2629 Quid
2290 2574 2372 2619 est
2400 2565 2537 2621 hoc?
2567 2567 2699 2623 Ecce
2720 2568 2791 2621 illi
2817 2567 3072 2634 fecerunt,
3101 2568 3235 2624 forte
3256 2580 3310 2625 tu
3331 2586 3435 2625 non
3454 2574 3662 2645 poteris
3690 2591 3709 2625 :

2125 2655 2314 2725 incipis
2335 2657 2642 2724 ascendere,
2664 2658 2831 2713 cadis.
2854 2659 3068 2714 Monere
3090 2660 3294 2716 videtur
3312 2678 3326 2728 ;
3350 2676 3568 2732 serpens
3588 2671 3707 2729 est,

2123 2744 2306 2800 dolosa
2333 2747 2505 2817 lingua
2534 2755 2633 2813 est,
2652 2763 2911 2803 venenum
2941 2748 3118 2804 habet.
3152 2750 3294 2822 Roga
3323 2762 3503 2807 contra
3530 2753 3709 2815 illam.

2123 2836 2169 2891 si
2197 2838 2275 2891 vis
2298 2837 2602 2902 ascendere,
2632 2846 2683 2893 et
2721 2838 2808 2893 dic
2842 2839 2950 2894 Deo
2984 2850 3073 2897 tuo
3101 2858 3113 2894 :
3145 2840 3388 2906 Domine,
3426 2860 3542 2897 erue
3579 2846 3710 2896 ani-

2124 2944 2258 2981 mam
2279 2945 2439 2982 nteant
2464 2946 2495 2982 a
2523 2929 2666 2985 labiis
2686 2929 2884 2999 iniustis
2907 2939 2952 2984 et
2975 2947 3007 2983 a
3026 2930 3198 3004 lingua
3223 2933 3417 2985 dolosa.

2194 3021 2245 3076 5.
2278 3020 2424 3093 [vers.
2457 3020 2593 3095 ἔνι-5.]
2628 3023 2691 3076 Et
2716 3022 2844 3077 dicit
2875 3023 2965 3077 tibi
2991 3023 3244 3078 Dominus
3271 3034 3409 3089 tuus,
3441 3025 3577 3091 Quid
3600 3026 3709 3078 da-

2125 3112 2258 3167 bitur
2282 3114 2389 3175 tibi,
2415 3123 2502 3169 aut
2535 3114 2657 3183 quid
2674 3125 2955 3184 apponatur
2983 3115 3071 3168 tibi
3091 3116 3159 3168 ad
3184 3116 3409 3184 linguam
3435 3117 3712 3195 dolosam?

2126 3202 2182 3258 id
2204 3213 2305 3273 est,
2330 3203 2471 3276 quod
2501 3203 2699 3259 habeas
2721 3204 2974 3260 adversus
3004 3205 3232 3277 linguam
3261 3205 3532 3273 dolosam,
3555 3208 3706 3276 quod

2124 3308 2362 3364 opponas
2403 3294 2597 3365 lingua:
2624 3294 2822 3350 dolosa:
2847 3337 2863 3363 ,
2894 3310 2998 3366 quo
3027 3302 3079 3351 te
3103 3296 3311 3350 munias
3329 3295 3580 3351 adversus
3602 3297 3712 3350 lin-

2121 3391 2278 3454 guam
2318 3383 2580 3451 dolosam,
2610 3386 2731 3455 quid
2767 3386 2855 3440 tibi
2878 3385 3099 3452 dabitur,
3138 3394 3226 3439 aut
3259 3386 3381 3457 quid
3420 3396 3710 3457 npponetur

2126 3477 2250 3532 tibi?
2294 3475 2636 3548 Interrogavit
2681 3492 2967 3543 exercens;
3015 3493 3136 3532 nam
3178 3478 3293 3547 ipse
3337 3478 3577 3534 dicturus
3618 3488 3707 3534 est

2125 3570 2263 3642 qttod
2303 3569 2610 3640 interrogat.
2642 3568 2935 3640 Respondit
2960 3571 3100 3627 enim
3121 3612 3138 3638 ,
3166 3569 3452 3639 subjiciens
3477 3571 3576 3624 sibi
3611 3571 3705 3624 in-

2128 3661 2434 3731 terroganti,
2474 3661 2687 3732 Sagitta:
2717 3662 2926 3731 potentis
2947 3671 3125 3727 acutae,
3153 3678 3265 3714 cum
3287 3662 3583 3717 carbonibus
3606 3663 3706 3716 de-

2125 3752 2411 3815 solatariis;
2457 3751 2540 3806 vel
2563 3791 2579 3815 ,
2624 3752 2972 3807 vastatoribus.
3022 3751 3150 3806 Sive
3186 3751 3501 3806 desolatoriis
3526 3751 3702 3815 dicas,

2127 3843 2244 3897 sive
2264 3843 2595 3897 vastatoribus
2623 3842 2771 3898 dicas
2800 3842 2956 3913 (nam
2985 3844 3035 3896 in
3066 3841 3289 3897 diversis
3313 3842 3585 3897 codicibus
3612 3842 3703 3897 di-

2128 3948 2279 3989 verse
2303 3933 2556 4003 scriptum
2579 3931 2720 4001 est),
2749 3932 2885 3989 idem
2916 3932 3191 4003 signiﬁcat.
3226 3932 3446 3987 Videte:
3471 3944 3704 3987 vastato-

2127 4039 2214 4079 res
2241 4023 2500 4083 carbones
2526 4024 2790 4090 dicuntur,
2816 4024 2935 4094 quia
2966 4024 3218 4079 vastando
3238 4033 3291 4079 et
3315 4024 3608 4080 desolando
3630 4026 3698 4079 ad

2127 4114 2505 4169 desolationem
2529 4115 2678 4169 facile
2700 4115 3009 4187 perducunt.
3033 4114 3131 4181 Qui
3155 4123 3277 4169 sunt
3295 4116 3380 4169 isti
3399 4116 3701 4171 carbones?

2128 4205 2389 4276 intelligat
2409 4203 2648 4260 Charitas
2674 4213 2848 4259 vestra
2871 4205 3039 4274 primo
3064 4221 3180 4275 qua:
3199 4215 3323 4258 sunt
3345 4206 3567 4273 sagitta.
3597 4205 3703 4260 Sa-

2127 4301 2264 4367 gith
2292 4298 2503 4367 potentis
2527 4307 2703 4361 acutaz,
2734 4298 2892 4352 verba
2929 4297 3020 4355 Dei
3064 4307 3205 4357 sunt.
3250 4296 3699 4366 Ecoejaeiuntur,

2128 4399 2183 4441 et
2204 4387 2511 4456 transﬁgunt
2535 4386 2695 4441 corda
2725 4404 2738 4440 :
2770 4386 3011 4443 sed‘cum
3043 4387 3292 4441 transﬁxa
3320 4386 3510 4442 fuerint
3536 4388 3699 4442 corda

2128 4479 2334 4549 sagittis
2381 4474 2530 4533 verbi
2571 4478 2697 4541 Dei,
2747 4492 2896 4532 amor
2939 4479 3196 4532 excitatur
3217 4480 3259 4544 ³,
3305 4494 3409 4533 non
3453 4479 3699 4534 interitus

2128 4579 2483 4638 comparatur.
2534 4568 2690 4623 Novit
2726 4569 2979 4622 Dominus
3017 4570 3262 4639 sagittare
3303 4569 3368 4623 ad
3403 4586 3639 4626 amorem
3677 4584 3695 4620 :

2129 4672 2184 4721 et
2226 4677 2382 4718 nemo
2424 4661 2695 4731 pulchrius
2738 4661 2949 4731 sagittat
2990 4660 3054 4717 ad
3103 4676 3362 4727 amorem,
3408 4678 3567 4733 quam
3609 4666 3697 4734 qui

2130 4755 2292 4811 verbo
2320 4753 2558 4823 sagittat;
2606 4752 2712 4805 imo
2749 4752 2961 4822 sagittat
2997 4767 3092 4805 cor
3126 4754 3374 4815 amantis,
3404 4762 3455 4806 ut
3488 4754 3702 4822 adjuvet

2128 4854 2427 4910 amantem;
2453 4843 2683 4913 sagittat,
2707 4851 2765 4898 ut
2792 4842 2944 4895 iaciat
2963 4850 3250 4900 amantem.
3279 4842 3496 4913 Sagitta:
3520 4855 3699 4900 autem

2128 4947 2270 5002 sunt,
2301 4951 2418 4991 cum
2448 4935 2650 5004 agimus
2666 4933 2860 4988 verbis.
2887 4932 3156 4989 Carbones
3194 4945 3368 4991 autem
3408 4944 3703 4992 vastatores

2128 5027 2216 5098 qui
2264 5026 2423 5080 sunt?
2470 5025 2663 5079 Parant
2711 5031 2792 5079 est
2822 5023 2998 5078 verbis
3034 5039 3192 5093 agere
3237 5034 3423 5081 contra
3466 5026 3701 5097 linguam

2128 5115 2402 5170 subdolam
2431 5121 2485 5168 et
2509 5112 2645 5167 labia
2675 5113 2869 5180 iniqua,
2897 5127 3078 5180 parum
3111 5122 3193 5167 est
3209 5114 3387 5169 verbis
3414 5129 3607 5183 agere;
3644 5126 3705 5170 et

2128 5204 2384 5277 exemplis
2407 5201 2666 5274 agendum
2694 5209 2792 5256 est.
2821 5201 3074 5270 Exempla
3101 5209 3225 5256 sunt
3244 5202 3503 5258 carbones
3522 5215 3699 5259 vasta-

2130 5305 2291 5350 tores.
2321 5295 2387 5351 Et
2409 5308 2572 5364 quare
2597 5299 2891 5349 vastatores
2911 5290 3178 5356 dicuntur,
3211 5291 3445 5347 breviter
3472 5294 3697 5363 accipiat

2126 5386 2371 5441 Charitas
2397 5394 2590 5439 vestra.
2630 5382 2827 5445 Primo,
2858 5382 3124 5450 quomodo
3153 5382 3409 5450 exemplis
3437 5386 3696 5455 agendum

2128 5482 2216 5542 sit,
2247 5476 2437 5531 videte.
2470 5475 2667 5545 Lingua
2690 5472 2909 5528 subdola
2942 5472 3073 5527 nihil
3097 5474 3176 5530 sic
3199 5474 3347 5527 novit
3373 5473 3568 5538 dicere.
3589 5489 3697 5543 quo

2129 5570 2297 5638 magis
2321 5567 2539 5622 subdola
2564 5574 2667 5633 est,
2698 5566 2820 5631 nisi,
2852 5565 2984 5620 Vide
3014 5582 3081 5620 ne
3110 5582 3213 5621 non
3247 5567 3419 5637 possis
3444 5568 3694 5639 implere;

2192 5703 2207 5733 ι
2246 5701 2413 5749 Plures
2435 5708 2562 5761 Mss,
2586 5705 2634 5747 ut
2654 5696 2897 5748 laudando
2913 5711 2997 5761 me
3010 5698 3148 5759 ριιςο,
3171 5712 3202 5748 a
3218 5713 3347 5761 uera,
3373 5708 3467 5750 ctc.

2194 5764 2214 5793 ¹
2238 5771 2338 5810 Am.
2365 5770 2415 5810 et
2435 5760 2652 5822 plerique
2673 5766 2801 5818 uss,
2835 5760 3145 5811 exercitum.
