3964 6204
243 358 377 413 16ΟΙ

239 473 471 524 multum
517 477 598 523 est
632 466 696 521 ad
729 476 779 521 te
807 465 908 519 hoc
933 461 1165 533 aggredi.
1207 459 1470 529 Accepisti
1522 466 1577 511 tu
1621 469 1826 527 praece-

237 574 396 629 ptum
441 559 849 629 evangelicum,
893 555 1056 609 habes
1094 552 1374 621 sagittam;
1429 549 1522 604 sed
1567 548 1828 603 carbones

233 653 483 707 ιιοιιύιιιιι
516 651 700 704 habes.
730 645 1045 702 Titnendum
1072 659 1139 698 ne
1165 643 1354 713 sagitta
1385 641 1497 695 sola
1528 657 1631 693 non
1659 639 1830 692 valeat

232 745 502 799 adversus
528 744 757 812 linguam
779 740 1016 794 dolosam
1044 756 1056 790 :
1081 745 1276 792 suntet
1300 735 1578 789 carbones.
1593 733 1664 789 Ut
1680 740 1825 801 puta,

235 838 428 907 incipit
469 836 610 890 enim
650 835 741 888 tibi
776 833 953 887 dicere
995 831 1158 892 Deus,
1189 828 1267 883 Tu
1309 843 1414 881 non
1453 837 1636 895 potes,
1664 840 1828 894 quare

236 929 336 982 ille
369 927 580 996 potest?
611 940 776 994 quare
796 925 929 977 alter
951 921 1156 991 potuit?
1184 917 1446 988 Numquid
1472 927 1525 970 tu
1555 916 1830 972 delicatior

237 1036 301 1073 es
330 1019 424 1073 illo
451 1017 729 1071 senatore?
759 1014 1012 1084 munquid
1035 1024 1087 1067 ιιι
1110 1013 1370 1066 infirmior
1398 1025 1458 1066 es
1488 1011 1598 1075 illo,
1627 1019 1718 1063 aut
1743 1010 1832 1063 illo

241 1113 298 1164 in
356 1109 739 1164 valctudine‘?
774 1107 1025 1175 nttmquid
1076 1116 1129 1160 tu
1179 1104 1437 1158 infirmior
1476 1118 1536 1156 es
1578 1102 1830 1157 feminis?

244 1202 489 1256 Femina:
519 1207 827 1270 potuerunt,
857 1198 954 1250 viri
984 1212 1088 1250 non
1119 1195 1374 1264 possunt?
1401 1193 1610 1247 delicati
1640 1191 1832 1246 divites

240 1302 573 1364 potuerunt,
618 1305 879 1362 pauperes
925 1305 1028 1342 non
1074 1289 1335 1356 possunt?
1362 1285 1466 1339 Sed
1493 1300 1611 1353 ego,
1643 1284 1830 1352 inquit,

244 1390 478 1442 multum
510 1384 744 1455 peccavi,
775 1392 830 1437 et
853 1382 1072 1436 multum
1106 1388 1351 1449 peccator
1375 1393 1510 1432 sum.
1539 1377 1832 1432 Numeran-

247 1491 344 1536 tur
375 1482 534 1534 etiam
563 1479 650 1547 qui
680 1478 901 1531 mttlttttn
942 1482 1321 1544 peccaverunt;
1369 1481 1421 1525 ct
1449 1487 1515 1527 eo
1541 1473 1656 1540 plus
1683 1485 1830 1522 ama—

246 1582 463 1636 verunt,
482 1587 586 1639 quo
615 1571 763 1638 plura
793 1569 896 1623 illis
917 1567 1131 1621 dimissa
1159 1574 1313 1618 sunt:
1341 1563 1608 1633 quomodo
1634 1563 1830 1615 dictum

245 1672 340 1716 est
381 1664 431 1714 in
480 1660 791 1728 Evangelio,
825 1658 916 1712 Cui
962 1657 1213 1710 modicum
1251 1656 1551 1720 dimittitur,
1584 1653 1834 1705 modicum

246 1755 419 1824 diligit
449 1754 463 1821 (
492 1753 615 1804 an.
645 1768 734 1812 vn,
769 1752 835 1805 47
865 1747 904 1819 ).
947 1750 1076 1802 Cum
1107 1764 1234 1817 ergo
1265 1746 1457 1801 fuerint
1488 1747 1584 1800 ista
1615 1760 1834 1799 enume-

245 1857 386 1904 rata,
423 1855 473 1896 et
517 1842 823 1896 nominatim
853 1840 979 1894 dicti
1013 1840 1206 1892 iuerint
1251 1838 1492 1890 homines
1520 1837 1609 1905 qui
1648 1845 1834 1905 potue-

245 1944 398 1996 runt,
423 1934 510 1988 ille
531 1942 744 2001 accepta
771 1932 958 2000 sagitta
991 1931 1040 1983 in
1067 1929 1248 1994 corde,
1275 1927 1650 1982 accedentibus
1671 1927 1832 1980 etiam

245 2025 573 2080 carbonibus
601 2022 969 2086 desolatoriis,
998 2021 1268 2074 desolatur
1301 2019 1352 2072 iu
1386 2019 1476 2072 illo
1504 2027 1715 2072 terrena
1743 2031 1835 2070 co-

245 2118 456 2186 gitatio.
487 2115 619 2182 Quid
652 2123 728 2168 est
759 2114 900 2168 enim
924 2151 938 2174 ,
981 2111 1287 2165 desolatur?
1329 2108 1410 2163 Ad
1451 2108 1832 2162 desolationem

247 2209 582 2279 perducitur.
621 2209 780 2262 Erant
804 2215 978 2259 autem
1010 2207 1060 2258 in
1094 2205 1182 2258 illo
1205 2203 1366 2257 multa
1387 2218 1504 2272 quae
1531 2201 1669 2255 male
1691 2201 1834 2255 fron-

244 2304 498 2364 duerant,
519 2301 698 2354 multa:
717 2299 963 2353 carnales
986 2298 1356 2367 cogitationes,
1381 2295 1665 2349 saiculares
1685 2293 1835 2348 multi

244 2408 465 2447 amores
494 2410 506 2445 :
536 2391 633 2459 ipsi
659 2400 884 2444 uruntur
919 2387 1240 2443 carbonibus
1272 2385 1631 2453 desolatoriis,
1659 2393 1718 2439 ut
1745 2383 1838 2438 fiat

247 2499 418 2554 purus
461 2483 606 2537 locus
653 2481 946 2548 desolatus,
985 2481 1034 2534 in
1078 2480 1229 2548 cujus
1267 2479 1368 2534 loci
1403 2479 1631 2548 puritate
1678 2476 1836 2532 faciat

252 2577 398 2629 Dens
423 2574 700 2629 :editicium
725 2588 912 2639 suum;
954 2573 1076 2644 quia
1108 2571 1244 2627 facta
1287 2579 1404 2626 erat
1439 2571 1511 2625 ibi
1541 2572 1690 2625 ruina
1717 2570 1836 2625 dia-

250 2669 383 2734 lioli,
413 2676 468 2722 et
495 2667 784 2721 :ediiicatur
809 2666 881 2721 ibi
909 2664 1154 2721 Christus
1187 2683 1200 2718 :
1234 2679 1356 2718 nam
1382 2663 1632 2732 quamdiu
1660 2673 1837 2717 manet

248 2762 327 2815 ibi
365 2760 625 2821 diabolus,
661 2774 763 2812 non
790 2767 965 2826 potest
991 2756 1243 2811 aidilicari
1271 2755 1532 2809 Christus.
1567 2752 1840 2807 Accedunt

249 2852 516 2906 carbones
555 2849 883 2912 tlesolatorii,
915 2857 968 2903 et
1005 2848 1260 2917 dejiciunt
1301 2845 1441 2915 quod
1485 2845 1624 2898 male
1669 2844 1839 2898 fuerat

251 2941 590 3005 mdilicatum,
632 2949 684 2994 ct
722 2939 964 2994 desolato
991 2939 1107 2992 loco
1137 2937 1340 2992 accedit
1365 2945 1629 2990 structura
1662 2934 1838 2989 felici-

253 3031 380 3084 tatis
407 3039 691 3100 perpetute.
723 3028 910 3084 Videte
933 3043 1060 3097 ergo
1085 3043 1250 3096 quare
1271 3026 1395 3080 dicti
1417 3033 1538 3079 sunt
1557 3024 1834 3079 carbones.

251 3122 388 3188 Quia
419 3121 509 3191 qui
539 3135 597 3175 se
620 3129 940 3184 convertunt
968 3119 1031 3172 ad
1063 3119 1362 3183 Dominum,
1401 3118 1467 3172 dc
1507 3117 1727 3172 mortuis
1754 3131 1840 3170 re-

252 3213 539 3266 viviscunt.
587 3209 858 3265 Carbones
887 3217 1062 3263 autem
1090 3208 1300 3277 quando
1328 3207 1710 3268 accenduntur,
1738 3222 1840 3260 an-

252 3314 473 3373 tequam
501 3301 938 3365 accenderentur,
967 3300 1210 3354 exstincti
1237 3308 1410 3353 erant.
1437 3297 1568 3352 Nam
1592 3297 1839 3351 exstincti

251 3395 541 3459 carbones,
582 3393 774 3447 mortui
821 3391 1099 3455 dicuntur;
1135 3389 1402 3452 ardentes,
1432 3389 1532 3442 vivi
1563 3388 1840 3458 appellan-

254 3497 360 3539 tur.
398 3485 654 3554 Excmpla
682 3499 809 3553 ergo
841 3483 1128 3536 multorum
1158 3482 1456 3550 iniquorum
1479 3481 1567 3550 qui
1599 3479 1841 3535 conversi

253 3586 379 3631 sunt
399 3575 465 3633 ad
487 3575 790 3639 Dominum,
821 3573 1081 3627 carbones
1101 3571 1225 3627 dicti
1252 3579 1394 3626 sunt.
1416 3571 1583 3625 Audis
1600 3570 1866 3636 homines

253 3667 465 3732 mirari,
491 3677 542 3720 et
565 3666 760 3730 dicere,
788 3666 898 3735 Ego
929 3664 1075 3718 illum
1105 3664 1247 3729 novi,
1275 3679 1432 3733 quam
1460 3663 1701 3718 ebriosus
1723 3663 1838 3727 fuit,

253 3774 418 3828 quam
439 3757 747 3820 sceleratus,
767 3755 936 3823 qualis
959 3763 1162 3808 amator
1183 3755 1308 3808 circi
1325 3761 1416 3808 aut
1443 3753 1838 3823 amphitheatri,

254 3850 433 3919 qualis
477 3847 787 3901 fraudator:
817 3846 974 3901 modo
1014 3845 1280 3916 quomodo
1326 3846 1436 3900 Deo
1473 3845 1657 3910 servit,
1685 3860 1842 3913 quam

261 3945 527 3996 innocens
561 3941 726 3994 factus
751 3942 859 3994 est!
901 3939 1014 3994 Noli
1060 3940 1274 4004 mirari;
1325 3939 1484 3993 carbo
1523 3947 1624 3993 est.
1656 3938 1843 3994 Vivum

255 4032 501 4100 gaudes,
553 4045 708 4099 quem
761 4029 1078 4084 exstinctum
1125 4027 1432 4097 plangebas.
1487 4027 1592 4083 Sed
1637 4026 1848 4097 quando

259 4124 452 4181 laudas
482 4123 692 4184 vivum,
725 4121 768 4176 si
802 4121 937 4176 nosti
970 4119 1206 4184 laudare,
1238 4119 1431 4174 adhibe
1467 4119 1612 4173 illum
1641 4127 1849 4172 mortuo

262 4229 322 4272 ιιι
370 4215 720 4280 accendatur;
772 4214 822 4267 id
869 4222 969 4279 est,
1001 4213 1320 4282 quicumque
1362 4211 1534 4267 adhuc
1579 4213 1726 4281 piger
1768 4221 1851 4266 est

261 4309 422 4378 sequi
471 4307 653 4368 Deum,
683 4307 906 4360 admove
950 4306 1026 4359 illi
1075 4305 1358 4360 carbonem
1387 4304 1475 4373 qui
1514 4313 1628 4358 erat
1654 4303 1852 4358 exstin-

264 4411 392 4454 ctus
415 4439 430 4463 ,
479 4406 534 4452 et
561 4399 751 4451 habeto
777 4397 1020 4465 sagittam
1047 4396 1193 4451 verbi
1221 4396 1335 4462 Dei,
1364 4405 1417 4450 et
1444 4396 1729 4450 carbonem
1757 4410 1850 4448 va-

268 4500 528 4547 statorem
551 4529 564 4554 ,
604 4499 657 4544 ut
694 4504 944 4546 occurras
987 4489 1139 4544 labiis
1177 4489 1371 4559 iniquis
1405 4499 1460 4544 et
1499 4489 1690 4558 lingua:
1729 4488 1853 4543 sub-

269 4583 434 4636 dolat.

347 4673 401 4727 6.
441 4671 577 4737 Quid
615 4671 886 4740 sequitur?
929 4671 1145 4740 Accepit
1181 4671 1280 4726 iste
1321 4671 1537 4741 sagittas
1578 4671 1854 4738 ardentes,

277 4763 502 4834 accipiat
546 4762 803 4817 carbones
851 4770 1162 4816 vastatores.
1211 4760 1328 4816 Jam
1377 4761 1582 4830 repellit
1629 4763 1856 4832 linguam

279 4855 556 4910 subdolam
587 4863 642 4908 et
675 4854 810 4908 labia
842 4855 1016 4923 iniqua
1039 4894 1053 4920 ,
1091 4853 1198 4923 jam
1227 4853 1466 4909 ascendit
1493 4854 1744 4924 gradum,
1777 4855 1859 4908 in-

282 4949 408 5017 cipit
437 4948 691 5016 proticerc
721 4965 733 4998 :
762 4945 854 5000 sed
883 4946 1056 5001 adhuc
1082 4947 1208 5001 vivit
1233 4946 1369 5001 inter
1393 4947 1582 5014 malos,
1606 4947 1745 5000 inter
1765 4947 1862 5001 ini-

285 5053 453 5108 tutos;
487 5036 720 5092 nondum
751 5048 832 5093 est
857 5053 977 5094 area
1008 5039 1255 5093 ventilata
1288 5056 1301 5092 :
1333 5048 1454 5108 puta
1482 5040 1603 5108 quia
1633 5039 1862 5092 triticum

287 5129 480 5183 factum
511 5136 623 5194 est,
656 5128 909 5198 numquid
936 5129 1044 5198 jam
1087 5129 1140 5184 in
1179 5129 1369 5182 horreo
1395 5128 1515 5183 est?
1552 5129 1741 5183 Adhuc
1768 5144 1864 5184 ne-

285 5237 436 5276 cesse
464 5231 545 5276 est
575 5220 735 5274 multa
769 5221 912 5290 palea
947 5229 1250 5290 prematur;
1277 5229 1331 5274 et
1354 5229 1608 5290 quantum
1636 5221 1864 5289 prolicit,

289 5322 490 5365 tantum
524 5309 665 5364 videt
693 5309 892 5379 majora
922 5309 1166 5363 scandala
1198 5310 1249 5363 in
1282 5311 1497 5379 populo.
1528 5310 1659 5364 Nam
1690 5311 1735 5364 si
1763 5327 1866 5364 non

291 5401 549 5471 proticiat,
583 5417 688 5455 non
716 5401 858 5454 videt
886 5401 1219 5470 iniquitates;
1247 5402 1291 5454 si
1320 5418 1423 5454 non
1451 5402 1520 5456 sit
1547 5417 1703 5456 verax
1731 5402 1871 5456 chri-

291 5494 496 5548 stianus
518 5535 532 5554 .
563 5508 665 5546 non
700 5493 839 5546 videt
874 5493 1044 5545 tictos.
1078 5491 1323 5557 Etenim,
1359 5491 1580 5556 fratres,
1613 5502 1665 5546 et
1691 5492 1757 5547 de
1786 5493 1870 5546 illa

293 5582 641 5638 similitudine
668 5584 768 5639 hoc
797 5597 894 5638 nos
921 5581 1076 5637 docet
1105 5583 1358 5637 Dominus
1376 5624 1391 5652 ,
1419 5582 1485 5639 de
1515 5582 1792 5639 frumentis
1821 5591 1876 5639 et

361 5739 375 5767 ι
407 5735 595 5800 Aliquot
618 5744 743 5796 Mss,
761 5743 842 5786 aut
863 5735 947 5786 illo
964 5733 1189 5787 htt'alido.

1293 327 1295 329 ’
1345 339 1736 404 nutriunto
1773 337 1838 396 IN
1876 337 2198 397 PSALMUM
2234 341 2419 396 CXIX.

3383 352 3517 408 N309.

1935 450 2169 506 zizaniis.
2200 452 2327 508 Cum
2354 462 2519 507 autem
2545 456 2774 510 crevisset
2799 457 2952 512 herba
2979 469 3026 513 et
3053 467 3273 531 factum
3299 466 3516 536 fecisset,

1936 551 2053 595 tunc
2075 556 2417 614 apparuerunt
2445 555 2490 599 et
2518 547 2714 601 zizania
2743 548 2970 619 (Matth.
3002 569 3114 618 xm,
3144 555 3246 625 26)
3275 575 3286 610 :
3317 557 3369 612 id
3398 571 3505 622 est,

1935 633 2056 700 quia
2082 633 2211 688 nulli
2236 635 2432 688 homini
2458 648 2713 705 apparent
2739 640 2882 706 mali,
2907 642 3005 701 nisi
3035 643 3202 698 factus
3226 646 3382 702 fuerit
3403 649 3518 718 ipse

1937 723 2137 790 bonus;
2161 726 2281 795 quia
2303 743 2415 779 cum
2435 729 2658 783 crevisset
2680 731 2829 785 herba
2848 743 2892 786 et
2913 738 3135 803 fructum
3157 738 3371 806 fecisset,
3396 751 3516 793 tunc

1935 827 2278 884 apparuerunt
2307 819 2523 872 zizania.
2550 819 2666 874 Jam
2695 837 2820 891 ergo
2850 824 2949 879 iste
2977 827 3138 894 cmpit
3163 830 3437 897 prolicere,
3463 840 3513 886 et

1935 907 2095 975 cuipit
2120 907 2298 962 videre
2329 911 2514 975 malos,
2544 921 2598 964 et
2629 913 2792 966 multa
2823 914 2958 968 mala
2986 931 3102 985 quae
3131 927 3252 973 ante
3277 936 3382 974 non
3413 937 3515 976 no-

1936 1007 2103 1064 verat,
2131 1007 2183 1052 et
2211 1000 2403 1052 clamat
2433 1001 2500 1054 ad
2534 1002 2810 1056 Dominum
2843 1021 2855 1056 :
2894 1004 3005 1058 Heu
3031 1023 3128 1074 me,
3157 1011 3290 1078 quod
3319 1012 3515 1066 incola-

1937 1097 2016 1140 tus
2054 1096 2190 1141 meus
2232 1089 2530 1160 longinquus
2552 1131 2565 1153 ,
2599 1092 2798 1162 inquit,
2827 1095 2988 1161 fartus
3027 1106 3094 1149 est
3113 1098 3134 1150 .'
3161 1099 3378 1155 Multum
3406 1118 3434 1155 a
3465 1113 3515 1157 te

1937 1179 2152 1244 recessi,
2175 1183 2525 1251 peregrinatio
2546 1199 2660 1238 mea
2684 1183 2818 1240 facta
2840 1196 2922 1241 est
2949 1188 3247 1260 longinqua.
3271 1191 3514 1249 Nondum

1937 1273 2053 1326 veni
2096 1273 2146 1326 in
2188 1274 2410 1342 patriam
2453 1276 2627 1342 illam,
2661 1279 2748 1331 ubi
2784 1294 2903 1332 cum
2941 1281 3086 1335 nullo
3115 1284 3255 1338 malo
3283 1286 3516 1341 victurus

1937 1375 2052 1414 sum
2079 1379 2093 1427 ;
2130 1363 2361 1416 nondttm
2396 1365 2514 1418 veni
2544 1366 2610 1418 ad
2639 1367 2780 1420 illam
2813 1371 3118 1425 societatem
3159 1374 3476 1442 Angelorum
3499 1416 3515 1440 ,

1939 1452 2024 1506 ubi
2064 1453 2308 1507 scandala
2339 1469 2442 1508 non
2477 1456 2690 1510 timebo.
2724 1457 2900 1522 Quare
2926 1471 3101 1515 autem
3133 1465 3365 1518 nonduin
3398 1482 3513 1520 sum

1939 1544 2046 1597 ibi?
2076 1544 2206 1610 Quia
2237 1546 2484 1600 incolatus
2514 1564 2650 1601 meus
2676 1549 2974 1621 longinquus
3001 1557 3162 1623 factus
3189 1567 3278 1611 est.
3308 1558 3515 1612 Incola-

1939 1642 2021 1687 tus
2048 1635 2396 1704 peregrinatio
2417 1645 2498 1690 est
2521 1655 2533 1690 :
2562 1638 2728 1691 incola
2751 1640 2944 1695 dicitur
2963 1645 3050 1712 qui
3073 1643 3272 1700 habitat
3299 1649 3348 1701 in
3373 1657 3512 1702 terra

1936 1723 2128 1789 aliena,
2160 1741 2264 1779 non
2298 1726 2348 1779 in
2379 1727 2589 1783 civitate
2613 1744 2726 1783 sua.
2756 1730 3100 1801 Longinquns,
3134 1737 3320 1806 inquit,
3351 1743 3518 1809 factus

1936 1825 2007 1868 est
2031 1816 2277 1870 incolatus
2307 1834 2462 1872 meus.
2495 1819 2558 1873 Et
2583 1821 2670 1874 ubi
2696 1823 3048 1892 longinquus?
3069 1827 3386 1896 Aliquando,
3412 1830 3519 1884 fra-

1939 1915 2045 1961 tres
2073 1910 2209 1973 mei,
2235 1925 2356 1964 cum
2388 1912 2751 1982 peregrinatur
2774 1913 2933 1969 homo
2956 1957 2972 1983 ,
3001 1917 3138 1972 inter
3165 1920 3413 1977 meliores
3435 1925 3516 1977 vi-

1938 1999 2030 2065 vit,
2054 2015 2210 2068 quam
2235 2000 2284 2054 in
2315 2003 2483 2070 patria
2509 2017 2604 2058 sua
2631 2004 2767 2059 forte
2792 2006 2995 2061 viveret
3019 2025 3030 2060 :
3056 2009 3148 2062 sed
3179 2025 3282 2063 non
3309 2012 3384 2066 sic
3409 2022 3512 2078 est,

1937 2089 2145 2159 quando
2166 2091 2232 2146 de
2254 2092 2340 2147 illa
2361 2093 2655 2149 JeruSalcm
2678 2097 2879 2150 cmlesti
2909 2100 3324 2169 peregrinamur.
3352 2103 3518 2159 Mutat

1938 2184 2079 2236 enim
2112 2183 2270 2238 homo
2301 2187 2562 2254 patriam,
2593 2195 2649 2242 et
2675 2189 2957 2257 aliquando
2998 2191 3050 2244 in
3097 2193 3520 2262 peregrinatione

1939 2273 2012 2326 illi
2059 2271 2194 2329 bene
2231 2283 2314 2329 est
2347 2293 2361 2329 :
2393 2276 2590 2331 invenit
2631 2279 2833 2331 amicos
2875 2278 3056 2334 fideles
3098 2282 3516 2352 peregrinando,

1938 2377 2072 2432 quos
2101 2365 2153 2418 in
2190 2365 2356 2434 patria
2386 2365 2625 2422 invenire
2653 2383 2756 2422 non
2794 2370 2980 2438 potuit.
3021 2370 3264 2426 Inimicos
3299 2372 3517 2441 habuit,

1941 2461 1999 2508 ut
2021 2453 2088 2508 de
2121 2455 2287 2524 patria
2317 2456 2633 2525 pelleretur;
2665 2466 2718 2512 et
2746 2474 2864 2512 cum
2897 2461 3337 2530 peregrinaretur,
3372 2463 3521 2518 inve-

1938 2545 2018 2599 nit
2045 2548 2184 2615 quod
2213 2562 2315 2601 non
2347 2547 2574 2603 habebat
2598 2548 2649 2602 in
2679 2550 2866 2618 patria.
2893 2548 3005 2603 Non
3033 2551 3110 2605 sic
3132 2559 3215 2606 est
3241 2553 3405 2620 patria
3431 2553 3522 2608 illa

1938 2634 2268 2702 Jerusalem,
2301 2633 2387 2690 ubi
2415 2651 2604 2692 omnes
2644 2638 2766 2693 boni
2817 2659 2829 2694 :
2872 2642 3190 2711 quicumque
3230 2643 3351 2698 inde
3393 2659 3518 2713 per-

1942 2726 2217 2795 egrinatur
2235 2767 2248 2790 ,
2280 2724 2419 2782 inter
2445 2727 2611 2783 malos
2639 2738 2748 2794 est;
2780 2745 2883 2785 nec
2905 2730 3156 2788 recedere
3187 2749 3216 2788 a
3240 2735 3391 2790 malis
3418 2751 3521 2806 po-

1942 2824 2074 2880 test,
2108 2815 2209 2869 nisi
2240 2833 2360 2870 cum
2393 2817 2609 2872 redierit
2633 2819 2700 2873 ad
2733 2821 3038 2875 societatem
3080 2823 3430 2893 Angelorum,
3462 2835 3521 2880 ut

1941 2907 2011 2962 ibi
2051 2908 2121 2962 sit
2159 2908 2297 2962 unde
2341 2910 2726 2979 peregrinatur.
2761 2911 2832 2965 lbi
2864 2928 3048 2967 omnes
3081 2913 3209 2983 justi
3238 2921 3292 2970 et
3319 2918 3518 2984 sancti,

1942 2997 2030 3067 qui
2071 2997 2321 3051 fruuntur
2352 2995 2525 3053 Verbo
2557 2998 2650 3054 Dei
2692 3001 2806 3055 sine
2844 3001 3102 3068 lectione,
3131 3002 3244 3058 sine
3275 3004 3469 3059 litteris
3503 3023 3517 3060 :

1941 3087 2081 3155 qttod
2107 3088 2247 3140 enim
2275 3087 2427 3141 nobis
2451 3104 2546 3158 per
2569 3089 2785 3159 paginas
2808 3091 3058 3160 scriptum
3082 3101 3183 3160 est,
3212 3109 3307 3162 per
3329 3093 3520 3150 facient

1944 3178 2037 3232 Dei
2069 3178 2139 3232 illi
2169 3190 2412 3233 cernunt.
2447 3179 2628 3246 Qualis
2656 3181 2859 3248 patria!
2891 3181 3073 3252 Magna
3103 3183 3299 3252 patria,
3330 3194 3385 3240 et
3419 3185 3522 3240 mi-

1943 3271 2047 3324 seri
2079 3281 2200 3324 sunt
2226 3270 2486 3339 peregrini
2515 3271 2582 3324 ab
2610 3271 2693 3324 illa
2723 3272 2906 3340 patria.

2000 3358 2068 3415 i7.
2099 3361 2202 3414 Sed
2231 3361 2372 3430 quod
2399 3361 2472 3414 ait
2500 3361 2618 3427 iste,
2649 3360 2946 3433 Longinqua
2972 3368 3107 3434 facta
3135 3373 3206 3419 est
3235 3359 3525 3437 peregrina-

1944 3454 2013 3507 tio
2043 3471 2188 3518 mea;
2217 3454 2444 3508 maxime
2471 3469 2655 3508 eorum
2683 3470 2780 3509 vox
2809 3464 2910 3522 est,
2942 3456 2990 3510 id
3018 3468 3118 3523 est,
3153 3458 3316 3527 ipsius
3344 3459 3525 3514 Eccle—

1945 3546 2072 3612 she,
2112 3561 2230 3614 qua:
2274 3545 2476 3600 laborat
2509 3546 2560 3599 itt
2597 3547 2695 3600 hac
2732 3557 2890 3602 terra.
2937 3548 3078 3602 Illius
3121 3565 3219 3602 vox
3260 3558 3336 3603 est
3361 3593 3374 3615 ,
3408 3565 3526 3619 que

1945 3637 2138 3691 clamat
2167 3652 2196 3690 a
2229 3635 2422 3690 finibus
2449 3647 2604 3690 terrae
2635 3636 2686 3690 in
2716 3638 2819 3690 alio
2859 3639 3061 3706 psalmo
3090 3638 3271 3692 dicens
3301 3658 3314 3692 :
3344 3642 3382 3691 Α
3409 3643 3527 3707 ﬁni-

1948 3728 2035 3780 btts
2063 3737 2206 3779 terra:
2229 3728 2296 3778 ad
2321 3737 2366 3780 te
2390 3726 2620 3779 clamavi.
2645 3727 2773 3793 Quis
2801 3736 3036 3780 nostrum
3063 3729 3248 3781 clamat
3279 3745 3307 3782 a
3335 3729 3526 3782 linibus

1950 3818 2140 3870 terrai?
2169 3813 2278 3868 Nec
2308 3830 2427 3884 ego,
2458 3829 2556 3868 nec
2587 3824 2659 3879 tu,
2691 3831 2788 3868 nec
2815 3815 2903 3869 ille
2933 3833 2946 3869 :
2977 3817 3067 3870 sed
3095 3833 3125 3872 a
3155 3819 3345 3873 fiuilms
3373 3828 3528 3875 terrae

1949 3907 2060 3976 ipsa
2100 3914 2206 3958 tota
2233 3908 2248 3936 ³
2285 3904 2555 3971 Ecclesia,
2598 3913 2704 3958 tota
2747 3905 3026 3960 Inereditas
3064 3909 3258 3962 Christi
3297 3909 3525 3973 clamat;

1949 3994 2069 4065 quia
2109 3995 2344 4050 Ecclesia
2381 3993 2662 4049 han-editas
2697 3995 2844 4063 ejus,
2873 4005 2926 4050 et
2960 3997 3026 4051 de
3064 3996 3300 4052 Ecclesia
3329 4000 3525 4054 dictum

1950 4095 2052 4153 est,
2083 4087 2290 4140 Postulo
2311 4104 2341 4140 a
2365 4103 2462 4153 me,
2485 4095 2530 4140 et
2551 4085 2679 4140 dabo
2702 4087 2790 4139 tibi
2811 4096 2980 4156 gentes
3005 4088 3342 4143 hmreditatem
3369 4100 3527 4153 tuam,

1951 4188 1996 4231 et
2035 4177 2391 4248 possessionem
2427 4187 2563 4230 tuam
2601 4178 2834 4231 terminos
2872 4187 3019 4232 terra?
3048 4177 3226 4251 (Psal.
3256 4195 3290 4234 n
3312 4221 3326 4245 ,
3358 4179 3444 4251 8).
3475 4182 3531 4238 Si

1953 4285 2079 4338 ergo
2119 4260 2384 4337 possessio
2414 4269 2608 4323 Christi
2638 4284 2802 4338 usque
2830 4269 2894 4323 ad
2937 4271 3066 4325 fines
3107 4279 3290 4337 terrai,
3322 4281 3375 4326 et
3405 4287 3530 4342 pos-

1955 4361 2122 4416 sessio
2159 4358 2350 4414 Christi
2391 4376 2579 4415 omnes
2621 4361 2848 4426 sancti’,
2881 4371 2932 4415 et
2969 4377 3154 4417 oumcs
3196 4365 3363 4418 sancti
3398 4380 3534 4418 unus

1959 4454 2118 4507 homo
2149 4454 2198 4507 in
2229 4453 2473 4518 Christo,
2505 4453 2626 4524 quia
2659 4454 2828 4506 unitas
2863 4463 3042 4508 sancta
3081 4455 3130 4509 in
3172 4454 3382 4510 Christo
3415 4465 3531 4520 est;

1961 4541 2076 4614 ipse
2107 4561 2242 4598 unus
2273 4545 2430 4598 homo
2458 4543 2612 4609 dicit,
2645 4545 2686 4597 Α
2715 4544 2898 4614 ﬁnibus
2928 4557 3072 4600 terra:
3106 4547 3173 4599 ad
3208 4556 3254 4601 te
3285 4547 3534 4613 clamavi,

1959 4638 2079 4690 dum
2117 4647 2380 4708 angeretur
2421 4654 2507 4691 cor
2545 4653 2707 4691 meum
2745 4636 2925 4707 (Psal.
2968 4653 3065 4705 Lx,
3095 4637 3181 4708 5).
3217 4639 3383 4707 l-lnjus
3410 4653 3538 4710 ergo

1962 4729 2190 4784 hominis
2214 4730 2497 4800 longinqua
2531 4729 2882 4799 peregrinatio
2912 4731 3050 4786 facta
3073 4740 3153 4784 est
3184 4731 3319 4785 inter
3346 4730 3536 4790 malos.

1964 4819 2029 4874 Et
2057 4829 2304 4890 tanquam
2333 4820 2594 4875 diceretur
2624 4819 2733 4886 illi,
2762 4819 2893 4874 Cum
2921 4821 3112 4890 quibus
3138 4836 3264 4892 ergo
3296 4822 3500 4876 habitas
3522 4864 3537 4886 ,

1965 4919 2021 4962 ιιι
2049 4910 2267 4979 gemas?
2301 4909 2645 4980 Peregrinatio
2665 4951 2677 4972 ,
2717 4909 2918 4980 inquit,
2951 4927 3059 4965 mea
3097 4913 3368 4985 longinqua
3407 4916 3544 4983 facta

1972 5010 2063 5054 est.
2088 4999 2190 5054 Sed
2215 5000 2362 5068 quid,
2387 5001 2430 5053 si
2458 5016 2576 5053 cum
2609 5000 2760 5053 bonis
2783 5002 2962 5056 esset?
2985 5003 3037 5057 Si
3059 5017 3179 5057 cum
3206 5004 3358 5058 bonis
3380 5013 3540 5068 esset;

1974 5104 2077 5143 non
2105 5089 2327 5154 diceret,
2364 5089 2470 5143 lleu
2500 5105 2578 5142 me
2594 5089 2615 5143 .’
2645 5089 2777 5156 lleu,
2807 5105 2906 5144 vox
2944 5101 3024 5146 est
3054 5091 3301 5156 miserias,
3334 5108 3432 5146 vox
3463 5102 3547 5148 est

1969 5179 2283 5233 calamitatis
2309 5189 2360 5232 et
2383 5177 2732 5245 infelicitatis;
2756 5179 2847 5235 sed
2873 5193 3045 5236 tamen
3074 5182 3125 5236 in
3154 5197 3274 5251 spe,
3293 5183 3411 5249 quia
3434 5185 3543 5251 jam

1970 5269 2050 5324 vel
2078 5281 2292 5338 gemere
2317 5267 2518 5323 didicit.
2547 5269 2690 5324 Multi
2719 5271 2859 5326 enim
2890 5280 2941 5325 et
2967 5273 3146 5327 miseri
3173 5283 3326 5336 sunt,
3357 5282 3408 5326 et
3440 5289 3543 5326 non

1972 5368 2218 5431 gcnnmt,
2249 5370 2300 5414 et
2340 5361 2759 5429 peregrinantur,
2793 5371 2847 5415 et
2876 5363 3049 5418 redire
3080 5362 3280 5416 nolunt.
3315 5362 3415 5418 Iste
3439 5363 3546 5432 jam

1973 5452 2157 5504 volens
2188 5451 2382 5516 redire,
2415 5451 2686 5520 cognoscit
2724 5453 3081 5507 infelicitatem
3113 5453 3552 5523 peregrinationis

1976 5529 2129 5598 suat:
2162 5543 2281 5611 quia
2312 5543 2523 5612 agnovit
2552 5543 2715 5609 illam,
2747 5544 2918 5610 redit;
2951 5552 3004 5599 et
3030 5542 3320 5600 ascendere
3347 5544 3550 5618 incipit,

2045 5677 2057 5706 ¹
2086 5683 2181 5722 Λιιι.
2204 5681 2275 5722 Er.
2304 5682 2356 5725 ct
2379 5675 2543 5737 plures
2564 5683 2692 5733 Mss,
2719 5676 2836 5737 sola.

2046 5739 2066 5769 ³
2092 5737 2255 5786 Plures
2274 5736 2400 5799 Mss,
2424 5738 2652 5802 possessio
2674 5736 2852 5790 Christi
2878 5736 3087 5790 homines
3108 5743 3279 5790 smzctt.
