3984 6200
452 290 478 345 ί
488 288 593 346 603

442 404 567 476 quia
594 399 874 458 Canticum
910 394 1166 470 gra'duum
1194 391 1354 462 ctepit
1379 397 1614 447 cantare.
1649 388 1749 447 Ubi
1776 404 1903 462 ergo
1930 405 2026 461 ge-

446 497 567 564 mit,
593 503 650 551 et
673 476 967 564 interiquos
995 485 1235 543 habitat?
1255 484 1542 539 Inhabilavi
1559 500 1673 569 cum
1698 479 2031 539 tabernaculis

448 590 631 646 Cedar.
662 587 896 643 Verbum
930 583 1032 638 hoc
1057 581 1179 650 quia
1213 578 1484 634 hebrarum
1514 585 1627 644 est,
1659 576 1839 647 procul
1868 576 2030 632 dubio

447 698 554 738 non
582 676 933 735 intellexistis.
958 672 1094 741 Quid
1122 681 1222 737 est,
1251 669 1539 724 Inhaln‘tavi
1561 685 1674 723 cum
1701 668 2031 722 tabernaculis

449 769 645 827 Cedar?
663 766 851 828 Cedar,
874 772 1127 834 quantum
1150 760 1489 816 meminimus
1510 775 1576 814 ex
1597 758 2031 828 interpretatione

448 858 722 915 nominum
755 856 1085 910 hebrazorum
1108 896 1121 915 ,
1150 852 1424 907 Tenebras
1450 850 1734 921 signiﬁcat.
1769 851 2034 919 Interpre-

448 958 611 1004 tatum
637 946 811 1003 Cedar
839 946 1000 1001 latine
1019 986 1034 1011 ,
1067 945 1324 998 Tenebra:
1350 942 1616 997 dicuntur.
1646 941 1824 996 Nostis
1852 952 2030 996 autem

448 1041 584 1096 duos
612 1039 749 1095 ﬁlios
775 1038 1024 1093 habuisse
1061 1037 1326 1090 Abraham
1345 1077 1360 1101 ,
1391 1050 1523 1104 quos
1550 1034 1763 1104 quidem
1797 1049 2034 1089 commc-

451 1138 625 1186 morat
655 1128 941 1198 Apostolus
961 1169 974 1192 ,
1001 1138 1056 1181 et
1082 1125 1146 1178 ad
1180 1125 1461 1194 imaginem
1487 1123 1710 1177 duorum
1743 1133 2030 1179 testamen-

449 1229 623 1272 torum
648 1232 768 1272 esse
790 1217 917 1271 dicit
945 1233 959 1269 :
986 1228 1121 1267 unus
1143 1213 1210 1267 de
1236 1212 1422 1266 ancilla
1452 1220 1596 1277 erat,
1628 1222 1680 1267 et
1709 1212 1842 1266 alter
1866 1212 1934 1266 de
1964 1212 2031 1266 11-

449 1310 599 1366 bera.
634 1308 713 1363 Ex
747 1307 967 1366 ancilla.
998 1304 1185 1359 lsmael
1214 1312 1360 1368 erat;
1391 1302 1458 1357 de
1487 1302 1648 1356 libera
1679 1301 1807 1357 Sara
1828 1344 1842 1367 ,
1875 1318 2030 1372 quem

449 1402 686 1472 suscepit
715 1416 783 1455 ex
810 1398 1179 1468 desperatione
1208 1412 1301 1466 per
1332 1395 1509 1461 ﬁdem,
1540 1393 1686 1450 Isaac
1713 1403 1848 1450 erat.
1879 1394 2035 1450 Uter-

451 1508 553 1562 que
572 1508 638 1547 ex
663 1491 866 1547 semine
894 1487 1140 1552 Abrahae,
1169 1487 1263 1541 sed
1293 1500 1396 1539 non
1427 1494 1646 1553 uterque
1671 1485 1845 1539 haeres
1866 1484 2035 1539 Abra-

451 1584 554 1638 hac.
589 1582 665 1637 Dc
697 1580 961 1635 Abraham
994 1586 1147 1632 natus
1176 1592 1341 1641 unus,
1373 1574 1466 1630 sed
1506 1584 1679 1647 tamen
1721 1589 1824 1629 non
1862 1574 2033 1628 luere-

451 1676 584 1729 ditat
616 1692 630 1728 :
660 1673 794 1727 alter
830 1672 988 1725 etiam
1034 1670 1240 1733 hmres;
1285 1682 1390 1721 non
1430 1666 1599 1721 solum
1643 1666 1809 1731 (ilius,
1851 1667 1943 1722 sed
1981 1674 2036 1722 et

451 1765 642 1818 luet-es.
688 1761 742 1815 In
784 1760 972 1815 lsmael
1012 1766 1135 1813 sunt
1170 1772 1357 1813 omnes
1394 1757 1487 1826 qui
1529 1756 1816 1811 carnaliter
1855 1757 2037 1811 colunt

452 1857 639 1910 Deum.
671 1852 749 1907 Ad
775 1854 919 1923 ipsos
945 1850 1086 1905 enim
1114 1858 1169 1905 et
1194 1858 1345 1902 vetus
1367 1856 1740 1902 testamentum
1765 1847 1994 1916 pertinet
2017 1863 2030 1900 :

451 1949 570 2019 quia
598 1947 676 2001 sic
700 1945 833 1999 dixit
859 1943 1163 2012 Apostolus,
1189 1940 1449 2029 SubLege
1468 1940 1684 1994 volentes
1704 1955 1827 2002 esse,
1852 1938 2035 2009 Legem

456 2058 551 2096 ron
592 2038 844 2093 audistis?
883 2037 1143 2105 Scriptum
1178 2044 1251 2089 est
1291 2035 1418 2087 enim
1452 2033 1588 2103 quod
1625 2032 1880 2087 Abraham
1909 2032 2035 2087 duos

452 2132 584 2201 ﬁlios
613 2130 818 2196 habuit,
848 2144 1004 2182 unum
1032 2128 1094 2181 de
1118 2126 1325 2191 ancilla,
1357 2134 1402 2178 et
1430 2140 1587 2177 unum
1613 2123 1676 2177 de
1703 2124 1894 2189 libera;
1923 2138 2036 2194 qua:

450 2231 564 2276 sunt
593 2223 645 2275 in
672 2221 935 2292 allegoria.
972 2217 1095 2273 Ilaec
1120 2219 1250 2271 enim
1281 2226 1398 2271 sunt
1434 2216 1535 2270 duo
1565 2224 1875 2270 testamenta.
1904 2216 2034 2283 Qua:

450 2323 576 2369 sunt
594 2314 698 2369 duo
722 2312 1072 2368 testamenta?
1094 2310 1267 2365 Unum
1296 2317 1468 2375 vetus,
1492 2317 1545 2363 et
1567 2310 1791 2364 alterum
1816 2324 2030 2364 novum.

453 2408 615 2462 Vetus
643 2414 1019 2461 testamentum
1049 2421 1076 2456 il
1107 2403 1248 2466 Deo,
1277 2409 1331 2457 et
1364 2415 1558 2456 novum
1601 2409 1971 2456 testamentum
2000 2417 2033 2457 3

451 2499 593 2564 Deo;
624 2496 892 2567 quomodo
929 2494 996 2551 de
1033 2493 1301 2549 Abraham
1331 2501 1385 2547 ct
1413 2491 1598 2547 lsmael
1637 2500 1692 2547 et
1725 2483 1889 2547 lsaac.
1925 2491 2030 2547 Sed

448 2591 638 2646 lsmael
667 2589 732 2643 ad
764 2597 1061 2651 terrenum,
1094 2587 1239 2640 Isaac
1278 2585 1345 2640 ad
1378 2586 1597 2641 caeleste
1631 2600 1873 2655 regnum.
1907 2584 2032 2642 Ideo

446 2694 601 2739 vetus
627 2691 999 2739 testamentum
1036 2678 1422 2749 promissiones
1449 2677 1607 2732 habet
1637 2686 1897 2742 terrenas,
1926 2687 2031 2733 ter-

448 2793 632 2833 renam
659 2773 972 2839 Jerusalem,
1004 2780 1268 2827 terrenam
1295 2770 1652 2835 Palaestinam,
1677 2784 1897 2840 regnum
1926 2780 2032 2825 ter-

449 2885 636 2927 renum
656 2910 672 2933 ,
700 2867 925 2923 salutem
961 2872 1225 2919 terrenam
1247 2902 1261 2929 ,
1296 2861 1526 2915 hostium
1566 2859 1991 2931 subjugationem
2012 2902 2027 2926 ,

446 2946 821 3016 abundantiam
852 2957 1104 3020 ﬁliorum,
1138 2952 1511 3008 fecunditatem
1540 2950 1752 3023 frugum
1774 2952 1814 3004 ί.
1841 2951 2030 3007 Omnia

447 3056 544 3109 ista
580 3050 1109 3123 promissionemsunt
1134 3055 1379 3101 terrenae.
1411 3044 1467 3099 in
1496 3042 1663 3114 ﬁgura
1688 3043 2031 3113 spiritualiter

447 3145 832 3214 intelliguntur,
859 3137 1127 3210 quomodo
1152 3135 1448 3192 Jerusalem
1474 3144 1685 3190 terrena
1709 3135 1893 3189 umbra
1916 3144 2032 3190 erat

444 3238 594 3307 regni
620 3235 874 3298 emlestis,
905 3241 960 3287 et
984 3246 1201 3301 regnum
1232 3239 1500 3283 terrenum
1528 3228 1715 3282 umbra
1743 3238 1857 3283 erat
1881 3228 2027 3298 regni

445 3327 723 3383 caelorum.
767 3323 953 3377 lsmael
996 3322 1047 3375 in
1083 3319 1306 3385 umbra,
1343 3317 1486 3372 Isaac
1534 3318 1585 3370 in
1623 3317 1761 3373 luce.
1806 3318 1860 3373 Si
1901 3334 2028 3389 ergo

446 3416 635 3474 lsmael
666 3415 719 3469 in
751 3414 966 3475 umbra,
1000 3426 1105 3465 non
1136 3409 1326 3463 mirum
1353 3409 1473 3478 quia
1509 3407 1578 3462 ibi
1615 3409 1866 3463 tenebrat.
1898 3409 2027 3465 Pin-

443 3512 658 3581 guiores
685 3505 883 3563 etenim
914 3503 1115 3559 umbrae
1149 3501 1383 3557 tenebrat
1408 3507 1550 3554 sunt.
1585 3500 1726 3572 Ergo
1753 3501 1946 3556 lsmael
1973 3503 2025 3557 in

445 3597 714 3662 tenebris,
746 3595 890 3650 Isaac
928 3594 979 3648 in
1020 3594 1157 3647 luce.
1184 3591 1512 3661 Quicmnque
1540 3590 1626 3646 hic
1652 3593 1812 3647 etiam
1843 3593 1894 3647 in
1925 3594 2026 3648 Ec-

441 3691 601 3748 clesia
634 3699 900 3744 terrenam
930 3686 1230 3741 lelieitatem
1257 3694 1502 3755 quaxrunt
1524 3700 1553 3739 a
1585 3685 1694 3739 Deo
1714 3727 1730 3751 ,
1761 3685 1935 3742 adhuc
1958 3686 2025 3742 ad

444 3781 633 3838 lsmael
661 3780 946 3850 pertinent.
977 3777 1077 3848 Ipsi
1108 3785 1231 3831 sunt
1259 3777 1347 3846 qui
1377 3775 1748 3830 contradicunt
1775 3778 2025 3846 Spiritua-

442 3874 583 3928 libus
610 3869 1032 3944 proﬁcientibus,
1054 3877 1109 3922 ct
1129 3867 1418 3923 detrahunt
1443 3866 1567 3933 illis,
1590 3876 1643 3921 et
1663 3866 1861 3922 habent
1885 3866 2022 3924 labia

442 3965 620 4035 iniqua
660 3972 715 4019 et
739 3963 943 4032 linguas
968 3960 1241 4016 subdolus.
1280 3959 1476 4014 Contra
1515 3973 1649 4029 quos
1683 3960 1886 4029 rogavit
1925 3960 2024 4016 iste

426 4055 767 4127 ascendens,
798 4062 853 4109 et
888 4053 1116 4122 appositi
1154 4060 1280 4105 sunt
1314 4051 1361 4105 ei
1392 4049 1652 4105 carbones
1680 4050 1983 4105 desolatorii
2005 4093 2020 4117 ,

438 4156 493 4203 et
516 4146 719 4218 sagitta:
749 4144 975 4215 potentis
998 4152 1186 4197 acutae.
1210 4141 1353 4197 Inter
1373 4141 1491 4195 illos
1511 4141 1650 4195 enim
1677 4140 1849 4196 adhuc
1870 4143 2017 4208 vivit,

436 4239 609 4293 donec
631 4246 738 4291 tota
766 4250 889 4290 arca
915 4235 1198 4289 vcntiletur
1226 4251 1240 4288 :
1270 4232 1389 4287 ideo
1413 4231 1565 4296 dixit,
1598 4230 1885 4286 luhabilavi
1908 4250 2021 4287 cum

437 4327 770 4382 tabernaculis
801 4324 981 4379 Cedar.
1018 4322 1148 4377 Nam
1189 4332 1242 4377 et
1281 4322 1391 4390 ipsa
1429 4322 1764 4377 tabernacula
1795 4322 1980 4377 lsmael
2002 4363 2018 4389 ,

436 4422 609 4476 Cedar
631 4419 769 4472 dicta
797 4426 942 4472 sunt.
969 4416 1056 4470 Sic
1079 4415 1235 4469 habet
1257 4414 1392 4468 liber
1411 4414 1707 4479 Geneseos;
1736 4415 1813 4469 sic
1838 4414 2017 4483 habet,

439 4512 576 4582 quod
607 4511 775 4566 Cedar
803 4509 867 4562 ad
900 4508 1084 4561 lsmael
1119 4506 1344 4576 pertinet
1373 4502 1538 4574 (Gen.
1571 4521 1694 4568 xxv,
1727 4505 1852 4578 15).
1880 4506 2018 4576 Ergo

438 4606 580 4661 Isaac
603 4619 723 4660 cum
755 4603 972 4663 lsmael;
998 4600 1047 4655 id
1074 4608 1176 4665 est,
1199 4599 1286 4667 qui
1312 4598 1575 4667 pertinent
1596 4598 1662 4652 ad
1688 4598 1851 4668 lsaac,
1883 4601 2020 4656 inter

434 4698 556 4752 illos
586 4697 787 4758 vivunt,
819 4695 907 4763 qui
938 4692 1204 4763 pertinent
1232 4689 1297 4744 ad
1327 4689 1538 4743 lsmael.
1571 4689 1657 4744 lsti
1688 4705 1897 4745 sursum
1926 4708 2020 4744 vo-

432 4788 547 4842 lunt
592 4786 914 4852 ascendere,
967 4784 1041 4839 illi
1084 4783 1334 4839 deorsum
1380 4781 1564 4836 volunt
1607 4795 1848 4850 premere
1882 4798 1894 4835 :
1931 4781 2015 4835 isti

430 4880 621 4935 volunt
644 4879 822 4933 volare
850 4877 914 4931 ad
946 4878 1131 4941 Demn,
1157 4876 1229 4929 illi
1252 4883 1512 4929 conantur
1537 4888 1738 4945 pennas
1763 4873 2011 4928 evellere.

430 4969 665 5040 Namque
695 4967 834 5037 apud
864 4966 1169 5036 Apostolmn
1207 4966 1275 5020 ita
1306 4965 1500 5020 dicitur
1530 4983 1543 5020 :
1578 4964 1684 5020 Sed
1710 4964 1837 5018 sicut
1863 4974 2010 5028 tunc,

430 5061 514 5129 qui
538 5060 811 5114 secundum
839 5074 1038 5110 carnem
1066 5067 1212 5111 natus
1238 5066 1363 5122 erat,
1392 5058 1771 5126 persequebatur
1791 5071 1903 5107 eum
1928 5055 2015 5124 qui

432 5151 702 5206 secundum
728 5150 997 5220 spiritum;
1031 5149 1101 5201 ita
1132 5158 1177 5202 et
1208 5165 1359 5202 nunc.
1391 5146 1701 5217 Spiritnales
1737 5162 1863 5217 ergo
1896 5162 2017 5215 per-

430 5243 757 5296 secutionem
811 5239 1083 5309 patiuntur
1123 5253 1153 5291 a
1196 5237 1518 5292 carnalibus.
1562 5235 1669 5293 Sed
1715 5236 1839 5306 quid
1885 5236 2014 5313 dicit

429 5334 734 5404 Scriptura?
760 5332 903 5403 Ejice
929 5331 1166 5385 ancillam
1191 5339 1239 5385 et
1268 5330 1429 5398 ﬁlium
1454 5330 1601 5399 ejus;
1626 5345 1725 5382 non
1752 5329 1882 5382 enim
1909 5328 2014 5381 ha:-

430 5443 507 5481 ηε
532 5429 622 5480 erit
647 5427 783 5496 ﬁlius
808 5424 1009 5479 ancilla:
1037 5441 1150 5477 cum
1177 5424 1284 5493 ﬁlio
1311 5440 1418 5477 meo
1448 5421 1597 5477 Isaac
1623 5421 1739 5493 (Id.
1773 5438 1879 5487 xvt,
1910 5422 2009 5487 l5;

429 5526 475 5572 et
508 5533 621 5581 ιιι,
652 5518 708 5583 2,
741 5519 792 5583 '5,
828 5517 928 5581 1ος
960 5515 1130 5571 (ἰαιατ.
1161 5531 1237 5582 tv,
1264 5513 1473 5585 ‘21-'50).
1506 5513 1611 5569 Sed
1641 5514 1741 5567 hoc
1769 5512 1909 5583 quod
1932 5512 2012 5567 di-

430 5611 535 5676 cit,
571 5610 736 5678 Ejice,
768 5611 979 5680 quando
1006 5610 1144 5664 erit?
1180 5608 1401 5677 Quando
1431 5623 1554 5664 area
1583 5608 1807 5677 cmperit
1839 5606 2010 5660 venti-

493 5723 510 5756 ι
536 5721 700 5773 Plures
718 5728 848 5783 ιω..
881 5722 1138 5782 fructuum.

1714 276 1773 333 S.
1812 273 2179 338 AUGUSTINI
2220 276 2519 337 EPISCON

3585 285 3734 341 υἷϋᾶ

2142 391 2258 449 lari.
2290 393 2447 451 Modo
2473 404 2654 453 autem
2685 403 2965 468 antequam
2997 396 3272 468 ejiciatur,
3304 396 3417 454 Heu
3446 416 3554 469 me,
3583 401 3735 472 quod

2135 486 2384 540 iaculatus
2426 503 2565 541 meus
2607 488 2908 560 longinquus
2949 490 3113 560 factus
3150 491 3259 546 est!
3293 490 3566 546 inhabitari
3602 509 3736 547 cum

2137 576 2467 631 tabernaculis
2511 575 2692 633 Cedar.
2740 578 2807 633 Et
2850 580 3070 649 exponit
3107 581 3296 650 nobis,
3334 582 3426 652 qui
3470 592 3591 636 sunt
3629 580 3736 636 isti

2134 669 2223 740 qui
2252 670 2520 739 pertinent
2543 670 2608 725 ad
2638 672 2975 727 tabernacula
3001 672 3193 728 Cedar.

2206 760 2259 816 8.
2293 759 2439 832 [υενε.
2473 759 2550 833 6.]
2580 760 2799 816 Multum
2831 764 3146 834 peregrinata
3172 774 3244 820 est
3281 766 3452 818 anima
3482 781 3609 821 mea.
3640 763 3737 820 Ne

2137 851 2616 921 peregrinationem
2670 854 3003 923 corporalem
3064 856 3427 926 intelligeres,
3484 857 3735 911 animum

2135 942 2267 996 dixit
2309 943 2657 1013 peregrinari.
2690 944 2900 1014 Corpus
2939 947 3309 1017 peregrinatur
3346 947 3506 1012 locis,
3538 948 3737 1003 anima

2134 1034 2509 1103 peregrinatur
2532 1034 2827 1090 affectibus.
2853 1035 2908 1091 Si
2936 1037 3200 1091 amaveris
3227 1045 3448 1101 terram,
3480 1040 3734 1109 peregri-

2138 1124 2278 1177 naris
2306 1139 2334 1177 a
2368 1124 2479 1179 Deo
2510 1141 2522 1177 :
2552 1126 2597 1179 si
2620 1127 2894 1182 'aniaveris
2924 1128 3127 1194 Deum,
3152 1128 3395 1183 ascendis
3423 1130 3488 1182 ad
3527 1133 3736 1184 Deum.

2140 1213 2197 1266 ln
2220 1214 2479 1270 cliaritate
2507 1216 2599 1270 Dei
2627 1226 2679 1271 et
2707 1217 2933 1286 proximi
2961 1233 3326 1286 exerceamur,
3354 1229 3411 1274 ut
3436 1220 3736 1276 redeamus

2136 1305 2201 1360 ad
2223 1307 2557 1362 charitatem.
2579 1308 2633 1364 Si
2657 1309 2910 1364 cudamus
2939 1310 2987 1363 in
3015 1321 3233 1376 terram,
3262 1313 3637 1368 marcescimus
3666 1322 3736 1367 et.

2138 1398 2506 1465 putrescimns.
2537 1397 2639 1454 Istc
2663 1407 2840 1455 autem
2868 1399 2958 1468 qui
2983 1401 3264 1465 acciderat,
3293 1403 3606 1457 descensum
3631 1411 3738 1458 est

2137 1488 2202 1541 ad
2229 1502 2348 1542 eum
2369 1500 2470 1554 ,.ut
2498 1491 2830 1546 ascenderet.
2866 1492 3153 1547 lntendens
3177 1502 3384 1563 tempus
3412 1498 3738 1565 peregrina-

2139 1576 2298 1632 tionis
2324 1593 2453 1643 suze,
2483 1578 2615 1633 dixit
2638 1594 2697 1633 se
2724 1581 3048 1650 peregrinari
3077 1584 3127 1636 in
3150 1583 3501 1639 tabernaculis
3520 1586 3730 1641 Cedar.

2138 1666 2344 1735 Quare?
2382 1669 2514 1737 Quia
2559 1670 2771 1725 multum
2810 1674 3126 1744 peregrinata
3157 1682 3228 1729 est
3267 1675 3440 1730 anima
3467 1693 3596 1734 mea.
3633 1676 3732 1736 ιω

2139 1760 2525 1830 peregrinatur,
2551 1762 2637 1817 ubi
2659 1765 2919 1818 ascendit.
2945 1765 3060 1819 Non
3082 1781 3306 1836 corpore
3328 1769 3731 1840 peregrinatur,

2139 1867 2244 1904 non
2276 1867 2502 1922 corpore
2533 1853 2788 1908 ascendit.
2820 1855 2924 1911 Sed
2953 1856 3036 1910 ubi
3067 1859 3340 1912 ascendit?
3366 1860 3731 1928 Ascensiones,

2140 1941 2328 2011 inquit,
2354 1942 2405 1996 in
2432 1944 2599 1997 corde.
2627 1943 2680 1999 Si
2709 1959 2838 2014 ergo
2866 1946 3105 2000 ascendit
3127 1949 3177 2001 in
3199 1949 3378 2014 corde,
3404 1965 3508 2004 non
3530 1966 3735 2005 ascen-

2138 2031 2215 2085 dit
2245 2047 2339 2101 per
2365 2034 2710 2090 ascensiones
2734 2036 2911 2091 cordis
2939 2038 3039 2091 nisi
3063 2039 3238 2092 anima
3263 2056 3381 2109 qua:
3407 2043 3736 2112 peregrina-

2141 2133 2244 2176 tur.
2272 2122 2376 2179 Sed
2403 2123 2573 2180 doncc
2601 2127 2892 2195 perveniat,
2920 2129 3134 2182 multum
3161 2132 3477 2201 peregrinata
3504 2143 3577 2186 est
3602 2135 3736 2187 aui-

2137 2233 2220 2270 ma
2250 2235 2377 2272 mea.
2408 2217 2544 2275 Ubi?
2569 2218 2625 2273 In
2651 2221 2982 2276 tabernaculis
3012 2222 3192 2277 Cedar.

2208 2311 2260 2367 9.
2293 2311 2452 2384 [vers.
2485 2311 2573 2385 7.]
2600 2313 2724 2368 Cum
2754 2314 2831 2368 his
2862 2317 2949 2385 qui
2979 2315 3193 2370 oderunt
3229 2333 3430 2387 pacem,
3460 2335 3597 2372 erant
3623 2338 3733 2390 pa-

2136 2402 2331 2469 ciﬁcus.
2375 2403 2569 2458 Verum
2612 2413 2670 2459 ut
2708 2405 2967 2471 audiatis,
3008 2404 3201 2462 fratres
3234 2406 3569 2476 charissimi,
3609 2426 3731 2467 non

2138 2494 2379 2563 poteritis
2415 2495 2643 2564 probare
2674 2511 2832 2566 quam
2864 2511 2985 2551 vera
3022 2498 3282 2562 cantctis,
3317 2499 3417 2553 nisi
3446 2501 3737 2568 ccepcritis

2137 2583 2311 2640 facere
2340 2585 2481 2654 quod
2509 2588 2755 2641 cantatis.
2785 2586 3181 2654 Quantumlibet
3211 2588 3336 2642 illud
3364 2589 3558 2656 dicam,
3584 2606 3735 2661 quu-

2135 2676 2431 2734 modoliliet
2464 2693 2752 2751 exponam,
2783 2680 3253 2751 qualibuscumque
3283 2683 3456 2737 verbis
3486 2698 3731 2751 rcrsem,

2136 2786 2242 2824 non
2270 2770 2431 2825 intrat
2456 2770 2508 2825 in
2534 2786 2626 2826 cor
2649 2772 2766 2841 ejus
2795 2772 2848 2825 in
2872 2787 2977 2842 quo
3011 2788 3114 2827 non
3143 2783 3227 2828 est
3252 2789 3385 2843 opus
3412 2775 3547 2843 ejus.
3582 2776 3733 2831 Inci-

2136 2862 2245 2930 pite
2271 2877 2451 2932 agere,
2478 2871 2533 2916 et
2556 2862 2734 2918 videte
2762 2864 2887 2932 quid
2922 2864 3220 2934 loquamur.
3248 2866 3397 2921 Tunc
3420 2867 3483 2921 ad
3510 2868 3730 2939 singula

2134 2953 2294 3009 verba
2324 2954 2571 3024 lacryma:
2605 2953 2868 3024 proﬂuunt
2888 2996 2903 3022 ,
2936 2967 3060 3010 tunc
3088 2957 3333 3012 Psalmus
3358 2967 3633 3026 cantatur,
3662 2971 3729 3015 et

2134 3044 2260 3099 facit
2284 3060 2379 3100 cor
2405 3044 2545 3115 quod
2573 3045 2624 3099 in
2657 3045 2871 3101 Psalmo
2895 3056 3158 3102 cantatur.
3187 3049 3354 3117 Quam
3388 3051 3536 3105 multi
3568 3052 3723 3106 enim

2132 3144 2326 3190 sonant
2360 3151 2523 3198 voce,
2554 3145 2607 3190 et
2634 3136 2795 3191 corde
2822 3138 2951 3191 muti
2988 3138 3150 3193 sunt?
3179 3140 3243 3194 Et
3269 3156 3423 3211 quam
3451 3144 3601 3196 multi
3631 3153 3725 3196 ta-

2131 3237 2255 3282 cent
2284 3227 2438 3282 labiis
2458 3270 2472 3293 ,
2500 3237 2553 3281 et
2587 3228 2816 3282 clamant
2851 3227 3081 3283 affectu?
3109 3229 3238 3296 Quia
3271 3231 3335 3285 ad
3367 3248 3462 3286 cor
3485 3232 3724 3288 hominis

2131 3332 2288 3374 aures
2312 3318 2402 3373 Dei
2429 3335 2442 3374 :
2467 3320 2604 3374 sicut
2623 3334 2782 3374 aures
2801 3321 3043 3389 corporis
3068 3321 3132 3375 ad
3158 3336 3219 3376 os
3246 3322 3492 3388 hominis,
3521 3324 3598 3379 sic
3617 3340 3723 3379 cor

2132 3410 2364 3467 hominis
2392 3411 2458 3465 ad
2485 3425 2641 3465 aures
2677 3411 2790 3467 Dci.
2821 3412 2968 3466 Multi
2999 3412 3180 3468 clauso
3212 3428 3304 3467 ore
3333 3414 3716 3481 exaudiuntnr,

2130 3510 2187 3556 et
2213 3502 2363 3556 multi
2396 3502 2449 3555 in
2485 3502 2690 3573 magnis
2718 3503 3040 3557 clamoribus
3074 3519 3179 3558 non
3214 3504 3590 3560 exaudiuntur.
3622 3509 3721 3561 Af-

2130 3591 2355 3647 fectibus
2379 3607 2533 3647 orare
2552 3592 2828 3659 debemus,
2854 3605 2906 3648 et
2928 3594 3130 3657 dicere,
3159 3595 3375 3650 Multum
3395 3600 3717 3668 peregrinata

2129 3691 2201 3737 est
2229 3683 2400 3736 anima
2428 3700 2538 3737 mea
2566 3698 2585 3737 :
2613 3700 2728 3736 cum
2755 3684 2832 3737 his
2859 3685 2946 3755 qui
2970 3686 3184 3739 oderunt
3210 3703 3415 3757 pacem,
3446 3706 3585 3742 erant
3621 3707 3720 3757 pa-

2086 3846 2089 3851 .
2129 3774 2322 3840 ciﬁcus.
2350 3775 2487 3843 Quid
2521 3775 2659 3829 enim
2691 3775 2834 3830 aliud
2859 3775 3085 3831 dicimus
3115 3777 3229 3833 istis
3259 3778 3550 3847 haereticis,
3570 3784 3713 3850 nisi,

2128 3866 2443 3938 Cognoscite
2481 3883 2663 3938 pacem
2685 3909 2700 3933 ,
2732 3876 2906 3924 amate
2937 3871 3158 3939 pacem?
3185 3871 3367 3927 Justus
3393 3888 3487 3927 vos
3516 3875 3709 3931 dicitis.

2126 3960 2232 4016 Sed
2269 3960 2312 4033 si
2347 3961 2476 4030 justi
2512 3962 2737 4025 essetis,
2778 3961 2917 4016 inter
2954 3961 3157 4032 paleam
3198 3978 3360 4033 grana
3402 3969 3709 4034 gemeretis.

2125 4050 2257 4105 Nam
2280 4052 2402 4121 quia
2428 4067 2588 4122 grana
2613 4052 2809 4105 suntin
2834 4051 3125 4116 Catholica,
3150 4061 3204 4109 et
3225 4069 3346 4108 vera
3368 4070 3530 4125 grana
3553 4068 3707 4126 sunt;

2128 4142 2248 4197 ideo
2280 4142 2506 4197 tolerant
2530 4142 2735 4211 paleam
2757 4184 2769 4206 ,
2796 4143 2968 4198 donec
2992 4145 3273 4199 vcntilctur
3298 4160 3455 4213 area;
3480 4148 3603 4217 quia
3629 4149 3711 4203 iu-

2127 4242 2210 4287 ter
2250 4233 2453 4302 paleam
2496 4233 2763 4297 clamant,
2807 4232 2922 4288 Heu
2963 4251 3077 4301 me,
3115 4236 3252 4305 quod
3288 4236 3536 4291 incolatu:
3568 4255 3709 4294 meus

2125 4326 2426 4396 longinquus
2455 4326 2620 4394 factus
2659 4326 2764 4379 est!
2791 4326 3065 4380 inhabitari
3101 4343 3216 4379 cum
3249 4327 3585 4383 tabemaculis
3613 4329 3709 4384 Ce-

2124 4416 2237 4469 dar.
2272 4414 2562 4471 lnhabitavi
2583 4457 2596 4480 ,
2631 4416 2831 4485 inquit,
2861 4432 2982 4471 cum
3010 4418 3191 4485 paleis.
3217 4416 3320 4471 Sed
3349 4418 3616 4487 quomodo
3639 4421 3708 4474 de

2124 4509 2273 4576 palea
2307 4509 2502 4563 ntultus
2532 4500 2706 4562 fumus
2731 4508 2860 4576 exit,
2890 4509 2967 4564 sic
2994 4509 3061 4564 de
3085 4510 3099 4540 ¹
3127 4507 3298 4563 Cedar
3327 4510 3583 4566 tenebrae.
3618 4512 3708 4565 ln-

2123 4599 2342 4652 habitavi
2370 4615 2484 4652 cum
2524 4600 2859 4653 tabernaculis
2895 4599 3059 4654 Cedar
3088 4616 3106 4654 :
3136 4600 3348 4653 multum
3392 4602 3708 4672 peregrinata

2120 4699 2195 4742 est
2230 4690 2402 4742 anima
2441 4705 2572 4743 mea.
2612 4688 3020 4744 Frumentormn
3062 4705 3161 4743 vox
3201 4698 3319 4756 est,
3352 4691 3491 4745 inter
3529 4693 3707 4761 paleas

2121 4785 2465 4852 gementium.
2496 4783 2620 4838 lltec
2656 4784 2923 4854 loquimur
2956 4786 3059 4839 illis
3096 4785 3184 4855 qui
3220 4784 3447 4840 oderunt
3479 4802 3656 4855 pacem
3684 4804 3702 4851 ;

2120 4882 2174 4928 ct
2199 4874 2441 4937 dicimus,
2469 4872 2596 4928 Cum
2616 4874 2693 4927 his
2711 4875 2797 4944 qui
2823 4874 3035 4929 oderunt
3059 4891 3253 4946 pacem,
3279 4892 3418 4929 erant
3442 4877 3703 4946 paciﬁcus.

2119 4963 2219 5030 Qui
2246 4973 2371 5018 sunt
2395 4964 2483 5034 qni
2510 4963 2740 5018 oderunt
2775 4964 2991 5034 pacem?
3018 4964 3116 5032 Qui
3148 4965 3502 5021 conscindunt
3532 4966 3707 5021 unita-

2122 5066 2246 5110 tem.
2280 5055 2336 5112 Si
2363 5057 2503 5110 enim
2536 5070 2715 5125 pacem
2748 5072 2851 5111 non
2883 5057 3139 5123 odissent,
3168 5058 3221 5112 in
3249 5060 3451 5114 unitate
3477 5061 3703 5114 mansis-

2120 5156 2256 5202 sent.
2286 5147 2390 5202 Sed
2419 5147 2664 5201 videlicct
2688 5156 2963 5216 propterea
2991 5162 3048 5201 se
3074 5157 3475 5216 separaverunt,
3500 5157 3555 5202 ut
3572 5148 3700 5217 justi

2119 5249 2328 5303 essent,
2356 5249 2411 5292 ut
2442 5256 2544 5293 non
2576 5239 2835 5295 haberent
2873 5240 3072 5294 mixtos
3109 5241 3349 5310 iniustos.
3386 5243 3492 5296 Aut
3521 5251 3695 5295 nostra

2118 5339 2201 5385 est
2242 5331 2342 5386 ista
2379 5347 2515 5394 vox,
2548 5340 2637 5386 aut
2680 5332 2925 5397 illorum;
2956 5333 3091 5402 elige
3126 5333 3276 5402 cujus
3311 5334 3400 5388 sit.
3430 5334 3694 5389 Catholica

2118 5421 2245 5475 dicit
2276 5440 2290 5476 :
2314 5420 2426 5476 Non
2453 5432 2536 5476 est
2564 5422 2876 5477 dimittenda
2905 5424 3098 5490 unitas,
3123 5440 3226 5478 non
3253 5435 3335 5478 est
3367 5423 3697 5495 pmcidcnda

2118 5513 2351 5568 Ecclesia
2377 5513 2488 5569 Dei.
2512 5512 2777 5568 Jndieabit
2803 5513 2945 5568 Deus
2970 5513 3037 5569 de
3060 5514 3211 5569 malis
3235 5524 3289 5570 et
3315 5515 3469 5570 bonis
3492 5525 3691 5585 postea.

2118 5604 2171 5660 Si
2202 5619 2341 5659 nmic
2370 5604 2493 5658 mali
2533 5619 2561 5658 a
2602 5605 2755 5660 bouis
2793 5606 3029 5675 separari
3068 5621 3172 5661 non
3208 5616 3467 5678 possunt,
3500 5601 3693 5659 ferendi

2190 5719 2207 5748 ι
2232 5715 2481 5777 rarticula,
2505 5717 2584 5779 de,
2607 5728 2702 5767 nou
2728 5723 2805 5768 est
2826 5719 2877 5768 in
2892 5724 2996 5768 Mss.
