4032 6202
522 282 655 342 1607

513 409 584 461 At
604 416 728 461 vero
741 402 831 474 qui
846 392 961 457 istis
980 395 1226 453 omnibus
1247 393 1265 427 ί
1279 400 1370 448 aut
1380 406 1484 448 non
1498 399 1735 455 utuntur,
1755 398 1847 443 aut
1872 395 2091 443 utuntur

515 506 765 566 tanquam
778 505 880 546 non
903 496 1133 551 utentes,
1149 483 1269 555 plus
1281 492 1666 554 praesumentes
1688 479 1753 536 de
1779 479 1870 534 illo
1891 481 1979 549 qui
1997 479 2092 533 de-

476 572 480 576 ’
515 586 611 648 dit,
641 596 794 653 quam
819 581 885 635 de
916 579 996 633 his
1022 592 1142 648 quae
1165 576 1283 631 data
1305 583 1447 637 sunt,
1477 582 1531 628 et
1550 572 1905 642 intelligentes
1930 572 1980 624 in
2009 570 2091 625 his

514 676 629 744 ejus
655 670 1075 727 consolationem
1102 675 1155 721 et
1179 664 1620 728 misericordiam,
1645 670 1701 718 et
1720 678 1822 716 non
1847 660 2089 730 occupati

515 764 690 825 donis,
715 776 781 814 ne
804 775 835 812 a
865 758 1123 812 donatore
1150 764 1348 818 ruant;
1382 755 1469 824 qui
1503 754 1637 807 tales
1657 761 1800 816 sunt,
1835 767 1938 805 non
1970 752 2091 806 illos

516 853 750 908 inveniet
784 852 1071 917 imparatos
1098 848 1225 901 hora
1261 846 1348 900 illa
1396 846 1531 899 sicut
1558 845 1656 898 l'ur.
1697 844 1912 898 Talibus
1959 843 2094 898 dixit

514 943 801 1013 Apostolus
828 959 841 993 :
878 940 978 995 Vos
1002 949 1167 992 autent
1190 954 1292 990 non
1316 937 1433 1007 estis
1461 937 1512 989 in
1533 936 1766 999 tenebris,
1797 944 1849 988 ut
1876 934 1982 988 dies
2005 933 2094 988 ille

512 1051 598 1089 vos
628 1045 865 1096 tanquam
891 1034 976 1100 fur
994 1028 1416 1099 comprehendat;
1444 1043 1615 1083 omnes
1638 1016 1769 1079 enim
1786 1041 1870 1079 vos
1898 1024 1994 1093 ﬁlii
2014 1025 2094 1079 lu-

513 1127 584 1179 cis
605 1125 741 1189 estis,
773 1133 820 1176 et
846 1121 941 1189 lilii
968 1120 1086 1174 diei.
1114 1119 1235 1174 ideo
1262 1118 1516 1172 Dominus
1539 1132 1658 1172 cum
1678 1117 1878 1173 diceret
1903 1118 2093 1172 timen-

510 1216 633 1270 dam
662 1229 781 1270 esse
810 1214 996 1268 horam
1020 1212 1157 1266 sicut
1185 1213 1375 1274 iurem,
1395 1219 1601 1264 noctem
1630 1209 1836 1279 posuit;
1869 1216 1923 1263 et
1948 1211 2092 1279 Apo-

513 1306 681 1359 stolus
713 1307 780 1357 ita
807 1304 899 1365 ait,
937 1302 1073 1369 Quia
1090 1302 1215 1354 liora
1246 1301 1446 1355 Domini
1475 1302 1605 1354 sicut
1645 1304 1729 1371 fur
1747 1301 1801 1353 in
1829 1308 1992 1364 nocte,
2018 1300 2092 1353 ita

512 1398 689 1452 veniet.
719 1395 832 1449 Non
854 1396 933 1448 vis
959 1403 1014 1447 ιιι
1039 1402 1090 1447 te
1117 1393 1385 1447 inveniat?
1403 1392 1517 1447 Noli
1544 1406 1662 1447 esse
1691 1392 1744 1445 in
1762 1399 1939 1446 nocte.
1955 1390 2091 1459 Quid

513 1497 616 1554 est,
658 1488 776 1542 Noli
822 1501 942 1541 esse
968 1486 1019 1538 in
1070 1484 1264 1538 nocte?
1295 1482 1418 1535 Filii
1469 1483 1592 1536 lucis
1621 1483 1737 1535 estis
1761 1493 1806 1535 et
1833 1482 1928 1550 ﬁlii
1957 1482 2091 1546 diei;

512 1597 613 1635 non
642 1596 811 1633 sumus
838 1578 996 1631 noctis
1033 1592 1190 1646 neque
1232 1576 1544 1629 tenebrarum
1577 1573 1616 1645 (l
1646 1573 1819 1627 Thess.
1846 1589 1897 1638 v,
1927 1572 2027 1629 2-5
2047 1572 2085 1643 ).

512 1671 609 1738 Qui
641 1677 766 1724 sunt
790 1668 882 1722 lilii
912 1667 1081 1722 noctis
1108 1664 1163 1721 et
1187 1664 1558 1719 tenebrarum?
1589 1664 1779 1734 iniqui,
1814 1663 1980 1733 impii,
2005 1664 2089 1717 in-

514 1761 712 1817 ﬁdeles.
1911 1800 1917 1804 _

581 1858 634 1906 4.
681 1851 831 1923 [_vers.
872 1849 949 1921 1.]
973 1848 1079 1904 Sed
1108 1857 1163 1903 et
1205 1848 1305 1916 ipsi
1333 1845 1552 1901 audiant
1602 1855 1882 1914 antequam
1913 1845 2091 1900 veniat

513 1942 663 2005 hora,
705 1952 759 1995 et
801 1942 942 1998 dicat
970 1941 1070 1993 illis
1097 1938 1401 2008 Apostolus,
1448 1936 1637 1990 Fuistis
1666 1936 1938 2005 aliquando
1966 1946 2091 1989 tene-

513 2031 614 2086 brat
635 2048 653 2093 ;
678 2047 811 2084 nunc
835 2040 998 2083 autem
1027 2028 1117 2082 tua:
1141 2030 1194 2081 in
1236 2027 1452 2080 Domino
1478 2024 1704 2096 (Ep/tes.
1733 2042 1783 2093 ν,
1813 2026 1906 2096 8).
1940 2025 2090 2081 Sicut

513 2121 613 2175 iste
656 2119 887 2189 psalmus
935 2118 1112 2182 habet,
1158 2117 1425 2187 evigilent.
1474 2115 1590 2171 Jam
1640 2115 1915 2169 illuminati
1966 2125 2091 2171 sunt

514 2220 743 2276 montes,
776 2211 900 2281 quid
929 2210 1103 2265 adhuc
1144 2207 1454 2263 dormiunt?
1481 2208 1682 2263 Levent
1706 2208 1876 2261 oculos
1899 2223 2017 2262 suos
2036 2210 2088 2262 in

509 2313 721 2369 montes,
753 2304 885 2357 unde
908 2303 1065 2356 veniet
1089 2301 1337 2355 auxilium
1379 2301 1501 2355 illis.
1530 2299 1664 2365 Quid
1692 2309 1772 2355 est
1792 2343 1808 2368 ,
1836 2300 1951 2355 Jam
1978 2301 2092 2355 illu-

510 2395 695 2450 minati
738 2403 860 2450 sunt
888 2395 1138 2449 montes?
1166 2393 1280 2447 iam
1310 2401 1458 2448 ortus
1485 2401 1567 2447 est
1592 2392 1671 2446 sol
1706 2391 1946 2462 justititn,
1976 2392 2085 2463 jam

509 2485 577 2541 ab
597 2485 867 2555 Apostolis
899 2484 1240 2554 pta-dicatum
1269 2494 1352 2538 est
1394 2482 1756 2553 Evangelinm,
1788 2482 2099 2565 praedicata;

508 2586 630 2630 sunt
652 2576 960 2646 Scriptum,
980 2584 1261 2645 patuerunt
1276 2574 1449 2628 omnia
1472 2582 1823 2640 sacramenta,
1840 2574 2087 2631 conscis—

509 2681 628 2721 sutn
676 2675 757 2721 est
783 2665 956 2721 velum
987 2665 1211 2737 (Matth.
1245 2680 1412 2728 xxvu,
1439 2663 1541 2735 51)
1566 2706 1582 2729 ,
1612 2665 1783 2734 patuit
1819 2675 2083 2721 secretum

512 2756 694 2824 templi
725 2773 738 2809 :
785 2755 894 2825 jam
942 2754 1154 2809 tandem
1197 2754 1373 2809 levent
1396 2754 1580 2808 oculos
1608 2754 1659 2808 in
1688 2764 1915 2819 montes,
1946 2755 2086 2810 unde

505 2848 685 2904 veniet
707 2848 965 2902 auxilium
989 2847 1110 2901 illis.
1137 2846 1249 2901 Hoc
1268 2846 1411 2900 enim
1445 2847 1678 2915 prmeipit
1699 2848 1798 2902 iste
1825 2847 2082 2916 psalmus,

508 2936 772 2992 secundus
791 2927 966 2991 dehis
985 2936 1071 3006 qui
1097 2936 1454 3011 inscribuntur
1476 2978 1491 3000 ,
1520 2934 1783 2991 Canticum
1807 2937 2078 3006 graduum.

506 3026 615 3082 Sed
661 3042 767 3080 non
814 3041 997 3080 rursus
1026 3035 1352 3095 prtesumant
1394 3024 1461 3079 de
1492 3025 1800 3092 montibus;
1830 3026 1953 3095 quia
1983 3027 2081 3095 ipsi

503 3126 713 3171 montes
742 3131 845 3171 non
877 3131 907 3170 a
932 3132 990 3170 se
1017 3116 1217 3180 lucent,
1247 3117 1339 3170 sed
1369 3115 1437 3169 ab
1466 3116 1554 3169 illo
1574 3115 1753 3170 lucent
1777 3117 1846 3171 de
1874 3132 1979 3186 quo
2004 3116 2084 3171 dio

502 3214 647 3261 ctum
675 3216 776 3271 est,
831 3205 955 3258 Erat
1001 3206 1172 3259 lumen
1200 3221 1367 3259 verum
1392 3245 1407 3269 ,
1446 3205 1580 3274 quod
1605 3206 1856 3259 illuminat
1885 3223 2082 3261 onmem

503 3298 752 3351 hominem
795 3297 1066 3349 venientem
1112 3297 1165 3348 in
1205 3296 1336 3348 hunc
1380 3297 1625 3349 mundum
1653 3296 1845 3368 (Joan.
1903 3314 1941 3364 ι,
1982 3299 2017 3354 9
2041 3300 2077 3367 i.

502 3388 706 3443 Montes
745 3398 964 3457 possunt
995 3388 1215 3457 intelligi
1238 3429 1252 3451 ,
1305 3386 1548 3442 homines
1593 3390 1806 3457 magni,
1839 3389 2081 3446 homines

500 3477 651 3532 clari.
693 3477 760 3530 Et
804 3477 925 3545 quis
974 3477 1142 3546 major
1187 3476 1391 3532 Joanne
1433 3477 1713 3547 Baptista?
1764 3478 1943 3546 Qualis
1992 3481 2079 3536 ille

500 3581 657 3622 mons
686 3577 800 3622 erat
826 3608 840 3632 ,
868 3566 935 3621 de
960 3583 1064 3638 quo
1105 3568 1359 3624 Dominus
1384 3569 1498 3638 ipse
1527 3568 1672 3635 dicit,
1700 3568 1766 3623 In
1800 3573 1932 3625 natis
1969 3587 2080 3625 mu-

501 3658 677 3713 lierum
697 3653 843 3712 neuio
865 3660 1143 3713 exsurremit
1170 3660 1334 3729 major
1360 3658 1563 3715 Joanne
1588 3659 1819 3731 Baptista
1841 3660 1861 3733 (
1886 3662 2073 3718 Matth.

496 3764 570 3813 ιι,
605 3750 661 3804 ll
692 3749 750 3821 )‘I
796 3750 952 3804 Vides
995 3762 1137 3805 certe
1167 3750 1322 3806 istum
1354 3766 1599 3821 magnum
1631 3754 2077 3812 montem‘luceu-

498 3851 642 3906 tem;
673 3841 794 3896 audi
832 3842 1193 3898 conﬁtentem.
1241 3843 1376 3912 Quid
1406 3844 1786 3900 conﬁtentem?
1821 3845 1933 3902 Nos
1962 3864 2074 3903 om-

495 3949 601 3998 nes,
631 3934 817 4004 inquit,
862 3935 925 3987 de
961 3934 1272 4001 plenitudine
1313 3935 1424 4005 ejus
1465 3937 1748 4006 accepimus
1788 3937 1986 4010 (Joan.
2032 3953 2070 4003 I,

496 4024 620 4095 16).
657 4026 729 4080 De
766 4027 919 4095 cujus
944 4038 1073 4096 ergo
1116 4026 1443 4096 plenitudine
1479 4038 1800 4098 acceperunt
1838 4040 2068 4098 montes,

493 4116 563 4173 ab
586 4117 678 4172 illo
702 4128 785 4172 est
828 4117 919 4173 tibi
958 4116 1234 4183 auxilium,
1267 4134 1369 4175 non
1409 4135 1440 4174 a
1470 4121 1818 4188 montibus’;
1860 4123 1911 4177 in
1942 4137 2073 4194 quos

496 4216 674 4265 tamen
707 4202 806 4263 nisi
855 4208 1110 4263 levaveris
1136 4209 1319 4265 oculos
1361 4225 1455 4279 per
1477 4210 1781 4281 Scripturas
1802 4252 1819 4279 ,
1847 4226 1939 4266 nor
1972 4212 2071 4267 ad-

495 4297 794 4354 moveheris
825 4296 846 4327 ³
870 4314 883 4356 ;
912 4306 971 4350 ιιι
995 4299 1062 4351 ab
1091 4298 1186 4354 illo
1215 4298 1549 4355 illumineris.

567 4391 621 4444 5.
650 4388 796 4460 [vers.
829 4388 907 4461 5.]
947 4390 1115 4450 Cauta
1142 4406 1269 4460 ergo
1294 4392 1435 4461 quod
1479 4394 1719 4463 sequitur
1749 4411 1763 4447 :
1790 4395 1832 4449 si
1864 4396 1944 4449 vis
1971 4411 2065 4449 au-

496 4479 611 4534 dire
639 4488 695 4532 nt
734 4477 1035 4534 ﬁrmissime
1086 4495 1253 4550 ponas
1290 4480 1454 4550 pedes
1499 4482 1550 4534 in
1603 4483 1874 4551 gradibus,
1923 4500 1989 4539 ne
2014 4484 2067 4538 in

499 4570 589 4629 illa
613 4570 927 4624 ascensione
956 4580 1047 4625 aut
1092 4569 1345 4643 fatigeris,
1391 4581 1482 4626 aut
1516 4573 1692 4643 lapsus
1715 4575 1873 4630 cadas
1892 4575 1917 4609 ⁸
1939 4617 1956 4643 ,
1984 4577 2070 4633 die

558 4723 576 4755 ι
613 4721 798 4784 Aliquot
818 4729 923 4772 Mss.
950 4722 1073 4780 loco,
1098 4721 1558 4784 omnibus,babent,
1582 4722 1900 4775 inanibusnnt
1919 4733 1993 4775 Er.
2018 4735 2070 4778 et

492 4786 628 4836 Corn.
653 4782 779 4832 liber
812 4798 982 4834 vocem
1017 4792 1289 4848 utramque,
1328 4782 1548 4837 inanibus
1584 4783 1814 4847 oneribus,
1851 4786 2067 4850 comple-

490 4853 704 4899 etuntur.

555 4910 576 4940 ³
600 4907 682 4957 llic
698 4906 994 4970 I‘arisienses
1025 4915 1079 4958 et
1103 4908 1308 4958 Venetse
1339 4907 1556 4970 quzedam
1575 4908 1785 4970 antiquae
1807 4908 2066 4970 editiones,

493 4976 617 5031 post,
643 4980 737 5017 non
759 4982 789 5018 a
810 4968 1065 5031 montibus,
1086 4968 1443 5031 prosequuntur
1466 4971 1533 5031 sic
1558 4983 1570 5017 :
1603 4984 1625 5014 tt
1650 4968 1784 5019 salus
1811 4970 1959 5031 igitur
1982 4968 2067 5021 no;

498 5028 522 5077 ἆ
542 5038 641 5083 atra
666 5036 718 5081 et
738 5029 971 5079 auxilium
996 5028 1211 5079 nostrum
1230 5028 1444 5079 Christus
1485 5028 1609 5079 illius
1631 5032 1802 5079 ειυηωὶ
1827 5028 1992 5092 βαιιίδ,
2013 5040 2062 5083 et

498 5109 520 5137 ιι
542 5105 652 5142 cum
671 5092 845 5143 eodem
868 5098 1005 5141 Patre
1029 5098 1169 5156 Deus
1178 5094 1480 5156 omnipotens
1503 5099 1596 5151 est,
1623 5099 1675 5141 et
1695 5106 1803 5156 cum
1824 5094 1933 5156 ipso
1950 5108 2065 5156 per-

497 5170 519 5198 α
544 5166 748 5203 manens
770 5165 967 5214 semper
989 5151 1255 5217 secundum
1276 5151 1469 5217 idqttod
1510 5162 1603 5201 est.
1630 5160 1679 5201 lu
1702 5153 1810 5217 illos
1825 5151 2058 5217 deuiQue,

495 5230 517 5257 ιι
543 5227 667 5276 quos
682 5214 1384 5276 cmnmemoravimontesmisi
1408 5214 1650 5265 levaveris
1670 5216 1853 5276 oculos,
1878 5230 1901 5260 τι
1931 5214 2030 5267 etc.

556 5273 575 5337 ξ
600 5274 818 5337 rleriqtte
838 5281 963 5337 ωδε..
986 5273 1329 5337 adtnmeberis.

555 5336 575 5366 ’δ
599 5342 648 5385 ιιι
674 5335 868 5386 Venetis
892 5335 1307 5385 et'l‘arisicnsibus
1328 5335 1531 5385 vetustis
1556 5336 1846 5387 editionibus
1866 5337 1972 5388 haec
1992 5337 2065 5388 le-

497 5406 674 5457 guntur
700 5412 713 5447 :
747 5416 769 5443 tl
796 5405 881 5446 Aut
903 5396 1064 5461 lapsus
1084 5396 1243 5456 cadas,
1268 5397 1520 5461 Auxilium,
1544 5400 1713 5461 inquit,
1738 5412 1900 5447 meum
1923 5412 1948 5447 a
1972 5406 2063 5461 Do-

501 5474 524 5501 ι
546 5461 709 5530 mino._
731 5466 827 5507 non
865 5471 894 5530 a
929 5458 1265 5530 qualicumque
1279 5473 1301 5530 ;_
1317 5461 1426 5530 quia
1451 5458 1672 5530 dicuntur
1690 5460 1871 5530 domini
1903 5459 2062 5530 multi,

501 5533 523 5559 α
546 5517 979 5579 utorutles,caduci,
1005 5521 1164 5569 miseri
1184 5517 1303 5569 Esed
1319 5517 1351 5568 εἰ
1363 5522 1559 5570 Domino
1576 5521 1892 5575 dominorum,
1904 5523 1964 5570 ab
1982 5517 2064 5572 illo

501 5593 524 5620 ι
547 5577 789 5651 videlicet,
811 5581 894 5651 qui
917 5577 1030 5651 iecit
1049 5580 1225 5631 coelum
1248 5590 1300 5651 et_
1327 5589 1542 5651 terram.‘
1556 5589 1682 5651 ‘Eoce
1716 5595 1953 5651 summum
1976 5588 2064 5631 Do-

501 5652 523 5681 κ
546 5643 742 5697 minuto,
764 5643 847 5705 qui
866 5648 941 5690 est
963 5648 1089 5691 Deus
1106 5651 1158 5692 et
1174 5644 1428 5691 Dominus:
1454 5643 1626 5691 dicitur
1648 5650 1792 5705 Deus,
1808 5645 1918 5705 quia
1935 5655 2065 5705 qua:-

501 5653 523 5681 α
546 5653 742 5697 tutntult,
764 5653 847 5748 (Lm
866 5653 941 5690 εει
963 5653 1089 5691 Deus
1106 5653 1158 5692 et
1174 5653 1398 5691 Dominus
1418 5656 1428 5690 :
1454 5653 1626 5691 tltmlttt‘
1648 5653 1792 5699 Deus,
1808 5653 1918 5705 quia
1935 5655 2065 5705 qua:-

499 5711 523 5743 ι
544 5707 751 5758 cumque
819 5707 894 5751 cla
915 5709 1043 5763 sunt,
1071 5715 1160 5765 per
1198 5704 1354 5765 ipsum
1393 5712 1525 5764 sunt,
1549 5710 1601 5752 ct
1630 5704 1691 5751 ab
1721 5705 1824 5766 ipso
1859 5712 1974 5755 sunt
2010 5711 2065 5754 ut

1316 5776 1341 5797 ο

1751 272 1810 329 S.
1842 266 2206 328 AUGUSTINI
2246 268 2547 328 EPISCOI‘I

3641 278 3771 339 1608

2200 389 2339 459 quod
2379 390 2654 461 sequitur,
2689 393 2772 448 Ne
2798 395 2887 450 de:
2913 394 2981 449 ad
3018 393 3319 450 movendam
3366 394 3543 465 pedem
3589 411 3763 451 meum.

2200 476 2351 534 Unde
2378 490 2660 537 moventur
2707 484 2867 553 pedes
2886 487 2912 539 ?
2948 484 3100 541 Unde
3143 493 3320 540 motus
3343 494 3425 541 est
3453 500 3547 557 pes
3587 486 3661 542 illi
3681 487 3767 560 qui

2197 578 2312 623 erat
2351 567 2403 624 in
2446 572 2708 641 paradiso.
2763 574 2865 629 Sed
2897 577 3039 645 prius
3067 576 3280 631 attende
3309 575 3449 632 unde
3494 587 3665 633 motus
3691 588 3770 634 est

2199 658 2272 716 illi
2299 662 2387 731 qui
2416 673 2530 717 erat
2561 664 2699 721 inter
2718 666 2968 737 Angelos,
2992 676 3045 722 et
3069 678 3215 722 moto
3247 667 3379 738 pede
3403 668 3616 735 cecidit,
3638 681 3688 724 et
3707 671 3770 727 do

2197 756 2387 825 angelo
2432 754 2597 812 lactus
2626 747 2708 813 est
2732 759 2972 816 diabolus
2999 778 3012 814 :
3043 770 3189 815 moto
3214 762 3357 817 enim
3387 760 3522 832 pede
3564 762 3763 822 cecidit.

2197 846 2388 913 Qumre
2433 844 2571 903 unde
2615 851 2806 905 cecidit
2852 869 2882 904 :~
2916 853 3163 922 superbia
3204 854 3461 909 cecidit‘.
3494 854 3610 909 Non
3651 871 3773 926 ergo

2198 943 2375 991 movet
2418 938 2642 1007 pedem,
2689 941 2789 995 nisi
2829 943 3113 1011 superbia:
3145 943 3210 996 ad
3249 943 3457 999 ruinam
3501 960 3605 999 non
3660 962 3771 998 tuo-

2197 1035 2284 1080 vct
2311 1025 2535 1096 pedem,
2567 1029 2668 1083 nisi
2706 1032 2968 1100 superbia.
3019 1033 3098 1086 Ad
3141 1034 3521 1088 ambulandum
3558 1045 3610 1088 ct
3652 1051 3773 1104 pro-

2198 1113 2479 1171 ﬁciendum
2527 1126 2581 1173 et
2625 1120 3019 1175 ascendendum
3064 1123 3295 1177 charitas
3341 1132 3552 1189 movet;
3580 1125 3645 1178 ad
3685 1141 3773 1181 ca-

2197 1204 2428 1261 dendum
2455 1203 2702 1278 Superbia
2729 1219 2902 1264 movet
2930 1213 2970 1265 ².
3019 1210 3141 1266 Ideo
3181 1221 3235 1265 et
3275 1211 3367 1267 ille
3409 1212 3535 1282 quid
3565 1213 3691 1268 dicit
3720 1214 3768 1269 in

2198 1300 2402 1367 psalmo
2421 1301 2446 1354 ἲ
2465 1300 2586 1355 Filii
2609 1303 2778 1356 autem
2794 1303 3051 1358 hominum
3077 1306 3168 1358 sub
3197 1306 3411 1374 tegmine
3445 1305 3642 1359 alarum
3669 1317 3775 1359 tua-

2195 1406 2309 1445 rum
2348 1393 2637 1463 sperabunt.
2688 1394 2747 1450 Si
2795 1395 2894 1451 sub
2948 1396 3201 1466 tegmine,
3256 1411 3468 1466 semper
3524 1395 3770 1464 humiles,

2197 1496 2409 1553 semper
2431 1484 2499 1539 de
2528 1484 2640 1541 Deo
2666 1496 2973 1555 sperantes,
3003 1501 3215 1558 semper
3247 1488 3313 1542 de
3353 1502 3413 1543 se
3444 1505 3549 1543 non
3574 1505 3773 1559 pra-su-

2197 1583 2422 1629 mentes.
2457 1574 2564 1630 Sub
2613 1576 2825 1647 tegmine
2863 1578 3061 1630 alarum
3101 1587 3303 1631 tuarum
3327 1579 3595 1649 sperabunt
3624 1596 3645 1634 :
3674 1596 3772 1635 non

2197 1664 2336 1719 enim
2362 1681 2391 1718 a
2432 1678 2490 1719 se
2514 1665 2772 1721 satiantur
2806 1675 2866 1722 ut
2890 1667 3030 1721 beati
3057 1667 3177 1723 sint.
3216 1666 3323 1723 Sed
3352 1668 3477 1738 quid
3501 1668 3774 1739 sequitur?

2195 1754 2586 1811 Inebriabuntur
2609 1757 2669 1810 ab
2697 1759 2919 1813 ubertate
2962 1759 3143 1813 damus
3170 1769 3287 1825 tuw,
3315 1771 3363 1815 et
3407 1771 3622 1815 torrente
3649 1761 3773 1815 deli-

2195 1846 2386 1900 ciarum
2434 1858 2633 1902 tuarunt
2678 1850 2871 1919 potabis
2910 1867 2992 1902 eos
3058 1848 3197 1905 Ecce
3225 1852 3495 1915 sitientes,
3523 1866 3653 1907 cccc
3696 1853 3771 1907 in.

2195 1936 2417 2000 ebriati,
2449 1952 2573 1992 ecce
2617 1938 2833 2005 sitiunt,
2864 1954 2987 1994 ecce
3028 1940 3217 1994 bibunt
3249 1958 3261 1994 :
3294 1940 3387 1995 sed
3416 1957 3520 1997 non
3546 1957 3574 1995 a
3605 1956 3668 1997 se
3697 1943 3772 1997 hi-

2194 2026 2345 2091 bttnt,
2389 2042 2487 2082 nec
2516 2029 2613 2098 ipsi
2658 2028 2757 2083 sibi
2784 2037 2911 2082 sunt
2934 2027 3074 2083 fons.
3100 2029 3207 2085 Sed
3249 2030 3389 2085 uttde
3419 2032 3639 2086 bibunt?
3671 2032 3771 2088 Sub

2196 2116 2410 2186 tegmine
2427 2116 2629 2170 alarum
2649 2126 2849 2171 tuarum
2874 2119 3162 2188 sperabunt.
3190 2118 3244 2175 Si
3276 2120 3373 2173 sub
3402 2121 3518 2185 alis,
3549 2120 3771 2177 humiles

2194 2215 2336 2263 sunt.
2384 2208 2600 2276 Quare?
2632 2206 2765 2288 Quia
2795 2210 2935 2278 apud
2974 2219 3043 2278 te,
3086 2210 3274 2281 inquit,
3318 2216 3433 2282 fons
3480 2214 3610 2266 vitm.
3663 2213 3769 2267 Νηιι

2193 2311 2320 2368 ergo
2344 2313 2373 2352 a
2395 2312 2453 2352 se
2479 2297 2764 2368 irrigantur
2790 2307 3018 2367 montes,
3045 2300 3181 2356 sicut
3207 2317 3237 2355 a
3268 2317 3327 2356 se
3349 2318 3453 2356 non
3474 2303 3770 2358 illuminan-

2196 2399 2281 2444 tur
2309 2399 2534 2446 montes.
2566 2390 2696 2445 Nam
2725 2391 2844 2447 vide
2870 2392 2994 2462 quid
3041 2394 3280 2462 sequitur
3307 2409 3319 2445 :
3355 2393 3419 2446 In
3469 2395 3662 2448 tantine
3686 2407 3769 2449 tuo

2193 2480 2465 2537 videbimus
2495 2481 2684 2538 tanien.
2710 2481 2775 2538 Si
2814 2499 2941 2552 ergo
2968 2484 3019 2537 in
3060 2484 3257 2539 lumine
3286 2486 3452 2554 ipsius
3476 2487 3769 2541 videbimus

2193 2573 2392 2640 lumen,
2423 2574 2543 2644 quis
2570 2573 2715 2629 cadit
2742 2589 2770 2627 a
2796 2575 2994 2629 lumine
3017 2615 3030 2639 ,
3061 2577 3162 2628 nisi
3201 2576 3286 2629 cui
3316 2576 3427 2645 ipse
3455 2587 3667 2632 nonest
3693 2579 3769 2632 lu-

2194 2664 2363 2718 men?
2407 2663 2475 2719 Et
2512 2665 2600 2736 qui
2630 2664 2862 2720 voluerit
2907 2664 3007 2719 sibi
3037 2679 3154 2720 esse
3203 2666 3402 2729 lumen,
3437 2667 3549 2736 ipse
3577 2668 3714 2723 cadit
3740 2684 3768 2722 a

2198 2754 2399 2809 lumine
2442 2769 2548 2825 quo
2576 2756 2922 2811 illuminatur.
2953 2756 3078 2811 Ideo
3105 2756 3281 2811 sciens
3319 2772 3421 2812 non
3449 2757 3643 2812 cadere
3671 2759 3765 2814 nisi

2190 2860 2312 2900 eum
2353 2845 2445 2915 qui
2514 2845 2614 2901 sibi
2656 2847 2769 2901 vult
2815 2846 3030 2911 lucere,
3079 2861 3197 2900 cum
3251 2847 3320 2901 sit
3361 2863 3455 2916 per
3506 2862 3567 2901 se
3621 2857 3765 2903 tene-

2149 2988 2158 2997 ,
2191 2934 2333 3002 brae;
2365 2939 2541 2992 statim
2572 2938 2816 3008 subjecit,
2853 2936 2972 2992 Non
3013 2939 3175 2992 veniat
3219 2939 3347 2992 mihi
3372 2955 3458 3009 pes
3494 2942 3761 3008 superbire,

2188 3039 2235 3084 et
2270 3047 2451 3084 manus
2488 3039 2804 3101 peccatorum
2829 3046 2927 3085 non
2954 3040 3146 3083 moveat
3181 3046 3258 3083 me
3286 3047 3304 3084 :
3330 3030 3381 3085 id
3412 3038 3514 3097 est,
3545 3032 3765 3086 imitatio

2190 3132 2522 3191 peccatorum
2554 3136 2657 3176 non
2688 3130 2897 3176 moveat
2927 3136 3011 3175 me
3038 3163 3052 3186 ,
3088 3129 3146 3176 ut
3180 3120 3364 3175 cadam
3392 3137 3421 3174 a
3476 3131 3546 3175 te.
3594 3122 3766 3189 Quare

2189 3211 2431 3276 timuisti,
2461 3219 2512 3265 et
2540 3209 2740 3278 dixisti,
2770 3210 2889 3264 Non
2912 3212 3075 3265 veniat
3110 3212 3232 3264 mihi
3257 3229 3343 3280 pes
3364 3212 3611 3282 superbire
3629 3214 3655 3266 ?
3674 3213 3765 3266 Se-

2186 3302 2384 3369 quitur,
2415 3298 2442 3353 Ι
2451 3300 2497 3354 bi
2521 3300 2803 3354 ceciderunt
2828 3316 2998 3354 onmes
3019 3303 3104 3371 qui
3149 3313 3422 3370 aperantur
3449 3302 3761 3371 iniquitatem

2187 3388 2359 3460 (Psal.
2389 3405 2551 3455 xxxv,
2586 3389 2716 3444 8-15
2735 3390 2951 3461 )..Quos
2979 3391 3136 3444 modo
3162 3390 3309 3444 vides
3328 3392 3537 3459 Operari
3570 3391 3761 3460 iniqui—

2186 3488 2347 3534 tatem
2374 3521 2388 3544 ,
2427 3479 2536 3549 jam
2598 3478 2830 3534 damnati
2877 3491 2999 3534 sunt
3045 3497 3058 3533 :
3104 3479 3196 3535 sed
3249 3489 3304 3533 ut
3351 3480 3756 3543 damnarentur,

2185 3570 2257 3625 ibi
2281 3571 2608 3632 ceciderunt,
2656 3586 2776 3625 cum
2823 3572 2924 3626 illis
2968 3573 3111 3637 venit
3138 3586 3232 3642 pes
3284 3572 3568 3642 superbize.
3603 3573 3761 3627 Recte

2183 3677 2312 3731 ergo
2336 3662 2435 3716 iste
2463 3661 2685 3716 audiens
2714 3671 2772 3715 ut
2804 3662 3057 3716 ascendat
3085 3672 3139 3716 et
3164 3676 3268 3715 non
3294 3662 3466 3725 cadat,
3497 3671 3554 3715 ut
3582 3676 3611 3716 a
3637 3678 3758 3716 con-

2182 3751 2319 3806 valle
2348 3750 2659 3821 plorationis
2699 3751 2963 3821 proﬁciat,
3014 3764 3118 3805 non
3159 3750 3212 3804 in
3261 3760 3466 3805 tumore
3491 3751 3756 3820 superbia:

2180 3842 2410 3912 deﬁciat,
2441 3844 2514 3899 ait
2540 3843 2649 3899 Deo
2682 3861 2695 3897 :
2730 3842 2814 3898 Ne
2838 3843 2925 3897 des
2948 3843 3016 3901 ad
3042 3843 3335 3897 movendum
3366 3843 3546 3913 pedem
3574 3860 3751 3897 nteant.

2181 3935 2246 3989 Et
2273 3936 2410 3990 Deus
2435 3935 2506 3989 illi
2541 3951 2554 3986 :
2590 3932 2766 4000 Neque
2800 3933 3030 3988 dormitet
3058 3934 3142 4003 qui
3164 3934 3379 3987 custodit
3418 3946 3483 3988 te.
3514 3925 3757 3989 Intettdat

2178 4024 2419 4079 Charitas
2448 4035 2639 4079 vestra.
2673 4024 2832 4091 Quasi
2856 4040 2956 4078 una
2983 4024 3244 4079 sententia
3277 4024 3410 4079 facta
3439 4033 3521 4078 est
3541 4040 3605 4078 ex
3632 4024 3755 4076 dua-

2179 4114 2277 4169 bus
2307 4114 2542 4169 vocibus.
2591 4113 2761 4169 llomo
2802 4113 2939 4170 dixit
2964 4114 3259 4169 ascendens
3293 4125 3345 4168 ct
3372 4124 3591 4168 cantans
3620 4115 3755 4169 Can-

2180 4209 2337 4263 ticum
2368 4207 2647 4277 graduum,
2680 4204 2761 4261 Ne
2782 4206 2867 4261 des
2891 4206 2958 4259 ad
2981 4206 3275 4259 movendum
3319 4205 3497 4276 pedem
3540 4223 3708 4258 meum
3734 4221 3755 4258 :

2176 4308 2230 4352 et
2261 4298 2398 4352 Deus
2428 4305 2678 4367 tanquam
2695 4295 2916 4362 diceret,
2940 4294 3024 4349 Ne
3048 4296 3134 4349 des
3159 4296 3228 4349 ad
3254 4295 3552 4349 movendum
3578 4297 3754 4366 pedem

2177 4406 2362 4455 nteant,
2393 4388 2527 4444 dicis
2551 4387 2709 4453 tnihi;
2756 4386 2910 4454 addc,
2946 4385 3122 4456 Neque
3149 4386 3378 4440 dormitet
3415 4387 3500 4456 qui
3536 4387 3753 4441 custodit

2177 4490 2244 4546 te,
2277 4491 2331 4535 et
2357 4496 2459 4535 non
2482 4478 2779 4534 movebitur
2808 4492 2902 4548 pes
2928 4486 3069 4533 tuus.

2183 4623 2205 4650 ι
2228 4607 2353 4667 sint;
2378 4604 2600 4667 Dominus
2620 4609 2800 4667 autem,
2828 4616 2890 4652 eo
2906 4602 3037 4667 quod
3058 4604 3215 4653 omnia
3239 4615 3347 4667 quae
3370 4609 3500 4667 sunt,
3542 4602 3750 4667 posidet

2183 4683 2205 4712 ιι
2230 4664 2555 4715 ιιιιεῦῖιιιιιὶιοτ.
2602 4666 2749 4725 Igitur
2770 4664 3016 4715 bonus'et
3052 4664 3270 4713 summus
3300 4666 3541 4725 Dominus,
3575 4666 3659 4725 qui
3700 4672 3749 4713 et

2182 4745 2205 4773 ιι
2227 4736 2369 4778 Deus.
2383 4729 2423 4775 si
2447 4725 2505 4788 ad
2522 4724 2649 4773 hunc
2672 4739 2759 4787 per
2778 4727 3146 4788 prtenominatos
3167 4733 3356 4774 montes
3379 4724 3622 4774 levaveris
3642 4739 3750 4788 ocu-

2183 4807 2202 4833 ι
2226 4789 2312 4849 los,
2339 4786 2566 4837 auxilium
2585 4786 2716 4835 tuum
2737 4786 3142 4848 setnpiternaliter
3166 4788 3277 4836 erit.
3302 4793 3355 4834 Ut
3372 4800 3497 4849 ergo
3518 4786 3748 4837 auxilium

2182 4868 2204 4895 α
2228 4859 2360 4899 tuum
2383 4850 2463 4907 sit,
2486 4861 2621 4911 roga,
2660 4856 2714 4896 et
2741 4849 2819 4898 die
2834 4850 2960 4911 quod
2997 4849 3232 4909 sequiun',
3268 4857 3331 4896 Ne
3351 4848 3457 4911 des,
3477 4864 3504 4911 tt
3537 4858 3633 4911 etc.

2239 4915 2255 4944 ι
2281 4911 2520 4959 Fditiones
2539 4909 2635 4961 illa:
2658 4917 2775 4957 ven.
2797 4907 3032 4969 et't‘aris.,
3064 4907 3086 4971 ᾇ
3107 4910 3333 4971 superbia
3354 4908 3527 4957 cecidit
3541 4908 3606 4958 de
3626 4907 3749 4958 ccelo

2180 4990 2203 5018 ι
2228 4972 2275 5020 in
2299 4981 2497 5021 terram.
2538 4972 2748 5032 Angelus
2771 4979 2877 5021 erat
2906 4974 2954 5020 in
2989 4969 3128 5030 ctylo,
3152 4969 3331 5032 cadens
3364 4970 3412 5017 in
3448 4976 3631 5019 terram
3654 4972 3749 5021 dia-

2180 5051 2202 5080 ι
2224 5032 2419 5103 Delusa
2428 5032 2594 5103 seipsp
2615 5030 2703 5103 per
2723 5044 2863 5103 suam
2879 5030 3380 5103 superbiameil'ectus
3397 5037 3491 5103 est.
3526 5034 3748 5103 Quisquis

2177 5112 2202 5140 ι
2222 5094 2460 5157 superbit,
2483 5093 2672 5157 diabolo
2705 5093 2984 5157 particitat;
3007 5094 3045 5140 si
3070 5094 3333 5157 participat,
3363 5093 3491 5157 idem
3516 5102 3623 5142 est:
3658 5093 3745 5154 igi-

2179 5174 2202 5201 ιι
2226 5153 2302 5204 tur
2319 5156 2472 5204 omnis
2492 5153 2731 5217 superbus
2743 5153 2961 5217 dialmhts
2974 5153 3325 5217 per’ltieipit’em
3348 5155 3618 5216 pen-tionem
3639 5163 3745 5211 est;

2179 5234 2202 5264 ι
2227 5224 2277 5266 et
2300 5217 2390 5267 hoc
2410 5215 2633 5276 quamdiu
2654 5216 2895 5276 superbus
2917 5215 3009 5265 est.
3035 5223 3129 5264 Non
3152 5228 3272 5275 ergo
3294 5215 3475 5271 movet,
3500 5230 3523 5259 1
3555 5225 3649 5264 etc.

2234 5280 2253 5308 ³
2278 5285 2371 5326 Hoc
2396 5275 2511 5324 item
2535 5275 2655 5335 loco,
2679 5275 2727 5325 in
2746 5275 2839 5324 illis
2857 5276 3145 5327 cditionibus
3167 5284 3284 5325 ven.
3307 5286 3359 5326 et
3376 5278 3518 5325 Paris.
3539 5277 3745 5325 habetur

2171 5339 2296 5387 istud
2324 5335 2561 5400 glossema
2581 5350 2614 5400 _:
2650 5356 2672 5382 ι
2691 5347 2735 5400 0,
2750 5335 2894 5400 lepidi
2917 5350 2973 5400 ac
3011 5336 3319 5400 limpidissimi
3367 5336 3520 5399 pedes
3542 5338 3745 5400 charito-

2177 5417 2199 5444 ι
2224 5401 2301 5471 tis,
2445 5396 2654 5470 bundles
2683 5399 2754 5471 ad.
2771 5396 3108 5471 celsitudinem
3132 5396 3414 5471 provehunt.
3452 5405 3546 5446 llos

2176 5478 2200 5506 α
2221 5458 2502 5531 ριιιιτῐεδὶιιιὶ,
2526 5472 2720 5522 semper
2745 5459 2972 5531 imitando
2994 5467 3047 5508 et
3067 5458 3268 5509 amando
3297 5458 3581 5531 sequamur,
3598 5470 3648 5507 ut
3684 5458 3741 5507 ad

2176 5538 2199 5567 ι
2221 5518 2355 5584 illum
2371 5518 2657 5584 cujusqsuut',
2682 5522 2944 5582 pervenite
2966 5533 3274 5584 mereamur:
3311 5518 3423 5584 quia
3445 5526 3501 5570 ut
3534 5527 3746 5568 Joannes

2176 5600 2198 5629 α
2220 5583 2303 5641 ait,
2330 5589 2458 5631 Deus
2486 5582 2691 5645 charitas
2705 5589 2797 5645 est.
2829 5582 3108 5645 snperbiam
3131 5582 3606 5645 omniuo'iugiamus,
3631 5594 3745 5645 qua:

2175 5661 2200 5689 ι
2221 5651 2383 5709 movet
2406 5643 2559 5709 pedes
2583 5643 2641 5691 ad
2662 5641 2945 5709 cadendum,
2970 5656 3035 5693 ne
3059 5650 3111 5694 et
3132 5656 3220 5694 nos
3240 5642 3381 5694 simul
3411 5641 3746 5709 Superbiendo

2176 5722 2199 5750 tt
2221 5702 2460 5755 cedamus.
2493 5702 2604 5754 Ideo
2626 5712 2679 5757 et
2698 5703 2797 5766 ille,
2823 5720 2846 5750 ι
2878 5712 2974 5758 etc.
3270 5726 3277 5733 ί
