4032 6202
367 377 497 432 1Ῐῖ09

1449 368 1841 428 ENARRATID
1873 369 1934 423 IN
1972 367 2288 428 PSALMUM
2326 374 2488 428 CXX.

2625 427 2664 442 χ
3484 381 3617 438 icto

427 490 480 540 6.
524 485 698 559 [ιἐη.
730 486 779 538 ι.
813 483 832 556 ]
872 483 1072 537 Dixerit
1099 491 1272 536 autem
1305 482 1393 536 ille
1423 501 1436 535 :
1469 479 1728 550 Numquid
1757 480 1807 532 in
1848 493 1942 549 po-
2044 477 2304 536 Christus.
2336 481 2466 536 Nam
2496 481 2546 536 in
2577 484 2838 555 principio
2870 485 3030 541 facies
3073 485 3187 557 ejus
3227 502 3347 558 qua:
3386 492 3505 544 est?
3554 490 3617 543 In

361 586 550 632 testate
595 591 709 630 mea
759 584 842 630 est
889 584 945 627 ut
987 589 1090 628 non
1125 573 1378 627 dormitet
1414 572 1503 640 qui
1544 570 1771 625 custodit
1817 570 1939 623 me?

285 719 292 724 .
365 669 491 721 \‘olo
523 677 578 719 ut
621 681 726 719 non
769 666 1033 728 dormiat,
1084 679 1257 733 neque
1297 663 1564 717 dormitet.
1607 661 1746 730 Ergo
1791 661 1938 713 illum

355 761 448 814 tibi
476 761 614 828 elige
641 801 655 820 .
701 758 788 826 qui
839 773 942 811 non
987 758 1236 821 dormiet,
1281 771 1452 825 neque
1495 754 1844 819 domitabit,
1883 763 1938 807 et

359 867 461 903 non
493 849 792 903 tumebitur
848 864 942 917 pes
984 858 1122 902 tuus.
1172 848 1311 901 Deus
1355 862 1618 916 nunquam
1675 855 1759 901 est
1809 848 1935 898 dor-

358 943 526 994 miens
563 959 576 994 :
623 940 670 992 si
709 941 788 993 vis
829 938 1025 993 habere
1069 938 1343 993 custodem
1387 952 1492 990 non
1541 936 1931 1000 dormientem,

360 1033 520 1086 Deum
565 1032 699 1101 elige
738 1032 1032 1086 custodem.
1094 1029 1176 1082 Ne
1201 1030 1288 1082 des
1313 1029 1379 1082 ad
1424 1027 1716 1080 movendum
1760 1028 1936 1097 pedem

356 1139 518 1174 meum
540 1163 555 1184 ,
587 1099 719 1175 dicis
748 1130 800 1174 ιιι
829 1137 843 1185 ;
877 1123 1012 1174 bene
1035 1161 1049 1183 ,
1079 1121 1277 1188 optimc
1305 1137 1316 1171 :
1343 1118 1434 1172 sed
1455 1127 1508 1172 ει
1535 1118 1622 1172 ille
1647 1118 1773 1172 dicit
1804 1118 1929 1181 tibi,

365 1213 532 1280 Neque
560 1212 793 1264 dormitet
821 1211 904 1278 qui
931 1209 1144 1263 custodit
1173 1219 1237 1262 te.
1279 1208 1360 1263 Tu
1399 1208 1532 1262 forte
1578 1221 1934 1261 conversurus

351 1309 407 1356 ἰε
449 1317 573 1356 eras
617 1301 683 1354 ad
724 1300 966 1354 homines
1004 1298 1292 1364 custodes,
1341 1307 1394 1353 et
1434 1298 1712 1351 dicturus:
1764 1297 1930 1362 Quem

351 1409 468 1446 sum
520 1394 830 1446 inventurus
873 1406 978 1444 non
1019 1389 1413 1444 dormientem?
1465 1389 1583 1458 quis
1633 1391 1790 1442 homo
1825 1403 1930 1442 non

352 1483 696 1536 dormitabit?
723 1497 882 1552 quem
915 1481 1166 1535 invenio?
1191 1495 1297 1550 quo
1323 1480 1452 1534 ibo?
1481 1494 1585 1548 quo
1615 1488 1852 1532 revertar
1877 1477 1930 1530 ¹τ

353 1574 456 1628 Iste
485 1574 579 1627 tibi
609 1573 844 1627 ostendit
873 1590 886 1626 :
922 1571 1052 1624 Ecce
1089 1588 1188 1625 non
1219 1570 1504 1624 dormitabit
1523 1611 1537 1634 ,
1571 1586 1725 1640 neque
1748 1567 1931 1622 obdor-

349 1666 500 1728 miet,
530 1664 615 1733 qui
639 1664 852 1717 custodit
882 1661 1065 1716 Israel.
1110 1662 1199 1716 \‘is
1243 1660 1439 1715 habere
1485 1675 1611 1730 ergo
1652 1659 1927 1714 custodem

350 1771 455 1808 non
484 1755 836 1809 dormientem
867 1769 1038 1824 neque
1062 1753 1477 1806 dormitantem?
1510 1748 1640 1804 Ecce
1672 1768 1772 1805 non
1810 1752 1929 1804 dor-

349 1848 497 1909 miet,
527 1861 684 1914 neque
711 1845 999 1897 dormitabit
1021 1885 1036 1906 ,
1078 1844 1165 1913 qui
1203 1841 1421 1896 custodit
1453 1841 1617 1895 Israel
1640 1857 1658 1894 :
1686 1839 1929 1896 Christus

347 1938 493 1991 enim
535 1935 768 1992 custodit
817 1935 994 1989 Israel.
1047 1934 1174 1988 Esto
1216 1949 1342 2004 ergo
1393 1933 1573 1988 Israel.
1622 1932 1757 1998 Quid
1803 1942 1925 1998 est,

351 2026 553 2082 Israel?
591 2025 748 2080 Israel
800 2025 1175 2093 interpretatur
1209 2022 1407 2078 Videns
1443 2023 1626 2076 Demn.
1678 2022 1744 2076 Et
1791 2036 1924 2092 quo-

349 2120 509 2174 modo
545 2118 752 2174 videtur
793 2117 976 2172 Deus?
1017 2116 1196 2172 Primo
1244 2131 1338 2185 per
1380 2115 1566 2180 fidem,
1609 2125 1788 2185 postea
1837 2131 1928 2182 per

347 2212 607 2280 speciem.
635 2210 689 2266 Si
735 2226 830 2280 per
868 2211 1095 2278 speciem
1135 2207 1368 2262 noudmn
1406 2217 1594 2277 potes,
1633 2222 1726 2276 per
1769 2207 1924 2260 [idem

347 2303 487 2356 vide.
516 2301 570 2357 Si
600 2301 786 2356 faciem
822 2300 938 2369 ejus
977 2300 1154 2353 videre
1192 2316 1295 2352 non
1341 2308 1490 2368 potes
1513 2337 1526 2362 ,
1564 2299 1813 2368 Quoniam
1855 2297 1922 2352 ibi

345 2395 552 2461 species
577 2411 592 2456 ;
619 2393 910 2462 posteriora
936 2391 1051 2459 ejus
1075 2391 1214 2448 vide.
1243 2391 1356 2446 Iloe
1378 2391 1574 2446 dictum
1593 2399 1676 2445 est
1703 2390 1867 2462 Moysi
1894 2405 1925 2445 a

289 2519 292 2524 -
347 2486 616 2539 Domino:
653 2485 771 2538 Non
799 2494 938 2554 potes
977 2483 1142 2538 videre
1186 2484 1366 2551 faciem
1407 2500 1566 2537 meam
1587 2522 1604 2550 ,
1650 2484 1924 2554 posteriora

347 2591 460 2629 mea
490 2575 678 2628 videbis
699 2616 713 2638 ,
745 2591 858 2627 cum
879 2574 1167 2644 transiero(
1198 2571 1363 2627 Exod.
1401 2589 1561 2627 χχχιιι
1580 2609 1598 2640 ,
1635 2572 1707 2629 20
1729 2614 1744 2638 ,
1789 2575 1860 2630 23
1881 2573 1922 2646 ).

347 2666 644 2734 Exspcctas
687 2665 820 2719 forte
858 2674 914 2718 ut
963 2673 1234 2718 transeat:
1279 2664 1394 2732 jam
1428 2664 1671 2728 transiit;
1717 2676 1767 2717 ιιι
1805 2666 1926 2719 vide

348 2759 644 2828 posteriora
677 2759 860 2826 ipsius.
888 2756 989 2814 Ubi
1022 2756 1271 2810 transiit?
1297 2755 1430 2809 Audi
1461 2755 1716 2809 Joannem
1742 2773 1756 2816 ;
1794 2755 1925 2809 Cum

345 2852 585 2910 venisset.
621 2851 822 2920 inquit,
852 2851 976 2902 hora
999 2891 1014 2913 ,
1043 2859 1098 2901 ut
1123 2849 1354 2902 transiret
1393 2848 1456 2900 de
1499 2848 1684 2901 mundo
1725 2848 1792 2900 ad
1823 2847 1924 2901 Pa-

345 2953 471 2994 trem
501 2941 520 3011 (
545 2941 700 2995 Joan.
730 2957 819 2995 xm
845 2984 859 3005 ,
892 2942 914 2995 I
944 2942 983 3009 ).
1014 2941 1267 2993 Dominus
1297 2948 1477 2993 noster
1501 2939 1656 2994 Iesus
1682 2938 1926 2994 Christus

344 3033 449 3101 iam
479 3033 600 3086 fecit
628 3031 854 3086 Pascha.
884 3029 1082 3085 Pascha
1104 3039 1278 3084 autem
1307 3029 1580 3084 Transitus
1607 3029 1924 3098 interpreta-

346 3134 452 3176 tur.
485 3122 616 3176 Nzun
648 3121 862 3176 verbum
896 3130 975 3175 est
1015 3120 1281 3174 hebrasum
1313 3137 1327 3172 :
1371 3128 1425 3174 et
1461 3128 1644 3188 putant
1682 3119 1924 3174 homines

343 3229 580 3280 grmcum
609 3228 726 3268 esse
749 3255 763 3278 ,
792 3215 940 3282 quasi
975 3213 1278 3266 Passionem
1302 3253 1317 3277 ,
1346 3213 1440 3267 sed
1470 3228 1573 3266 non
1600 3223 1702 3268 est.
1731 3214 1774 3267 A
1801 3214 1923 3268 dili-

346 3297 673 3369 gentioribus
716 3311 770 3357 et
799 3318 828 3356 a
855 3302 1179 3357 doctioribus
1203 3302 1474 3357 inventum
1514 3312 1597 3358 est
1651 3305 1770 3373 quia
1821 3305 1923 3358 Pa-

345 3397 473 3449 scha
521 3395 786 3449 lzehrteum
832 3395 1048 3449 verbum
1093 3404 1206 3459 est;
1256 3405 1311 3450 et
1358 3412 1461 3449 non
1512 3397 1924 3466 interpretantur

348 3488 670 3556 passionem,
693 3487 786 3541 sed
811 3487 1106 3541 transitura.
1135 3489 1238 3542 Per
1261 3489 1556 3556 passionem
1583 3491 1723 3543 enim
1753 3499 1926 3544 trans-

346 3581 406 3631 iit
453 3581 703 3633 Dominus
730 3595 758 3631 a
803 3590 972 3633 morte
999 3580 1064 3632 ad
1109 3580 1309 3644 vitam;
1352 3589 1402 3634 et
1445 3579 1567 3635 fecit
1604 3581 1756 3636 nobis
1787 3581 1922 3636 viam

341 3670 687 3724 credentibus
716 3671 767 3724 in
809 3671 1248 3724 resurrectionem
1292 3671 1446 3738 ejus,
1496 3680 1552 3725 ut
1595 3682 1923 3726 transeamus

345 3771 404 3816 et
433 3777 528 3814 nos
560 3761 625 3814 de
653 3770 822 3814 morte
851 3759 916 3813 ad
947 3761 1127 3813 vitam.
1155 3759 1268 3813 Non
1299 3775 1546 3828 magnum
1588 3771 1670 3814 est
1704 3761 1924 3816 credere

347 3851 468 3919 quia
498 3859 739 3903 mortuus
757 3847 1094 3903 estCltristus
1125 3866 1140 3902 :
1170 3848 1270 3901 hoc
1297 3857 1351 3901 et
1377 3847 1566 3916 Pagani
1592 3889 1606 3910 ,
1634 3857 1688 3902 et
1713 3848 1878 3903 Judzri
1904 3889 1920 3914 ,

343 3951 401 3994 et
425 3957 614 3996 «mines
646 3941 810 4010 iniqui
836 3940 1076 3996 credunt.
1121 3940 1230 3994 Iloc
1270 3954 1457 3994 omnes
1495 3941 1756 4004 credunt,
1801 3941 1922 4010 quia

348 4043 593 4086 mortuus
621 4041 702 4085 est
727 4050 738 4084 :
775 4032 904 4085 fides
927 4030 1350 4085 Christianorum
1377 4073 1390 4093 ,
1426 4033 1744 4085 resurrectio
1767 4032 1923 4085 (lin-i-

348 4130 411 4177 sti
440 4135 524 4178 est
548 4143 561 4186 ;
593 4124 691 4178 hoc
718 4139 811 4192 pro
835 4140 1023 4193 magno
1050 4123 1304 4176 habemus
1327 4164 1342 4187 ,
1371 4123 1492 4192 quia
1511 4123 1777 4177 credimus
1802 4140 1922 4178 eum

347 4219 725 4270 resurrexisse.
755 4217 892 4286 Ergo
919 4226 1043 4270 tunc
1071 4231 1130 4270 se
1154 4216 1320 4270 voluit
1345 4216 1509 4270 videri
1536 4258 1550 4279 ,
1582 4232 1704 4271 cum
1738 4221 1928 4272 transi-

349 4316 466 4369 ret,
497 4307 597 4360 lue
622 4317 698 4359 est
727 4348 740 4368 ,
769 4322 888 4360 cum
927 4307 1324 4361 resurrexisset.
1371 4305 1521 4361 Tunc
1565 4307 1615 4360 in
1658 4323 1716 4362 se
1761 4309 1928 4364 voluit

348 4399 491 4450 credi
519 4441 532 4458 ,
563 4415 681 4450 cum
711 4399 995 4459 transiret;
1027 4399 1147 4467 quia
1179 4399 1401 4452 traditus
1425 4408 1504 4451 est
1543 4409 1758 4469 propter
1797 4401 1929 4454 deli-

353 4499 438 4542 cla
471 4501 644 4541 nostra
670 4531 684 4549 ,
711 4498 764 4542 et
793 4490 1084 4542 resurrexit
1109 4499 1324 4558 propter
1359 4489 1791 4558 justilicationem
1831 4509 1926 4545 no-

349 4593 511 4633 stram
546 4581 564 4650 (
593 4581 736 4633 Rom.
765 4597 842 4646 tv,
866 4581 937 4635 23
960 4581 997 4645 ).
1026 4582 1088 4634 Et
1115 4582 1278 4649 ipsam
1311 4581 1468 4634 ﬁdem
1501 4583 1552 4634 in
1586 4585 1930 4637 resurrectio-

351 4689 470 4726 nem
521 4671 717 4726 Christi
767 4675 992 4727 maxime
1037 4673 1429 4726 commendavit
1476 4675 1800 4742 Apostolus:
1859 4677 1930 4728 ait

349 4765 488 4816 enim
517 4807 529 4826 ,
565 4764 627 4817 Si
650 4764 920 4818 credideris
949 4765 1000 4816 in
1016 4763 1167 4816 corde
1189 4774 1273 4815 tuo
1292 4765 1408 4833 quia
1429 4761 1566 4816 Deus
1586 4781 1698 4816 eum
1720 4767 1928 4835 suscita-

351 4859 414 4910 rit
453 4875 484 4909 α
528 4857 738 4910 mortuis
764 4899 777 4918 ,
820 4858 988 4909 saluus
1026 4857 1122 4908 eris
1170 4854 1294 4924 (Id.
1330 4870 1360 4908 x
1389 4898 1401 4916 ,
1443 4855 1537 4924 9).
1588 4855 1699 4907 Non
1747 4857 1919 4922 dixit,

352 4952 402 5002 Si
433 4951 726 5004 credideris
756 4951 875 5018 quia
905 4960 1143 5002 mortuus
1169 4957 1249 5003 est
1276 4948 1516 5000 Christus
1541 4989 1552 5008 ,
1586 4949 1724 5016 quod
1752 4958 1804 5001 et
1830 4949 1927 5001 Pa-

350 5042 466 5106 gani
493 5082 506 5100 ,
537 5050 589 5093 ct
617 5040 782 5092 Iuda-i
806 5080 821 5102 ,
851 5049 902 5092 et
930 5054 1116 5092 omnes
1148 5039 1341 5091 inimici
1387 5038 1500 5106 ejus
1544 5039 1880 5090 crediderunt
1911 5058 1922 5090 :

351 5133 439 5184 sed
469 5131 541 5183 ait
571 5173 584 5192 ,
619 5129 677 5183 Si
704 5131 974 5182 credideris
997 5131 1047 5182 in
1078 5130 1226 5180 corde
1248 5137 1332 5180 tuo
1353 5129 1471 5195 quia
1502 5125 1640 5178 Dens
1675 5126 1818 5178 illum
1836 5143 1924 5179 su-

353 5223 597 5274 scitavita
626 5221 833 5273 mortuis
854 5261 867 5282 ,
895 5221 1058 5272 suftms
1083 5220 1201 5276 eris.
1247 5218 1356 5270 Hoc
1404 5215 1622 5270 credi-rc
1644 5257 1656 5276 ,
1710 5217 1807 5266 hoc
1847 5226 1928 5268 est

351 5331 468 5368 esse
502 5314 661 5368 Israel
691 5355 704 5378 ,
754 5313 853 5366 hoc
891 5321 972 5365 cst
1009 5311 1188 5364 videre
1231 5312 1391 5362 Deum
1424 5327 1436 5361 :
1473 5310 1713 5376 quamvis
1757 5308 1928 5360 adhuc

351 5409 644 5465 posteriora
672 5407 786 5476 ejus
804 5447 820 5472 ,
853 5416 1025 5460 tamen
1053 5421 1171 5459 cum
1198 5403 1488 5457 credideris
1516 5403 1567 5454 in
1597 5401 1884 5469 posteriora
1909 5440 1924 5462 ,

353 5500 631 5564 pervenies
679 5497 744 5550 ad
793 5498 1050 5549 visionem
1097 5495 1268 5548 faciei.
1317 5493 1452 5560 Quid
1499 5501 1581 5547 est
1628 5491 1768 5544 hoc?
1798 5491 1926 5542 Cum

351 5590 638 5644 credideris
670 5591 719 5642 in
751 5588 799 5642 id
823 5588 961 5653 quod
990 5588 1252 5656 posterius
1277 5603 1370 5654 pro
1399 5595 1448 5639 te
1480 5583 1643 5638 factus
1669 5591 1751 5636 cst
1774 5582 1929 5635 Chri-

351 5693 502 5743 stus;
535 5696 655 5734 cmn
686 5679 975 5734 credideris
1017 5679 1067 5731 in
1117 5677 1166 5731 id
1203 5676 1341 5748 quod
1391 5673 1653 5745 posterius
1699 5673 1930 5742 suscepit

416 5790 428 5816 ¹
465 5795 594 5845 Alter
619 5809 648 5843 c
671 5795 806 5842 Corb.
835 5803 958 5847 Mss.
984 5807 1076 5851 quo
1099 5806 1171 5840 ina
1195 5799 1391 5841 rcrtam.

735 5887 1007 5948 Ριιτιιοι.
1059 5890 1102 5949 ὶέ
1125 5889 1373 5950 XXVII.

2043 572 2290 639 principio
2317 582 2421 625 erat
2457 571 2671 627 Verbum
2693 616 2707 637 ,
2737 586 2782 628 et
2819 575 3032 630 Verbum
3057 589 3162 630 erat
3188 581 3328 649 apud
3352 577 3545 644 Deum,
3570 599 3598 634 e

2042 661 2181 718 Deus
2205 673 2311 716 erat
2356 663 2588 718 Verbum.
2621 665 2915 721 Posteriora
2940 669 3056 737 ejus
3082 687 3198 738 quae
3218 674 3376 724 sunt?
3403 673 3465 725 Et
3501 673 3625 725 γετ-

2035 753 2156 809 bum
2175 772 2293 808 caro
2327 760 2516 825 factum
2540 767 2647 822 est,
2688 769 2736 810 et
2780 759 3017 813 habitavit
3055 763 3108 814 in
3155 763 3296 815 nobis
3328 762 3523 834 (Ioan.
3556 781 3570 818 t
3599 805 3614 827 ,

2044 845 2067 897 l
2101 886 2117 909 ,
2151 845 2217 898 II
2241 846 2281 915 ).
2313 846 2444 899 Cum
2473 859 2600 916 ergo
2624 848 2797 902 credis
2827 849 2879 902 in
2911 850 3008 904 hoc
3039 851 3178 919 quod
3213 867 3306 920 pro
3337 863 3387 907 te
3419 853 3614 907 factum

2039 945 2123 990 est
2155 937 2418 1004 Verbum,
2451 947 2504 993 et
2530 941 2818 994 resurrexit
2858 941 2911 994 in
2959 957 3118 996 carne
3143 983 3158 1009 ,
3200 961 3265 999 ne
3309 954 3364 999 tu
3411 947 3481 1000 de
3525 956 3613 999 tua

2038 1041 2199 1083 carne
2227 1029 2539 1098 desperares
2560 1073 2574 1097 ,
2599 1031 2825 1086 efticeris
2849 1033 3028 1088 Israel.
3048 1029 3238 1090 Factus
3253 1047 3428 1090 autem
3452 1037 3611 1091 Israel

2036 1132 2156 1171 cum
2204 1118 2404 1182 fueris,
2456 1135 2559 1174 non
2606 1121 2950 1188 dormitabit,
3000 1140 3171 1194 neque
3213 1127 3478 1194 dormiet,
3523 1132 3612 1197 qui

2032 1209 2268 1262 custodit
2301 1217 2389 1273 te;
2419 1211 2540 1278 quia
2565 1211 2675 1280 jam
2707 1211 2865 1267 Israel
2895 1229 2955 1267 es
2978 1253 2991 1275 ,
3032 1223 3085 1268 et
3125 1216 3314 1269 audisti
3363 1218 3412 1270 in
3461 1219 3578 1272 Psal

2035 1312 2123 1349 mo
2145 1339 2158 1359 ,
2199 1297 2326 1352 Ecce
2345 1315 2442 1351 non
2474 1299 2762 1354 dormitobit
2785 1343 2799 1366 ,
2825 1318 2981 1371 neque
3001 1303 3278 1357 obdormiat
3304 1347 3317 1366 ,
3349 1308 3436 1375 qui
3454 1319 3612 1360 custoo

2033 1387 2106 1440 dit
2129 1387 2313 1442 Israel.
2342 1387 2581 1443 Christus
2608 1392 2747 1445 enim
2778 1391 2888 1460 ipse
2912 1392 3161 1446 dormivit
3186 1435 3202 1455 ,
3243 1394 3337 1448 sed
3370 1411 3609 1450 resurre-

2033 1481 2126 1534 xit.
2158 1479 2290 1546 Quid
2317 1483 2456 1534 enim
2484 1483 2560 1535 ait
2586 1483 2698 1552 ipse
2743 1485 2793 1537 in
2838 1486 3083 1552 psalmo?
3125 1485 3236 1556 Ego
3276 1487 3488 1540 dormivi
3511 1529 3526 1552 ,
3565 1500 3610 1541 et

2030 1586 2261 1625 somnum
2283 1574 2410 1642 cepi.
2441 1573 2703 1644 Numquid
2745 1577 3001 1631 remansit
3049 1577 3100 1631 in
3142 1580 3378 1632 somno?
3409 1577 3607 1633 Exsur-

2029 1663 2136 1717 rexi
2159 1704 2175 1728 ,
2207 1664 2410 1733 inquit,
2452 1666 2687 1734 quoniam
2731 1665 2980 1721 Dominus
3021 1670 3261 1738 suscipiet
3307 1687 3386 1724 me
3415 1671 3434 1735 (
3462 1669 3606 1725 Psal.

2031 1769 2089 1806 ιιι
2117 1794 2130 1815 ,
2162 1753 2196 1808 6
2217 1755 2256 1823 ).
2289 1755 2344 1808 Si
2375 1770 2502 1825 ergo
2527 1755 2638 1824 jam
2669 1758 2962 1812 resurrexit
2983 1798 2997 1820 ,
3022 1758 3132 1826 jam
3161 1760 3406 1825 transiit;
3436 1763 3479 1815 si
3499 1762 3606 1830 jam

2032 1847 2237 1900 transiit
2261 1889 2275 1910 ,
2310 1847 2433 1902 vide
2461 1851 2756 1918 posteriora
2785 1850 2918 1919 ejus.
2949 1849 3083 1918 Quid
3113 1862 3194 1905 est
3217 1893 3233 1917 ,
3266 1851 3398 1907 Vide
3429 1863 3606 1922 poste-

2028 1938 2166 1991 riora
2194 1939 2352 2006 ejus?
2381 1938 2553 1994 Crede
2580 1941 2632 1994 in
2659 1943 3105 1997 resurrectionem
3132 1943 3266 2010 ejus.
3297 1945 3359 1997 Et
3385 1945 3506 2014 quia
3533 1946 3607 1999 ait

2029 2028 2314 2094 Apostolus
2338 2071 2352 2092 ,
2390 2028 2453 2082 Et
2480 2030 2525 2082 si
2542 2031 2814 2098 cruci/imus
2843 2041 2914 2085 est
2936 2047 2999 2086 ea:
3026 2034 3319 2101 inﬁrmitate
3341 2076 3355 2096 ,
3383 2037 3473 2089 sed
3493 2036 3606 2089 vivit

2028 2119 2080 2172 in
2108 2120 2288 2173 virtute
2315 2120 2409 2175 Dei
2439 2123 2456 2193 (
2479 2122 2520 2176 II
2549 2122 2664 2177 Cor.
2697 2140 2788 2178 χιιι
2814 2165 2828 2187 ,
2857 2125 2890 2178 4
2914 2126 2953 2193 );
2991 2134 3052 2180 ἐι
3094 2125 3282 2180 iterum
3321 2127 3393 2180 ait
3417 2168 3432 2190 ,
3459 2125 3606 2181 Clu-i-

2027 2218 2134 2264 stus
2160 2226 2369 2280 surgens
2395 2230 2426 2265 (ι
2457 2215 2664 2267 mortuis
2677 2215 2789 2283 jam
2815 2231 2914 2268 non
2941 2216 3151 2268 moritur
3167 2252 3188 2278 -.
3217 2227 3264 2270 et
3290 2233 3423 2271 mors
3449 2219 3494 2271 ei
3524 2221 3604 2272 ut-

2028 2308 2106 2351 tra
2135 2316 2235 2354 non
2261 2302 2600 2356 dominabitur
2624 2303 2642 2374 (
2664 2303 2814 2359 Rom.
2842 2321 2928 2370 για,
2951 2304 3022 2372 9)
3049 2325 3060 2359 :
3095 2317 3240 2362 recte
3271 2308 3360 2361 tibi
3389 2317 3565 2364 cantat
3589 2352 3602 2367 .

2037 2390 2165 2445 Ecce
2208 2408 2307 2446 non
2339 2393 2633 2448 dormitabit
2657 2436 2672 2456 ,
2709 2412 2866 2465 neque
2910 2396 3188 2452 obdormiet
3210 2438 3224 2463 ,
3261 2400 3348 2469 qui
3387 2403 3604 2455 custodit

2028 2481 2210 2537 Israel.
2240 2485 2425 2540 Adhuc
2449 2487 2587 2542 forte
2615 2488 2808 2558 quzeris
2846 2489 3045 2542 carnali
3089 2505 3249 2544 sensu
3274 2533 3289 2556 ,
3317 2492 3449 2560 Quis
3476 2503 3560 2548 est
3587 2537 3600 2553 .

2025 2574 2112 2643 qui
2144 2591 2242 2628 non
2268 2575 2554 2630 dormitobit
2576 2619 2592 2641 ,
2623 2595 2781 2647 neque
2807 2579 3126 2635 obdormiet?
3165 2581 3231 2635 Et
3257 2596 3378 2636 cum
3407 2586 3604 2652 qnmris

2028 2666 2164 2719 inter
2214 2666 2493 2732 homines,
2547 2668 2779 2733 falleris;
2833 2686 3102 2740 nunquam
3159 2672 3468 2728 inventurus
3520 2691 3599 2730 es.

2025 2756 2142 2809 Noli
2181 2773 2309 2827 ergo
2357 2773 2680 2828 przesumere
2716 2760 2784 2815 de
2821 2775 3086 2830 quoquam
3129 2761 3382 2838 homine:
3429 2768 3602 2819 omnis

2028 2848 2189 2901 homo
2216 2849 2452 2914 dormit,
2484 2859 2537 2904 et
2560 2850 2887 2906 dormitabit.
2912 2852 3136 2918 Quando
3157 2855 3449 2910 dormitat?
3471 2855 3600 2909 Cum

2027 2948 2201 3006 portat
2240 2954 2454 2994 carnem
2511 2941 2849 2996 infirmitatis.
2895 2942 3118 3010 Quando
3158 2944 3424 3000 dormiet?
3468 2945 3600 3000 Cum

2022 3025 2186 3082 fuerit
2228 3038 2488 3083 mortuus.
2540 3030 2656 3103 Noli
2712 3046 2840 3100 ergo
2888 3048 3208 3102 praasumcre
3252 3035 3320 3090 de
3367 3036 3600 3090 homine.

2026 3119 2210 3173 Potest
2254 3119 2543 3174 dormitare
2596 3122 2878 3177 mortalis:
2934 3125 3131 3179 dormit
3175 3127 3428 3180 moriens.
3485 3128 3600 3182 Noli

2023 3223 2266 3278 qumrere
2296 3210 2435 3265 inter
2462 3211 2726 3267 homines.
2990 3279 3006 3290 ἢ

2097 3301 2154 3354 7.
2195 3300 2362 3380 [uera
2392 3303 2446 3358 5.
2473 3302 2493 3376 ]
2535 3304 2600 3358 Et
2623 3305 2742 3374 quis
2765 3347 2781 3370 ,
2812 3305 2988 3376 inquis
3010 3349 3024 3372 ,
3051 3307 3317 3362 custodiet
3347 3325 3430 3365 uie
3459 3351 3474 3372 .
3514 3313 3602 3380 qui

2024 3405 2130 3443 non
2159 3375 2418 3447 dormitat
2441 3435 2456 3456 .
2477 3375 2664 3463 ineque
2689 3375 2958 3450 dormiet?
2987 3398 3121 3450 Amli
3156 3397 3281 3468 quid
3321 3375 3561 3468 sequitur
3588 3419 3602 3454 :

2024 3479 2275 3536 Dominus
2301 3485 2542 3538 custodiet
2571 3486 2584 3516 ¹
2615 3497 2680 3538 te.
2725 3486 2838 3540 Non
2875 3502 3002 3556 ergo
3039 3489 3198 3541 homo
3227 3487 3522 3544 dormitaus
3552 3500 3606 3544 et

2024 3572 2334 3635 dormiens,
2383 3574 2476 3628 sed
2525 3575 2782 3630 Dominus
2827 3577 3061 3631 custodit
3110 3587 3180 3633 te.
3228 3579 3507 3644 Quomodo
3556 3589 3606 3634 te

2024 3664 2297 3718 Custodit?
2335 3663 2588 3718 Dominus
2638 3677 2978 3736 tegumentum
3026 3679 3167 3722 tuum
3209 3687 3363 3738 super
3398 3688 3603 3724 manum

2025 3753 2241 3808 dextera:
2291 3763 2410 3809 tua.
2460 3755 2592 3819 Eia,
2636 3756 2828 3810 fratres
2857 3799 2870 3820 ,
2919 3758 3272 3828 intelligamus
3320 3761 3604 3829 adjuvante

2029 3846 2252 3900 Domino
2277 3846 2402 3915 quid
2439 3848 2538 3900 sibi
2584 3848 2744 3914 velit,
2795 3847 3046 3902 Dominus
3088 3860 3424 3920 tegumentum
3457 3863 3597 3906 tuum

2025 3951 2175 4004 super
2204 3953 2402 3989 manum
2427 3936 2646 3991 dexteris
2671 3946 2788 3991 ture.
2835 3938 3054 3994 Videtur
3078 3941 3219 3994 enim
3247 3941 3374 4008 mihi
3404 3943 3600 4000 habere

2027 4041 2240 4081 sensum
2268 4028 2528 4081 occultum
2555 4067 2570 4092 ,
2601 4044 2764 4095 quare
2811 4045 2914 4083 non
2959 4029 3188 4096 dixerit,
3225 4032 3468 4086 Dominus
3506 4050 3603 4087 eu-

2027 4120 2206 4172 stodiet
2237 4130 2282 4172 te
2304 4159 2319 4185 ,
2349 4119 2590 4174 absolute
2616 4129 2670 4174 et
2711 4121 3060 4190 simpliciter;
3109 4123 3203 4176 sed
3243 4122 3481 4188 addidit,

2030 4227 2119 4278 per
2161 4227 2363 4263 manuni
2405 4211 2622 4264 dextera:
2663 4220 2779 4265 tuta.
2824 4211 2959 4280 Quid
2993 4213 3183 4267 enim?
3209 4213 3480 4268 dexteram
3510 4230 3606 4269 no-

2031 4315 2194 4357 stram
2255 4305 2392 4356 Deus
2442 4304 2706 4368 custodit,
2755 4313 2810 4358 et
2854 4305 3121 4359 sinistram
3177 4321 3281 4358 non
3331 4307 3605 4360 custodit?

2031 4395 2215 4448 Nonne
2255 4395 2367 4463 ipse
2411 4411 2512 4448 nos
2551 4402 2692 4448 totos
2739 4397 2904 4449 fecit?
2944 4411 3120 4450 nonne
3155 4397 3243 4465 qui
3294 4397 3414 4450 fecit
3456 4397 3606 4449 nobis

2028 4485 2303 4540 dexteram
2328 4528 2342 4550 ,
2374 4487 2487 4554 ipse
2518 4486 2640 4540 fecit
2665 4496 2716 4539 et
2744 4485 3055 4539 sinistram?
3083 4486 3359 4541 Postremo
3398 4487 3444 4538 si
3492 4489 3573 4556 pla
3599 4520 3604 4525 -

2026 4579 2138 4632 cuit
2163 4577 2268 4631 dici
2293 4577 2360 4630 de
2390 4577 2603 4631 dextera
2632 4578 2742 4630 sola
2767 4620 2782 4642 ,
2815 4594 2979 4647 quare
3004 4578 3136 4632 dixit
3159 4619 3174 4643 ,
3213 4595 3364 4648 super
3401 4595 3604 4630 manum

2030 4671 2250 4723 dea-terte
2287 4682 2414 4734 tum,
2457 4679 2512 4723 et
2559 4685 2664 4722 non
2707 4670 2849 4738 jam,
2895 4685 3056 4738 super
3097 4669 3371 4724 dexteram
3417 4671 3605 4723 tuam?

2030 4761 2138 4814 llur
2167 4760 2266 4814 hoc
2295 4760 2533 4822 diceret,
2567 4761 2665 4812 nisi
2692 4759 2888 4828 aliquid
2921 4761 3003 4813 hic
3034 4761 3332 4825 occultum,
3362 4778 3470 4830 quo
3493 4764 3605 4830 pul-

2030 4851 2198 4903 sando
2247 4851 2682 4918 perveniremus,
2731 4849 3126 4904 absconderet?
3175 4850 3382 4904 Diceret
3419 4852 3599 4914 enim,

2030 4952 2118 4993 aut
2142 4983 2156 5005 ,
2193 4941 2434 4994 Dominus
2461 4939 2703 4992 custodiet
2731 4950 2778 4992 te
2797 4979 2816 5004 ι,
2855 4949 2907 4992 et
2943 4940 3071 4993 nihil
3103 4941 3354 5004 adderet;
3399 4951 3491 4992 aut
3513 4979 3530 5004 ,
3559 4943 3603 4994 si

2030 5031 2302 5083 dexteram
2329 5031 2526 5085 addere
2558 5031 2763 5096 voluit,
2794 5031 3046 5085 Dominus
3075 5033 3336 5088 custodiet
3367 5043 3416 5087 te
3445 5048 3606 5100 super

2029 5122 2301 5175 dexteram
2343 5133 2524 5184 tuam;
2571 5133 2662 5176 aut
2707 5132 2889 5187 certe,
2935 5124 3057 5192 quia
3107 5124 3309 5178 addidit
3360 5141 3602 5190 manum,

2031 5215 2130 5268 hoc
2183 5215 2420 5277 diceret,
2478 5215 2734 5269 Dominus
2777 5215 3042 5270 custodiet
3091 5226 3142 5270 te
3185 5230 3344 5284 super
3389 5233 3603 5270 manuni
3637 5220 3661 5231 ’

2028 5305 2300 5359 dexteram
2344 5316 2530 5371 tuam,
2579 5323 2720 5369 non,
2767 5325 2918 5378 super:
2959 5325 3164 5361 manum
3215 5309 3434 5361 dexteris
3481 5319 3598 5362 tute.

2031 5397 2181 5463 Quod
2225 5399 2479 5452 Dominus
2537 5399 2649 5468 ipse
2703 5415 2987 5470 suggerere
3038 5400 3319 5470 dignatur,
3366 5417 3608 5469 promam

2033 5488 2221 5551 vobis;
2249 5487 2336 5560 qui
2366 5498 2422 5541 ct
2451 5488 2502 5541 in
2533 5489 2681 5542 vobis
2710 5490 2908 5543 habitat
2935 5531 2950 5554 ,
2991 5489 3106 5542 siue
3145 5489 3306 5542 dubio
3347 5489 3472 5544 facit
3518 5507 3614 5543 vos

2034 5579 2328 5649 approbare
2360 5596 2542 5634 verum
2571 5596 2690 5636 esse
2717 5580 2860 5649 quod
2899 5581 3038 5634 dico.
3085 5580 3215 5634 Nam
3259 5581 3381 5651 quid
3419 5581 3610 5636 dicturi

2098 5725 2115 5756 ι
2153 5729 2216 5772 Ita
2253 5726 2530 5770 constanter
2557 5723 2662 5765 uss.
2693 5716 2831 5776 juxta
2866 5721 3015 5762 orasc.
3048 5719 3175 5762 Lxx.
3215 5719 3270 5763 At
3302 5713 3435 5769 ωσι..
3461 5720 3609 5764 custo-

2031 5786 2124 5835 «ω.

2684 5861 3292 5941 (6’ἐηᾳααηιε-αηε.]
