4032 6202
450 373 584 429 ΝΜ

457 503 642 545 simius
671 485 959 557 ignoratis;
990 481 1084 539 sed
1107 496 1227 538 cum
1255 478 1544 535 dixerimus
1569 518 1583 543 ,
1633 491 1740 530 non
1783 475 1850 530 ab
1894 472 2023 544 ipsis

462 580 616 635 nobis
639 577 792 632 vobis
817 572 1159 631 ostendemus
1197 585 1382 625 verum
1421 583 1540 624 esse
1574 567 1714 639 quod
1754 566 1981 622 dicimus
2004 604 2019 629 ,

454 670 548 726 sed
587 682 681 723 vos
720 666 819 736 ipsi
860 664 1158 737 agnoscatis
1201 676 1386 717 verum
1430 674 1550 714 esse
1593 657 1734 729 quod
1777 656 2020 711 dicimus.

456 760 604 818 Unde
629 769 804 813 autem
831 754 1129 826 agnoscetis
1152 795 1166 819 ,
1214 752 1316 806 nisi
1357 750 1761 806 demonstrante
1809 747 1897 801 illo
1932 746 2021 824 qui

454 857 505 909 in
535 851 685 909 vobis
714 849 956 915 habitat,
996 848 1047 902 in
1085 854 1337 916 quantum
1364 843 1432 897 de
1473 842 1562 896 illo
1591 854 1813 894 numero
1850 838 1981 892 estis
2006 879 2019 902 ,

452 958 676 1014 quorum
702 956 806 995 vox
829 947 912 995 est
934 979 949 1002 ,
980 936 1065 991 Ne
1096 936 1183 989 des
1212 933 1279 987 ad
1306 934 1599 987 movendum
1626 930 1800 1001 pedem
1821 944 1983 981 meum
2005 943 2025 992 ;

450 1044 502 1088 et
532 1033 722 1103 quibus
768 1030 999 1093 dicitur,
1051 1027 1227 1095 Neque
1277 1023 1507 1078 dormitet
1554 1022 1639 1088 qui
1679 1019 1893 1074 custodit
1936 1019 2027 1073 te?

451 1124 672 1193 Oportet
698 1121 839 1175 enim
868 1126 924 1172 ut
959 1115 1202 1171 Christus
1244 1128 1346 1167 non
1391 1111 1620 1165 dormiat
1660 1110 1711 1163 in
1752 1108 1940 1172 vobis,
1974 1114 2027 1160 et

451 1213 609 1267 modo
636 1207 937 1279 intelligetis
962 1221 1146 1262 verum
1175 1219 1293 1258 esse
1312 1202 1452 1272 quod
1477 1200 1721 1255 dicimus.
1749 1197 2026 1266 Quomodo

454 1304 701 1375 inquies?
734 1301 867 1367 Quia
897 1299 942 1353 si
971 1298 1199 1352 dormiat
1226 1294 1357 1351 ﬁdes
1385 1301 1559 1349 vestra
1588 1331 1603 1356 ,
1638 1289 1834 1344 dormit
1871 1288 2028 1343 Chri-

451 1407 566 1453 stus
592 1396 645 1449 in
683 1389 1139 1469 vobis.‘Christus
1171 1386 1311 1442 enim
1348 1383 1400 1438 in
1439 1382 1602 1438 corde
1645 1389 1825 1436 vestro
1850 1422 1864 1446 ,
1894 1379 2026 1433 ﬁdes

451 1487 651 1543 Christi
697 1494 798 1539 est.
847 1483 935 1537 Ait
977 1478 1299 1550 Apostolus:
1350 1474 1600 1529 Habitare
1645 1472 1896 1527 Christum
1941 1487 2028 1539 per

452 1579 606 1649 ﬁdem
634 1576 699 1630 'in
738 1574 973 1630 cordibus
1010 1571 1183 1626 vestris
1225 1567 1457 1641 (Ephes.
1495 1581 1549 1620 ιιι
1576 1606 1591 1631 ,
1638 1565 1703 1618 l7
1727 1563 1767 1635 ).
1817 1563 1872 1616 ln
1920 1575 2027 1631 quo

456 1684 562 1724 non
587 1668 784 1723 dormit
807 1664 938 1720 ﬁdes
961 1704 976 1729 ,
1003 1663 1184 1732 vigilat
1224 1658 1488 1713 Christus.
1537 1656 1602 1710 Et
1638 1653 1686 1710 si
1727 1652 1863 1708 forte
1903 1651 2026 1705 dor-

455 1761 654 1817 miebat
681 1758 813 1813 ﬁdes
840 1765 929 1810 tua
955 1796 967 1819 ,
1002 1762 1055 1809 ct
1084 1752 1202 1807 ideo
1231 1753 1282 1805 in
1327 1750 1423 1804 ista
1469 1745 1762 1817 quaestione
1800 1741 2027 1797 ﬁuctua-

452 1856 546 1909 bas
566 1893 584 1919 ,
615 1849 763 1921 quasi
793 1848 942 1905 navis
971 1846 1058 1901 illa
1104 1859 1221 1915 qua:
1269 1847 1639 1911 tempestatem
1688 1835 1985 1907 patiebatur
2008 1875 2023 1899 ,

452 1943 540 1998 ubi
568 1941 810 1998 Christus
838 1936 1168 1999 dormiebat;
1211 1932 1391 1988 excita
1420 1928 1689 1984 Christum
1714 1965 1730 1992 ,
1777 1933 1833 1980 et
1868 1923 2025 1979 seda-

453 2039 646 2090 buntur
677 2038 1017 2100 tempestates
1047 2024 1065 2099 (
1091 2025 1275 2079 Matth.
1306 2038 1399 2077 vui
1423 2061 1438 2087 ,
1460 2018 1621 2074 24-26
1642 2017 1684 2089 ).

524 2130 579 2184 8.
619 2126 806 2183 Fidem
857 2137 985 2193 ergo
1038 2127 1270 2175 vestram
1325 2116 1635 2182 interrogo,
1684 2107 2025 2164 ebarissimi:

452 2224 699 2295 quoniam
727 2219 817 2275 ﬁlii
845 2217 975 2273 estis
1002 2212 1252 2269 Ecclesiae
1275 2253 1290 2278 ,
1338 2218 1392 2265 et
1417 2209 1468 2263 in
1510 2203 1749 2263 Ecclesia
1796 2199 2026 2271 profeci-

453 2292 584 2381 stis,
617 2324 670 2370 et
713 2315 765 2368 in
814 2308 1051 2365 Ecclesia
1091 2303 1381 2375 proﬁcietis
1419 2301 1505 2372 qui
1544 2297 1776 2354 nondum
1811 2292 2029 2364 profeci-

436 2408 550 2463 stis
577 2446 592 2471 ,
623 2413 677 2460 et
703 2403 759 2457 in
789 2399 1027 2456 Ecclesia
1056 2393 1364 2466 proﬁciendi
1395 2390 1641 2460 estisan
1662 2388 1773 2456 jam
1799 2382 2025 2455 profeci-

450 2498 546 2552 stis
574 2497 617 2562 ί,
675 2495 946 2560 interrogo
994 2502 1092 2543 vos
1137 2484 1262 2555 quid
1314 2483 1497 2538 soletis
1544 2478 1838 2546 intelligere
1886 2472 2025 2542 quod

448 2589 647 2643 dictum
694 2592 777 2641 est
819 2583 872 2637 in
921 2579 1242 2648 Evangelia,
1293 2574 1497 2632 Nesciat
1539 2571 1746 2625 sinistra
1787 2578 1872 2620 tua
1907 2563 2028 2635 quid

452 2680 603 2750 faciat
633 2678 838 2732 dextera
865 2670 992 2742 tua(
1024 2669 1208 2723 Matth.
1243 2682 1297 2720 γι
1321 2705 1336 2729 ,
1367 2665 1463 2734 '5).
1497 2663 1608 2717 Hoc
1644 2661 1784 2715 enim
1808 2656 2029 2750 intelle-

450 2748 535 2826 eto
561 2766 838 2823 invenietis
865 2777 983 2834 qua:
1011 2760 1081 2814 sit
1119 2758 1336 2814 dextera
1366 2796 1382 2821 ,
1420 2763 1473 2809 et
1508 2767 1625 2824 quae
1668 2750 1737 2805 sit
1776 2748 2026 2803 sinistra:

450 2861 605 2920 simul
638 2856 942 2927 intelligetis
970 2862 1024 2908 et
1056 2860 1334 2919 utramque
1360 2855 1565 2917 partem
1602 2843 1765 2899 Deum
1799 2839 1987 2895 fecisse
2010 2878 2024 2898 .

450 2967 503 3013 et
527 2955 796 3011 dexteram
824 2957 878 3004 et
902 2947 1209 3007 sinistram;
1242 2949 1297 2997 et
1324 2951 1500 2995 tamen
1540 2951 1645 2991 non
1689 2933 1849 2989 debet
1889 2931 2028 2985 scire

450 3049 662 3105 sinistra
690 3042 813 3114 quid
838 3040 994 3095 faciat
1019 3038 1259 3093 dextera.
1305 3031 1527 3087 Sinistra
1571 3037 1750 3083 nostra
1794 3024 2023 3087 dicitur,

451 3132 1093 3213 quidquidtcmporaliter
1122 3127 1375 3183 habemus
1405 3143 1421 3180 :
1447 3123 1663 3178 dextera
1690 3126 1869 3172 nostra
1899 3113 2030 3168 dici-

454 3208 538 3290 tur
564 3276 578 3298 ,
600 3208 856 3302 quidquid
886 3225 1038 3280 nobis
1072 3232 1328 3276 internum
1365 3225 1419 3270 et
1467 3209 1896 3269 incommutabile
1923 3208 2027 3261 Do-

452 3327 624 3379 minus
655 3320 953 3389 pollicetur.
996 3314 1052 3368 Si
1098 3320 1272 3365 autem
1311 3308 1400 3362 ille
1447 3306 1533 3375 qui
1582 3304 1728 3358 dabit
1773 3309 2026 3353 asternam

455 3418 616 3469 vitam
645 3454 656 3473 ,
689 3413 800 3478 ipse
826 3417 880 3463 et
905 3406 973 3460 de
1005 3403 1119 3457 istis
1150 3398 1524 3468 temporalibus
1561 3393 1865 3449 consolatur
1896 3402 2029 3456 prae-

453 3516 657 3562 sentem
686 3476 845 3553 vilam
875 3539 889 3561 ,
923 3498 1039 3564 ipse
1064 3492 1185 3547 fecit
1212 3490 1483 3544 dexteram
1519 3493 1573 3537 et
1611 3482 1905 3537 sinistram.
1944 3476 2031 3529 Di-

453 3599 524 3650 cit
550 3594 616 3648 de
645 3587 960 3661 quibusdam
992 3582 1225 3654 psalmus
1269 3577 1405 3646 apud
1453 3573 1657 3629 David:
1706 3570 1933 3661 Quorum
1975 3582 2030 3661 os

454 3656 677 3739 locutum
697 3688 768 3734 est
793 3677 1061 3731 vanitatem
1085 3712 1101 3739 ,
1130 3679 1174 3723 et
1197 3669 1399 3723 dextera
1429 3680 1600 3719 eorunt
1626 3662 1828 3716 dea-tera
1849 3656 2031 3725 iniqui-

456 3776 591 3829 tatis.
635 3768 841 3824 lnvcnit
881 3779 1008 3834 ergo
1053 3759 1310 3832 quosdam
1356 3769 1490 3827 quos
1531 3750 1913 3823 reprehendit,
1942 3747 2031 3819 qui

454 3868 726 3922 dexteram
772 3866 949 3912 veram
994 3867 1090 3923 pro
1127 3850 1339 3905 sinislra
1392 3845 1699 3907 habebant,
1747 3849 1813 3895 et‘
1849 3854 2030 3893 veram

457 3961 724 4014 sinistram
753 3954 1029 4009 dexteram
1056 3946 1165 4008 sibi,
1184 3943 1421 3999 fecerant
1449 3957 1463 3994 :
1490 3939 1577 4008 qui
1607 3938 1715 3990 sint
1749 3934 1834 3989 isti
1870 3948 2033 4003 expo-

459 4054 537 4107 nit
564 4053 967 4116 consequenter.
1010 4038 1196 4094 Omnis
1240 4035 1400 4089 bomo
1447 4030 1534 4101 qui
1584 4027 1884 4083 felicitatem
1928 4040 2032 4078 non

461 4152 601 4212 putat
632 4115 756 4194 esse
778 4133 1009 4191 hominis
1031 4170 1047 4196 ,
1079 4129 1181 4183 nisi
1206 4125 1381 4182 solum
1413 4123 1463 4178 in
1507 4121 1623 4176 istis
1656 4115 2035 4188 temporalibus

459 4206 795 4292 facultatibus
821 4236 875 4283 et
902 4223 1105 4281 deliciis
1128 4262 1142 4285 ,
1171 4227 1225 4275 et
1249 4214 1520 4272 affluentia
1560 4219 1615 4267 et
1656 4210 1806 4279 capia
1853 4206 2035 4262 mundi

464 4327 619 4396 hujus
642 4366 657 4387 ,
686 4325 787 4376 iste
812 4328 893 4374 est
914 4315 1106 4370 stultus
1125 4318 1285 4380 atque
1306 4316 1591 4378 pervorsus
1612 4342 1629 4369 ,
1654 4298 2034 4396 qui‘sinistram

461 4386 559 4473 sibi
592 4386 713 4470 facit
740 4398 1010 4466 dexteram
1044 4421 1058 4459 :
1090 4401 1224 4457 tales
1253 4398 1330 4453 illi
1376 4403 1527 4451 erant
1570 4392 1637 4446 de
1675 4390 1865 4461 quibus
1908 4386 2038 4441 dicit

462 4508 694 4580 psalmus
718 4519 732 4568 ;
762 4516 865 4555 non
893 4498 1011 4569 quia
1044 4510 1074 4549 a
1101 4493 1212 4548 Deo
1238 4504 1342 4543 non
1368 4489 1681 4554 acceperant
1720 4480 1878 4580 etiam
1918 4492 2038 4547 qua:

463 4570 821 4668 icmporaliter
850 4586 1219 4661 possidebant,
1253 4578 1346 4635 sed
1385 4575 1516 4668 quia
1542 4575 1717 4668 ipsam
1742 4570 1910 4668 solam
1941 4583 2039 4668 pu-

465 4658 649 4743 tabdnt
681 4698 800 4740 esse
844 4658 1051 4735 beatam
1099 4674 1259 4727 vitam
1285 4710 1301 4736 ,
1350 4677 1403 4723 et
1446 4663 1575 4719 nihil
1622 4660 1765 4716 aliud
1811 4658 2041 4727 require-

467 4785 610 4837 bant.
642 4776 832 4831 Audite
856 4771 998 4827 cnim
1024 4766 1148 4837 quid
1187 4763 1254 4818 de
1292 4761 1396 4814 illis
1442 4762 1831 4824 consequenter
1870 4750 2037 4804 dicit:

467 4895 486 4926 ι
523 4873 762 4939 Qunrum
786 4880 846 4919 os
870 4865 1103 4918 locutum
1131 4863 1212 4912 est
1236 4853 1520 4907 vanitatem
1548 4890 1562 4913 ,
1602 4854 1657 4901 et
1693 4845 1909 4897 dextera
1944 4853 2039 4895 eo-

464 4934 579 5019 rum
629 4960 846 5013 dextera
887 4947 1196 5019 iniquitatis.
1233 4963 1252 4996 ι
1299 4943 1364 4997 Et
1406 4938 1644 5008 sequitur
1689 4952 1703 4987 :
1749 4952 1768 4985 ι
1804 4934 2039 4997 Quorum

467 5054 557 5108 lilii
585 5063 770 5105 eorum
804 5043 950 5098 velut
991 5036 1215 5093 novella:
1253 5029 1599 5087 constabilitas
1627 5042 1643 5091 ;
1693 5023 1828 5077 lilite‘
1854 5035 2039 5077 eorum

469 5152 671 5200 ornata}
698 5140 836 5196 sicut
857 5120 1141 5188 similitudo
1165 5125 1343 5193 templi
1371 5142 1382 5176 :
1410 5120 1619 5176 cellaria
1647 5130 1828 5170 eorum
1854 5114 2003 5183 plena
2024 5153 2038 5176 ,

470 5234 765 5293 cruetautia
794 5243 861 5283 ex
888 5226 990 5280 hoc
1015 5223 1070 5277 in
1095 5220 1196 5274 hoc
1222 5235 1237 5282 ;
1262 5230 1388 5270 oves
1411 5228 1592 5268 eorum
1617 5207 1885 5272 fecundae,
1911 5205 2046 5259 mul-

471 5327 772 5397 tiplicantes
798 5320 854 5376 in
881 5314 1108 5373 exitibus
1132 5309 1240 5366 suis
1264 5324 1278 5374 ;
1306 5307 1469 5361 boves
1497 5318 1678 5356 eorum
1702 5299 1864 5353 crassi
1894 5315 1907 5352 ι
1937 5311 2042 5350 non

532 5524 550 5554 ί
577 5527 651 5569 Er.
683 5516 832 5580 Lugd.
855 5523 973 5583 \jen.
996 5549 1010 5573 ,
1055 5506 1277 5583 quoniam
1308 5500 1413 5577 ﬁlii
1456 5500 1568 5583 ruistis

471 5555 983 5643 εσειὶὲέαῖνῖξῖὲείεἳῐέ,
996 5555 2047 5643 'c!iniecisti?!Pttlifi’ﬁﬂ't‘lt’"§32m€'

1404 5613 1523 5700 es'tis
1552 5613 1643 5700 qui:
1654 5613 2043 5700 έςιξζιϋρνοξςξιξςὲ

507 5684 1143 5763 ὲῖνὲῗζ’ριῖεὶειὲιίπεῖιιιῐᾇτ’ριιιέει⁵
1162 5684 1207 5742 ἐι
1241 5692 1295 5741 tn
1312 5684 1524 5763 ecclesia
1558 5684 1863 5763 pro/fingas...“
1877 5684 2045 5763 sistit?

470 5735 991 5829 ῖέἕᾶέέςιῗιύᾞῑῆνξρἱιέ
1243 5735 1534 5829 proﬁciatis,
1559 5735 1618 5795 'in
1646 5735 1863 5794 Ecclesia
1900 5735 2047 5803 proﬁ-

472 5818 784 5882 ciendi—estis.
810 5818 1031 5879 Quijam,
1058 5823 1153 5864 etc.
1247 5818 1305 5860 It.

1685 362 1745 418 ε.
1776 334 2138 418 AUGUSTINI
2177 355 2479 413 EPlSCOPl

3591 353 3719 407 Nili!

2136 481 2217 526 est
2246 472 2395 526 ruina
2422 469 2567 539 sepis
2588 509 2605 536 ,
2639 483 2738 523 nec
2764 468 2971 535 exitus;
3001 483 3173 539 neque
3201 468 3403 524 clamor
3438 468 3492 526 in
3534 469 3719 540 plateis

2133 577 2337 618 eorum.
2370 580 2389 614 ι
2423 550 2667 633 Magnam
2693 561 2993 616 felicitatem
3022 560 3373 631 quorumdam
3410 561 3712 631 descripsit.

2133 652 2321 707 Posset
2345 660 2518 706 tamen
2552 652 2703 705 istam
2738 651 3141 717 felicitatemet
3178 651 3370 720 aliquis
3409 651 3584 718 justus
3616 651 3714 705 ha-

2130 744 2289 808 bere,
2322 729 2459 798 sicut
2502 742 2683 797 habuit
2720 742 2861 798 Job:
2900 740 2993 797 sed
3038 741 3139 797 Joh
3174 756 3267 810 pro
3312 742 3527 796 sinistra
3570 742 3714 796 illam

2092 868 2095 869 ν
2132 832 2360 888 habebat
2388 874 2402 899 ,
2435 848 2538 887 non
2570 849 2663 901 pro
2688 833 2903 888 dextera
2930 849 2945 898 ;
2971 848 3090 886 nam
3115 832 3387 887 dexteram
3413 847 3520 886 non
3551 831 3714 886 habe-

2133 925 2222 980 bat
2246 925 2345 979 nisi
2370 925 2507 994 apud
2533 924 2698 978 Deum
2727 933 3032 994 perpetuam
3055 933 3109 978 et
3131 925 3508 993 sempiternam
3540 924 3709 979 felici-

2133 1022 2316 1068 tatem.
2348 1014 2470 1069 ldeo
2491 1029 2742 1069 concessa
2771 1022 2850 1068 est
2878 1013 3219 1082 percutienda
3242 1013 3455 1069 sinistra
3479 1055 3496 1081 ,
3526 1022 3581 1069 et
3604 1014 3711 1068 sul:

2131 1105 2255 1161 fecit
2283 1106 2329 1160 ei
2351 1106 2589 1161 dextera.
2614 1104 2891 1172 Quomodo
2921 1119 3167 1173 percussa
3188 1112 3270 1158 est
3296 1105 3552 1158 sinistra?
3574 1104 3712 1159 Ten-

2133 1197 2417 1251 tationibus
2447 1196 2662 1251 diaboli.
2690 1196 2924 1250 Abstulit
2952 1196 3127 1251 subito
3162 1195 3440 1260 diabolus;
3484 1196 3711 1265 permis-

2131 1302 2222 1342 sus
2248 1287 2459 1358 quidem
2488 1303 2518 1340 a
2546 1287 2653 1341 Deo
2677 1328 2692 1353 ,
2726 1296 2781 1340 ut
2804 1288 2978 1355 justus
3008 1287 3320 1358 probaretur
3343 1327 3358 1351 ,
3390 1287 3585 1356 impius
3611 1302 3712 1356 pu-

2132 1376 2376 1440 niretur;
2408 1376 2626 1431 abstulit
2653 1376 2869 1430 omnia:
2911 1375 3002 1431 sed
3045 1375 3147 1430 Job
3188 1375 3275 1445 qui
3325 1385 3538 1430 noveral
3583 1377 3709 1431 sini-

2132 1478 2296 1523 stram
2328 1469 2598 1523 sinistram
2626 1483 2746 1523 esse
2765 1508 2781 1533 ,
2809 1477 2863 1523 et
2887 1467 3158 1523 dexteram
3185 1469 3394 1522 nonnisi
3416 1468 3709 1532 dexteram,

2133 1560 2397 1630 quomodo
2422 1561 2672 1638 setenuit
2703 1561 2768 1616 ad
2810 1559 3127 1615 dexteram?
3175 1559 3478 1616 Exsultavit
3518 1561 3570 1615 in
3612 1562 3711 1615 Do-

2133 1653 2277 1707 mino
2301 1693 2315 1718 ,
2342 1653 2649 1708 consolatus
2690 1662 2774 1707 est
2814 1651 3004 1706 damna
3032 1691 3047 1717 ,
3097 1651 3218 1722 quia
3262 1667 3368 1707 non
3409 1660 3494 1707 est
3531 1667 3712 1722 passus

2131 1743 2386 1798 damnum
2413 1742 2480 1798 de
2509 1742 2849 1797 interioribus
2878 1741 3114 1806 divitiis;
3176 1742 3283 1796 Deo
3306 1750 3323 1782 ι
3369 1742 3582 1812 plenum
3621 1757 3713 1797 cor

2134 1834 2378 1889 habebat.
2408 1834 2653 1889 Dominus
2679 1875 2693 1897 ,
2732 1833 2939 1903 inquit,
2984 1832 3121 1887 dedit
3146 1874 3162 1899 ,
3190 1832 3442 1888 Dominus
3473 1834 3712 1898 abstulit;

2131 1926 2260 1980 sicut
2289 1925 2505 1979 Domino
2535 1925 2721 1995 placuit
2750 1927 2820 1977 ita
2846 1927 3045 1995 factum
3061 1933 3133 1978 est
3155 1940 3174 1978 :
3215 1924 3280 1978 sit
3302 1941 3482 1979 nomen
3506 1924 3713 1979 Domini

2131 2017 2443 2072 benedictum
2495 2015 2638 2091 (Job
2668 2013 2751 2088 t).
2779 2016 2903 2071 llam
2942 2024 3058 2071 erat
3095 2015 3311 2071 dextera
3357 2015 3560 2086 ipsius,
3602 2019 3714 2086 ipse

2134 2109 2389 2163 Dominus
2415 2149 2431 2174 ,
2460 2108 2575 2176 ipsa
2601 2107 2708 2161 vita
2729 2115 2925 2162 aeterna
2950 2148 2966 2173 ,
2994 2107 3084 2161 illa
3110 2107 3241 2161 lucis
3262 2108 3528 2176 possessio
3550 2148 3566 2173 ,
3596 2106 3713 2161 ﬁins

2132 2201 2254 2255 vitae
2281 2241 2297 2266 ,
2327 2200 2503 2255 lumen
2534 2200 2586 2255 in
2613 2199 2834 2254 lumine.
2875 2198 2902 2251 1
2910 2198 3268 2253 nebriabuntur
3290 2197 3354 2251 ab
3376 2198 3600 2251 ubertate
3624 2198 3714 2250 do-

2132 2310 2244 2348 mus
2276 2303 2375 2347 tua:
2402 2307 2421 2346 :
2445 2293 2554 2362 ipsa
2584 2299 2702 2346 erat
2743 2290 2983 2347 dextera.
3026 2290 3254 2345 Sinistra
3297 2304 3425 2345 vero
3464 2298 3580 2344 erat
3610 2293 3714 2359 pro

2132 2382 2397 2454 adjutorio
2418 2382 2798 2438 consolationis
2820 2420 2836 2447 ,
2863 2395 2966 2435 non
2986 2380 3052 2434 ad
3076 2379 3463 2434 ﬁrmamentum
3495 2378 3713 2433 felidta-

2135 2477 2221 2529 tis.
2255 2474 2384 2529 Nam
2409 2472 2637 2528 felicitas
2662 2471 2779 2543 ejus
2798 2486 2922 2526 vera
2948 2480 3108 2540 atque
3137 2484 3386 2540 germana
3416 2471 3554 2524 Deus
3579 2480 3711 2523 erat.
3740 2498 3745 2503 -

2133 2564 2223 2620 Isti
2248 2574 2425 2619 autem
2453 2563 2522 2618 de
2545 2563 2737 2632 quibus
2766 2561 2893 2616 dicit
2923 2560 3086 2615 David
3112 2560 3234 2630 quia
3264 2577 3319 2614 os
3362 2574 3544 2614 eorum
3576 2558 3715 2612 locit-

2133 2664 2239 2708 tum
2262 2664 2332 2709 est
2357 2654 2662 2719 vanitatem,
2693 2661 2739 2705 et
2763 2651 2967 2705 dextera
2988 2666 3158 2704 eorum
3176 2650 3380 2704 dextera
3406 2649 3713 2719 iniquitatis;

2136 2760 2238 2800 non
2265 2745 2388 2800 hinc
2412 2758 2507 2799 eos
2533 2741 2911 2812 reprehendit,
2954 2741 3076 2810 quia
3103 2739 3188 2793 his
3214 2740 3460 2794 omnibus
3485 2739 3718 2793 abunda-

2135 2837 2261 2892 bant
2283 2877 2299 2904 ,
2344 2835 2438 2890 sed
2464 2834 2586 2905 quia
2618 2851 2673 2888 os
2697 2848 2883 2888 eorum
2908 2832 3130 2886 locutum
3154 2841 3226 2886 est
3251 2833 3537 2885 vanitatem.
3580 2831 3717 2899 Quid

2132 2930 2273 2982 enim
2300 2925 2579 2996 sequitur?
2603 2924 2736 2979 Cum
2762 2930 3126 2977 enumerasset
3151 2921 3332 2991 copias
3353 2936 3536 2975 eorum
3561 2959 3578 2987 ,
3599 2921 3713 2974 ait:

2135 3018 2345 3072 Beatum
2369 3016 2603 3072 dixerunt
2633 3014 2877 3085 populum
2901 3014 2984 3066 cui
3010 3014 3118 3066 Inc
3145 3022 3281 3067 sunt.
3311 3012 3434 3067 Haec
3459 3022 3543 3067 est
3571 3013 3718 3066 vani-

2136 3117 2215 3164 tas
2237 3124 2396 3178 quam
2421 3109 2657 3161 locutum
2683 3112 2766 3159 est
2794 3119 2854 3157 os
2880 3118 3065 3158 eorum
3089 3143 3106 3170 ,
3152 3103 3292 3173 quod
3338 3103 3535 3157 beatum
3578 3100 3717 3157 dixe-

2133 3208 2249 3253 runt
2274 3198 2517 3268 populant
2545 3196 2626 3250 cui
2650 3195 2757 3249 lucc
2782 3204 2919 3249 sunt.
2971 3194 3049 3248 Tu
3076 3192 3203 3263 quid
3233 3193 3365 3248 dicis
3390 3234 3404 3256 ,
3451 3192 3548 3262 qui
3579 3192 3716 3247 nosti

2134 3290 2259 3360 quid
2284 3299 2366 3344 est
2394 3288 2605 3342 sinistra
2632 3328 2646 3353 ,
2675 3296 2729 3341 et
2777 3284 2902 3355 quid
2949 3292 3033 3338 est
3077 3283 3339 3338 dextera?
3377 3282 3626 3351 Sequitur
3666 3293 3718 3335 et

2133 3380 2297 3435 dicit:
2325 3378 2510 3432 Beatus
2550 3377 2767 3447 populus
2809 3375 2952 3446 cujus
2991 3384 3061 3429 est
3102 3373 3348 3428 Dominus
3389 3372 3526 3427 Deus
3560 3374 3717 3441 ipsius

2140 3469 2327 3540 (Psal.
2360 3483 2519 3524 cxutt
2543 3508 2559 3533 ,
2590 3467 2765 3521 tl-l5
2787 3464 2829 3534 ).

2205 3560 2259 3617 9.
2301 3558 2542 3615 lnteudat
2581 3573 2708 3628 ergo
2756 3556 3001 3611 Charitas
3047 3566 3240 3608 vestra.
3302 3554 3544 3609 Vidimus
3592 3555 3717 3608 sini—

2138 3662 2304 3710 atram
2324 3693 2339 3718 ,
2384 3651 2611 3705 vidimus
2642 3657 2697 3704 et
2725 3649 3018 3702 dexteram.
3048 3646 3185 3699 Audi
3215 3645 3317 3700 hoc
3352 3645 3723 3700 conﬁrmatum

2137 3747 2193 3802 in
2222 3743 2455 3800 Canticis
2480 3741 2804 3796 canticorum
2833 3758 2846 3793 :
2880 3738 3102 3794 Sinistra
3136 3740 3265 3807 ejus,
3298 3738 3484 3806 inquit,
3518 3739 3609 3792 sub
3634 3754 3717 3791 ca-

2139 3839 2239 3908 pite
2262 3850 2390 3889 meo.
2414 3833 2618 3902 Sponsa
2641 3831 2769 3886 dicit
2793 3829 2861 3885 de
2887 3844 3084 3899 sponso
3116 3871 3130 3895 ,
3156 3829 3225 3883 de
3249 3829 3459 3883 Christo
3480 3829 3713 3884 Ecclesia

2139 3928 2195 3982 in
2220 3925 2464 3995 amplexu
2496 3922 2705 3992 pietatis
2740 3930 2793 3974 et
2818 3919 3093 3974 charitatis
3118 3921 3163 3972 ’.
3191 3918 3327 3985 Quid
3349 3918 3465 3971 ait?
3492 3918 3714 3975 Sinistra

2139 4019 2249 4088 ejus
2278 4017 2370 4070 sub
2396 4015 2561 4085 capite
2606 4029 2716 4067 meo
2741 4021 2831 4078 ,.et
2861 4010 3065 4065 dextera
3110 4011 3219 4079 ejus
3246 4010 3602 4076 complectetur
3641 4027 3717 4067 me

2141 4107 2161 4179 (
2192 4106 2339 4162 Cant.
2368 4122 2424 4172 ιι,
2454 4104 2545 4173 6).
2576 4102 2714 4170 Quid
2736 4111 2936 4167 autem,
2961 4101 3082 4171 quia
3103 4115 3311 4154 sursum
3334 4109 3448 4153 crat
3477 4099 3713 4166 dextera,

2139 4199 2388 4253 deorsum
2442 4196 2653 4249 sinistra
2688 4235 2702 4259 ,
2753 4201 2807 4247 et
2866 4192 2944 4246 sic
2997 4191 3447 4260 complectebatur
3494 4205 3718 4260 sponsus

2142 4301 2412 4357 sponsam,
2432 4299 2738 4354 supponens
2765 4283 3032 4337 sinistram
3055 4281 3119 4335 ad
3142 4280 3586 4344 consolationem,
3616 4282 3718 4335 im-

2143 4392 2346 4450 ponens
2382 4376 2653 4431 dexteram
2681 4373 2746 4427 ad
2777 4370 3198 4441 protectionem?
3227 4370 3450 4426 Sinistra
3473 4411 3487 4434 ,
3514 4370 3715 4439 ἰινιιιίι,

2142 4470 2249 4537 ejus
2276 4466 2363 4521 sub
2384 4465 2546 4533 capite
2572 4480 2701 4518 meo.
2728 4463 2869 4517 Deus
2891 4463 3033 4515 illam
3055 4460 3144 4515 dat
3171 4479 3183 4515 :
3209 4460 3326 4514 ideo
3346 4461 3558 4514 sinistra
3582 4460 3716 4529 ejus,

2143 4561 2263 4628 quia
2293 4559 2467 4612 omnia
2495 4558 2593 4611 ista
2617 4555 2923 4624 temporalia
2952 4555 3090 4608 Deus
3114 4553 3221 4608 dat.
3249 4553 3415 4620 Quam
3434 4554 3554 4607 vani
3576 4563 3720 4617 sunt,

2144 4666 2300 4720 quam
2337 4647 2516 4717 impii,
2547 4646 2636 4715 qui
2662 4646 2729 4699 ah
2755 4645 2929 4710 idolis,
2961 4660 2987 4697 a
3018 4643 3346 4697 daemonibus
3368 4644 3465 4696 ista
3491 4652 3678 4711 petunt
3705 4644 3717 4695 !

2144 4744 2309 4809 Quam
2364 4738 2515 4793 multi
2545 4752 2575 4791 a
2618 4735 2949 4790 daemonibus
2989 4736 3086 4788 ista
3140 4743 3326 4803 petunt
3361 4774 3376 4797 ,
3405 4741 3460 4787 et
3495 4748 3603 4786 non
3635 4727 3724 4788 illa

2147 4828 2386 4885 habent?
2416 4837 2468 4884 et
2493 4842 2697 4893 rursus,
2729 4826 2821 4896 qui
2847 4826 2931 4879 illa
2957 4840 3064 4879 non
3096 4833 3276 4893 petunt
3301 4838 3329 4877 a
3359 4823 3723 4886 daemonibus,

2147 4922 2343 4976 habent
2362 4935 2446 4984 ea;
2463 4916 2557 4972 sed
2579 4931 2682 4971 non
2698 4931 2726 4968 a
2742 4915 3071 4969 darmonibus
3084 4914 3179 4967 ista
3197 4913 3407 4967 dantur.
3425 4913 3552 4966 Item
3575 4911 3725 4966 multi

2147 5022 2334 5084 petunt
2357 5028 2385 5065 a
2416 5013 2546 5077 Deo,
2576 5020 2627 5065 et
2655 5024 2759 5062 non
2787 5007 3001 5062 habent.
3042 5004 3199 5059 Novit
3226 5005 3367 5059 enim
3398 5004 3482 5058 ille
3507 5004 3725 5072 dispen-

2148 5121 2267 5159 sare
2292 5103 2557 5157 sinistram
2584 5143 2597 5164 ,
2630 5100 2718 5170 qui
2766 5107 2919 5151 vocat
2957 5096 3023 5150 ad
3066 5096 3362 5151 dexteram.
3408 5096 3551 5164 Ergo
3578 5095 3622 5150 si
3650 5104 3727 5149 est

2150 5196 2382 5260 sinistra,
2401 5194 2465 5247 sit
2491 5192 2724 5254 sinistra;
2744 5188 2834 5244 sed
2861 5189 2958 5243 sub
2981 5188 3151 5256 capite
3175 5188 3242 5240 sit
3266 5205 3277 5239 :
3306 5201 3462 5256 supra
3494 5186 3635 5239 illam
3663 5186 3726 5239 sit

2149 5294 2306 5355 caput
2328 5295 2491 5346 tuum,
2524 5281 2574 5336 id
2602 5289 2681 5334 cst
2707 5321 2722 5345 ,
2750 5295 2908 5348 supra
2935 5278 3074 5331 illam
3106 5278 3175 5330 sit
3202 5276 3332 5331 ﬁdes
3361 5286 3444 5330 tua
3463 5316 3480 5340 ,
3513 5275 3601 5329 ubi
3634 5276 3727 5327 ha-

2154 5378 2283 5431 bitat
2311 5375 2570 5430 Christus.
2612 5370 2725 5425 Noli
2758 5368 3065 5436 temporalia
3094 5382 3401 5436 praipouere
3431 5366 3555 5420 ﬁdei
3589 5377 3728 5427 tum;

2151 5477 2205 5521 et
2252 5482 2357 5520 non
2400 5462 2513 5519 erit
2548 5462 2762 5515 sinistra
2810 5474 2973 5529 super
3000 5466 3159 5527 caput
3188 5466 3333 5511 tuum
3366 5475 3379 5510 :
3414 5456 3510 5511 sed
3554 5455 3727 5510 omnia

2156 5555 2459 5627 temporalia
2486 5553 2654 5610 subde
2686 5552 2806 5607 ﬁdei
2839 5560 2943 5605 tua:
2972 5591 2985 5613 ,
3017 5559 3070 5603 et
3119 5549 3275 5604 ﬁdem
3308 5558 3450 5601 tuam
3482 5564 3729 5617 przvpone

2217 5672 2232 5703 ι
2252 5670 2324 5717 sic
2343 5675 2448 5716 Mss.
2479 5672 2529 5714 Αι
2546 5671 2622 5713 ur.
2645 5671 2697 5714 et
2717 5669 2848 5721 tota,
2875 5675 2971 5712 non
2991 5673 3161 5724 passus
3176 5666 3254 5724 est
3278 5659 3508 5710 damnum
3536 5672 3553 5711 :
3581 5660 3644 5711 de
3663 5658 3729 5709 iu-

2154 5730 2402 5782 tm'iorzbus
2418 5725 2595 5777 divitiis
2623 5724 2708 5774 Dei
2728 5724 2919 5786 plenum
2941 5721 3023 5772 cor
3045 5721 3264 5786 habebat.

2218 5796 2237 5825 ³
2262 5793 2332 5841 sic
2357 5789 2579 5854 plerique
2604 5794 2707 5836 Mss.
2728 5782 2845 5836 'Edd.
2875 5798 3012 5849 vero,
3037 5782 3285 5835 castitatis.
