4032 6202
350 382 486 439 ιῦιό

344 597 396 643 et
422 596 568 643 recte
588 588 809 644 dextera
835 591 950 660 ejus
977 592 1364 662 complectetur
1390 605 1465 649 te.

415 680 504 734 io.
545 681 680 734 Audi
708 680 808 736 hoc
850 682 1021 752 ipsum
1065 684 1260 753 exponi
1307 686 1359 739 in
1407 684 1710 741 Proverbiis
1736 729 1750 751 ,
1803 686 1929 754 quid

350 779 425 825 est
451 771 663 825 sinistra
685 773 818 842 ipsa,
839 773 967 844 qttid
1002 783 1085 829 est
1113 775 1328 830 dextera
1359 794 1373 830 :
1423 790 1544 830 cum
1591 778 1658 830 de
1702 777 1928 845 Sapien-

347 862 412 913 tia
476 860 719 928 diceret,
774 862 1061 934 Longitudo
1093 906 1109 930 ,
1178 865 1390 935 inquit,
1457 867 1651 920 dierum
1700 877 1744 920 et
1808 868 1932 919 anni

346 952 456 1004 vita:
496 953 550 1004 in
591 945 797 1006 dextera
835 955 984 1023 ejus;
1031 956 1085 1008 in
1127 957 1329 1009 sinistra
1369 966 1536 1009 autem
1583 958 1691 1027 ejus
1740 957 1930 1011 divitia:

346 1053 390 1095 et
438 1043 603 1111 gloria
642 1044 661 1114 (
694 1042 854 1099 Prov.
917 1061 1009 1110 tu,
1042 1046 1109 1101 16
1146 1047 1187 1116 ).
1232 1046 1531 1117 Longitudo
1572 1048 1656 1100 illa
1687 1046 1924 1110 dierum,

344 1135 617 1189 asternitas
647 1142 748 1188 est.
808 1135 919 1190 Hoc
958 1137 1101 1190 enim
1145 1142 1362 1206 proprio
1405 1137 1565 1191 modo
1607 1137 1733 1191 dicit
1786 1136 1928 1191 Scri-

346 1236 497 1291 ptura
538 1224 751 1294 longum
784 1266 797 1290 ,
827 1227 967 1295 quod
1023 1238 1280 1282 aeternum
1334 1237 1416 1282 est
1447 1246 1460 1281 :
1493 1244 1614 1282 nam
1672 1227 1924 1298 quidluid

346 1318 503 1369 linem
534 1314 714 1382 habet,
748 1317 908 1371 breve
930 1324 1031 1371 est.
1062 1318 1183 1371 Alio
1228 1318 1346 1372 loco
1379 1336 1391 1371 :
1425 1317 1799 1387 Longitudine,
1846 1317 1929 1371 in-

345 1405 471 1473 quit,
498 1406 693 1459 dierum
721 1406 922 1474 replebo
943 1422 1074 1460 eum.
1107 1405 1281 1480 (Psal.
1308 1422 1398 1474 xc,
1425 1408 1547 1476 16).
1577 1407 1646 1460 Et
1669 1406 1922 1476 numquid

343 1498 498 1551 aliter
535 1513 633 1567 pro
672 1514 863 1569 magno
905 1499 1194 1566 diceretur,
1230 1499 1442 1553 Honora
1484 1510 1677 1570 patrem
1712 1508 1854 1551 tuum
1878 1508 1925 1552 et

343 1598 552 1641 matrem
579 1599 717 1642 tuam
742 1633 754 1653 ,
798 1599 852 1642 ut
876 1590 1130 1661 longaevus
1167 1590 1237 1644 sis
1280 1607 1431 1661 super
1465 1599 1650 1644 terram
1705 1587 1919 1660 (Exod.

343 1693 430 1740 xx,
457 1677 595 1749 19.)?
619 1679 790 1748 Super
808 1696 963 1750 quam
986 1682 1128 1736 enim
1155 1692 1381 1749 terram,
1408 1681 1509 1735 nisi
1529 1681 1596 1736 de
1624 1697 1726 1750 qua
1756 1681 1918 1735 dicit:

344 1767 473 1838 Spes
499 1786 610 1822 mea
638 1786 689 1823 es
717 1780 770 1823 tu
796 1813 810 1836 ,
845 1773 1008 1840 portio
1047 1789 1158 1825 mea
1182 1772 1235 1825 in
1274 1782 1409 1826 terra
1437 1773 1701 1827 viventium
1735 1771 1755 1843 (
1778 1772 1919 1829 Psal.

341 1876 479 1924 esu,
512 1860 584 1931 6)
614 1862 732 1916 ?lbi
763 1877 883 1917 esse
912 1863 1211 1932 longaevum
1234 1864 1358 1934 quid
1379 1874 1479 1930 est,
1505 1864 1608 1918 nisi
1640 1864 1709 1920 ibi
1741 1865 1922 1921 vivere

344 1951 395 2004 in
422 1960 682 2009 aztcrnum
698 1951 721 2004 ?
737 1951 868 2006 Nam
886 1952 970 2007 hic
985 1968 1108 2008 esse
1130 1954 1424 2023 longznvum
1445 1954 1570 2024 quid
1593 1963 1694 2019 est,
1728 1954 1827 2008 nisi
1855 1954 1919 2007 ad

341 2050 674 2097 seneetutem
703 2044 1018 2112 pervenire?
1048 2045 1161 2099 Etsi
1192 2045 1346 2116 longa
1374 2045 1583 2102 videtur
1605 2056 1736 2100 mtas
1756 2088 1770 2110 ,
1799 2061 1918 2100 cum

340 2133 642 2200 pervenerit
673 2134 711 2199 ί,
765 2134 942 2189 brevis
996 2136 1366 2200 convincitur;
1418 2138 1540 2205 quia
1601 2136 1803 2191 ﬁnitur.
1857 2137 1922 2190 Et

340 2221 488 2275 multi
545 2222 927 2278 maledicentes
970 2225 1280 2293 parentibus
1312 2267 1327 2291 ,
1380 2234 1666 2280 senescunt
1715 2226 1766 2280 in
1820 2226 1921 2281 hac

343 2322 518 2377 terra;
542 2314 690 2367 multi
719 2323 894 2369 autem
926 2315 1280 2385 obsequentes
1302 2316 1632 2385 parentibus,
1660 2316 1768 2371 cito
1791 2326 1920 2372 eunt

339 2405 403 2458 ad
435 2404 741 2458 Dominum.
786 2405 1052 2476 Numquid
1083 2422 1211 2476 ergo
1237 2408 1508 2477 impletur,
1543 2420 1600 2463 ut
1650 2408 1920 2479 longaevus

337 2498 406 2551 sit
433 2496 730 2553 secundum
758 2497 895 2553 hanc
918 2499 1121 2553 vitam?
1141 2498 1246 2554 Sed
1272 2498 1566 2570 longaevum
1590 2516 1685 2569 pro
1708 2502 1920 2556 aeterni-

339 2600 443 2645 tate
491 2591 583 2645 illa
630 2591 860 2661 positum
908 2600 1010 2647 est.
1061 2592 1440 2663 Longrevitas'
1471 2594 1645 2649 estin
1699 2593 1917 2649 dextera

336 2684 486 2752 ejus;
515 2693 570 2738 at
598 2699 728 2739 vero
755 2685 953 2739 divitia:
976 2694 1030 2739 et
1054 2686 1244 2755 gloria,
1275 2684 1327 2738 id
1350 2695 1429 2740 est
1456 2684 1769 2740 sufﬁcientia
1797 2685 1917 2739 vita:

337 2775 526 2844 hujus,
554 2790 618 2829 ea
658 2791 777 2845 quas
805 2776 941 2831 bona
971 2776 1343 2831 existimantur
1370 2777 1436 2831 ab
1463 2775 1767 2831 hominibus
1795 2817 1811 2841 ,
1839 2777 1915 2830 si-

338 2867 502 2921 nistra
532 2876 633 2921 est.
684 2866 873 2921 Nescio
897 2867 1016 2937 quis
1046 2868 1190 2922 venit
1221 2908 1236 2930 ,
1282 2877 1335 2922 et
1375 2868 1484 2922 vult
1520 2867 1611 2922 tibi
1640 2876 1915 2936 percutere

337 2958 608 3014 dexteram
638 2999 654 3025 ,
688 2959 739 3013 id
769 2968 851 3013 est
876 3000 891 3022 ,
926 2960 1110 3013 tollere
1151 2959 1242 3014 tibi
1272 2959 1428 3014 fidem
1460 2969 1603 3013 tuam
1631 2977 1643 3010 :
1670 2968 1723 3014 tu
1763 2974 1916 3015 acce-

338 3051 455 3120 pisti
500 3051 707 3120 alapam
739 3051 790 3105 in
818 3051 1092 3106 dexteram
1119 3091 1133 3117 ,
1163 3052 1342 3120 prmbe
1384 3053 1651 3106 sinistram
1683 3051 1910 3124 (Matth.

338 3158 387 3208 ν,
414 3140 518 3211 59)
540 3183 555 3207 ,
588 3141 638 3195 id
665 3150 778 3208 est,
804 3150 863 3195 ut
890 3142 1018 3195 illud
1047 3142 1197 3197 tollat
1216 3143 1357 3213 quod
1403 3143 1694 3211 temporale
1715 3151 1795 3198 est
1815 3184 1828 3208 ,
1861 3151 1916 3198 et

337 3249 437 3285 non
465 3247 529 3287 ea
550 3248 670 3301 qua:
701 3240 898 3287 acterna
941 3233 1121 3288 habes.
1147 3233 1341 3287 Audite
1366 3233 1586 3287 Paulum
1615 3234 1912 3303 apostolum

338 3324 435 3378 hoc
476 3324 779 3379 facientem.
817 3324 1068 3379 Homines
1097 3326 1549 3395 persequebantur
1587 3326 1638 3379 in
1669 3341 1735 3380 eo
1772 3326 1913 3395 quod
1937 3398 1953 3404 ο

337 3416 653 3470 Christianus
684 3425 827 3480 erat;
859 3416 1238 3484 percutiturilli
1260 3415 1504 3481 dextera,
1528 3417 1616 3471 ille
1643 3417 1911 3471 sinistram

336 3506 634 3572 opponebat
668 3524 680 3559 :
706 3504 839 3560 Civis
881 3505 1139 3559 Romanus
1162 3522 1293 3571 sum,
1323 3506 1397 3559 ait
1425 3506 1443 3577 (
1468 3508 1574 3560 Act.
1603 3522 1708 3559 xxu
1731 3549 1745 3570 ,
1772 3506 1842 3559 25
1870 3509 1908 3575 ).

333 3598 615 3658 Dexteram
641 3596 1053 3651 contemnebant
1088 3596 1197 3660 illi,
1229 3604 1283 3651 et
1324 3595 1391 3651 de
1431 3597 1640 3650 sinistra
1683 3596 1914 3651 terrebat

338 3691 468 3745 ille:
498 3690 620 3759 quia
664 3689 737 3742 illi
775 3689 1045 3743 dexteram
1096 3684 1235 3757 ejus'
1264 3688 1452 3742 timere
1487 3702 1590 3740 non
1634 3696 1908 3756 poterant;

336 3780 565 3833 nonduin
590 3828 593 3829 ν
619 3779 761 3833 enim
814 3771 1028 3832 Christo
1083 3776 1441 3831 crediderant.
1475 3774 1611 3842 Quid
1644 3791 1773 3845 ergo
1807 3817 1822 3841 ,
1866 3778 1910 3830 si

334 3871 548 3926 dextera
601 3870 938 3939 amplectitur
967 3911 984 3933 ,
1014 3868 1228 3921 sinistra
1268 3866 1369 3919 sub
1410 3868 1584 3935 capite
1610 3872 1731 3930 est;
1786 3865 1912 3935 quid

333 3973 433 4027 est,
459 3960 666 4015 Nesciat
694 3961 898 4015 sinistra
921 3969 1007 4012 tua
1030 3959 1152 4031 quid
1173 3957 1325 4028 faciat
1344 3957 1548 4011 dextera
1575 3957 1703 4010 tua?
1725 3956 1778 4009 Id
1802 3964 1905 4019 est,

320 4053 541 4122 quando
565 4052 692 4106 facis
722 4052 915 4105 bonum
937 4064 1091 4119 opus,
1107 4059 1324 4117 propter
1347 4048 1507 4100 vitam
1530 4053 1783 4100 alternam
1808 4048 1909 4100 lae.

333 4144 460 4199 Nam
488 4147 530 4198 si
553 4159 688 4213 upus
714 4144 910 4197 bonum
938 4141 990 4194 in
1022 4152 1160 4195 terra
1182 4147 1460 4209 propterea
1483 4138 1688 4203 feceris,
1724 4148 1779 4192 ut
1803 4149 1911 4193 ter—

334 4250 457 4288 rena
507 4234 598 4288 tibi
662 4232 977 4296 abundent;
1031 4230 1131 4285 scit
1170 4229 1386 4284 sinistra
1435 4236 1521 4281 tua
1571 4227 1696 4297 quid
1755 4228 1914 4282 faciat

337 4327 548 4379 dextera
582 4334 698 4386 tua,
734 4323 989 4377 miscuisti
1014 4321 1286 4376 dexteram
1317 4320 1564 4374 sinistraa.
1596 4319 1713 4374 Noli
1739 4319 1912 4376 facere

335 4416 430 4469 nisi
464 4425 681 4483 propter
702 4414 861 4466 vitam
888 4423 1163 4466 aeternam.
1196 4410 1320 4465 Ideo
1361 4408 1463 4476 fac,
1493 4419 1547 4464 et
1584 4426 1802 4466 securus
1831 4410 1911 4465 fa-

335 4510 476 4563 cies:
511 4508 613 4561 hoc
639 4510 780 4562 enim
803 4506 1070 4560 mandavit
1108 4506 1246 4559 Deus
1275 4505 1316 4557 ³.
1349 4504 1403 4559 Si
1432 4514 1647 4574 pr0pter
1667 4505 1804 4559 solas
1826 4520 1912 4559 res

336 4602 589 4654 humanas
616 4611 664 4655 et
693 4600 860 4654 solum
884 4600 1043 4653 vitam
1073 4599 1229 4652 istam
1258 4597 1388 4651 facis
1417 4597 1555 4666 quod
1583 4597 1716 4651 facis
1741 4641 1755 4663 ,
1783 4598 1912 4652 sini-

334 4703 439 4745 stra
466 4694 576 4747 sola
602 4701 891 4761 operatur;
933 4690 978 4744 si
1009 4698 1183 4743 autem
1216 4697 1433 4758 propter
1459 4688 1619 4742 vitam
1658 4698 1910 4742 :eternam

293 4827 307 4839 .
336 4785 589 4852 operaris,
618 4784 834 4836 dextera
880 4781 990 4835 sola
1023 4789 1273 4851 operatur
1305 4798 1317 4833 :
1351 4782 1393 4833 si
1439 4791 1614 4833 autem
1646 4781 1806 4835 habes
1833 4782 1915 4835 in-

338 4876 623 4927 tentionem
655 4873 720 4925 ad
756 4872 915 4924 vitam
944 4882 1197 4926 aeternam
1223 4912 1239 4936 ,
1265 4870 1359 4925 sed
1384 4871 1621 4939 subrepit
1646 4871 1738 4925 tibi
1767 4875 1914 4941 cupi-

337 4965 467 5019 ditas
498 4967 618 5019 vitzn
646 4964 975 5032 temporalis,
1000 4972 1054 5016 ut
1074 4962 1316 5016 attendas
1341 4964 1498 5017 etiam
1527 4964 1678 5016 istam
1699 4963 1912 5033 quando

339 5058 459 5110 iacis
504 5071 643 5127 opus
690 5057 920 5119 bonum,
968 5066 1023 5107 ut
1059 5054 1145 5108 hic
1188 5053 1278 5107 tibi
1329 5053 1525 5122 aliquid
1568 5053 1910 5120 retribuatur,

339 5148 521 5201 miscet
572 5163 631 5201 se
682 5146 895 5200 sinistra
951 5145 1200 5214 operibus
1248 5146 1486 5197 dextera:
1533 5160 1545 5195 :
1610 5142 1711 5195 hoc
1772 5152 1915 5196 \‘Clnl

342 5239 494 5294 Deus.

408 5335 491 5387 il.
536 5330 824 5385 Veniamus
875 5345 1014 5383 nunc
1060 5328 1123 5381 ad
1164 5326 1290 5381 illud
1340 5325 1479 5396 quod
1525 5326 1598 5379 ait
1628 5326 1910 5380 Psalmus:

344 5422 584 5476 Dominus
613 5431 948 5491 tegumentum
969 5429 1107 5472 luunt
1132 5436 1283 5488 super
1310 5435 1515 5471 manum
1544 5420 1764 5471 dextera:
1790 5428 1909 5471 tute.

340 5512 543 5570 Manum
595 5520 911 5585 potestatem
955 5512 1101 5568 dicit.
1146 5511 1296 5568 Unde
1344 5511 1833 5581 probamus?Quia
1861 5523 1914 5567 et

401 5682 418 5712 ⁸
443 5681 515 5729 sic
538 5690 635 5728 sm.
660 5686 712 5729 et
735 5687 837 5727 Mss.
860 5680 923 5731 At
949 5681 1019 5730 Er
1037 5686 1089 5728 et
1110 5686 1240 5738 Ima,
1265 5692 1375 5728 cum
1397 5678 1575 5728 venerit
1597 5691 1741 5728 mors.

403 5744 423 5810 ξ
448 5742 592 5810 Edd.,_
612 5742 750 5805 longa
767 5741 875 5810 rija.
903 5742 968 5789 Λι
991 5741 1416 5810 Μεςιηιωιῃιιηοίιαδ.
1490 5802 1499 5810 _

404 5804 423 5834 ³
447 5806 596 5853 nostri
630 5803 953 5852 oniaesilss;
982 5804 1055 5852 Ad
1073 5805 1159 5853 hoc
1175 5803 1302 5853 enim
1325 5803 1518 5853 tentavit
1561 5810 1684 5851 Deus
1718 5813 1845 5850 eum.

1412 382 1810 445 ENARRATIO
1839 387 1904 444 IN
1949 387 2270 449 PSAIMUM
2309 390 2469 450 CXX.

214 522 219 535 -
250 532 261 540 -
345 498 592 557 omnibus
615 499 1033 569 temporalibus;
1058 508 1112 556 ct
1131 503 1235 556 erit
1258 501 1470 558 sinistra
1496 504 1596 558 sub
1620 505 1792 575 capite
1820 513 1929 569 tuo,

3486 411 3621 468 {6H

2041 520 2230 563 manus
2253 508 2365 573 Dei,
2397 519 2632 579 potestas
2661 513 2753 568 Dei
2784 514 2920 570 dicta
2950 528 3049 572 est.
3082 519 3212 575 Nam
3239 520 3501 591 diabolus,
3532 532 3620 598 qui

2039 596 2261 649 tentavit
2301 596 2441 663 Job,
2490 598 2597 654 hoc
2639 602 2712 655 ait
2757 603 2864 658 Deo
2911 622 2924 657 :
2958 605 3107 662 Mitte
3152 625 3358 666 umnam
3388 596 3620 680 tuam,“

2036 694 2186 756 tange
2211 688 2379 740 omnia
2404 704 2518 758 qua:
2541 690 2718 758 habet;
2747 704 2794 747 et
2837 696 2947 749 vide
2965 737 2979 761 ,
3008 699 3054 751 si
3077 699 3129 751 in
3155 700 3336 769 facient
3371 705 3621 759 benedice:

2037 774 2123 827 tibi
2156 773 2275 846 (Job
2305 792 2342 842 ι,
2373 777 2431 831 11
2450 778 2490 848 ).
2523 778 2657 847 Quid
2684 792 2794 850 est,
2821 783 2965 839 Mitte
2989 802 3190 842 manum
3215 802 3373 858 tuam,
3408 796 3528 861 nisi,
3552 797 3618 850 da

2037 875 2353 933 potestatem
2376 867 2400 920 ἲ
2429 870 2737 927 Evidentius
2763 875 2882 927 audi
2908 917 2923 942 ,
2952 875 3134 943 frater,
3163 897 3229 935 ne
3257 884 3391 938 forte
3419 889 3617 941 carnali

2035 970 2196 1010 sensu
2223 956 2397 1012 adhuc
2419 961 2621 1030 Cogites
2636 963 2756 1032 quia
2780 968 3033 1022 membris
3059 969 3335 1027 distinctus
3351 985 3435 1029 est
3458 977 3615 1041 Dens;

2035 1048 2156 1101 audi
2185 1049 2458 1104 evidenter
2487 1055 2754 1121 quomodo
2778 1056 2983 1112 dicatur
3015 1077 3203 1117 manus
3246 1077 3499 1135 potestas.
3531 1072 3618 1124 Ait

2035 1138 2265 1207 quodam
2295 1141 2414 1195 loco
2439 1141 2709 1212 Scriptura
2744 1164 2758 1199 :
2798 1146 2940 1201 Mors
2966 1159 3012 1202 et
3051 1152 3152 1205 vita
3176 1155 3227 1207 in
3256 1161 3484 1212 inanibus
3513 1161 3613 1213 lin-

2031 1242 2146 1295 gua:
2178 1227 2354 1294 (Prov.
2381 1246 2530 1299 xvm,
2552 1232 2666 1303 Si).
2688 1234 2943 1291 Novimus
2968 1239 3174 1310 linguas
3194 1242 3353 1300 frusta
3372 1250 3612 1317 quaedam

2031 1321 2236 1386 carnis;
2282 1321 2334 1374 in
2363 1336 2457 1377 ore
2487 1337 2787 1392 moventur,
2818 1339 2871 1383 et
2920 1334 3266 1400 percutiendo
3302 1339 3532 1406 palatum
3561 1354 3615 1397 et

2031 1410 2240 1478 dentes,
2262 1414 2595 1487 distinguunt
2619 1434 2779 1475 sonos
2799 1423 2988 1492 quibus
3003 1424 3305 1496 loquimur':
3330 1434 3614 1490 ostendan-

2031 1510 2115 1556 tur
2144 1504 2272 1559 mihi
2314 1522 2503 1562 manus
2533 1509 2741 1579 linguae.
2774 1511 2974 1583 Lingua
3013 1530 3142 1587 ergo
3183 1534 3287 1574 non
3319 1520 3474 1577 habet
3505 1542 3613 1577 tua-

2030 1609 2131 1646 nus
2155 1636 2169 1659 ,
2201 1603 2256 1649 et
2303 1596 2461 1651 habet
2486 1614 2693 1653 manus.
2723 1600 2854 1668 Qum
2894 1614 3015 1659 sunt
3050 1603 3612 1680 manus'linguaﬁl’o-

1974 1714 1978 1718 -
2029 1693 2193 1739 testas
2213 1686 2424 1756 linguas.
2445 1690 2579 1757 Quid
2595 1700 2697 1758 est,
2717 1692 2857 1747 Mors
2878 1704 2923 1748 et
2953 1697 3055 1750 vita
3070 1699 3121 1751 in
3142 1701 3372 1755 inanibus
3388 1704 3574 1774 lingua:
3589 1707 3614 1757 γ

2029 1774 2110 1829 Ex
2138 1792 2225 1830 ore
2249 1786 2334 1830 tuo
2359 1779 2708 1848 instiﬁmberis
2735 1825 2749 1849 ,
2782 1792 2831 1836 et
2857 1800 2920 1837 ea:
2964 1802 3050 1839 ore
3091 1790 3176 1841 tab
3202 1791 3612 1848 condemnaberis

2027 1866 2046 1936 (
2070 1865 2256 1920 Matth.
2286 1884 2357 1923 xu
2382 1913 2394 1934 ,
2423 1870 2491 1925 37
2512 1867 2553 1942 ).
2587 1872 2722 1942 Ergo
2763 1874 2807 1929 si
2852 1890 3040 1931 manus
3069 1868 3307 1947 potestas
3330 1922 3345 1947 ,
3376 1883 3501 1951 quid
3528 1895 3610 1939 est

2026 1973 2216 2013 manus
2239 1960 2508 2016 dexterae?
2531 1962 2670 2018 Nihil
2697 1966 2927 2021 arbitror
2944 1968 3163 2040 intelligi
3189 1976 3568 2043 congruentius
3593 2019 3607 2043 ,

2026 2050 2125 2103 nisi
2148 2060 2206 2104 ut
2223 2051 2574 2123 intelligamus
2595 2069 2807 2111 manum
2825 2057 3081 2127 dexterte,
3108 2070 3423 2131 potestatem
3449 2082 3606 2136 quam

2026 2141 2115 2197 tibi
2137 2143 2454 2214 deditDeus,
2482 2154 2540 2202 ut
2566 2148 2611 2202 si
2641 2149 2794 2217 velis,
2822 2150 3056 2208 domate
3080 2152 3212 2222 Deo,
3238 2156 3308 2212 ad
3334 2158 3605 2214 dexteram

2022 2235 2117 2289 sis.
2146 2236 2316 2291 Erunt
2340 2240 2481 2294 enim
2513 2240 2659 2312 impii
2681 2258 2868 2298 omnes
2893 2246 2958 2301 ad
2989 2247 3293 2316 sinistram;
3328 2262 3488 2308 erunt
3509 2268 3604 2307 au-

2024 2335 2130 2381 tem
2158 2341 2344 2383 omnes
2371 2328 2463 2384 lilii
2495 2330 2620 2386 boni
2655 2334 2722 2387 ad
2764 2335 3037 2397 dexteram
3065 2380 3080 2405 ,
3123 2341 3316 2409 quibus
3356 2342 3601 2399 dicetur:

1972 2484 1978 2491 θ
2031 2415 2223 2484 Venite,
2239 2419 2484 2474 benedicti
2498 2421 2673 2477 Patris
2686 2425 2798 2491 mei,
2821 2429 3062 2498 percipite
3077 2446 3283 2501 regnum
3307 2434 3441 2503 quod
3469 2437 3611 2491 vobis

2021 2518 2255 2579 paratum
2271 2520 2344 2563 est
2358 2509 2421 2564 ab
2442 2513 2635 2583 origine
2655 2516 2830 2570 mundi
2850 2516 2958 2588 (Id.
2982 2535 3105 2585 xxv,
3122 2521 3232 2593 34).
3248 2522 3317 2579 Ut
3336 2536 3513 2581 autem
3528 2529 3603 2582 sis

2020 2597 2088 2654 ad
2107 2597 2401 2665 dexteram,
2422 2600 2473 2656 id
2488 2612 2588 2669 est,
2607 2612 2664 2659 ut
2683 2607 2854 2676 possis
2867 2608 2960 2663 Dei
2974 2609 3114 2665 filius
3131 2610 3264 2677 fieri,
3283 2624 3599 2683 potestatem

2017 2688 2291 2758 accepisti.
2320 2690 2488 2759 Quam
2516 2698 2875 2763 potestatem?
2900 2698 2975 2754 De
3009 2716 3112 2770 qna
3149 2702 3279 2759 dicit
3316 2705 3550 2764 Joannes
3580 2751 3595 2773 ,

2019 2779 2172 2834 Dedit
2193 2781 2263 2836 eis
2289 2792 2581 2851 potestatem
2597 2786 2732 2855 ﬁlios
2751 2787 2847 2843 Dei
2867 2790 2997 2857 ﬁeri.
3016 2791 3168 2849 Unde
3184 2795 3434 2866 accepisti
3463 2801 3600 2855 hanc

2018 2878 2333 2938 potestatem
2352 2871 2738 2944 ?Credentibus,
2771 2879 2958 2950 inquit,
2990 2883 3043 2937 in
3063 2886 3266 2940 nomine
3289 2876 3398 2958 Bjus
3421 2889 3599 2957 (Joan.

2018 2977 2069 3028 ι,
2100 2962 2214 3033 12).
2244 2962 2300 3020 Si
2331 2981 2458 3037 ergo
2493 2968 2702 3038 credis,
2736 2970 2847 3041 ipsa
2878 2974 2968 3027 tibi
3003 2984 3234 3044 potestas
3253 2978 3374 3034 data
3400 2991 3509 3049 est,
3542 2996 3600 3038 ut

2016 3054 2090 3108 sis
2117 3054 2254 3110 inter
2276 3056 2413 3112 filios
2437 3058 2547 3113 Dei.
2576 3060 2708 3116 Esse
2728 3071 2904 3117 autem
2923 3065 3061 3120 inter
3086 3066 3223 3123 (ilius
3255 3069 3367 3137 Dei,
3398 3071 3499 3128 hoe
3517 3083 3600 3127 est

2015 3143 2081 3197 ad
2109 3144 2384 3200 dexteram
2412 3148 2697 3216 pertinere.
2717 3151 2859 3223 Ergo
2887 3152 3018 3209 fides
3035 3165 3141 3221 tua,
3164 3173 3350 3214 iiianus
3365 3160 3598 3217 dextera-

2016 3242 2150 3299 tuze;
2178 3235 2227 3288 id
2255 3248 2369 3301 est,
2398 3247 2629 3307 potestas
2653 3256 2773 3311 qua:
2795 3243 2886 3297 tibi
2917 3244 3037 3300 data
3078 3258 3159 3302 est
3186 3289 3201 3314 ,
3234 3260 3290 3304 ut
3339 3251 3412 3306 sis
3461 3253 3599 3308 inter

2018 3322 2153 3378 filios
2184 3324 2294 3390 Dei,
2325 3342 2512 3382 manus
2531 3337 2615 3384 est
2637 3330 2871 3387 dextera:
2893 3341 3015 3390 ture.
3041 3336 3143 3392 Sed
3167 3339 3291 3408 quid
3320 3342 3457 3396 valet
3481 3344 3593 3413 ipsa

2018 3424 2249 3482 potestas
2279 3432 2438 3487 quam
2467 3421 2675 3490 accepit
2706 3422 2883 3488 homo,
2908 3425 3007 3480 nisi
3040 3428 3290 3482 Dominus
3321 3437 3601 3502 protegat?
3697 3461 3713 3476 -

2016 3504 2154 3559 Ecce
2182 3506 2433 3570 credidit.
2465 3509 2574 3578 jam
2619 3513 2848 3568 ambulat
2898 3515 2949 3569 in
2993 3517 3097 3572 fide
3144 3537 3155 3571 :
3211 3520 3452 3578 infirmus
3476 3533 3631 3591 est,‘

2015 3595 2153 3648 inter
2174 3598 2494 3653 tcntationes
2521 3603 2767 3669 agitatur,
2800 3604 2940 3659 inter
2978 3609 3251 3664 molestias
3273 3652 3286 3673 ,
3317 3613 3452 3667 inter
3474 3629 3595 3668 car-

2017 3686 2163 3741 nales
2178 3690 2565 3758 corruptiones,
2586 3692 2723 3747 inter
2739 3698 3102 3765 suggestiones
3117 3702 3437 3770 Cupiditalis,
3463 3706 3600 3761 inter

2016 3779 2277 3833 versutias
2306 3788 2359 3832 et
2387 3781 2603 3850 laqueos
2643 3784 2860 3838 inimici.
2906 3788 3041 3854 Quid
3085 3791 3224 3844 valet
3270 3780 3435 3863 ergo,
3478 3799 3596 3865 quia

2016 3864 2175 3921 habet
2202 3875 2513 3936 potestatem
2534 3912 2548 3937 ,
2573 3882 2626 3925 et
2653 3873 2879 3928 credidit
2898 3876 2951 3928 in
2974 3874 3265 3944 Christum,
3291 3891 3348 3935 ut
3367 3884 3431 3937 sit
3461 3864 3600 3940 inter

2016 3958 2154 4013 ﬁlios
2182 3959 2310 4014 Dei?
2336 3960 2428 4015 Va:
2453 3960 2656 4017 homini
2687 3964 2780 4030 illi,
2814 3966 2914 4022 uisi
2936 3977 2992 4024 et
3023 3969 3189 4039 ipsius
3215 3971 3374 4028 fidem
3415 3976 3599 4031 Domi-

2017 4064 2114 4103 nus
2142 4059 2378 4119 protegat
2411 4067 2424 4104 :
2452 4053 2503 4107 id
2530 4062 2631 4119 est,
2655 4063 2712 4107 ut
2737 4071 2841 4111 non
2866 4065 2918 4112 te
2939 4060 3208 4127 permittat
3229 4065 3417 4117 tentari
3435 4079 3593 4136 supra

2015 4155 2171 4210 quam
2201 4150 2352 4210 potes
2379 4142 2553 4209 ferre;
2582 4144 2717 4199 sicut
2740 4146 2865 4202 dicit
2893 4147 3197 4218 Apostolus,
3224 4151 3417 4209 Fidelis
3436 4154 3594 4220 Deus,

2014 4232 2100 4300 qui
2127 4248 2227 4285 non
2255 4248 2343 4287 vos
2386 4236 2634 4304 permittet
2660 4239 2841 4291 tentari
2867 4256 3022 4310 supra
3046 4258 3198 4312 quam
3223 4246 3426 4315 potestis
3467 4246 3598 4315 ferre

2016 4319 2074 4390 (Ι
2104 4320 2223 4376 Cor.
2252 4337 2288 4375 x
2309 4364 2324 4389 ,
2354 4322 2480 4394 15).
2532 4323 2624 4380 llle
2650 4341 2778 4397 ergo
2807 4329 2893 4398 qui
2924 4344 3029 4384 non
3073 4331 3197 4385 sinit
3223 4336 3411 4389 tentari
3437 4353 3595 4406 supra

2014 4429 2171 4483 quam
2220 4430 2501 4483 possumus
2546 4416 2685 4472 ferre
2709 4460 2725 4485 ,
2767 4422 3007 4489 quamvis
3028 4423 3138 4492 jam
3171 4424 3354 4481 fideles
3387 4429 3551 4484 simus
3577 4471 3592 4494 ,

2014 4506 2261 4574 quamvis
2277 4506 2386 4577 jam
2415 4523 2601 4563 manus
2621 4509 2856 4565 dextera:
2881 4522 3079 4569 nostra:
3103 4516 3173 4569 sit
3196 4517 3247 4569 in
3276 4519 3448 4586 nobis,
3477 4535 3596 4589 pro-

2016 4595 2145 4664 tegit
2172 4611 2269 4651 nos
2313 4598 2450 4652 Deus
2479 4613 2639 4668 super
2683 4615 2895 4655 manum
2939 4603 3172 4660 dextera:
3216 4618 3432 4663 nostrze.
3478 4608 3593 4664 Non

2017 4687 2170 4741 nobis
2198 4688 2393 4743 sufficit
2421 4690 2617 4745 habere
2659 4708 2870 4746 manum
2919 4694 3153 4751 dextera:
3182 4738 3196 4763 ,
3252 4700 3353 4754 nisi
3404 4701 3492 4756 ille
3540 4712 3593 4757 et

2017 4776 2182 4846 ipsam
2199 4795 2427 4833 .manum
2459 4780 2692 4835 dextera:
2726 4794 2990 4852 protegat.

2090 4870 2174 4923 12.
2208 4869 2356 4941 (vers.
2388 4868 2466 4941 6.]
2502 4871 2640 4925 Ecce
2687 4872 2786 4926 hoc
2813 4873 2880 4928 de
2913 4876 3294 4932 tentationibus
3317 4878 3427 4933 dixi
3460 4896 3473 4932 :
3507 4881 3589 4933 in-

2004 4957 2217 5014 'tenditc
2258 4960 2382 5029 quid
2431 4969 2702 5030 sequatur.
2749 4962 2990 5035 Protegat
3022 4967 3049 5033 ί,
3082 4977 3129 5020 te
3164 4968 3410 5021 Dominus
3442 4986 3594 5040 super

2018 5066 2221 5101 manum
2243 5050 2460 5103 dextera:
2488 5060 2607 5104 tute.
2644 5052 2779 5118 Dixi,
2804 5064 2877 5119 et,
2908 5055 3049 5124 quod
3067 5058 3317 5123 arbitror,
3339 5074 3593 5129 recogno~

2020 5139 2184 5191 vistis.
2217 5140 2271 5192 Si
2306 5140 2446 5192 enim
2475 5157 2578 5194 non
2608 5145 3051 5212 recognovissetis
3073 5188 3086 5211 ,
3119 5158 3175 5201 et
3205 5149 3275 5202 de
3304 5148 3592 5217 Scripturis

2019 5244 2122 5282 non
2162 5231 2605 5299 recognovissetis
2624 5275 2640 5298 ,
2669 5250 2773 5288 non
2806 5237 3022 5291 vocibus
3050 5239 3239 5292 vestris
3268 5239 3590 5295 intellectum

2021 5332 2257 5377 vestrum
2301 5322 2427 5376 mihi
2468 5325 2855 5393 significaretis.
2905 5328 3046 5398 Ergo
3074 5330 3193 5398 quia
3236 5330 3592 5403 intellexistis,

2020 5415 2210 5466 fratres
2229 5455 2242 5476 ,
2276 5414 2452 5468 videte
2478 5415 2602 5484 quid
2632 5418 2905 5485 sequitur;
2953 5433 3117 5488 quare
3144 5430 3379 5489 protegat
3411 5421 3559 5475 Domi
3580 5453 3593 5464 -

2021 5519 2117 5556 nus
2143 5514 2198 5558 et
2234 5518 2393 5572 super
2427 5521 2640 5560 manum
2668 5507 2899 5562 dexteras
2923 5551 2938 5574 ,
2986 5509 3035 5562 id
3075 5520 3191 5577 est,
3237 5526 3397 5579 super
3424 5513 3591 5583 ipsam

2021 5594 2175 5648 fidem
2199 5637 2213 5660 ,
2247 5596 2297 5649 in
2337 5611 2437 5663 qua
2469 5607 2780 5666 potestatem
2811 5600 3113 5668 accepimus
3151 5616 3270 5656 esse
3303 5602 3436 5658 filios
3476 5604 3589 5669 Dei,

2020 5697 2069 5742 et
2098 5701 2218 5742 esse
2252 5687 2317 5743 ad
2344 5688 2614 5744 dexteram
2643 5708 2656 5743 :
2686 5706 2849 5760 quare
2890 5703 3098 5760 oportet
3128 5703 3184 5748 ut
3213 5705 3453 5766 protegat
3487 5697 3588 5750 Do.

2084 5803 2097 5831 ι
2128 5807 2229 5849 Mss.
2256 5802 2465 5865 quidam,
2490 5810 2697 5868 proteget
2724 5817 2735 5853 :
2764 5813 2814 5854 et
2834 5803 3068 5869 nonnulli,
3086 5805 3306 5869 protegit.
