4032 6202
318 309 450 366 lli”

316 421 506 476 nobilis
545 432 777 490 genere,
823 413 1100 470 abundans
1144 410 1387 468 divitiis:
1420 411 1514 465 sed
1561 410 1674 464 hm‘c
1715 407 1892 464 omnia

315 513 528 568 sinistra
553 518 743 572 erant,
789 508 891 562 sub
929 505 1102 575 capite
1129 513 1301 560 erant.
1351 502 1509 557 Venit
1533 501 1776 556 inimicus
1805 500 1895 570 qui

318 605 499 658 feriret
519 612 699 670 caput,
729 607 784 654 et
803 599 1018 653 sinistra
1047 595 1120 650 illi
1147 595 1353 664 objecta
1380 602 1480 657 est,
1509 607 1627 662 qua:
1653 599 1768 646 erat
1795 590 1896 644 sub

315 694 508 761 capite.
536 691 706 760 Caput
732 704 890 758 supra
918 696 1052 754 erat,
1079 686 1297 741 dextera
1319 685 1549 753 desuper
1571 682 1895 750 complecte-

320 786 494 838 batur.
537 781 676 847 Quid
721 788 927 850 poterat
968 780 1139 832 facere
1180 785 1509 846 persecuntur,
1537 774 1779 842 quamvis
1805 772 1896 826 de-

316 875 486 929 licatze
515 872 758 926 femina}?
807 872 932 925 Erat
953 869 1164 939 quidem
1203 868 1286 920 illa
1311 883 1438 920 sexu
1466 865 1672 919 infirma
1698 905 1713 930 ,
1745 873 1797 917 et
1815 863 1898 916 di-

316 967 465 1020 vitiis
493 966 627 1019 forte
658 963 988 1032 languidior,
1033 972 1086 1015 et
1109 959 1492 1015 consuetudine
1519 956 1780 1024 corporali
1812 956 1894 1009 in-

316 1057 550 1121 tirmior;
577 1054 668 1110 sed
694 1053 818 1124 quid
844 1052 909 1106 ad
939 1061 1079 1106 tanta
1110 1051 1431 1105 munimenta
1455 1048 1478 1101 ?
1503 1047 1628 1118 quid
1656 1047 1721 1100 ad
1748 1047 1896 1102 illum

314 1163 567 1216 Sponsum
601 1148 898 1200 mittentem
927 1144 1197 1198 sinistram
1236 1141 1334 1194 sub
1374 1149 1530 1209 caput
1553 1179 1569 1204 ,
1599 1148 1654 1193 et
1677 1138 1896 1192 dextera

317 1254 410 1292 sua
459 1236 951 1307 complectentem?
998 1235 1220 1301 Quando
1249 1234 1327 1287 sic
1369 1233 1625 1286 munitam
1654 1241 1899 1301 percute-

316 1339 398 1384 ret
421 1330 704 1384 inimicus?
730 1327 796 1381 Et
822 1337 994 1382 tamen
1025 1325 1305 1395 percussit,
1333 1322 1428 1378 sed
1456 1322 1505 1376 in
1529 1337 1740 1391 corpus.
1761 1320 1897 1390 Quid

314 1430 489 1476 autem
516 1421 645 1474 dicit
685 1419 963 1474 Psalmus?
1017 1416 1274 1472 Custodiat
1299 1416 1520 1468 animam
1555 1424 1695 1467 tuam
1721 1412 1897 1466 Domi-

315 1529 428 1568 nus.
480 1514 672 1567 Anima
712 1527 817 1566 non
862 1510 1059 1574 cessit,
1108 1522 1304 1578 corpus
1349 1521 1656 1577 percussum
1683 1513 1783 1560 est.
1833 1504 1898 1559 Et

314 1618 507 1673 corpus
533 1604 598 1657 ad
621 1611 830 1670 tempus
857 1615 1162 1670 percussum
1192 1609 1271 1654 est
1306 1616 1318 1652 :
1349 1613 1469 1652 nam
1502 1597 1552 1651 in
1587 1597 1692 1651 fine
1719 1612 1901 1651 resur-

315 1703 586 1748 recturum
617 1701 716 1747 est.
765 1692 896 1760 Quia
927 1700 983 1746 et
1011 1692 1123 1758 ipse
1161 1690 1250 1760 qui
1281 1689 1528 1758 dignatus
1556 1695 1780 1742 estesse
1803 1700 1897 1740 ca-

314 1793 410 1851 put
436 1783 694 1838 Ecclesia:
713 1823 730 1848 ,
779 1781 1003 1852 przebuit
1044 1796 1236 1850 corpus
1265 1795 1417 1835 suum
1448 1779 1514 1832 ad
1545 1787 1752 1848 tempus
1779 1793 1898 1846 per-

315 1873 622 1930 rutiendum
652 1892 666 1926 :
699 1872 792 1926 sed
809 1888 1022 1927 carnem
1051 1887 1199 1926 suam
1223 1872 1310 1926 ille
1336 1871 1508 1924 triduo
1525 1869 1896 1932 resuscitavit;

313 1978 532 2018 carnem
564 1973 796 2016 nostram
820 1963 872 2016 in
895 1964 998 2018 line
1024 1963 1435 2017 resnscitaturus
1452 1969 1552 2017 est.
1581 1961 1702 2015 Ideo
1732 1961 1898 2014 susci-

317 2064 482 2108 tatum
510 2063 592 2108 est
620 2063 806 2122 caput,
835 2055 973 2124 quod
1005 2055 1303 2108 attenderet
1329 2068 1553 2124 corpus,
1585 2064 1641 2108 ut
1668 2069 1772 2108 non
1800 2054 1897 2107 de-

317 2147 521 2200 ficeret.
566 2145 826 2201 Custodiat
871 2148 1091 2200 animum
1131 2158 1267 2200 tuam
1313 2146 1578 2201 Dominus.
1634 2146 1749 2217 Ipsa
1793 2162 1898 2202 non

312 2237 504 2302 cedat,
538 2237 647 2305 ipsa
677 2253 780 2290 non
809 2237 1080 2307 frangatur
1104 2238 1368 2292 scandalis
1401 2239 1448 2302 ¹;
1493 2239 1542 2292 in
1574 2239 1899 2306 persecutio-

315 2328 496 2389 nibus,
531 2327 582 2380 in
617 2327 1056 2391 tribulationibus,
1085 2329 1192 2397 ipsa
1216 2344 1319 2383 non
1347 2331 1498 2384 cedat
1523 2334 1542 2363 ²
1569 2329 1897 2386 deiicienda:

315 2417 454 2469 sicut
486 2417 739 2472 Dominus
767 2418 914 2484 dicit,
951 2417 1124 2473 Nolite
1145 2420 1317 2474 timere
1341 2435 1423 2473 eos
1448 2420 1532 2492 qui
1559 2437 1742 2491 corpus
1770 2421 1901 2474 occi-

312 2507 479 2574 dunt,
522 2507 746 2561 animum
770 2518 938 2563 autem
981 2525 1081 2562 non
1126 2518 1333 2579 possunt
1379 2511 1604 2564 occidere
1632 2527 1651 2565 :
1674 2512 1762 2565 sed
1788 2528 1902 2566 eum

315 2595 504 2662 timete,
535 2598 623 2666 qui
651 2597 797 2652 habet
831 2607 1120 2670 potestatem
1145 2616 1330 2670 corpus
1354 2608 1403 2654 et
1431 2601 1650 2655 animum
1680 2602 1904 2656 occidere

315 2688 371 2740 in
403 2689 632 2758 gehenna
670 2690 800 2760 ignis
829 2689 850 2720 ³
879 2689 1090 2760 (Matth.
1121 2707 1175 2751 ι.
1205 2690 1319 2755 28).
1345 2691 1493 2746 lianc
1519 2707 1645 2762 ergo
1670 2693 1903 2748 animam

317 2788 464 2834 tuam
503 2782 766 2837 custodiat
795 2782 1080 2849 Dominus,
1121 2799 1188 2837 ne
1215 2783 1376 2839 cedas
1406 2785 1705 2852 persuasori
1735 2785 1898 2853 malo,

317 2887 388 2927 ne
413 2873 574 2928 cedas
606 2876 929 2944 promittenti
970 2874 1100 2930 falsa
1122 2919 1135 2938 ,
1168 2892 1232 2930 ne
1256 2876 1414 2931 cedas
1441 2877 1657 2932 minanti
1697 2887 1902 2948 tempo-

317 2964 469 3028 ralia,
501 2975 556 3020 et
577 2967 826 3020 custodiat
844 2968 1065 3021 animant
1087 2976 1227 3020 tuam
1249 2966 1518 3021 Dominus.

393 3055 482 3109 M.
516 3055 665 3127 [oers.
694 3055 773 3128 8.]
804 3058 866 3112 Et
892 3057 1086 3112 deinde
1117 3076 1132 3111 ς
1161 3057 1421 3112 Custodiat
1459 3059 1706 3112 Dominus
1724 3061 1903 3112 introi-

319 3161 429 3206 tum
451 3144 589 3203 tuum
615 3159 662 3202 et
687 3150 876 3203 exitum
900 3157 1059 3213 tuum,
1081 3165 1143 3202 ea:
1165 3150 1255 3203 hoc
1278 3167 1407 3203 nunc
1430 3159 1474 3204 et
1501 3167 1656 3219 usque
1671 3151 1723 3204 in
1753 3167 1904 3205 saecu-

319 3245 448 3297 lum.
477 3242 609 3296 Nam
639 3240 910 3295 introitum
944 3251 1089 3296 tuum
1115 3241 1181 3295 ad
1224 3251 1435 3310 tempus
1457 3243 1689 3297 attende.
1721 3241 1902 3298 Custo-

317 3336 427 3387 dtat
470 3333 718 3387 Dominus
751 3333 1010 3387 introitum
1053 3342 1193 3387 tuum
1219 3343 1264 3387 et
1291 3335 1477 3388 exitum
1513 3346 1649 3388 tuum
1670 3377 1686 3402 ,
1715 3352 1781 3390 ex
1809 3335 1904 3388 hoc

320 3441 456 3477 vrum:
475 3435 520 3478 et
542 3440 696 3493 usque
715 3424 766 3477 in
785 3425 1043 3478 steculum.
1073 3425 1282 3479 Exitum
1308 3426 1443 3480 idem
1461 3428 1743 3482 custodiat.
1767 3428 1902 3494 Quid

318 3525 434 3576 est,
467 3516 772 3569 introitum?
798 3515 922 3585 quid
952 3524 1030 3570 est
1051 3558 1066 3581 ,
1097 3517 1285 3570 exitum
1306 3517 1332 3570 .9
1373 3517 1595 3585 Quando
1618 3527 1900 3586 teutamur,

322 3605 585 3658 intramus
614 3621 631 3656 :
673 3604 885 3672 quando
931 3604 1191 3659 vincimus
1240 3607 1582 3660 tentationem
1609 3649 1624 3671 ,
1675 3609 1900 3663 eximus.

321 3693 484 3757 Audi,
515 3694 811 3758 introitum;
835 3693 956 3748 audi
983 3736 996 3760 ,
1019 3695 1231 3750 exitum.
1270 3694 1402 3749 Vasa
1423 3697 1568 3766 ﬁguli
1598 3699 1773 3766 probat
1799 3704 1904 3766 for-

320 3803 462 3850 nax,
489 3786 561 3839 ait
587 3785 859 3856 Scriptura
881 3827 897 3852 ,
931 3797 978 3841 et
1006 3787 1230 3841 homines
1259 3789 1426 3857 justas
1455 3790 1660 3843 tentatio
1697 3790 1906 3844 tribula-

323 3876 479 3930 tionis
521 3874 708 3944 (Eccli.
741 3892 882 3931 xxvtt
908 3917 923 3942 ,
951 3875 1029 3948 6).
1078 3875 1133 3933 Si
1176 3877 1254 3932 sic
1294 3887 1417 3932 sunt
1464 3878 1710 3934 homines
1752 3879 1902 3950 justi,

317 3967 596 4036 quomodo
614 3981 740 4021 vasa
769 3967 950 4038 ﬁguli;
979 3982 1200 4023 necesse
1219 3977 1302 4023 est
1327 3978 1384 4022 ut
1414 3983 1534 4023 vasa
1567 3967 1710 4040 figuli
1738 3968 1907 4025 forna-

320 4074 445 4114 cem
477 4059 694 4114 intrent.
728 4061 793 4115 Et
822 4075 926 4116 non
955 4060 1168 4132 quando
1195 4062 1413 4127 intrant,
1432 4062 1544 4132 jam
1571 4079 1796 4119 securus
1825 4072 1909 4120 est

321 4147 558 4220 figulus,
607 4149 700 4205 sed
727 4165 846 4210 cum
879 4151 1126 4206 exierint.
1173 4152 1428 4208 Dominus
1468 4161 1642 4207 autem
1687 4167 1908 4210 securus

322 4247 430 4304 est,
458 4239 579 4309 quia
614 4241 758 4294 novit
779 4241 866 4311 qui
895 4251 1017 4295 sunt
1043 4241 1158 4312 ejus
1188 4240 1252 4314 (ll
1280 4241 1410 4296 Tim.
1437 4259 1473 4297 n
1495 4285 1510 4311 ,
1542 4243 1654 4313 19),
1685 4253 1739 4299 et
1763 4245 1909 4299 novit

322 4332 416 4401 qui
449 4331 502 4385 in
532 4332 745 4388 fornace
773 4349 876 4389 non
908 4344 1148 4404 crepent.
1180 4335 1257 4390 llli
1286 4351 1390 4392 non
1417 4344 1654 4406 crepant,
1685 4338 1780 4408 qui,
1801 4353 1906 4393 non

324 4423 531 4478 habent
566 4434 780 4479 ventum
809 4426 1092 4495 superbire.
1134 4425 1418 4481 Humilitas
1439 4443 1567 4498 ergo
1592 4428 1826 4483 custodit
1854 4428 1908 4483 in

321 4515 475 4569 omni
521 4516 810 4572 tentatione
841 4533 854 4569 :
887 4518 1008 4587 quia
1035 4532 1064 4571 a
1099 4517 1338 4572 convalle
1381 4517 1691 4587 plorationis
1719 4534 1909 4574 ascen-

321 4607 504 4663 dimus
529 4617 804 4664 cantantes
833 4609 1107 4664 Canticum
1134 4609 1390 4679 graduum
1417 4628 1433 4676 ;
1473 4619 1527 4665 et
1553 4611 1782 4666 custodit
1809 4611 1912 4666 Do-

325 4699 506 4754 minus
535 4699 809 4754 introitum
840 4742 855 4767 ,
886 4709 944 4756 ut
974 4701 1111 4756 salvi
1138 4702 1414 4756 intremus.
1447 4701 1585 4757 Sana
1617 4702 1720 4759 fide
1745 4703 1911 4760 simus

321 4790 541 4860 quando
565 4791 759 4846 accidit
777 4793 1016 4858 tentatio,
1047 4800 1100 4848 et
1120 4792 1351 4847 custodit
1373 4793 1561 4860 exitum
1583 4809 1646 4848 ea:
1665 4794 1759 4849 hoc
1780 4811 1912 4849 nunc

322 4892 372 4936 et
400 4899 556 4954 usque
581 4885 635 4938 in
673 4885 933 4939 naculum.
994 4885 1126 4940 Cum
1165 4886 1305 4940 enim
1347 4887 1638 4941 exierimns
1663 4886 1730 4942 ab
1768 4887 1914 4942 omni

326 4975 654 5042 tentatione,
689 4975 800 5045 jam
831 4975 886 5030 in
913 4985 1173 5032 internum
1206 4977 1347 5032 nulla
1375 4993 1473 5032 nos
1501 4979 1726 5034 tentatio
1748 4986 1916 5036 terre-

325 5065 440 5130 bit,
488 5066 630 5120 nulta
677 5067 1104 5136 concupiscentia
1161 5067 1349 5122 saltem
1401 5067 1731 5123 sollicitabit.
1777 5069 1914 5124 Audi

325 5156 642 5225 Apostolum
698 5156 925 5236 idipsum
976 5169 1524 5226 commemorantem,
1575 5159 1718 5230 quod
1763 5160 1916 5229 paulo

323 5256 450 5303 ante
484 5251 901 5306 commemoravi
934 5269 946 5305 :
983 5251 1176 5306 Fidelis
1207 5251 1378 5319 Deus,
1413 5253 1496 5321 qui
1524 5270 1623 5308 non
1667 5254 1916 5324 permittet

324 5353 413 5392 ros
444 5340 627 5393 tentari
669 5357 824 5412 supra
859 5358 1012 5408 quam
1054 5345 1261 5412 potestis
1296 5347 1448 5413 ferre.
1501 5345 1640 5400 Ecce
1665 5345 1915 5400 introitus

327 5438 453 5482 tuus
490 5429 821 5498 custoditur;
853 5433 1066 5502 quando
1093 5449 1200 5488 non
1231 5434 1324 5490 tibi
1347 5435 1476 5490 sinit
1506 5436 1645 5491 Deus
1674 5437 1916 5492 accidere

397 5543 409 5571 ³
436 5539 603 5590 Plures
618 5548 746 5601 Mss,
771 5541 820 5592 in
851 5543 1115 5594 scandatis.
1535 5561 1546 5570 ·

393 5604 412 5670 ξ
435 5605 508 5670 sic
530 5611 631 5651 Am.
657 5611 710 5653 et
734 5613 836 5654 Mss.
872 5607 926 5654 At
945 5612 1017 5655 Er.
1046 5613 1097 5654 et
1133 5613 1261 5670 ιογε,
1307 5606 1412 5670 ipsa
1433 5619 1526 5670 non
1548 5608 1708 5670 cadat.

396 5665 414 5693 ³
448 5669 521 5730 ι-ξτ.
551 5670 666 5734 ing.
697 5672 824 5734 Aven.
859 5675 908 5716 et
935 5674 1064 5719 t.ov..
1102 5665 1334 5718 arridere
1360 5675 1403 5718 et
1435 5668 1621 5720 mittere
1654 5669 1702 5719 in
1743 5671 1919 5734 gehen-

321 5736 438 5774 nam
459 5731 600 5787 Ignis.
696 5731 753 5776 ιι.

1361 297 1761 355 ΕΝΑΒΒΑἸΊΟ
1799 295 1864 350 ΙΝ
1905 294 2225 357 PSALMUM
2263 298 2450 353 CXXI.

3452 303 3584 356 lGlS

2007 409 2353 464 tentationem
2383 423 2540 478 quam
2569 420 2672 464 non
2707 420 2858 480 potes
2901 410 3040 466 ferre
3064 453 3078 475 ,
3126 409 3394 466 introitum
3439 425 3583 467 tuum

2002 501 2234 556 custodit
2261 519 2274 554 :
2303 501 2480 556 videte
2508 500 2551 556 si
2575 503 2804 557 custodit
2824 512 2880 558 et
2904 503 3123 558 exitum.
3155 503 3259 558 Sed
3287 506 3466 574 faciet,
3501 505 3582 557 in-

2000 592 2112 662 quit
2135 633 2150 658 ,
2191 608 2303 646 cum
2331 592 2600 645 tentatione
2636 593 2784 646 etiam
2807 595 3016 658 exitum,
3042 604 3094 646 ut
3119 595 3316 660 possitis
3345 597 3586 648 sustinere

2002 683 2042 754 (I
2076 684 2190 734 (lor.
2219 700 2273 747 κ,
2307 682 2418 755 15).
2447 682 2710 753 Numquid
2730 699 3009 753 possumus
3031 701 3148 746 nos.
3179 687 3388 752 fratres,
3424 687 3585 740 inter-

2004 774 2198 842 pretari
2238 773 2427 836 aliter,
2456 788 2613 843 quam
2658 774 2766 843 ipsa
2799 775 2954 830 verba
2990 777 3227 844 Apostoli
3257 777 3584 830 docuerunt?

2003 863 2274 917 Custoditc
2303 879 2430 934 ergo
2459 879 2586 929 vos,
2621 865 2712 920 sed
2754 880 2857 919 non
2881 880 2910 918 a
2940 867 3092 921 vobis
3114 909 3128 930 ,
3176 871 3297 936 quia
3329 868 3584 921 Dominus

2004 963 2401 1022 tegumentum,
2448 955 2537 1022 qui
2587 955 2857 1020 custodit,
2912 956 3000 1025 qui
3047 973 3151 1010 non
3200 957 3454 1012 dortnitat
3488 974 3584 1012 nec

2001 1045 2215 1099 dormit.
2235 1044 2416 1101 Semel
2436 1045 2685 1100 dormivit
2713 1062 2806 1116 pro
2828 1047 2979 1102 nobis
3009 1065 3023 1102 :
3056 1049 3315 1113 surrexit;
3342 1048 3450 1118 jam
3478 1065 3582 1103 non

2003 1135 2251 1189 dormiet.
2295 1135 2462 1190 Nemo
2489 1136 2556 1190 de
2584 1151 2642 1190 se
2691 1146 2994 1206 praesumat.
3040 1139 3113 1192 De
3139 1140 3384 1194 convalle
3409 1139 3583 1208 plora-

2003 1227 2163 1282 tionis
2198 1228 2533 1284 ascendimus
2559 1271 2574 1297 ,
2621 1244 2724 1283 non
2753 1245 3123 1285 remaneamus
3156 1231 3209 1286 in
3241 1233 3346 1286 via.
3374 1232 3582 1288 Gradus

2003 1317 2056 1371 in
2100 1319 2182 1372 via
2224 1327 2465 1384 restant;
2519 1335 2623 1373 non
2652 1320 2908 1375 debemus
2951 1321 3084 1392 pigri
3124 1337 3434 1385 remanere,
3477 1338 3581 1377 non

2002 1410 2260 1465 debemus
2288 1412 2502 1481 superbi
2533 1411 2724 1467 cadere
2760 1431 2774 1467 :
2806 1413 3046 1468 dicamus
3079 1414 3207 1479 Deo,
3237 1412 3355 1469 Non
3377 1430 3586 1470 movea-

2005 1510 2091 1556 tur
2133 1516 2227 1571 pes
2268 1510 2468 1556 noster.
2516 1501 2630 1557 Non
2670 1503 2920 1572 dormiet,
2967 1505 3054 1574 qui
3099 1505 3333 1560 custodit
3360 1519 3476 1559 nos.
3521 1505 3574 1558 lu

2005 1602 2184 1649 nostra
2228 1602 2488 1664 potestate
2535 1603 2646 1660 est,
2693 1595 2804 1650 Deo
2845 1595 3076 1651 donante
3102 1596 3152 1661 ί,
3189 1596 3234 1650 si
3277 1611 3397 1649 eum
3425 1596 3579 1650 nobis

2004 1685 2258 1741 faciamus
2299 1687 2574 1742 custodem
2611 1688 2701 1757 qui
2743 1703 2848 1742 non
2879 1687 3077 1743 dormit
3106 1704 3278 1757 neque
3305 1688 3579 1752 dormitat,

2001 1778 2088 1846 qui
2119 1777 2349 1831 custodit
2379 1779 2559 1832 lsrael.
2615 1778 2781 1846 Quem
2826 1778 3016 1832 Israel?
3074 1776 3356 1832 Videntem
3399 1779 3582 1832 Deum.

2003 1867 2077 1922 lta
2103 1870 2206 1924 erit
2244 1871 2496 1924 auxilium
2540 1881 2684 1925 tuum
2717 1886 2744 1924 a
2786 1871 3008 1925 Domino
3034 1911 3050 1937 ,
3084 1870 3153 1924 ita
3180 1871 3282 1925 erit
3315 1881 3587 1942 tegumen-

2004 1970 2114 2015 tum
2142 1970 2286 2015 tuum
2315 1978 2476 2032 super
2499 1978 2712 2016 manum
2756 1961 2992 2017 dextera:
3023 1970 3159 2027 tum;
3194 1961 3265 2015 ita
3293 1961 3588 2017 custoditur

2006 2054 2254 2108 introitus
2298 2064 2420 2109 tuus
2455 2063 2510 2109 et
2536 2055 2706 2108 exitus
2738 2062 2860 2109 tuus
2902 2070 2967 2110 ex
3009 2053 3112 2109 hoc
3163 2071 3302 2110 nunc
3337 2063 3391 2109 et
3421 2071 3588 2124 usque

2006 2145 2056 2200 in
2082 2146 2356 2200 sarculum.
2410 2145 2540 2200 Nam
2568 2147 2610 2199 si
2635 2145 2703 2200 de
2730 2157 2780 2201 te
2821 2147 3224 2215 prtesumpseris
3245 2189 3259 2212 ,
3303 2157 3478 2201 motus
3505 2157 3589 2201 est

2007 2254 2100 2308 pes
2132 2249 2287 2302 tuus;
2336 2239 2380 2292 si
2409 2247 2584 2293 motus
2607 2248 2688 2291 est
2717 2254 2806 2307 pes
2841 2249 2961 2292 tuus
2983 2279 2998 2302 ,
3023 2237 3134 2307 jam
3168 2247 3322 2308 putas
3348 2247 3399 2291 te
3423 2239 3472 2291 in
3499 2237 3589 2292 ali-

2006 2345 2111 2398 quo
2130 2329 2295 2397 gradu
2325 2343 2444 2383 esse
2473 2347 2485 2381 :
2519 2329 2641 2383 inde
2670 2329 2836 2395 cadis,
2869 2329 2912 2382 si
2941 2329 3204 2397 superbus
3233 2343 3292 2384 es
3316 2345 3330 2394 ;
3355 2330 3473 2398 quia
3498 2329 3589 2382 htt-

1980 2470 1982 2472 ,
2008 2419 2147 2474 milis
2177 2419 2227 2472 in
2256 2419 2496 2474 convalle
2526 2419 2835 2489 plorationis
2863 2418 2986 2473 dicit
3015 2459 3030 2483 ,
3077 2417 3160 2472 Ne
3183 2419 3269 2474 des
3294 2420 3361 2471 ad
3387 2435 3588 2473 moven-

2008 2510 2129 2563 dum
2156 2509 2332 2581 pedem
2360 2526 2544 2564 meum.

2079 2603 2166 2657 l5.
2209 2601 2320 2655 Etsi
2351 2601 2524 2656 brevis
2540 2601 2785 2656 Psalmus
2812 2609 2912 2668 est,
2931 2600 3084 2672 longa
3112 2609 3288 2656 tamen
3313 2601 3581 2664 tractatio,

2006 2701 2057 2748 et
2102 2692 2288 2762 longus
2325 2705 2521 2746 sermo.
2553 2691 2773 2756 Putate,
2808 2690 2996 2748 fratres
3020 2732 3036 2758 ,
3067 2690 3190 2762 quia
3231 2705 3323 2759 per
3353 2691 3583 2747 natalem

2007 2783 2177 2838 beata:
2206 2781 2462 2851 CriSpinte
2492 2781 2707 2836 invitavi
2736 2796 2830 2838 vos
2853 2824 2868 2849 ,
2899 2791 2954 2837 et
2997 2781 3397 2837 immoderatior
3431 2780 3502 2836 fui
3531 2783 3582 2836 in

2007 2875 2251 2930 convivio
2278 2873 2638 2943 producendo.
2665 2873 2853 2929 Nonne
2895 2883 3075 2942 posset
3115 2872 3215 2928 hoc
3251 2873 3402 2928 vobis
3436 2871 3548 2926 fieri
3571 2913 3584 2934 .

2008 2969 2050 3024 si
2073 2970 2192 3039 quis
2213 2982 2306 3022 vos
2329 2967 2569 3022 militaris
2594 2966 2860 3033 invitaret,
2883 2975 2936 3021 et
2959 2965 3026 3020 ad
3054 2981 3287 3020 mensam
3312 2967 3428 3020 sine
3449 2981 3591 3019 meu-

2009 3077 2130 3117 sura
2158 3061 2338 3116 bibere
2357 3060 2605 3128 cogeret?
2627 3058 2807 3114 Liceat
2833 3058 2985 3112 nobis
3012 3058 3112 3113 hoc
3139 3056 3312 3113 facere
3334 3057 3386 3113 in
3406 3057 3587 3111 divino

2009 3169 2278 3216 sermone,
2305 3162 2361 3206 ut
2386 3151 2720 3207 inebriemini
2750 3160 2804 3206 et
2828 3150 3114 3214 satiemini,
3138 3148 3586 3220 quemadmodum

2009 3254 2062 3299 et
2091 3245 2342 3301 Dominus
2373 3243 2546 3314 pluvia
2576 3257 2670 3297 sua
2703 3241 2978 3312 temporali
3006 3240 3249 3311 dignatus
3277 3249 3359 3296 est
3389 3250 3586 3295 terram

2011 3334 2252 3404 irrigare,
2283 3341 2342 3386 ut
2368 3348 2490 3388 cum
2517 3332 2719 3401 majore
2747 3331 2939 3402 gaudio
2968 3345 3066 3385 nos
3091 3331 3288 3386 sineret
3316 3331 3392 3384 ire
3417 3328 3483 3384 ad
3513 3329 3592 3384 lo-

2009 3441 2128 3480 cum
2174 3435 2464 3497 martyrum
2491 3467 2506 3489 .
2549 3425 2686 3479 sicut
2728 3423 2980 3477 hesterno
3020 3422 3107 3478 die
3158 3421 3594 3491 promiseramus.

2011 3520 2088 3573 Illi
2120 3519 2262 3574 enim
2295 3527 2555 3587 martyres
2583 3516 2697 3571 sine
2725 3515 2908 3570 labore
2937 3514 3023 3569 hic
3049 3523 3174 3568 sunt
3199 3513 3495 3569 nobiscum.

2419 3721 2499 3781 ΙΝ
2542 3719 2925 3780 PSALMUM
2967 3718 3174 3779 CXXI

2595 3839 3008 3898 ENARRATIO.

2528 3967 2700 4010 SERIO
2724 3970 2792 4008 AD
2821 3969 3048 4009 Ριειιειί.

2088 4073 2139 4125 1.
2182 4070 2332 4124 Sicut
2354 4083 2506 4124 amor
2530 4067 2836 4124 immundus
2859 4067 3152 4123 inﬂammat
3176 4068 3428 4132 animam,
3457 4075 3510 4121 et
3528 4066 3596 4122 ad

2017 4173 2223 4218 terrena
2250 4159 2672 4231 concupiscenda
2694 4169 2746 4216 et
2773 4161 3005 4231 peritura
3027 4159 3275 4215 sectanda
3306 4159 3593 4228 perituram

2017 4262 2166 4307 vocat
2193 4295 2206 4315 ,
2244 4262 2297 4307 et
2329 4252 2380 4305 in
2428 4252 2532 4306 ima
2577 4251 2874 4321 prrecipitat
2897 4293 2912 4317 ,
2944 4258 3103 4321 atque
3132 4251 3181 4304 in
3215 4248 3472 4320 profunda
3501 4249 3599 4304 de-

2018 4344 2204 4413 mergit
2236 4361 2248 4397 :
2280 4342 2358 4397 sic
2401 4358 2554 4396 amor
2591 4351 2806 4397 sanctus
2851 4341 2917 4396 ad
2965 4356 3192 4411 superna
3239 4341 3411 4407 levat,
3443 4349 3497 4395 et
3533 4339 3599 4394 ad

2017 4445 2214 4488 aeterna
2245 4432 2555 4498 inflammat,
2582 4439 2637 4486 et
2663 4432 2727 4486 ad
2755 4447 2815 4487 ea
2847 4447 2966 4502 qua:
2989 4446 3093 4486 non
3127 4439 3402 4486 transeunt
3431 4445 3602 4498 nequo

2019 4524 2316 4578 moriuntur
2336 4565 2351 4591 ,
2380 4523 2582 4578 excitat
2623 4522 2853 4576 animam
2879 4564 2892 4588 ,
2923 4531 2978 4578 et
3006 4522 3072 4576 de
3118 4521 3378 4590 profundo
3409 4519 3600 4574 inferni

2017 4616 2153 4671 levat
2183 4615 2247 4670 ad
2280 4614 2495 4670 ctelum.
2525 4613 2696 4669 Habet
2725 4623 2898 4666 tamen
2928 4613 3100 4666 oznnis
3126 4627 3276 4666 amor
3301 4611 3405 4664 vim
3428 4625 3598 4676 suam,

1977 4769 1982 4772 _
2021 4723 2118 4762 nec
2150 4716 2321 4778 potest
2352 4720 2541 4760 vacare
2581 4720 2734 4759 amor
2763 4704 2813 4757 in
2861 4703 3036 4756 anima
3078 4702 3340 4767 amantis;
3385 4715 3602 4756 necesse

2019 4811 2101 4855 est
2137 4800 2315 4854 ducat.
2358 4797 2461 4854 Sed
2492 4797 2574 4851 vis
2613 4808 2770 4850 nosse
2813 4794 2984 4863 qualis
3014 4809 3164 4849 amor
3206 4793 3311 4848 sit?
3345 4791 3474 4846 Vide
3500 4804 3604 4859 quo

2021 4891 2196 4946 ducat.
2227 4890 2340 4945 Non
2373 4904 2500 4958 ergo
2531 4899 2808 4941 monemus
2836 4893 2893 4938 ut
2941 4883 3070 4938 nihil
3099 4885 3322 4947 ametis;
3367 4881 3460 4936 sed
3492 4897 3604 4934 mo-

2022 4997 2212 5036 nemus
2233 4997 2298 5034 ne
2323 4978 2574 5034 mundum
2602 4976 2810 5041 ametis,
2841 4984 2896 5029 ut
2920 4991 3040 5030 eum
3063 4975 3152 5046 qui
3181 4974 3305 5030 fecit
3325 4971 3598 5036 mtmdum,

2025 5073 2189 5127 libere
2228 5071 2438 5125 ametis.
2468 5067 2704 5137 Obligata
2736 5067 2876 5122 enim
2917 5067 3091 5121 anima
3140 5079 3323 5119 amore
3351 5072 3561 5116 terreno
3588 5101 3603 5125 ,

2023 5164 2172 5232 quasi
2204 5163 2406 5217 viscum
2445 5159 2606 5213 habet
2655 5159 2707 5213 in
2757 5159 2976 5229 pennis;
3022 5157 3201 5211 volare
3254 5170 3358 5210 non
3411 5159 3604 5221 potest.

2027 5253 2273 5308 Mandata
2304 5267 2431 5306 vero
2457 5250 2523 5305 ab
2552 5248 2830 5305 affectibus
2858 5246 3238 5304 sordidissimis
3267 5244 3468 5309 smculi,
3505 5252 3611 5296 lano

2025 5361 2182 5416 quam
2211 5343 2444 5398 extensis
2467 5342 2654 5412 pennis
2678 5351 2731 5396 et
2751 5341 2955 5395 duabus
2984 5340 3080 5394 alis
3106 5338 3351 5393 resolutis
3377 5337 3444 5391 ab
3464 5337 3610 5390 omni

2027 5437 2094 5490 im
2102 5434 2425 5506 pedimento,
2447 5433 2495 5486 id
2512 5431 2825 5498 est,duobus
2843 5430 3120 5501 praeceptis
3137 5428 3434 5483 dilectionis
3453 5428 3544 5482 Dei
3561 5437 3616 5484 ct

2027 5527 2323 5586 dilectionis
2338 5525 2570 5597 proximi
2593 5525 2751 5578 volat.
2773 5523 2909 5590 Quo,
2929 5522 3028 5576 nisi
3051 5521 3116 5576 ad
3141 5521 3301 5575 Deum
3320 5518 3616 5575 ascendens

2028 5620 2276 5687 volando,
2304 5620 2425 5690 quia
2452 5616 2686 5672 ascendit
2718 5615 2979 5672 amando?
3007 5613 3156 5682 Quod
3179 5621 3462 5684 antequam
3496 5627 3613 5682 pos-

2099 5735 2113 5764 ¹
2146 5739 2250 5782 Mss.
2278 5744 2370 5780 non
2396 5729 2596 5789 habent,
2626 5736 2721 5778 Deo
2745 5726 2966 5779 donante.
