  <div class='ocr_page' id='page_1' title='image "/cluster/home/n/w/nwhite01/storage/ocr_20150623/37/hvd.32044096580592/305.png"; bbox 0 0 4032 6202; ppageno 0'>
   <div class='ocr_carea' id='block_1_1' title="bbox 452 276 586 332">
    <p class='ocr_par' dir='ltr' id='par_1_1' title="bbox 452 276 586 332">
     <span class='ocr_line' id='line_1_1' title="bbox 452 276 586 332; baseline 0 0"><span class='ocrx_word' id='word_1_1' title='bbox 452 276 586 332; x_wconf 75' lang='grc'><strong>1619</strong></span> 
     </span>
    </p>
   </div>
   <div class='ocr_carea' id='block_1_2' title="bbox 446 377 2023 459">
    <p class='ocr_par' dir='ltr' id='par_1_2' title="bbox 446 377 2023 459">
     <span class='ocr_line' id='line_1_2' title="bbox 446 377 2023 459; baseline -0.014 -11"><span class='ocrx_word' id='word_1_2' title='bbox 446 399 531 458; x_wconf 80' lang='lat' dir='ltr'><strong>sit,</strong></span> <span class='ocrx_word' id='word_1_3' title='bbox 560 397 723 459; x_wconf 64' lang='lat' dir='ltr'><strong>gemit</strong></span> <span class='ocrx_word' id='word_1_4' title='bbox 746 394 796 448; x_wconf 89' lang='lat' dir='ltr'><strong>iu</strong></span> <span class='ocrx_word' id='word_1_5' title='bbox 820 402 977 454; x_wconf 86' lang='lat' dir='ltr'><strong>terra,</strong></span> <span class='ocrx_word' id='word_1_6' title='bbox 1005 390 1047 443; x_wconf 87' lang='lat' dir='ltr'><strong>si</strong></span> <span class='ocrx_word' id='word_1_7' title='bbox 1070 391 1178 459; x_wconf 57' lang='lat' dir='ltr'><strong>iam</strong></span> <span class='ocrx_word' id='word_1_8' title='bbox 1204 386 1340 440; x_wconf 86' lang='lat' dir='ltr'><strong>inest</strong></span> <span class='ocrx_word' id='word_1_9' title='bbox 1361 384 1410 438; x_wconf 89' lang='lat' dir='ltr'><strong>ei</strong></span> <span class='ocrx_word' id='word_1_10' title='bbox 1434 380 1641 436; x_wconf 89' lang='lat' dir='ltr'><strong>volandi</strong></span> <span class='ocrx_word' id='word_1_11' title='bbox 1666 377 2023 438; x_wconf 87' lang='lat' dir='ltr'><strong>desiderium;</strong></span> 
     </span>
    </p>
   </div>
   <div class='ocr_carea' id='block_1_3' title="bbox 446 472 2029 554">
    <p class='ocr_par' dir='ltr' id='par_1_3' title="bbox 446 472 2029 554">
     <span class='ocr_line' id='line_1_3' title="bbox 446 472 2029 554; baseline -0.014 -11"><span class='ocrx_word' id='word_1_12' title='bbox 446 500 493 543; x_wconf 83' lang='lat' dir='ltr'><strong>et</strong></span> <span class='ocrx_word' id='word_1_13' title='bbox 527 489 657 542; x_wconf 87' lang='lat' dir='ltr'><strong>dicit</strong></span> <span class='ocrx_word' id='word_1_14' title='bbox 685 504 699 539; x_wconf 89' lang='lat'><strong>:</strong></span> <span class='ocrx_word' id='word_1_15' title='bbox 737 487 860 554; x_wconf 87' lang='lat' dir='ltr'><strong>Quis</strong></span> <span class='ocrx_word' id='word_1_16' title='bbox 884 481 1020 536; x_wconf 76' lang='lat' dir='ltr'><strong>dabit</strong></span> <span class='ocrx_word' id='word_1_17' title='bbox 1047 480 1169 533; x_wconf 84' lang='lat' dir='ltr'><strong>mihi</strong></span> <span class='ocrx_word' id='word_1_18' title='bbox 1200 493 1389 548; x_wconf 85' lang='lat' dir='ltr'><strong>pennas</strong></span> <span class='ocrx_word' id='word_1_19' title='bbox 1416 477 1542 529; x_wconf 71' lang='lat' dir='ltr'><strong>sicut</strong></span> <span class='ocrx_word' id='word_1_20' title='bbox 1568 472 1811 527; x_wconf 75' lang='lat' dir='ltr'><strong>columba:</strong></span> <span class='ocrx_word' id='word_1_21' title='bbox 1832 513 1847 537; x_wconf 91' lang='lat'><strong>,</strong></span> <span class='ocrx_word' id='word_1_22' title='bbox 1876 479 1917 523; x_wconf 81' lang='lat' dir='ltr'><strong>et</strong></span> <span class='ocrx_word' id='word_1_23' title='bbox 1945 486 2029 522; x_wconf 86' lang='lat' dir='ltr'><strong>vo-</strong></span> 
     </span>
    </p>
   </div>
   <div class='ocr_carea' id='block_1_4' title="bbox 448 560 2026 646">
    <p class='ocr_par' dir='ltr' id='par_1_4' title="bbox 448 560 2026 646">
     <span class='ocr_line' id='line_1_4' title="bbox 448 560 2026 646; baseline -0.015 -14"><span class='ocrx_word' id='word_1_24' title='bbox 448 580 583 642; x_wconf 74' lang='lat' dir='ltr'><strong>labu,</strong></span> <span class='ocrx_word' id='word_1_25' title='bbox 608 588 651 632; x_wconf 88' lang='lat' dir='ltr'><strong>et</strong></span> <span class='ocrx_word' id='word_1_26' title='bbox 672 577 975 646; x_wconf 77' lang='lat' dir='ltr'><strong>retptieseam</strong></span> <span class='ocrx_word' id='word_1_27' title='bbox 1004 569 1173 643; x_wconf 81' lang='lat' dir='ltr'><strong>(Psal.</strong></span> <span class='ocrx_word' id='word_1_28' title='bbox 1203 585 1307 630; x_wconf 78' lang='grc' dir='ltr'>ιιν,</span> <span class='ocrx_word' id='word_1_29' title='bbox 1339 566 1441 637; x_wconf 85' lang='lat'><strong>7)?</strong></span> <span class='ocrx_word' id='word_1_30' title='bbox 1467 566 1581 632; x_wconf 91' lang='lat' dir='ltr'><strong>Quo</strong></span> <span class='ocrx_word' id='word_1_31' title='bbox 1610 573 1787 616; x_wconf 88' lang='lat' dir='ltr'><strong>autem</strong></span> <span class='ocrx_word' id='word_1_32' title='bbox 1810 560 2026 623; x_wconf 87' lang='lat' dir='ltr'><strong>volabit,</strong></span> 
     </span>
    </p>
   </div>
   <div class='ocr_carea' id='block_1_5' title="bbox 449 652 2028 729">
    <p class='ocr_par' dir='ltr' id='par_1_5' title="bbox 449 652 2028 729">
     <span class='ocr_line' id='line_1_5' title="bbox 449 652 2028 729; baseline -0.013 -6"><span class='ocrx_word' id='word_1_33' title='bbox 449 671 547 725; x_wconf 86' lang='lat' dir='ltr'><strong>nisi</strong></span> <span class='ocrx_word' id='word_1_34' title='bbox 570 672 635 723; x_wconf 89' lang='lat' dir='ltr'><strong>de</strong></span> <span class='ocrx_word' id='word_1_35' title='bbox 661 667 848 722; x_wconf 86' lang='lat' dir='ltr'><strong>mediis</strong></span> <span class='ocrx_word' id='word_1_36' title='bbox 874 664 1156 725; x_wconf 77' lang='lat' dir='ltr'><strong>scandulis,</strong></span> <span class='ocrx_word' id='word_1_37' title='bbox 1180 661 1265 714; x_wconf 90' lang='lat' dir='ltr'><strong>ubi</strong></span> <span class='ocrx_word' id='word_1_38' title='bbox 1292 658 1538 729; x_wconf 80' lang='lat' dir='ltr'><strong>gemebat</strong></span> <span class='ocrx_word' id='word_1_39' title='bbox 1566 656 1722 709; x_wconf 88' lang='lat' dir='ltr'><strong>etiam</strong></span> <span class='ocrx_word' id='word_1_40' title='bbox 1755 654 1853 707; x_wconf 68' lang='lat' dir='ltr'><strong>iste</strong></span> <span class='ocrx_word' id='word_1_41' title='bbox 1878 652 2028 717; x_wconf 81' lang='lat' dir='ltr'><strong>eujns</strong></span> 
     </span>
    </p>
   </div>
   <div class='ocr_carea' id='block_1_6' title="bbox 450 745 2027 827">
    <p class='ocr_par' dir='ltr' id='par_1_6' title="bbox 450 745 2027 827">
     <span class='ocr_line' id='line_1_6' title="bbox 450 745 2027 827; baseline -0.013 -12"><span class='ocrx_word' id='word_1_42' title='bbox 450 764 562 815; x_wconf 74' lang='lat' dir='ltr'><strong>haec</strong></span> <span class='ocrx_word' id='word_1_43' title='bbox 590 776 690 814; x_wconf 82' lang='lat' dir='ltr'><strong>vox</strong></span> <span class='ocrx_word' id='word_1_44' title='bbox 732 768 814 813; x_wconf 86' lang='lat' dir='ltr'><strong>est</strong></span> <span class='ocrx_word' id='word_1_45' title='bbox 858 772 1014 827; x_wconf 88' lang='lat' dir='ltr'><strong>quam</strong></span> <span class='ocrx_word' id='word_1_46' title='bbox 1061 749 1511 808; x_wconf 85' lang='lat' dir='ltr'><strong>commemoravi?</strong></span> <span class='ocrx_word' id='word_1_47' title='bbox 1552 748 1626 801; x_wconf 79' lang='lat' dir='ltr'><strong>De</strong></span> <span class='ocrx_word' id='word_1_48' title='bbox 1672 745 1861 799; x_wconf 81' lang='lat' dir='ltr'><strong>mediis</strong></span> <span class='ocrx_word' id='word_1_49' title='bbox 1901 759 2027 812; x_wconf 82' lang='lat' dir='ltr'><strong>ergo</strong></span> 
     </span>
    </p>
   </div>
   <div class='ocr_carea' id='block_1_7' title="bbox 445 838 2027 916">
    <p class='ocr_par' dir='ltr' id='par_1_7' title="bbox 445 838 2027 916">
     <span class='ocr_line' id='line_1_7' title="bbox 445 838 2027 916; baseline -0.014 -9"><span class='ocrx_word' id='word_1_50' title='bbox 445 852 738 916; x_wconf 81' lang='lat' dir='ltr'><strong>scandalis,</strong></span> <span class='ocrx_word' id='word_1_51' title='bbox 771 865 799 902; x_wconf 88' lang='lat' dir='ltr'><strong>a</strong></span> <span class='ocrx_word' id='word_1_52' title='bbox 827 846 1206 903; x_wconf 81' lang='lat' dir='ltr'><strong>commixtione</strong></span> <span class='ocrx_word' id='word_1_53' title='bbox 1248 842 1506 895; x_wconf 89' lang='lat' dir='ltr'><strong>malorum</strong></span> <span class='ocrx_word' id='word_1_54' title='bbox 1538 838 1807 890; x_wconf 83' lang='lat' dir='ltr'><strong>hominum</strong></span> <span class='ocrx_word' id='word_1_55' title='bbox 1832 876 1845 898; x_wconf 88' lang='lat'><strong>,</strong></span> <span class='ocrx_word' id='word_1_56' title='bbox 1873 850 1900 886; x_wconf 90' lang='lat' dir='ltr'><strong>a</strong></span> <span class='ocrx_word' id='word_1_57' title='bbox 1931 850 2027 904; x_wconf 87' lang='lat' dir='ltr'><strong>pa-</strong></span> 
     </span>
    </p>
   </div>
   <div class='ocr_carea' id='block_1_8' title="bbox 450 926 2025 1011">
    <p class='ocr_par' dir='ltr' id='par_1_8' title="bbox 450 926 2025 1011">
     <span class='ocr_line' id='line_1_8' title="bbox 450 926 2025 1011; baseline -0.011 -17"><span class='ocrx_word' id='word_1_58' title='bbox 450 943 543 996; x_wconf 91' lang='lat' dir='ltr'><strong>leis</strong></span> <span class='ocrx_word' id='word_1_59' title='bbox 564 941 757 1011; x_wconf 86' lang='lat' dir='ltr'><strong>quibus</strong></span> <span class='ocrx_word' id='word_1_60' title='bbox 785 953 946 1009; x_wconf 79' lang='lat' dir='ltr'><strong>grana</strong></span> <span class='ocrx_word' id='word_1_61' title='bbox 974 934 1258 990; x_wconf 82' lang='lat' dir='ltr'><strong>commixta</strong></span> <span class='ocrx_word' id='word_1_62' title='bbox 1291 939 1433 994; x_wconf 89' lang='lat' dir='ltr'><strong>sunt,</strong></span> <span class='ocrx_word' id='word_1_63' title='bbox 1456 929 1635 982; x_wconf 83' lang='lat' dir='ltr'><strong>volare</strong></span> <span class='ocrx_word' id='word_1_64' title='bbox 1656 926 1789 991; x_wconf 89' lang='lat' dir='ltr'><strong>vult,</strong></span> <span class='ocrx_word' id='word_1_65' title='bbox 1814 926 1898 979; x_wconf 90' lang='lat' dir='ltr'><strong>ubi</strong></span> <span class='ocrx_word' id='word_1_66' title='bbox 1923 939 2025 977; x_wconf 90' lang='lat' dir='ltr'><strong>non</strong></span> 
     </span>
    </p>
   </div>
   <div class='ocr_carea' id='block_1_9' title="bbox 449 1017 2023 1104">
    <p class='ocr_par' dir='ltr' id='par_1_9' title="bbox 449 1017 2023 1104">
     <span class='ocr_line' id='line_1_9' title="bbox 449 1017 2023 1104; baseline -0.011 -18"><span class='ocrx_word' id='word_1_67' title='bbox 449 1035 674 1104; x_wconf 84' lang='lat' dir='ltr'><strong>patiatur</strong></span> <span class='ocrx_word' id='word_1_68' title='bbox 704 1031 1132 1101; x_wconf 73' lang='lat' dir='ltr'><strong>conjuncdonem</strong></span> <span class='ocrx_word' id='word_1_69' title='bbox 1161 1036 1213 1079; x_wconf 91' lang='lat' dir='ltr'><strong>et</strong></span> <span class='ocrx_word' id='word_1_70' title='bbox 1242 1024 1549 1080; x_wconf 89' lang='lat' dir='ltr'><strong>societatem</strong></span> <span class='ocrx_word' id='word_1_71' title='bbox 1579 1019 1740 1088; x_wconf 80' lang='lat' dir='ltr'><strong>iniqui</strong></span> <span class='ocrx_word' id='word_1_72' title='bbox 1769 1017 2023 1084; x_wconf 84' lang='lat' dir='ltr'><strong>alicujus,</strong></span> 
     </span>
    </p>
   </div>
   <div class='ocr_carea' id='block_1_10' title="bbox 445 1107 2024 1182">
    <p class='ocr_par' dir='ltr' id='par_1_10' title="bbox 445 1107 2024 1182">
     <span class='ocr_line' id='line_1_10' title="bbox 445 1107 2024 1182; baseline -0.012 -4"><span class='ocrx_word' id='word_1_73' title='bbox 445 1125 538 1180; x_wconf 88' lang='lat' dir='ltr'><strong>sed</strong></span> <span class='ocrx_word' id='word_1_74' title='bbox 568 1125 710 1179; x_wconf 81' lang='lat' dir='ltr'><strong>vivat</strong></span> <span class='ocrx_word' id='word_1_75' title='bbox 754 1125 805 1177; x_wconf 91' lang='lat' dir='ltr'><strong>in</strong></span> <span class='ocrx_word' id='word_1_76' title='bbox 849 1130 1030 1175; x_wconf 89' lang='lat' dir='ltr'><strong>sancta</strong></span> <span class='ocrx_word' id='word_1_77' title='bbox 1076 1118 1330 1173; x_wconf 90' lang='lat' dir='ltr'><strong>societate</strong></span> <span class='ocrx_word' id='word_1_78' title='bbox 1372 1112 1695 1182; x_wconf 80' lang='lat' dir='ltr'><strong>Angelorum</strong></span> <span class='ocrx_word' id='word_1_79' title='bbox 1739 1108 1929 1162; x_wconf 87' lang='lat' dir='ltr'><strong>civium</strong></span> <span class='ocrx_word' id='word_1_80' title='bbox 1973 1107 2024 1159; x_wconf 92' lang='lat' dir='ltr'><strong>in</strong></span> 
     </span>
    </p>
   </div>
   <div class='ocr_carea' id='block_1_11' title="bbox 443 1205 990 1271">
    <p class='ocr_par' dir='ltr' id='par_1_11' title="bbox 443 1205 990 1271">
     <span class='ocr_line' id='line_1_11' title="bbox 443 1205 990 1271; baseline -0.011 -1"><span class='ocrx_word' id='word_1_81' title='bbox 443 1205 642 1271; x_wconf 80' lang='lat' dir='ltr'><strong>:etérna</strong></span> <span class='ocrx_word' id='word_1_82' title='bbox 674 1213 990 1269; x_wconf 77' lang='lat' dir='ltr'><strong>Jerusalem.</strong></span> 
     </span>
    </p>
   </div>
   <div class='ocr_carea' id='block_1_12' title="bbox 513 1288 2026 1381">
    <p class='ocr_par' dir='ltr' id='par_1_12' title="bbox 513 1288 2026 1381">
     <span class='ocr_line' id='line_1_12' title="bbox 513 1288 2026 1381; baseline -0.016 -17"><span class='ocrx_word' id='word_1_83' title='bbox 513 1311 569 1364; x_wconf 71' lang='lat'><strong>2.</strong></span> <span class='ocrx_word' id='word_1_84' title='bbox 603 1309 754 1381; x_wconf 61' lang='lat' dir='ltr'><strong>iners.</strong></span> <span class='ocrx_word' id='word_1_85' title='bbox 782 1305 861 1379; x_wconf 70' lang='grc'><strong>1.]</strong></span> <span class='ocrx_word' id='word_1_86' title='bbox 886 1305 1010 1359; x_wconf 89' lang='lat' dir='ltr'><strong>Ideo</strong></span> <span class='ocrx_word' id='word_1_87' title='bbox 1033 1302 1266 1373; x_wconf 78' lang='lat' dir='ltr'><strong>psalmus</strong></span> <span class='ocrx_word' id='word_1_88' title='bbox 1287 1300 1405 1363; x_wconf 84' lang='lat' dir='ltr'><strong>iste,</strong></span> <span class='ocrx_word' id='word_1_89' title='bbox 1428 1310 1582 1366; x_wconf 86' lang='lat' dir='ltr'><strong>quem</strong></span> <span class='ocrx_word' id='word_1_90' title='bbox 1608 1293 1767 1347; x_wconf 91' lang='lat' dir='ltr'><strong>hodie</strong></span> <span class='ocrx_word' id='word_1_91' title='bbox 1790 1288 2026 1358; x_wconf 79' lang='lat' dir='ltr'><strong>suscepi-</strong></span> 
     </span>
    </p>
   </div>
   <div class='ocr_carea' id='block_1_13' title="bbox 444 1380 2027 1457">
    <p class='ocr_par' dir='ltr' id='par_1_13' title="bbox 444 1380 2027 1457">
     <span class='ocr_line' id='line_1_13' title="bbox 444 1380 2027 1457; baseline -0.015 0"><span class='ocrx_word' id='word_1_92' title='bbox 444 1416 565 1457; x_wconf 92' lang='lat' dir='ltr'><strong>mus</strong></span> <span class='ocrx_word' id='word_1_93' title='bbox 583 1380 912 1456; x_wconf 80' lang='lat' dir='ltr'><strong>tractandum</strong></span> <span class='ocrx_word' id='word_1_94' title='bbox 933 1393 1205 1451; x_wconf 84' lang='lat' dir='ltr'><strong>Sanctitati</strong></span> <span class='ocrx_word' id='word_1_95' title='bbox 1225 1401 1432 1453; x_wconf 63' lang='lat' dir='ltr'><strong>vestra),</strong></span> <span class='ocrx_word' id='word_1_96' title='bbox 1448 1389 1613 1456; x_wconf 86' lang='lat' dir='ltr'><strong>ipsam</strong></span> <span class='ocrx_word' id='word_1_97' title='bbox 1631 1384 1924 1438; x_wconf 74' lang='lat' dir='ltr'><strong>Jerusalem</strong></span> <span class='ocrx_word' id='word_1_98' title='bbox 1943 1380 2027 1434; x_wconf 81' lang='lat' dir='ltr'><strong>de-</strong></span> 
     </span>
    </p>
   </div>
   <div class='ocr_carea' id='block_1_14' title="bbox 445 1473 2021 1556">
    <p class='ocr_par' dir='ltr' id='par_1_14' title="bbox 445 1473 2021 1556">
     <span class='ocr_line' id='line_1_14' title="bbox 445 1473 2021 1556; baseline -0.015 -9"><span class='ocrx_word' id='word_1_99' title='bbox 445 1493 663 1554; x_wconf 87' lang='lat' dir='ltr'><strong>siderat,</strong></span> <span class='ocrx_word' id='word_1_100' title='bbox 679 1491 728 1545; x_wconf 89' lang='lat' dir='ltr'><strong>id</strong></span> <span class='ocrx_word' id='word_1_101' title='bbox 743 1498 843 1555; x_wconf 89' lang='lat' dir='ltr'><strong>est,</strong></span> <span class='ocrx_word' id='word_1_102' title='bbox 859 1490 956 1542; x_wconf 92' lang='lat' dir='ltr'><strong>iste</strong></span> <span class='ocrx_word' id='word_1_103' title='bbox 972 1485 1059 1556; x_wconf 85' lang='lat' dir='ltr'><strong>qui</strong></span> <span class='ocrx_word' id='word_1_104' title='bbox 1078 1483 1315 1538; x_wconf 79' lang='lat' dir='ltr'><strong>ascendit</strong></span> <span class='ocrx_word' id='word_1_105' title='bbox 1332 1482 1380 1533; x_wconf 89' lang='lat' dir='ltr'><strong>in</strong></span> <span class='ocrx_word' id='word_1_106' title='bbox 1401 1480 1500 1533; x_wconf 85' lang='lat' dir='ltr'><strong>hoc</strong></span> <span class='ocrx_word' id='word_1_107' title='bbox 1518 1478 1717 1545; x_wconf 85' lang='lat' dir='ltr'><strong>psalmo</strong></span> <span class='ocrx_word' id='word_1_108' title='bbox 1733 1494 1746 1528; x_wconf 89' lang='lat'><strong>:</strong></span> <span class='ocrx_word' id='word_1_109' title='bbox 1762 1483 1838 1528; x_wconf 87' lang='lat' dir='ltr'><strong>est</strong></span> <span class='ocrx_word' id='word_1_110' title='bbox 1858 1473 2021 1537; x_wconf 90' lang='lat' dir='ltr'><strong>enim,</strong></span> 
     </span>
    </p>
   </div>
   <div class='ocr_carea' id='block_1_15' title="bbox 445 1563 2020 1651">
    <p class='ocr_par' dir='ltr' id='par_1_15' title="bbox 445 1563 2020 1651">
     <span class='ocr_line' id='line_1_15' title="bbox 445 1563 2020 1651; baseline -0.015 -13"><span class='ocrx_word' id='word_1_111' title='bbox 445 1584 705 1638; x_wconf 83' lang='lat' dir='ltr'><strong>Canticum</strong></span> <span class='ocrx_word' id='word_1_112' title='bbox 734 1582 982 1651; x_wconf 74' lang='lat' dir='ltr'><strong>graduum</strong></span> <span class='ocrx_word' id='word_1_113' title='bbox 1003 1592 1023 1640; x_wconf 88' lang='lat'><strong><em>;</em></strong></span> <span class='ocrx_word' id='word_1_114' title='bbox 1050 1574 1189 1646; x_wconf 88' lang='lat' dir='ltr'><strong>quod</strong></span> <span class='ocrx_word' id='word_1_115' title='bbox 1220 1587 1362 1641; x_wconf 66' lang='lat' dir='ltr'><strong>sarpe</strong></span> <span class='ocrx_word' id='word_1_116' title='bbox 1387 1570 1618 1624; x_wconf 81' lang='lat' dir='ltr'><strong>diximus</strong></span> <span class='ocrx_word' id='word_1_117' title='bbox 1645 1563 1900 1621; x_wconf 87' lang='lat' dir='ltr'><strong>Charitati</strong></span> <span class='ocrx_word' id='word_1_118' title='bbox 1932 1579 2020 1615; x_wconf 83' lang='lat' dir='ltr'><strong>ve-</strong></span> 
     </span>
    </p>
   </div>
   <div class='ocr_carea' id='block_1_16' title="bbox 444 1656 2026 1745">
    <p class='ocr_par' dir='ltr' id='par_1_16' title="bbox 444 1656 2026 1745">
     <span class='ocr_line' id='line_1_16' title="bbox 444 1656 2026 1745; baseline -0.015 -16"><span class='ocrx_word' id='word_1_119' title='bbox 444 1675 712 1745; x_wconf 82' lang='lat' dir='ltr'><strong>str:r,quia</strong></span> <span class='ocrx_word' id='word_1_120' title='bbox 730 1689 832 1726; x_wconf 90' lang='lat' dir='ltr'><strong>non</strong></span> <span class='ocrx_word' id='word_1_121' title='bbox 844 1668 1170 1739; x_wconf 76' lang='lat' dir='ltr'><strong>suntgradus</strong></span> <span class='ocrx_word' id='word_1_122' title='bbox 1182 1666 1264 1720; x_wconf 88' lang='lat' dir='ltr'><strong>isti</strong></span> <span class='ocrx_word' id='word_1_123' title='bbox 1277 1660 1729 1720; x_wconf 76' lang='lat' dir='ltr'><strong>descendentium,</strong></span> <span class='ocrx_word' id='word_1_124' title='bbox 1744 1656 1836 1711; x_wconf 90' lang='lat' dir='ltr'><strong>sed</strong></span> <span class='ocrx_word' id='word_1_125' title='bbox 1850 1669 2026 1709; x_wconf 89' lang='lat' dir='ltr'><strong>ascen-</strong></span> 
     </span>
    </p>
   </div>
   <div class='ocr_carea' id='block_1_17' title="bbox 443 1749 2026 1835">
    <p class='ocr_par' dir='ltr' id='par_1_17' title="bbox 443 1749 2026 1835">
     <span class='ocr_line' id='line_1_17' title="bbox 443 1749 2026 1835; baseline -0.015 -13"><span class='ocrx_word' id='word_1_126' title='bbox 443 1768 678 1822; x_wconf 80' lang='lat' dir='ltr'><strong>dentium</strong></span> <span class='ocrx_word' id='word_1_127' title='bbox 699 1766 793 1835; x_wconf 91' lang='lat' dir='ltr'><strong>(a).</strong></span> <span class='ocrx_word' id='word_1_128' title='bbox 810 1762 1111 1818; x_wconf 81' lang='lat' dir='ltr'><strong>Ascendere</strong></span> <span class='ocrx_word' id='word_1_129' title='bbox 1128 1774 1254 1829; x_wconf 81' lang='lat' dir='ltr'><strong>ergo</strong></span> <span class='ocrx_word' id='word_1_130' title='bbox 1266 1758 1375 1811; x_wconf 89' lang='lat' dir='ltr'><strong>vult</strong></span> <span class='ocrx_word' id='word_1_131' title='bbox 1393 1756 1508 1808; x_wconf 68' lang='lat' dir='ltr'><strong>iste.</strong></span> <span class='ocrx_word' id='word_1_132' title='bbox 1526 1752 1593 1805; x_wconf 85' lang='lat' dir='ltr'><strong>Et</strong></span> <span class='ocrx_word' id='word_1_133' title='bbox 1607 1766 1713 1821; x_wconf 91' lang='lat' dir='ltr'><strong>quo</strong></span> <span class='ocrx_word' id='word_1_134' title='bbox 1728 1749 2026 1802; x_wconf 86' lang='lat' dir='ltr'><strong>vultasceu-</strong></span> 
     </span>
    </p>
   </div>
   <div class='ocr_carea' id='block_1_18' title="bbox 443 1838 2025 1923">
    <p class='ocr_par' dir='ltr' id='par_1_18' title="bbox 443 1838 2025 1923">
     <span class='ocr_line' id='line_1_18' title="bbox 443 1838 2025 1923; baseline -0.013 -11"><span class='ocrx_word' id='word_1_135' title='bbox 443 1860 590 1923; x_wconf 82' lang='lat' dir='ltr'><strong>dere,</strong></span> <span class='ocrx_word' id='word_1_136' title='bbox 614 1858 714 1911; x_wconf 88' lang='lat' dir='ltr'><strong>nisi</strong></span> <span class='ocrx_word' id='word_1_137' title='bbox 743 1858 793 1911; x_wconf 90' lang='lat' dir='ltr'><strong>in</strong></span> <span class='ocrx_word' id='word_1_138' title='bbox 818 1853 1048 1909; x_wconf 85' lang='lat' dir='ltr'><strong>coelum?</strong></span> <span class='ocrx_word' id='word_1_139' title='bbox 1069 1850 1202 1918; x_wconf 72' lang='lat' dir='ltr'><strong>Quid</strong></span> <span class='ocrx_word' id='word_1_140' title='bbox 1232 1856 1334 1913; x_wconf 81' lang='lat' dir='ltr'><strong>est,</strong></span> <span class='ocrx_word' id='word_1_141' title='bbox 1355 1847 1406 1900; x_wconf 92' lang='lat' dir='ltr'><strong>in</strong></span> <span class='ocrx_word' id='word_1_142' title='bbox 1435 1842 1664 1899; x_wconf 71' lang='lat' dir='ltr'><strong>coelum?</strong></span> <span class='ocrx_word' id='word_1_143' title='bbox 1690 1840 1877 1895; x_wconf 86' lang='lat' dir='ltr'><strong>Utrum</strong></span> <span class='ocrx_word' id='word_1_144' title='bbox 1907 1838 2025 1892; x_wconf 88' lang='lat' dir='ltr'><strong>ideo</strong></span> 
     </span>
    </p>
   </div>
   <div class='ocr_carea' id='block_1_19' title="bbox 446 1929 2019 2012">
    <p class='ocr_par' dir='ltr' id='par_1_19' title="bbox 446 1929 2019 2012">
     <span class='ocr_line' id='line_1_19' title="bbox 446 1929 2019 2012; baseline -0.013 -12"><span class='ocrx_word' id='word_1_145' title='bbox 446 1952 561 2004; x_wconf 87' lang='lat' dir='ltr'><strong>vult</strong></span> <span class='ocrx_word' id='word_1_146' title='bbox 578 1949 887 2012; x_wconf 88' lang='lat' dir='ltr'><strong>ascendere,</strong></span> <span class='ocrx_word' id='word_1_147' title='bbox 913 1954 970 1999; x_wconf 89' lang='lat' dir='ltr'><strong>ut</strong></span> <span class='ocrx_word' id='word_1_148' title='bbox 990 1945 1194 1999; x_wconf 89' lang='lat' dir='ltr'><strong>sitcum</strong></span> <span class='ocrx_word' id='word_1_149' title='bbox 1214 1940 1326 1994; x_wconf 89' lang='lat' dir='ltr'><strong>sole</strong></span> <span class='ocrx_word' id='word_1_150' title='bbox 1345 1946 1400 1992; x_wconf 89' lang='lat' dir='ltr'><strong>et</strong></span> <span class='ocrx_word' id='word_1_151' title='bbox 1414 1939 1535 1990; x_wconf 89' lang='lat' dir='ltr'><strong>luna</strong></span> <span class='ocrx_word' id='word_1_152' title='bbox 1557 1942 1612 1988; x_wconf 84' lang='lat' dir='ltr'><strong>et</strong></span> <span class='ocrx_word' id='word_1_153' title='bbox 1626 1931 1830 1986; x_wconf 76' lang='lat' dir='ltr'><strong>stellis?</strong></span> <span class='ocrx_word' id='word_1_154' title='bbox 1853 1929 2019 1983; x_wconf 85' lang='lat' dir='ltr'><strong>Absit.</strong></span> 
     </span>
    </p>
   </div>
   <div class='ocr_carea' id='block_1_20' title="bbox 444 2025 2025 2097">
    <p class='ocr_par' dir='ltr' id='par_1_20' title="bbox 444 2025 2025 2097">
     <span class='ocr_line' id='line_1_20' title="bbox 444 2025 2025 2097; baseline -0.015 0"><span class='ocrx_word' id='word_1_155' title='bbox 444 2043 548 2096; x_wconf 72' lang='lat' dir='ltr'><strong>Sed</strong></span> <span class='ocrx_word' id='word_1_156' title='bbox 576 2051 658 2097; x_wconf 87' lang='lat' dir='ltr'><strong>est</strong></span> <span class='ocrx_word' id='word_1_157' title='bbox 684 2043 734 2095; x_wconf 90' lang='lat' dir='ltr'><strong>in</strong></span> <span class='ocrx_word' id='word_1_158' title='bbox 760 2040 898 2095; x_wconf 85' lang='lat' dir='ltr'><strong>coelo</strong></span> <span class='ocrx_word' id='word_1_159' title='bbox 922 2046 1118 2091; x_wconf 72' lang='lat' dir='ltr'><strong>mterna</strong></span> <span class='ocrx_word' id='word_1_160' title='bbox 1141 2032 1460 2090; x_wconf 63' lang='lat' dir='ltr'><strong>Jerusalem,</strong></span> <span class='ocrx_word' id='word_1_161' title='bbox 1494 2028 1580 2082; x_wconf 89' lang='lat' dir='ltr'><strong>ubi</strong></span> <span class='ocrx_word' id='word_1_162' title='bbox 1608 2034 1730 2079; x_wconf 90' lang='lat' dir='ltr'><strong>sunt</strong></span> <span class='ocrx_word' id='word_1_163' title='bbox 1758 2025 1900 2078; x_wconf 90' lang='lat' dir='ltr'><strong>cives</strong></span> <span class='ocrx_word' id='word_1_164' title='bbox 1931 2037 2025 2075; x_wconf 85' lang='lat' dir='ltr'><strong>no-</strong></span> 
     </span>
    </p>
   </div>
   <div class='ocr_carea' id='block_1_21' title="bbox 442 2112 2022 2201">
    <p class='ocr_par' dir='ltr' id='par_1_21' title="bbox 442 2112 2022 2201">
     <span class='ocr_line' id='line_1_21' title="bbox 442 2112 2022 2201; baseline -0.015 -14"><span class='ocrx_word' id='word_1_165' title='bbox 442 2134 537 2187; x_wconf 89' lang='lat' dir='ltr'><strong>stri</strong></span> <span class='ocrx_word' id='word_1_166' title='bbox 570 2131 755 2201; x_wconf 79' lang='lat' dir='ltr'><strong>Angeli</strong></span> <span class='ocrx_word' id='word_1_167' title='bbox 791 2147 803 2182; x_wconf 88' lang='lat'><strong>:</strong></span> <span class='ocrx_word' id='word_1_168' title='bbox 838 2130 905 2184; x_wconf 89' lang='lat' dir='ltr'><strong>ab</strong></span> <span class='ocrx_word' id='word_1_169' title='bbox 935 2128 1062 2197; x_wconf 82' lang='lat' dir='ltr'><strong>ipsis</strong></span> <span class='ocrx_word' id='word_1_170' title='bbox 1090 2125 1292 2180; x_wconf 83' lang='lat' dir='ltr'><strong>civibus</strong></span> <span class='ocrx_word' id='word_1_171' title='bbox 1318 2120 1515 2176; x_wconf 82' lang='lat' dir='ltr'><strong>nostris</strong></span> <span class='ocrx_word' id='word_1_172' title='bbox 1547 2117 1942 2187; x_wconf 78' lang='lat' dir='ltr'><strong>peregrinantur</strong></span> <span class='ocrx_word' id='word_1_173' title='bbox 1970 2112 2022 2166; x_wconf 89' lang='lat' dir='ltr'><strong>in</strong></span> 
     </span>
    </p>
   </div>
   <div class='ocr_carea' id='block_1_22' title="bbox 442 2209 2022 2291">
    <p class='ocr_par' dir='ltr' id='par_1_22' title="bbox 442 2209 2022 2291">
     <span class='ocr_line' id='line_1_22' title="bbox 442 2209 2022 2291; baseline -0.013 -11"><span class='ocrx_word' id='word_1_174' title='bbox 442 2235 601 2280; x_wconf 83' lang='lat' dir='ltr'><strong>terra.</strong></span> <span class='ocrx_word' id='word_1_175' title='bbox 632 2224 686 2277; x_wconf 92' lang='lat' dir='ltr'><strong>ln</strong></span> <span class='ocrx_word' id='word_1_176' title='bbox 720 2219 1144 2291; x_wconf 75' lang='lat' dir='ltr'><strong>peregrinatione</strong></span> <span class='ocrx_word' id='word_1_177' title='bbox 1172 2215 1536 2284; x_wconf 89' lang='lat' dir='ltr'><strong>suspiramus;</strong></span> <span class='ocrx_word' id='word_1_178' title='bbox 1572 2211 1622 2264; x_wconf 92' lang='lat' dir='ltr'><strong>in</strong></span> <span class='ocrx_word' id='word_1_179' title='bbox 1652 2209 1866 2264; x_wconf 88' lang='lat' dir='ltr'><strong>civitate</strong></span> <span class='ocrx_word' id='word_1_180' title='bbox 1891 2222 2022 2277; x_wconf 75' lang='lat' dir='ltr'><strong>gau-</strong></span> 
     </span>
    </p>
   </div>
   <div class='ocr_carea' id='block_1_23' title="bbox 439 2298 2022 2369">
    <p class='ocr_par' dir='ltr' id='par_1_23' title="bbox 439 2298 2022 2369">
     <span class='ocr_line' id='line_1_23' title="bbox 439 2298 2022 2369; baseline -0.009 -4"><span class='ocrx_word' id='word_1_181' title='bbox 439 2314 703 2367; x_wconf 88' lang='lat' dir='ltr'><strong>debimus.</strong></span> <span class='ocrx_word' id='word_1_182' title='bbox 733 2311 1037 2365; x_wconf 83' lang='lat' dir='ltr'><strong>invenimus</strong></span> <span class='ocrx_word' id='word_1_183' title='bbox 1074 2318 1249 2361; x_wconf 86' lang='lat' dir='ltr'><strong>autem</strong></span> <span class='ocrx_word' id='word_1_184' title='bbox 1277 2313 1332 2360; x_wconf 90' lang='lat' dir='ltr'><strong>et</strong></span> <span class='ocrx_word' id='word_1_185' title='bbox 1371 2304 1544 2358; x_wconf 90' lang='lat' dir='ltr'><strong>socios</strong></span> <span class='ocrx_word' id='word_1_186' title='bbox 1573 2302 1624 2355; x_wconf 92' lang='lat' dir='ltr'><strong>in</strong></span> <span class='ocrx_word' id='word_1_187' title='bbox 1655 2301 1753 2355; x_wconf 82' lang='lat' dir='ltr'><strong>ista</strong></span> <span class='ocrx_word' id='word_1_188' title='bbox 1787 2298 2022 2369; x_wconf 81' lang='lat' dir='ltr'><strong>pcregri-</strong></span> 
     </span>
    </p>
   </div>
   <div class='ocr_carea' id='block_1_24' title="bbox 441 2389 2050 2469">
    <p class='ocr_par' dir='ltr' id='par_1_24' title="bbox 441 2389 2050 2469">
     <span class='ocr_line' id='line_1_24' title="bbox 441 2389 2050 2469; baseline -0.011 -12"><span class='ocrx_word' id='word_1_189' title='bbox 441 2404 673 2466; x_wconf 87' lang='lat' dir='ltr'><strong>natione,</strong></span> <span class='ocrx_word' id='word_1_190' title='bbox 697 2401 783 2469; x_wconf 89' lang='lat' dir='ltr'><strong>qui</strong></span> <span class='ocrx_word' id='word_1_191' title='bbox 805 2400 919 2469; x_wconf 85' lang='lat' dir='ltr'><strong>jam</strong></span> <span class='ocrx_word' id='word_1_192' title='bbox 942 2398 1189 2453; x_wconf 87' lang='lat' dir='ltr'><strong>viderunt</strong></span> <span class='ocrx_word' id='word_1_193' title='bbox 1217 2396 1384 2464; x_wconf 88' lang='lat' dir='ltr'><strong>ipsam</strong></span> <span class='ocrx_word' id='word_1_194' title='bbox 1410 2393 1699 2452; x_wconf 85' lang='lat' dir='ltr'><strong>civitatem,</strong></span> <span class='ocrx_word' id='word_1_195' title='bbox 1722 2397 1775 2443; x_wconf 88' lang='lat' dir='ltr'><strong>et</strong></span> <span class='ocrx_word' id='word_1_196' title='bbox 1801 2389 2050 2448; x_wconf 71' lang='lat' dir='ltr'><strong>invitant,</strong></span> 
     </span>
    </p>
   </div>
   <div class='ocr_carea' id='block_1_25' title="bbox 444 2480 2025 2555">
    <p class='ocr_par' dir='ltr' id='par_1_25' title="bbox 444 2480 2025 2555">
     <span class='ocr_line' id='line_1_25' title="bbox 444 2480 2025 2555; baseline -0.011 -7"><span class='ocrx_word' id='word_1_197' title='bbox 444 2511 541 2548; x_wconf 90' lang='lat' dir='ltr'><strong>nos</strong></span> <span class='ocrx_word' id='word_1_198' title='bbox 568 2504 625 2548; x_wconf 88' lang='lat' dir='ltr'><strong>ut</strong></span> <span class='ocrx_word' id='word_1_199' title='bbox 652 2509 927 2549; x_wconf 90' lang='lat' dir='ltr'><strong>curramus</strong></span> <span class='ocrx_word' id='word_1_200' title='bbox 953 2492 1017 2546; x_wconf 92' lang='lat' dir='ltr'><strong>ad</strong></span> <span class='ocrx_word' id='word_1_201' title='bbox 1050 2491 1212 2544; x_wconf 89' lang='lat' dir='ltr'><strong>illam.</strong></span> <span class='ocrx_word' id='word_1_202' title='bbox 1247 2487 1327 2542; x_wconf 89' lang='lat' dir='ltr'><strong>Ad</strong></span> <span class='ocrx_word' id='word_1_203' title='bbox 1356 2487 1454 2540; x_wconf 92' lang='lat' dir='ltr'><strong>hos</strong></span> <span class='ocrx_word' id='word_1_204' title='bbox 1495 2483 1688 2555; x_wconf 81' lang='lat' dir='ltr'><strong>gaudet</strong></span> <span class='ocrx_word' id='word_1_205' title='bbox 1718 2482 1816 2536; x_wconf 90' lang='lat' dir='ltr'><strong>istc</strong></span> <span class='ocrx_word' id='word_1_206' title='bbox 1858 2480 1944 2547; x_wconf 89' lang='lat' dir='ltr'><strong>qui</strong></span> <span class='ocrx_word' id='word_1_207' title='bbox 1971 2487 2025 2532; x_wconf 89' lang='lat' dir='ltr'><strong>et</strong></span> 
     </span>
    </p>
   </div>
   <div class='ocr_carea' id='block_1_26' title="bbox 439 2572 2023 2652">
    <p class='ocr_par' dir='ltr' id='par_1_26' title="bbox 439 2572 2023 2652">
     <span class='ocr_line' id='line_1_26' title="bbox 439 2572 2023 2652; baseline -0.009 -12"><span class='ocrx_word' id='word_1_208' title='bbox 439 2588 586 2652; x_wconf 88' lang='lat' dir='ltr'><strong>dicit,</strong></span> <span class='ocrx_word' id='word_1_209' title='bbox 608 2586 932 2639; x_wconf 80' lang='lat' dir='ltr'><strong>Jncundatus</strong></span> <span class='ocrx_word' id='word_1_210' title='bbox 956 2600 1067 2639; x_wconf 85' lang='lat' dir='ltr'><strong>sum</strong></span> <span class='ocrx_word' id='word_1_211' title='bbox 1097 2583 1148 2636; x_wconf 88' lang='lat' dir='ltr'><strong>in</strong></span> <span class='ocrx_word' id='word_1_212' title='bbox 1180 2582 1257 2635; x_wconf 84' lang='lat' dir='ltr'><strong>Itis</strong></span> <span class='ocrx_word' id='word_1_213' title='bbox 1281 2580 1366 2650; x_wconf 86' lang='lat' dir='ltr'><strong>qui</strong></span> <span class='ocrx_word' id='word_1_214' title='bbox 1389 2578 1627 2631; x_wconf 78' lang='lat' dir='ltr'><strong>dixerunt</strong></span> <span class='ocrx_word' id='word_1_215' title='bbox 1652 2575 1777 2629; x_wconf 76' lang='lat' dir='ltr'><strong>milii</strong></span> <span class='ocrx_word' id='word_1_216' title='bbox 1796 2616 1810 2640; x_wconf 94' lang='lat'><strong>,</strong></span> <span class='ocrx_word' id='word_1_217' title='bbox 1839 2572 1905 2626; x_wconf 86' lang='lat' dir='ltr'><strong>In</strong></span> <span class='ocrx_word' id='word_1_218' title='bbox 1931 2573 2023 2626; x_wconf 75' lang='lat' dir='ltr'><strong>(lo-</strong></span> 
     </span>
    </p>
   </div>
   <div class='ocr_carea' id='block_1_27' title="bbox 439 2662 2022 2732">
    <p class='ocr_par' dir='ltr' id='par_1_27' title="bbox 439 2662 2022 2732">
     <span class='ocr_line' id='line_1_27' title="bbox 439 2662 2022 2732; baseline -0.008 -3"><span class='ocrx_word' id='word_1_219' title='bbox 439 2694 576 2729; x_wconf 87' lang='lat' dir='ltr'><strong>mmn</strong></span> <span class='ocrx_word' id='word_1_220' title='bbox 607 2675 808 2730; x_wconf 78' lang='lat' dir='ltr'><strong>Domini</strong></span> <span class='ocrx_word' id='word_1_221' title='bbox 834 2675 1034 2728; x_wconf 79' lang='lat' dir='ltr'><strong>ibinnts.</strong></span> <span class='ocrx_word' id='word_1_222' title='bbox 1075 2673 1308 2732; x_wconf 87' lang='lat' dir='ltr'><strong>Fratres,</strong></span> <span class='ocrx_word' id='word_1_223' title='bbox 1337 2670 1514 2722; x_wconf 77' lang='lat' dir='ltr'><strong>veniat</strong></span> <span class='ocrx_word' id='word_1_224' title='bbox 1540 2668 1592 2720; x_wconf 91' lang='lat' dir='ltr'><strong>in</strong></span> <span class='ocrx_word' id='word_1_225' title='bbox 1620 2673 1850 2720; x_wconf 90' lang='lat' dir='ltr'><strong>mentem</strong></span> <span class='ocrx_word' id='word_1_226' title='bbox 1878 2662 2022 2717; x_wconf 86' lang='lat' dir='ltr'><strong>Cha-</strong></span> 
     </span>
    </p>
   </div>
   <div class='ocr_carea' id='block_1_28' title="bbox 441 2753 2023 2832">
    <p class='ocr_par' dir='ltr' id='par_1_28' title="bbox 441 2753 2023 2832">
     <span class='ocr_line' id='line_1_28' title="bbox 441 2753 2023 2832; baseline -0.008 -13"><span class='ocrx_word' id='word_1_227' title='bbox 441 2766 583 2820; x_wconf 86' lang='lat' dir='ltr'><strong>ritali</strong></span> <span class='ocrx_word' id='word_1_228' title='bbox 608 2775 818 2829; x_wconf 70' lang='lat' dir='ltr'><strong>vestrzc,</strong></span> <span class='ocrx_word' id='word_1_229' title='bbox 846 2764 889 2819; x_wconf 93' lang='lat' dir='ltr'><strong>si</strong></span> <span class='ocrx_word' id='word_1_230' title='bbox 916 2779 1019 2832; x_wconf 87' lang='lat' dir='ltr'><strong>qua</strong></span> <span class='ocrx_word' id='word_1_231' title='bbox 1051 2762 1185 2816; x_wconf 89' lang='lat' dir='ltr'><strong>forte</strong></span> <span class='ocrx_word' id='word_1_232' title='bbox 1212 2758 1465 2814; x_wconf 79' lang='lat' dir='ltr'><strong>festivitas</strong></span> <span class='ocrx_word' id='word_1_233' title='bbox 1489 2764 1778 2826; x_wconf 84' lang='lat' dir='ltr'><strong>martyrum</strong></span> <span class='ocrx_word' id='word_1_234' title='bbox 1801 2762 1853 2807; x_wconf 87' lang='lat' dir='ltr'><strong>et</strong></span> <span class='ocrx_word' id='word_1_235' title='bbox 1874 2753 2023 2807; x_wconf 85' lang='lat' dir='ltr'><strong>locus</strong></span> 
     </span>
    </p>
   </div>
   <div class='ocr_carea' id='block_1_29' title="bbox 439 2844 2021 2927">
    <p class='ocr_par' dir='ltr' id='par_1_29' title="bbox 439 2844 2021 2927">
     <span class='ocr_line' id='line_1_29' title="bbox 439 2844 2021 2927; baseline -0.009 -17"><span class='ocrx_word' id='word_1_236' title='bbox 439 2857 633 2927; x_wconf 81' lang='lat' dir='ltr'><strong>aliquis</strong></span> <span class='ocrx_word' id='word_1_237' title='bbox 658 2864 873 2910; x_wconf 85' lang='lat' dir='ltr'><strong>sanctus</strong></span> <span class='ocrx_word' id='word_1_238' title='bbox 899 2854 1203 2909; x_wconf 87' lang='lat' dir='ltr'><strong>nominatur</strong></span> <span class='ocrx_word' id='word_1_239' title='bbox 1220 2894 1235 2917; x_wconf 92' lang='lat'><strong>,</strong></span> <span class='ocrx_word' id='word_1_240' title='bbox 1266 2865 1371 2920; x_wconf 83' lang='lat' dir='ltr'><strong>quo</strong></span> <span class='ocrx_word' id='word_1_241' title='bbox 1396 2858 1544 2903; x_wconf 90' lang='lat' dir='ltr'><strong>certo</strong></span> <span class='ocrx_word' id='word_1_242' title='bbox 1582 2846 1669 2901; x_wconf 89' lang='lat' dir='ltr'><strong>die</strong></span> <span class='ocrx_word' id='word_1_243' title='bbox 1698 2844 1863 2899; x_wconf 69' lang='lat' dir='ltr'><strong>turba:</strong></span> <span class='ocrx_word' id='word_1_244' title='bbox 1889 2859 2021 2898; x_wconf 87' lang='lat' dir='ltr'><strong>con-</strong></span> 
     </span>
    </p>
   </div>
   <div class='ocr_carea' id='block_1_30' title="bbox 439 2927 2023 3027">
    <p class='ocr_par' dir='ltr' id='par_1_30' title="bbox 439 2927 2023 3027">
     <span class='ocr_line' id='line_1_30' title="bbox 439 2927 2023 3027; baseline -0.005 -25"><span class='ocrx_word' id='word_1_245' title='bbox 439 2951 605 3003; x_wconf 82' lang='lat' dir='ltr'><strong>ﬂuant</strong></span> <span class='ocrx_word' id='word_1_246' title='bbox 630 2950 696 3004; x_wconf 82' lang='lat' dir='ltr'><strong>ad</strong></span> <span class='ocrx_word' id='word_1_247' title='bbox 721 2948 1094 3004; x_wconf 83' lang='lat' dir='ltr'><strong>celebrandam</strong></span> <span class='ocrx_word' id='word_1_248' title='bbox 1121 2945 1541 3027; x_wconf 75' lang='lat' dir='ltr'><strong>solemnitatem;</strong></span> <span class='ocrx_word' id='word_1_249' title='bbox 1570 2943 1671 2995; x_wconf 70' lang='lat' dir='ltr'><strong>illa:</strong></span> <span class='ocrx_word' id='word_1_250' title='bbox 1698 2927 1862 2996; x_wconf 61' lang='lat' dir='ltr'><strong>{urbm</strong></span> <span class='ocrx_word' id='word_1_251' title='bbox 1890 2956 2023 3010; x_wconf 85' lang='lat' dir='ltr'><strong>quo-</strong></span> 
     </span>
    </p>
   </div>
   <div class='ocr_carea' id='block_1_31' title="bbox 438 3033 2016 3110">
    <p class='ocr_par' dir='ltr' id='par_1_31' title="bbox 438 3033 2016 3110">
     <span class='ocr_line' id='line_1_31' title="bbox 438 3033 2016 3110; baseline -0.007 -14"><span class='ocrx_word' id='word_1_252' title='bbox 438 3043 601 3097; x_wconf 86' lang='lat' dir='ltr'><strong>modo</strong></span> <span class='ocrx_word' id='word_1_253' title='bbox 617 3058 677 3097; x_wconf 89' lang='lat' dir='ltr'><strong>se</strong></span> <span class='ocrx_word' id='word_1_254' title='bbox 695 3042 1038 3110; x_wconf 78' lang='lat' dir='ltr'><strong>cxsnseitant,</strong></span> <span class='ocrx_word' id='word_1_255' title='bbox 1063 3038 1330 3110; x_wconf 88' lang='lat' dir='ltr'><strong>quomodo</strong></span> <span class='ocrx_word' id='word_1_256' title='bbox 1354 3053 1412 3092; x_wconf 90' lang='lat' dir='ltr'><strong>se</strong></span> <span class='ocrx_word' id='word_1_257' title='bbox 1433 3037 1714 3091; x_wconf 90' lang='lat' dir='ltr'><strong>hortantur</strong></span> <span class='ocrx_word' id='word_1_258' title='bbox 1733 3044 1781 3088; x_wconf 88' lang='lat' dir='ltr'><strong>et</strong></span> <span class='ocrx_word' id='word_1_259' title='bbox 1804 3033 2016 3089; x_wconf 88' lang='lat' dir='ltr'><strong>dicunt:</strong></span> 
     </span>
    </p>
   </div>
   <div class='ocr_carea' id='block_1_32' title="bbox 439 3122 2016 3199">
    <p class='ocr_par' dir='ltr' id='par_1_32' title="bbox 439 3122 2016 3199">
     <span class='ocr_line' id='line_1_32' title="bbox 439 3122 2016 3199; baseline -0.008 -12"><span class='ocrx_word' id='word_1_260' title='bbox 439 3134 652 3197; x_wconf 78' lang='lat' dir='ltr'><strong>Eamus,</strong></span> <span class='ocrx_word' id='word_1_261' title='bbox 685 3147 888 3187; x_wconf 87' lang='lat' dir='ltr'><strong>eamus.</strong></span> <span class='ocrx_word' id='word_1_262' title='bbox 923 3132 987 3185; x_wconf 80' lang='lat' dir='ltr'><strong>Et</strong></span> <span class='ocrx_word' id='word_1_263' title='bbox 1013 3137 1255 3199; x_wconf 73' lang='lat' dir='ltr'><strong>qumrunt</strong></span> <span class='ocrx_word' id='word_1_264' title='bbox 1278 3168 1292 3190; x_wconf 83' lang='lat'><strong>,</strong></span> <span class='ocrx_word' id='word_1_265' title='bbox 1322 3127 1439 3194; x_wconf 87' lang='lat' dir='ltr'><strong>Quo</strong></span> <span class='ocrx_word' id='word_1_266' title='bbox 1468 3124 1686 3180; x_wconf 86' lang='lat' dir='ltr'><strong>eamus?</strong></span> <span class='ocrx_word' id='word_1_267' title='bbox 1716 3124 1779 3177; x_wconf 87' lang='lat' dir='ltr'><strong>Et</strong></span> <span class='ocrx_word' id='word_1_268' title='bbox 1806 3122 2016 3187; x_wconf 89' lang='lat' dir='ltr'><strong>dicitur,</strong></span> 
     </span>
    </p>
   </div>
   <div class='ocr_carea' id='block_1_33' title="bbox 437 3214 2019 3282">
    <p class='ocr_par' dir='ltr' id='par_1_33' title="bbox 437 3214 2019 3282">
     <span class='ocr_line' id='line_1_33' title="bbox 437 3214 2019 3282; baseline -0.008 -4"><span class='ocrx_word' id='word_1_269' title='bbox 437 3224 515 3278; x_wconf 89' lang='lat' dir='ltr'><strong>Ad</strong></span> <span class='ocrx_word' id='word_1_270' title='bbox 549 3224 692 3275; x_wconf 90' lang='lat' dir='ltr'><strong>illum</strong></span> <span class='ocrx_word' id='word_1_271' title='bbox 725 3224 895 3276; x_wconf 76' lang='lat' dir='ltr'><strong>locum</strong></span> <span class='ocrx_word' id='word_1_272' title='bbox 926 3264 937 3282; x_wconf 91' lang='lat'><strong>,</strong></span> <span class='ocrx_word' id='word_1_273' title='bbox 970 3222 1033 3274; x_wconf 90' lang='lat' dir='ltr'><strong>ad</strong></span> <span class='ocrx_word' id='word_1_274' title='bbox 1059 3230 1298 3274; x_wconf 78' lang='lat' dir='ltr'><strong>sanctum</strong></span> <span class='ocrx_word' id='word_1_275' title='bbox 1328 3219 1521 3272; x_wconf 88' lang='lat' dir='ltr'><strong>locum.</strong></span> <span class='ocrx_word' id='word_1_276' title='bbox 1558 3216 1783 3269; x_wconf 81' lang='lat' dir='ltr'><strong>Invicem</strong></span> <span class='ocrx_word' id='word_1_277' title='bbox 1814 3214 1910 3267; x_wconf 87' lang='lat' dir='ltr'><strong>sibi</strong></span> <span class='ocrx_word' id='word_1_278' title='bbox 1938 3214 2019 3267; x_wconf 85' lang='lat' dir='ltr'><strong>lo-</strong></span> 
     </span>
    </p>
   </div>
   <div class='ocr_carea' id='block_1_34' title="bbox 436 3304 2018 3381">
    <p class='ocr_par' dir='ltr' id='par_1_34' title="bbox 436 3304 2018 3381">
     <span class='ocr_line' id='line_1_34' title="bbox 436 3304 2018 3381; baseline -0.003 -20"><span class='ocrx_word' id='word_1_279' title='bbox 436 3323 689 3381; x_wconf 84' lang='lat' dir='ltr'><strong>quuntur,</strong></span> <span class='ocrx_word' id='word_1_280' title='bbox 723 3322 775 3365; x_wconf 82' lang='lat' dir='ltr'><strong>et</strong></span> <span class='ocrx_word' id='word_1_281' title='bbox 807 3321 1056 3381; x_wconf 81' lang='lat' dir='ltr'><strong>tanquam</strong></span> <span class='ocrx_word' id='word_1_282' title='bbox 1086 3308 1286 3364; x_wconf 81' lang='lat' dir='ltr'><strong>incensi</strong></span> <span class='ocrx_word' id='word_1_283' title='bbox 1310 3307 1612 3375; x_wconf 79' lang='lat' dir='ltr'><strong>singillatim</strong></span> <span class='ocrx_word' id='word_1_284' title='bbox 1640 3304 1838 3358; x_wconf 87' lang='lat' dir='ltr'><strong>faciunt</strong></span> <span class='ocrx_word' id='word_1_285' title='bbox 1858 3319 2018 3358; x_wconf 91' lang='lat' dir='ltr'><strong>unam</strong></span> 
     </span>
    </p>
   </div>
   <div class='ocr_carea' id='block_1_35' title="bbox 436 3394 2019 3472">
    <p class='ocr_par' dir='ltr' id='par_1_35' title="bbox 436 3394 2019 3472">
     <span class='ocr_line' id='line_1_35' title="bbox 436 3394 2019 3472; baseline -0.007 -15"><span class='ocrx_word' id='word_1_286' title='bbox 436 3403 702 3458; x_wconf 80' lang='lat' dir='ltr'><strong>llatmnam</strong></span> <span class='ocrx_word' id='word_1_287' title='bbox 733 3420 745 3455; x_wconf 91' lang='lat'><strong>:</strong></span> <span class='ocrx_word' id='word_1_288' title='bbox 776 3411 829 3455; x_wconf 90' lang='lat' dir='ltr'><strong>et</strong></span> <span class='ocrx_word' id='word_1_289' title='bbox 858 3402 970 3472; x_wconf 89' lang='lat' dir='ltr'><strong>ipsa</strong></span> <span class='ocrx_word' id='word_1_290' title='bbox 999 3415 1098 3453; x_wconf 91' lang='lat' dir='ltr'><strong>una</strong></span> <span class='ocrx_word' id='word_1_291' title='bbox 1142 3398 1351 3452; x_wconf 86' lang='lat' dir='ltr'><strong>flamma</strong></span> <span class='ocrx_word' id='word_1_292' title='bbox 1395 3397 1528 3450; x_wconf 82' lang='lat' dir='ltr'><strong>iacta</strong></span> <span class='ocrx_word' id='word_1_293' title='bbox 1571 3410 1636 3449; x_wconf 78' lang='lat' dir='ltr'><strong>ex</strong></span> <span class='ocrx_word' id='word_1_294' title='bbox 1665 3394 2019 3448; x_wconf 80' lang='lat' dir='ltr'><strong>collocatione</strong></span> 
     </span>
    </p>
   </div>
   <div class='ocr_carea' id='block_1_36' title="bbox 436 3487 2019 3559">
    <p class='ocr_par' dir='ltr' id='par_1_36' title="bbox 436 3487 2019 3559">
     <span class='ocr_line' id='line_1_36' title="bbox 436 3487 2019 3559; baseline -0.007 -10"><span class='ocrx_word' id='word_1_295' title='bbox 436 3511 557 3551; x_wconf 79' lang='lat' dir='ltr'><strong>sese</strong></span> <span class='ocrx_word' id='word_1_296' title='bbox 584 3493 985 3549; x_wconf 86' lang='lat' dir='ltr'><strong>accendentium</strong></span> <span class='ocrx_word' id='word_1_297' title='bbox 1014 3490 1151 3559; x_wconf 81' lang='lat' dir='ltr'><strong>rapit</strong></span> <span class='ocrx_word' id='word_1_298' title='bbox 1197 3490 1315 3543; x_wconf 92' lang='lat' dir='ltr'><strong>illos</strong></span> <span class='ocrx_word' id='word_1_299' title='bbox 1356 3487 1421 3541; x_wconf 90' lang='lat' dir='ltr'><strong>ad</strong></span> <span class='ocrx_word' id='word_1_300' title='bbox 1451 3487 1624 3541; x_wconf 88' lang='lat' dir='ltr'><strong>locmn</strong></span> <span class='ocrx_word' id='word_1_301' title='bbox 1656 3492 1895 3539; x_wconf 84' lang='lat' dir='ltr'><strong>sanctum</strong></span> <span class='ocrx_word' id='word_1_302' title='bbox 1917 3526 1933 3550; x_wconf 90' lang='lat'><strong>,</strong></span> <span class='ocrx_word' id='word_1_303' title='bbox 1963 3493 2019 3538; x_wconf 89' lang='lat' dir='ltr'><strong>et</strong></span> 
     </span>
    </p>
   </div>
   <div class='ocr_carea' id='block_1_37' title="bbox 434 3574 2018 3655">
    <p class='ocr_par' dir='ltr' id='par_1_37' title="bbox 434 3574 2018 3655">
     <span class='ocr_line' id='line_1_37' title="bbox 434 3574 2018 3655; baseline -0.011 -15"><span class='ocrx_word' id='word_1_304' title='bbox 434 3585 686 3655; x_wconf 77' lang='lat' dir='ltr'><strong>cogitatio</strong></span> <span class='ocrx_word' id='word_1_305' title='bbox 706 3592 888 3638; x_wconf 89' lang='lat' dir='ltr'><strong>sancta</strong></span> <span class='ocrx_word' id='word_1_306' title='bbox 917 3581 1209 3636; x_wconf 87' lang='lat' dir='ltr'><strong>sanctilicat</strong></span> <span class='ocrx_word' id='word_1_307' title='bbox 1233 3594 1346 3633; x_wconf 90' lang='lat' dir='ltr'><strong>eos.</strong></span> <span class='ocrx_word' id='word_1_308' title='bbox 1376 3575 1430 3632; x_wconf 93' lang='lat' dir='ltr'><strong>Si</strong></span> <span class='ocrx_word' id='word_1_309' title='bbox 1454 3591 1580 3646; x_wconf 79' lang='lat' dir='ltr'><strong>ergo</strong></span> <span class='ocrx_word' id='word_1_310' title='bbox 1602 3574 1667 3629; x_wconf 88' lang='lat' dir='ltr'><strong>ad</strong></span> <span class='ocrx_word' id='word_1_311' title='bbox 1693 3575 1861 3628; x_wconf 90' lang='lat' dir='ltr'><strong>locum</strong></span> <span class='ocrx_word' id='word_1_312' title='bbox 1887 3583 2018 3626; x_wconf 78' lang='lat' dir='ltr'><strong>tem-</strong></span> 
     </span>
    </p>
   </div>
   <div class='ocr_carea' id='block_1_38' title="bbox 437 3663 2018 3743">
    <p class='ocr_par' dir='ltr' id='par_1_38' title="bbox 437 3663 2018 3743">
     <span class='ocr_line' id='line_1_38' title="bbox 437 3663 2018 3743; baseline -0.005 -18"><span class='ocrx_word' id='word_1_313' title='bbox 437 3676 668 3743; x_wconf 84' lang='lat' dir='ltr'><strong>puralem</strong></span> <span class='ocrx_word' id='word_1_314' title='bbox 700 3675 778 3730; x_wconf 68' lang='lat' dir='ltr'><strong>sic</strong></span> <span class='ocrx_word' id='word_1_315' title='bbox 809 3674 945 3741; x_wconf 78' lang='lat' dir='ltr'><strong>rapit</strong></span> <span class='ocrx_word' id='word_1_316' title='bbox 981 3687 1131 3726; x_wconf 85' lang='lat' dir='ltr'><strong>amor</strong></span> <span class='ocrx_word' id='word_1_317' title='bbox 1173 3677 1422 3733; x_wconf 88' lang='lat' dir='ltr'><strong>sanctus;</strong></span> <span class='ocrx_word' id='word_1_318' title='bbox 1468 3666 1638 3737; x_wconf 87' lang='lat' dir='ltr'><strong>qualis</strong></span> <span class='ocrx_word' id='word_1_319' title='bbox 1680 3679 1832 3717; x_wconf 89' lang='lat' dir='ltr'><strong>amor</strong></span> <span class='ocrx_word' id='word_1_320' title='bbox 1859 3663 2018 3717; x_wconf 87' lang='lat' dir='ltr'><strong>debet</strong></span> 
     </span>
    </p>
   </div>
   <div class='ocr_carea' id='block_1_39' title="bbox 434 3754 2015 3836">
    <p class='ocr_par' dir='ltr' id='par_1_39' title="bbox 434 3754 2015 3836">
     <span class='ocr_line' id='line_1_39' title="bbox 434 3754 2015 3836; baseline -0.006 -20"><span class='ocrx_word' id='word_1_321' title='bbox 434 3781 550 3821; x_wconf 78' lang='lat' dir='ltr'><strong>esse</strong></span> <span class='ocrx_word' id='word_1_322' title='bbox 573 3765 661 3836; x_wconf 87' lang='lat' dir='ltr'><strong>qui</strong></span> <span class='ocrx_word' id='word_1_323' title='bbox 685 3764 978 3820; x_wconf 89' lang='lat' dir='ltr'><strong>concordes</strong></span> <span class='ocrx_word' id='word_1_324' title='bbox 1007 3761 1143 3832; x_wconf 89' lang='lat' dir='ltr'><strong>rapit</strong></span> <span class='ocrx_word' id='word_1_325' title='bbox 1173 3761 1223 3815; x_wconf 93' lang='lat' dir='ltr'><strong>in</strong></span> <span class='ocrx_word' id='word_1_326' title='bbox 1266 3759 1459 3814; x_wconf 73' lang='lat' dir='ltr'><strong>oculum</strong></span> <span class='ocrx_word' id='word_1_327' title='bbox 1488 3800 1500 3822; x_wconf 91' lang='lat'><strong>,</strong></span> <span class='ocrx_word' id='word_1_328' title='bbox 1530 3765 1583 3812; x_wconf 90' lang='lat' dir='ltr'><strong>et</strong></span> <span class='ocrx_word' id='word_1_329' title='bbox 1608 3755 1847 3810; x_wconf 82' lang='lat' dir='ltr'><strong>dicentes</strong></span> <span class='ocrx_word' id='word_1_330' title='bbox 1873 3754 1972 3808; x_wconf 89' lang='lat' dir='ltr'><strong>sibi</strong></span> <span class='ocrx_word' id='word_1_331' title='bbox 2001 3796 2015 3818; x_wconf 90' lang='lat'><strong>,</strong></span> 
     </span>
    </p>
   </div>
   <div class='ocr_carea' id='block_1_40' title="bbox 437 3851 2015 3919">
    <p class='ocr_par' dir='ltr' id='par_1_40' title="bbox 437 3851 2015 3919">
     <span class='ocr_line' id='line_1_40' title="bbox 437 3851 2015 3919; baseline -0.006 -10"><span class='ocrx_word' id='word_1_332' title='bbox 437 3855 499 3910; x_wconf 83' lang='grc' dir='ltr'><strong>1η</strong></span> <span class='ocrx_word' id='word_1_333' title='bbox 526 3856 731 3909; x_wconf 78' lang='lat' dir='ltr'><strong>domum</strong></span> <span class='ocrx_word' id='word_1_334' title='bbox 755 3854 959 3907; x_wconf 87' lang='lat' dir='ltr'><strong>Dontini</strong></span> <span class='ocrx_word' id='word_1_335' title='bbox 987 3852 1205 3906; x_wconf 84' lang='lat' dir='ltr'><strong>ibimus?</strong></span> <span class='ocrx_word' id='word_1_336' title='bbox 1234 3851 1372 3919; x_wconf 80' lang='lat' dir='ltr'><strong>Ergo</strong></span> <span class='ocrx_word' id='word_1_337' title='bbox 1399 3864 1692 3910; x_wconf 86' lang='lat' dir='ltr'><strong>curramus,</strong></span> <span class='ocrx_word' id='word_1_338' title='bbox 1720 3860 2015 3909; x_wconf 87' lang='lat' dir='ltr'><strong>curramus,</strong></span> 
     </span>
    </p>
   </div>
   <div class='ocr_carea' id='block_1_41' title="bbox 432 3931 2020 4021">
    <p class='ocr_par' dir='ltr' id='par_1_41' title="bbox 432 3931 2020 4021">
     <span class='ocr_line' id='line_1_41' title="bbox 432 3931 2020 4021; baseline -0.004 -25"><span class='ocrx_word' id='word_1_339' title='bbox 432 3946 633 4021; x_wconf 67' lang='lat' dir='ltr'><strong>quiaju</strong></span> <span class='ocrx_word' id='word_1_340' title='bbox 665 3944 881 4000; x_wconf 89' lang='lat' dir='ltr'><strong>domum</strong></span> <span class='ocrx_word' id='word_1_341' title='bbox 910 3942 1119 3997; x_wconf 90' lang='lat' dir='ltr'><strong>Domini</strong></span> <span class='ocrx_word' id='word_1_342' title='bbox 1152 3941 1364 3996; x_wconf 89' lang='lat' dir='ltr'><strong>ibimus.</strong></span> <span class='ocrx_word' id='word_1_343' title='bbox 1397 3939 1704 4002; x_wconf 89' lang='lat' dir='ltr'><strong>Curramus,</strong></span> <span class='ocrx_word' id='word_1_344' title='bbox 1739 3931 1915 3991; x_wconf 85' lang='lat' dir='ltr'><strong>etnon</strong></span> <span class='ocrx_word' id='word_1_345' title='bbox 1946 3935 2020 3989; x_wconf 90' lang='lat' dir='ltr'><strong>fa-</strong></span> 
     </span>
    </p>
   </div>
   <div class='ocr_carea' id='block_1_42' title="bbox 436 4029 2015 4109">
    <p class='ocr_par' dir='ltr' id='par_1_42' title="bbox 436 4029 2015 4109">
     <span class='ocr_line' id='line_1_42' title="bbox 436 4029 2015 4109; baseline -0.007 -18"><span class='ocrx_word' id='word_1_346' title='bbox 436 4041 694 4109; x_wconf 79' lang='lat' dir='ltr'><strong>tigentur;</strong></span> <span class='ocrx_word' id='word_1_347' title='bbox 724 4038 846 4107; x_wconf 84' lang='lat' dir='ltr'><strong>quia</strong></span> <span class='ocrx_word' id='word_1_348' title='bbox 870 4037 992 4091; x_wconf 94' lang='lat' dir='ltr'><strong>illuc</strong></span> <span class='ocrx_word' id='word_1_349' title='bbox 1016 4035 1406 4105; x_wconf 87' lang='lat' dir='ltr'><strong>perveniemus,</strong></span> <span class='ocrx_word' id='word_1_350' title='bbox 1434 4032 1519 4085; x_wconf 89' lang='lat' dir='ltr'><strong>ubi</strong></span> <span class='ocrx_word' id='word_1_351' title='bbox 1550 4047 1663 4109; x_wconf 82' lang='lat' dir='ltr'><strong>non</strong></span> <span class='ocrx_word' id='word_1_352' title='bbox 1681 4029 2015 4085; x_wconf 86' lang='lat' dir='ltr'><strong>lassabimnr.</strong></span> 
     </span>
    </p>
   </div>
   <div class='ocr_carea' id='block_1_43' title="bbox 434 4106 2014 4191">
    <p class='ocr_par' dir='ltr' id='par_1_43' title="bbox 434 4106 2014 4191">
     <span class='ocr_line' id='line_1_43' title="bbox 434 4106 2014 4191; baseline -0.004 -12"><span class='ocrx_word' id='word_1_353' title='bbox 434 4130 723 4183; x_wconf 72' lang='lat' dir='ltr'><strong>tlurramus</strong></span> <span class='ocrx_word' id='word_1_354' title='bbox 754 4128 805 4181; x_wconf 86' lang='lat' dir='ltr'><strong>in</strong></span> <span class='ocrx_word' id='word_1_355' title='bbox 833 4126 1048 4181; x_wconf 89' lang='lat' dir='ltr'><strong>domum</strong></span> <span class='ocrx_word' id='word_1_356' title='bbox 1096 4125 1345 4191; x_wconf 90' lang='lat' dir='ltr'><strong>Domini,</strong></span> <span class='ocrx_word' id='word_1_357' title='bbox 1370 4106 1690 4191; x_wconf 85' lang='lat' dir='ltr'><strong>jurnndetur</strong></span> <span class='ocrx_word' id='word_1_358' title='bbox 1718 4122 1892 4175; x_wconf 70' lang='lat' dir='ltr'><strong>anima</strong></span> <span class='ocrx_word' id='word_1_359' title='bbox 1924 4136 2014 4174; x_wconf 84' lang='lat' dir='ltr'><strong>nu-</strong></span> 
     </span>
    </p>
   </div>
   <div class='ocr_carea' id='block_1_44' title="bbox 433 4211 2020 4288">
    <p class='ocr_par' dir='ltr' id='par_1_44' title="bbox 433 4211 2020 4288">
     <span class='ocr_line' id='line_1_44' title="bbox 433 4211 2020 4288; baseline -0.003 -20"><span class='ocrx_word' id='word_1_360' title='bbox 433 4230 539 4272; x_wconf 65' lang='grc' dir='ltr'><strong>ειη</strong></span> <span class='ocrx_word' id='word_1_361' title='bbox 573 4218 624 4272; x_wconf 91' lang='lat' dir='ltr'><strong>in</strong></span> <span class='ocrx_word' id='word_1_362' title='bbox 655 4218 738 4272; x_wconf 83' lang='lat' dir='ltr'><strong>bis</strong></span> <span class='ocrx_word' id='word_1_363' title='bbox 781 4218 870 4288; x_wconf 89' lang='lat' dir='ltr'><strong>qui</strong></span> <span class='ocrx_word' id='word_1_364' title='bbox 914 4233 977 4273; x_wconf 92' lang='lat' dir='ltr'><strong>ea</strong></span> <span class='ocrx_word' id='word_1_365' title='bbox 1025 4216 1177 4271; x_wconf 89' lang='lat' dir='ltr'><strong>nobis</strong></span> <span class='ocrx_word' id='word_1_366' title='bbox 1214 4216 1415 4270; x_wconf 90' lang='lat' dir='ltr'><strong>dicunt.</strong></span> <span class='ocrx_word' id='word_1_367' title='bbox 1462 4212 1561 4281; x_wconf 85' lang='lat' dir='ltr'><strong>Qui</strong></span> <span class='ocrx_word' id='word_1_368' title='bbox 1605 4213 1744 4267; x_wconf 83' lang='lat' dir='ltr'><strong>enim</strong></span> <span class='ocrx_word' id='word_1_369' title='bbox 1775 4226 1836 4266; x_wconf 89' lang='lat' dir='ltr'><strong>ea</strong></span> <span class='ocrx_word' id='word_1_370' title='bbox 1868 4211 2020 4266; x_wconf 91' lang='lat' dir='ltr'><strong>nobis</strong></span> 
     </span>
    </p>
   </div>
   <div class='ocr_carea' id='block_1_45' title="bbox 434 4302 2020 4377">
    <p class='ocr_par' dir='ltr' id='par_1_45' title="bbox 434 4302 2020 4377">
     <span class='ocr_line' id='line_1_45' title="bbox 434 4302 2020 4377; baseline -0.005 -17"><span class='ocrx_word' id='word_1_371' title='bbox 434 4311 636 4373; x_wconf 87' lang='lat' dir='ltr'><strong>dicunt,</strong></span> <span class='ocrx_word' id='word_1_372' title='bbox 670 4309 875 4377; x_wconf 83' lang='lat' dir='ltr'><strong>priores</strong></span> <span class='ocrx_word' id='word_1_373' title='bbox 905 4308 1153 4362; x_wconf 88' lang='lat' dir='ltr'><strong>viderunt</strong></span> <span class='ocrx_word' id='word_1_374' title='bbox 1177 4306 1343 4374; x_wconf 85' lang='lat' dir='ltr'><strong>ipsam</strong></span> <span class='ocrx_word' id='word_1_375' title='bbox 1372 4305 1617 4373; x_wconf 87' lang='lat' dir='ltr'><strong>patriam,</strong></span> <span class='ocrx_word' id='word_1_376' title='bbox 1647 4303 1713 4357; x_wconf 93' lang='lat' dir='ltr'><strong>de</strong></span> <span class='ocrx_word' id='word_1_377' title='bbox 1737 4302 2020 4371; x_wconf 78' lang='lat' dir='ltr'><strong>longinquo</strong></span> 
     </span>
    </p>
   </div>
   <div class='ocr_carea' id='block_1_46' title="bbox 432 4393 2020 4469">
    <p class='ocr_par' dir='ltr' id='par_1_46' title="bbox 432 4393 2020 4469">
     <span class='ocr_line' id='line_1_46' title="bbox 432 4393 2020 4469; baseline -0.003 -17"><span class='ocrx_word' id='word_1_378' title='bbox 432 4404 723 4456; x_wconf 76' lang='lat' dir='ltr'><strong>clamantes</strong></span> <span class='ocrx_word' id='word_1_379' title='bbox 749 4399 816 4454; x_wconf 82' lang='lat' dir='ltr'><strong>ad</strong></span> <span class='ocrx_word' id='word_1_380' title='bbox 850 4400 1168 4469; x_wconf 85' lang='lat' dir='ltr'><strong>posteriores</strong></span> <span class='ocrx_word' id='word_1_381' title='bbox 1192 4438 1206 4458; x_wconf 87' lang='lat'><em>.</em></span> <span class='ocrx_word' id='word_1_382' title='bbox 1232 4396 1298 4450; x_wconf 76' lang='lat' dir='ltr'><strong>In</strong></span> <span class='ocrx_word' id='word_1_383' title='bbox 1337 4396 1539 4448; x_wconf 83' lang='lat' dir='ltr'><strong>domum</strong></span> <span class='ocrx_word' id='word_1_384' title='bbox 1566 4394 1767 4447; x_wconf 82' lang='lat' dir='ltr'><strong>Domini</strong></span> <span class='ocrx_word' id='word_1_385' title='bbox 1795 4393 1973 4447; x_wconf 81' lang='lat' dir='ltr'><strong>ibimus</strong></span> <span class='ocrx_word' id='word_1_386' title='bbox 2001 4409 2020 4447; x_wconf 91' lang='lat'><strong><em>:</em></strong></span> 
     </span>
    </p>
   </div>
   <div class='ocr_carea' id='block_1_47' title="bbox 434 4484 2019 4555">
    <p class='ocr_par' dir='ltr' id='par_1_47' title="bbox 434 4484 2019 4555">
     <span class='ocr_line' id='line_1_47' title="bbox 434 4484 2019 4555; baseline -0.003 -11"><span class='ocrx_word' id='word_1_387' title='bbox 434 4491 704 4546; x_wconf 85' lang='lat' dir='ltr'><strong>ambulate</strong></span> <span class='ocrx_word' id='word_1_388' title='bbox 728 4532 742 4555; x_wconf 90' lang='lat'><strong>,</strong></span> <span class='ocrx_word' id='word_1_389' title='bbox 771 4489 990 4545; x_wconf 84' lang='lat' dir='ltr'><strong>currite.</strong></span> <span class='ocrx_word' id='word_1_390' title='bbox 1020 4488 1276 4543; x_wconf 75' lang='lat' dir='ltr'><strong>Viderunt</strong></span> <span class='ocrx_word' id='word_1_391' title='bbox 1306 4485 1448 4539; x_wconf 82' lang='lat' dir='ltr'><strong>illam</strong></span> <span class='ocrx_word' id='word_1_392' title='bbox 1477 4484 1716 4552; x_wconf 69' lang='lat' dir='ltr'><strong>Apostoli</strong></span> <span class='ocrx_word' id='word_1_393' title='bbox 1740 4527 1754 4549; x_wconf 90' lang='lat'><strong>,</strong></span> <span class='ocrx_word' id='word_1_394' title='bbox 1787 4493 1840 4538; x_wconf 91' lang='lat' dir='ltr'><strong>et</strong></span> <span class='ocrx_word' id='word_1_395' title='bbox 1867 4484 2019 4539; x_wconf 80' lang='lat' dir='ltr'><strong>dixe-</strong></span> 
     </span>
    </p>
   </div>
   <div class='ocr_carea' id='block_1_48' title="bbox 436 4575 2021 4651">
    <p class='ocr_par' dir='ltr' id='par_1_48' title="bbox 436 4575 2021 4651">
     <span class='ocr_line' id='line_1_48' title="bbox 436 4575 2021 4651; baseline -0.008 -11"><span class='ocrx_word' id='word_1_396' title='bbox 436 4595 558 4640; x_wconf 87' lang='lat' dir='ltr'><strong>runt</strong></span> <span class='ocrx_word' id='word_1_397' title='bbox 583 4584 757 4651; x_wconf 87' lang='lat' dir='ltr'><strong>nobis,</strong></span> <span class='ocrx_word' id='word_1_398' title='bbox 788 4582 1016 4645; x_wconf 88' lang='lat' dir='ltr'><strong>Currite,</strong></span> <span class='ocrx_word' id='word_1_399' title='bbox 1049 4580 1341 4644; x_wconf 84' lang='lat' dir='ltr'><strong>ambulate,</strong></span> <span class='ocrx_word' id='word_1_400' title='bbox 1373 4576 1694 4646; x_wconf 75' lang='lat' dir='ltr'><strong>srquimini;</strong></span> <span class='ocrx_word' id='word_1_401' title='bbox 1729 4575 1789 4630; x_wconf 86' lang='lat' dir='ltr'><strong>In</strong></span> <span class='ocrx_word' id='word_1_402' title='bbox 1815 4576 2021 4629; x_wconf 85' lang='lat' dir='ltr'><strong>domum</strong></span> 
     </span>
    </p>
   </div>
   <div class='ocr_carea' id='block_1_49' title="bbox 440 4667 2021 4743">
    <p class='ocr_par' dir='ltr' id='par_1_49' title="bbox 440 4667 2021 4743">
     <span class='ocr_line' id='line_1_49' title="bbox 440 4667 2021 4743; baseline -0.007 -14"><span class='ocrx_word' id='word_1_403' title='bbox 440 4677 644 4730; x_wconf 83' lang='lat' dir='ltr'><strong>Domini</strong></span> <span class='ocrx_word' id='word_1_404' title='bbox 674 4675 875 4730; x_wconf 83' lang='lat' dir='ltr'><strong>ibimus.</strong></span> <span class='ocrx_word' id='word_1_405' title='bbox 914 4675 980 4729; x_wconf 86' lang='lat' dir='ltr'><strong>Et</strong></span> <span class='ocrx_word' id='word_1_406' title='bbox 1006 4672 1131 4743; x_wconf 90' lang='lat' dir='ltr'><strong>quid</strong></span> <span class='ocrx_word' id='word_1_407' title='bbox 1179 4670 1307 4726; x_wconf 81' lang='lat' dir='ltr'><strong>dicit</strong></span> <span class='ocrx_word' id='word_1_408' title='bbox 1351 4667 1711 4737; x_wconf 84' lang='lat' dir='ltr'><strong>unusquisque</strong></span> <span class='ocrx_word' id='word_1_409' title='bbox 1740 4667 2021 4720; x_wconf 88' lang='lat' dir='ltr'><strong>nostrum?</strong></span> 
     </span>
    </p>
   </div>
   <div class='ocr_carea' id='block_1_50' title="bbox 433 4756 2021 4831">
    <p class='ocr_par' dir='ltr' id='par_1_50' title="bbox 433 4756 2021 4831">
     <span class='ocr_line' id='line_1_50' title="bbox 433 4756 2021 4831; baseline -0.008 -8"><span class='ocrx_word' id='word_1_410' title='bbox 433 4768 762 4823; x_wconf 77' lang='lat' dir='ltr'><strong>Jueundatus</strong></span> <span class='ocrx_word' id='word_1_411' title='bbox 781 4784 891 4821; x_wconf 86' lang='lat' dir='ltr'><strong>sum</strong></span> <span class='ocrx_word' id='word_1_412' title='bbox 932 4767 985 4819; x_wconf 86' lang='lat' dir='ltr'><strong>in</strong></span> <span class='ocrx_word' id='word_1_413' title='bbox 1026 4766 1104 4819; x_wconf 80' lang='lat' dir='ltr'><strong>Itis</strong></span> <span class='ocrx_word' id='word_1_414' title='bbox 1145 4763 1229 4831; x_wconf 85' lang='lat' dir='ltr'><strong>qui</strong></span> <span class='ocrx_word' id='word_1_415' title='bbox 1257 4761 1493 4814; x_wconf 72' lang='lat' dir='ltr'><strong>dixerunt</strong></span> <span class='ocrx_word' id='word_1_416' title='bbox 1534 4758 1692 4820; x_wconf 84' lang='lat' dir='ltr'><strong>mihi,</strong></span> <span class='ocrx_word' id='word_1_417' title='bbox 1727 4756 1793 4810; x_wconf 86' lang='lat' dir='ltr'><strong>In</strong></span> <span class='ocrx_word' id='word_1_418' title='bbox 1819 4757 2021 4810; x_wconf 83' lang='lat' dir='ltr'><strong>domum</strong></span> 
     </span>
    </p>
   </div>
   <div class='ocr_carea' id='block_1_51' title="bbox 440 4846 2019 4918">
    <p class='ocr_par' dir='ltr' id='par_1_51' title="bbox 440 4846 2019 4918">
     <span class='ocr_line' id='line_1_51' title="bbox 440 4846 2019 4918; baseline -0.008 -6"><span class='ocrx_word' id='word_1_419' title='bbox 440 4860 854 4914; x_wconf 81' lang='lat' dir='ltr'><strong>Dominiibimus.</strong></span> <span class='ocrx_word' id='word_1_420' title='bbox 883 4855 1212 4912; x_wconf 89' lang='lat' dir='ltr'><strong>Jucuudatus</strong></span> <span class='ocrx_word' id='word_1_421' title='bbox 1228 4867 1344 4906; x_wconf 89' lang='lat' dir='ltr'><strong>sum</strong></span> <span class='ocrx_word' id='word_1_422' title='bbox 1372 4851 1423 4918; x_wconf 85' lang='lat' dir='ltr'><strong>in</strong></span> <span class='ocrx_word' id='word_1_423' title='bbox 1447 4848 1745 4918; x_wconf 85' lang='lat' dir='ltr'><strong>Prophetis,</strong></span> <span class='ocrx_word' id='word_1_424' title='bbox 1757 4846 2019 4916; x_wconf 87' lang='lat' dir='ltr'><strong>jucunda-</strong></span> 
     </span>
    </p>
   </div>
   <div class='ocr_carea' id='block_1_52' title="bbox 438 4936 2018 5016">
    <p class='ocr_par' dir='ltr' id='par_1_52' title="bbox 438 4936 2018 5016">
     <span class='ocr_line' id='line_1_52' title="bbox 438 4936 2018 5016; baseline -0.009 -12"><span class='ocrx_word' id='word_1_425' title='bbox 438 4961 519 5005; x_wconf 83' lang='lat' dir='ltr'><strong>tus</strong></span> <span class='ocrx_word' id='word_1_426' title='bbox 541 4966 657 5005; x_wconf 88' lang='lat' dir='ltr'><strong>sum</strong></span> <span class='ocrx_word' id='word_1_427' title='bbox 682 4949 733 5004; x_wconf 93' lang='lat' dir='ltr'><strong>in</strong></span> <span class='ocrx_word' id='word_1_428' title='bbox 757 4947 1042 5016; x_wconf 83' lang='lat' dir='ltr'><strong>Apostolis.</strong></span> <span class='ocrx_word' id='word_1_429' title='bbox 1066 4944 1264 4999; x_wconf 89' lang='lat' dir='ltr'><strong>Omnes</strong></span> <span class='ocrx_word' id='word_1_430' title='bbox 1283 4943 1424 4996; x_wconf 89' lang='lat' dir='ltr'><strong>enim</strong></span> <span class='ocrx_word' id='word_1_431' title='bbox 1456 4938 1541 4994; x_wconf 91' lang='lat' dir='ltr'><strong>isti</strong></span> <span class='ocrx_word' id='word_1_432' title='bbox 1569 4937 1818 4993; x_wconf 81' lang='lat' dir='ltr'><strong>dixerunt</strong></span> <span class='ocrx_word' id='word_1_433' title='bbox 1845 4936 2018 5001; x_wconf 91' lang='lat' dir='ltr'><strong>nobis,</strong></span> 
     </span>
    </p>
   </div>
   <div class='ocr_carea' id='block_1_53' title="bbox 438 5037 1194 5095">
    <p class='ocr_par' dir='ltr' id='par_1_53' title="bbox 438 5037 1194 5095">
     <span class='ocr_line' id='line_1_53' title="bbox 438 5037 1194 5095; baseline -0.008 1"><span class='ocrx_word' id='word_1_434' title='bbox 438 5041 502 5095; x_wconf 88' lang='lat' dir='ltr'><strong>In</strong></span> <span class='ocrx_word' id='word_1_435' title='bbox 530 5041 734 5095; x_wconf 85' lang='lat' dir='ltr'><strong>domum</strong></span> <span class='ocrx_word' id='word_1_436' title='bbox 760 5038 967 5093; x_wconf 87' lang='lat' dir='ltr'><strong>Domini</strong></span> <span class='ocrx_word' id='word_1_437' title='bbox 993 5037 1194 5090; x_wconf 81' lang='lat' dir='ltr'><strong>ibimus.</strong></span> 
     </span>
    </p>
   </div>
   <div class='ocr_carea' id='block_1_54' title="bbox 506 5119 2020 5205">
    <p class='ocr_par' dir='ltr' id='par_1_54' title="bbox 506 5119 2020 5205">
     <span class='ocr_line' id='line_1_54' title="bbox 506 5119 2020 5205; baseline -0.01 -17"><span class='ocrx_word' id='word_1_438' title='bbox 506 5135 558 5188; x_wconf 77' lang='lat'><strong>3.</strong></span> <span class='ocrx_word' id='word_1_439' title='bbox 589 5130 737 5205; x_wconf 65' lang='lat' dir='ltr'><strong>[vers</strong></span> <span class='ocrx_word' id='word_1_440' title='bbox 769 5129 854 5204; x_wconf 74' lang='grc'><strong>2.]</strong></span> <span class='ocrx_word' id='word_1_441' title='bbox 891 5129 1095 5184; x_wconf 86' lang='lat' dir='ltr'><strong>Stantes</strong></span> <span class='ocrx_word' id='word_1_442' title='bbox 1114 5135 1256 5180; x_wconf 83' lang='lat' dir='ltr'><strong>erant</strong></span> <span class='ocrx_word' id='word_1_443' title='bbox 1277 5124 1424 5194; x_wconf 83' lang='lat' dir='ltr'><strong>pedes</strong></span> <span class='ocrx_word' id='word_1_444' title='bbox 1453 5122 1611 5177; x_wconf 83' lang='lat' dir='ltr'><strong>nostri</strong></span> <span class='ocrx_word' id='word_1_445' title='bbox 1641 5123 1692 5177; x_wconf 86' lang='lat' dir='ltr'><strong>in</strong></span> <span class='ocrx_word' id='word_1_446' title='bbox 1712 5122 1853 5175; x_wconf 88' lang='lat' dir='ltr'><strong>atriis</strong></span> <span class='ocrx_word' id='word_1_447' title='bbox 1883 5122 1897 5152; x_wconf 79' lang='grc'>¹</span> <span class='ocrx_word' id='word_1_448' title='bbox 1926 5119 2020 5174; x_wconf 71' lang='grc' dir='ltr'><strong>Ιει</strong></span> 
     </span>
    </p>
   </div>
   <div class='ocr_carea' id='block_1_55' title="bbox 434 5212 2020 5284">
    <p class='ocr_par' dir='ltr' id='par_1_55' title="bbox 434 5212 2020 5284">
     <span class='ocr_line' id='line_1_55' title="bbox 434 5212 2020 5284; baseline -0.007 -7"><span class='ocrx_word' id='word_1_449' title='bbox 434 5224 673 5277; x_wconf 79' lang='lat' dir='ltr'><strong>rusalem.</strong></span> <span class='ocrx_word' id='word_1_450' title='bbox 699 5223 836 5278; x_wconf 82' lang='lat' dir='ltr'><strong>Ecce</strong></span> <span class='ocrx_word' id='word_1_451' title='bbox 859 5220 1020 5275; x_wconf 88' lang='lat' dir='ltr'><strong>habes</strong></span> <span class='ocrx_word' id='word_1_452' title='bbox 1041 5219 1254 5273; x_wconf 85' lang='lat' dir='ltr'><strong>domum</strong></span> <span class='ocrx_word' id='word_1_453' title='bbox 1285 5215 1514 5282; x_wconf 86' lang='lat' dir='ltr'><strong>Domini,</strong></span> <span class='ocrx_word' id='word_1_454' title='bbox 1537 5215 1579 5268; x_wconf 90' lang='lat' dir='ltr'><strong>si</strong></span> <span class='ocrx_word' id='word_1_455' title='bbox 1601 5214 1875 5284; x_wconf 66' lang='lat' dir='ltr'><strong>quaerebas</strong></span> <span class='ocrx_word' id='word_1_456' title='bbox 1895 5212 2020 5281; x_wconf 86' lang='lat' dir='ltr'><strong>quid</strong></span> 
     </span>
    </p>
   </div>
   <div class='ocr_carea' id='block_1_56' title="bbox 440 5302 2019 5371">
    <p class='ocr_par' dir='ltr' id='par_1_56' title="bbox 440 5302 2019 5371">
     <span class='ocr_line' id='line_1_56' title="bbox 440 5302 2019 5371; baseline -0.007 -6"><span class='ocrx_word' id='word_1_457' title='bbox 440 5315 507 5366; x_wconf 79' lang='lat' dir='ltr'><strong>sit</strong></span> <span class='ocrx_word' id='word_1_458' title='bbox 531 5316 723 5368; x_wconf 62' lang='lat' dir='ltr'><strong>(tomus</strong></span> <span class='ocrx_word' id='word_1_459' title='bbox 749 5313 979 5368; x_wconf 89' lang='lat' dir='ltr'><strong>Domini.</strong></span> <span class='ocrx_word' id='word_1_460' title='bbox 1014 5311 1068 5364; x_wconf 92' lang='lat' dir='ltr'><strong>In</strong></span> <span class='ocrx_word' id='word_1_461' title='bbox 1110 5310 1199 5363; x_wconf 89' lang='lat' dir='ltr'><strong>illa</strong></span> <span class='ocrx_word' id='word_1_462' title='bbox 1226 5308 1388 5362; x_wconf 91' lang='lat' dir='ltr'><strong>domo</strong></span> <span class='ocrx_word' id='word_1_463' title='bbox 1421 5305 1626 5361; x_wconf 88' lang='lat' dir='ltr'><strong>Domini</strong></span> <span class='ocrx_word' id='word_1_464' title='bbox 1657 5303 1901 5358; x_wconf 87' lang='lat' dir='ltr'><strong>laudatur</strong></span> <span class='ocrx_word' id='word_1_465' title='bbox 1931 5302 2019 5371; x_wconf 84' lang='lat' dir='ltr'><strong>qui</strong></span> 
     </span>
    </p>
   </div>
   <div class='ocr_carea' id='block_1_57' title="bbox 438 5394 2019 5473">
    <p class='ocr_par' dir='ltr' id='par_1_57' title="bbox 438 5394 2019 5473">
     <span class='ocr_line' id='line_1_57' title="bbox 438 5394 2019 5473; baseline -0.01 -14"><span class='ocrx_word' id='word_1_466' title='bbox 438 5405 672 5460; x_wconf 80' lang='lat' dir='ltr'><strong>Condidit</strong></span> <span class='ocrx_word' id='word_1_467' title='bbox 702 5406 917 5459; x_wconf 89' lang='lat' dir='ltr'><strong>domum</strong></span> <span class='ocrx_word' id='word_1_468' title='bbox 949 5421 961 5458; x_wconf 88' lang='lat'><strong>:</strong></span> <span class='ocrx_word' id='word_1_469' title='bbox 1000 5403 1114 5473; x_wconf 90' lang='lat' dir='ltr'><strong>ipse</strong></span> <span class='ocrx_word' id='word_1_470' title='bbox 1149 5398 1356 5454; x_wconf 65' lang='lat' dir='ltr'><strong>deliciae</strong></span> <span class='ocrx_word' id='word_1_471' title='bbox 1396 5395 1632 5451; x_wconf 90' lang='lat' dir='ltr'><strong>omnium</strong></span> <span class='ocrx_word' id='word_1_472' title='bbox 1672 5394 2019 5447; x_wconf 78' lang='lat' dir='ltr'><strong>habitantium</strong></span> 
     </span>
    </p>
   </div>
   <div class='ocr_carea' id='block_1_58' title="bbox 439 5489 2032 5579">
    <p class='ocr_par' dir='ltr' id='par_1_58' title="bbox 439 5489 2032 5579">
     <span class='ocr_line' id='line_1_58' title="bbox 439 5489 2032 5579; baseline -0.008 -26"><span class='ocrx_word' id='word_1_473' title='bbox 439 5499 491 5553; x_wconf 90' lang='lat' dir='ltr'><strong>in</strong></span> <span class='ocrx_word' id='word_1_474' title='bbox 517 5498 716 5565; x_wconf 89' lang='lat' dir='ltr'><strong>domo;</strong></span> <span class='ocrx_word' id='word_1_475' title='bbox 750 5500 863 5570; x_wconf 90' lang='lat' dir='ltr'><strong>ipse</strong></span> <span class='ocrx_word' id='word_1_476' title='bbox 889 5500 1000 5554; x_wconf 88' lang='lat' dir='ltr'><strong>sola</strong></span> <span class='ocrx_word' id='word_1_477' title='bbox 1026 5512 1148 5568; x_wconf 88' lang='lat' dir='ltr'><strong>spes</strong></span> <span class='ocrx_word' id='word_1_478' title='bbox 1176 5495 1282 5579; x_wconf 86' lang='lat' dir='ltr'><strong>hic,</strong></span> <span class='ocrx_word' id='word_1_479' title='bbox 1310 5502 1364 5549; x_wconf 89' lang='lat' dir='ltr'><strong>et</strong></span> <span class='ocrx_word' id='word_1_480' title='bbox 1394 5506 1483 5546; x_wconf 89' lang='lat' dir='ltr'><strong>res</strong></span> <span class='ocrx_word' id='word_1_481' title='bbox 1508 5492 1598 5546; x_wconf 85' lang='lat' dir='ltr'><strong>ibi.</strong></span> <span class='ocrx_word' id='word_1_482' title='bbox 1630 5491 1767 5560; x_wconf 81' lang='lat' dir='ltr'><strong>Ergo</strong></span> <span class='ocrx_word' id='word_1_483' title='bbox 1788 5489 1874 5558; x_wconf 91' lang='lat' dir='ltr'><strong>qui</strong></span> <span class='ocrx_word' id='word_1_484' title='bbox 1900 5502 2032 5542; x_wconf 87' lang='lat' dir='ltr'><strong>cur--</strong></span> 
     </span>
    </p>
   </div>
   <div class='ocr_carea' id='block_1_59' title="bbox 502 5650 1366 5709">
    <p class='ocr_par' dir='ltr' id='par_1_59' title="bbox 502 5650 1366 5709">
     <span class='ocr_line' id='line_1_59' title="bbox 502 5650 1366 5709; baseline -0.008 -7"><span class='ocrx_word' id='word_1_485' title='bbox 502 5657 518 5686; x_wconf 84' lang='grc'>¹</span> <span class='ocrx_word' id='word_1_486' title='bbox 546 5661 646 5702; x_wconf 86' lang='lat' dir='ltr'><strong>Duo</strong></span> <span class='ocrx_word' id='word_1_487' title='bbox 668 5662 850 5703; x_wconf 84' lang='lat' dir='ltr'><strong>tantum</strong></span> <span class='ocrx_word' id='word_1_488' title='bbox 872 5663 998 5709; x_wconf 65' lang='lat' dir='ltr'><strong>Mss.</strong></span> <span class='ocrx_word' id='word_1_489' title='bbox 1029 5656 1078 5705; x_wconf 89' lang='lat' dir='ltr'><strong>in</strong></span> <span class='ocrx_word' id='word_1_490' title='bbox 1100 5652 1235 5701; x_wconf 66' lang='lat' dir='ltr'><strong>atriis</strong></span> <span class='ocrx_word' id='word_1_491' title='bbox 1260 5650 1366 5701; x_wconf 85' lang='lat' dir='ltr'><strong>(nis.</strong></span> 
     </span>
    </p>
   </div>
   <div class='ocr_carea' id='block_1_60' title="bbox 500 5705 1811 5776">
    <p class='ocr_par' dir='ltr' id='par_1_60' title="bbox 500 5705 1811 5776">
     <span class='ocr_line' id='line_1_60' title="bbox 500 5705 1811 5776; baseline -0.008 -11"><span class='ocrx_word' id='word_1_492' title='bbox 500 5717 574 5776; x_wconf 84' lang='grc' dir='ltr'><strong>(α)</strong></span> <span class='ocrx_word' id='word_1_493' title='bbox 599 5722 645 5763; x_wconf 90' lang='lat' dir='ltr'><strong>tn</strong></span> <span class='ocrx_word' id='word_1_494' title='bbox 669 5715 785 5763; x_wconf 73' lang='lat' dir='ltr'><strong>Psal.</strong></span> <span class='ocrx_word' id='word_1_495' title='bbox 809 5705 1007 5776; x_wconf 63' lang='lat' dir='ltr'><strong>xxxviii,</strong></span> <span class='ocrx_word' id='word_1_496' title='bbox 1029 5730 1075 5763; x_wconf 91' lang='lat' dir='ltr'><strong>u.</strong></span> <span class='ocrx_word' id='word_1_497' title='bbox 1098 5715 1157 5774; x_wconf 65' lang='lat'><strong>‘2;</strong></span> <span class='ocrx_word' id='word_1_498' title='bbox 1186 5722 1235 5762; x_wconf 82' lang='lat' dir='ltr'><strong>et</strong></span> <span class='ocrx_word' id='word_1_499' title='bbox 1258 5716 1305 5761; x_wconf 84' lang='lat' dir='ltr'><strong>in</strong></span> <span class='ocrx_word' id='word_1_500' title='bbox 1326 5710 1442 5761; x_wconf 79' lang='lat' dir='ltr'><strong>Psal.</strong></span> <span class='ocrx_word' id='word_1_501' title='bbox 1471 5722 1602 5767; x_wconf 69' lang='lat' dir='ltr'><strong>exat,</strong></span> <span class='ocrx_word' id='word_1_502' title='bbox 1637 5721 1684 5755; x_wconf 81' lang='grc' dir='ltr'>ιι,</span> <span class='ocrx_word' id='word_1_503' title='bbox 1713 5705 1811 5755; x_wconf 74' lang='grc' dir='ltr'><strong>1ο3.</strong></span> 
     </span>
    </p>
   </div>
   <div class='ocr_carea' id='block_1_61' title="bbox 1691 222 2495 318">
    <p class='ocr_par' dir='ltr' id='par_1_61' title="bbox 1691 222 2495 318">
     <span class='ocr_line' id='line_1_61' title="bbox 1691 222 2495 318; baseline -0.001 -1"><span class='ocrx_word' id='word_1_504' title='bbox 1691 261 1750 318; x_wconf 87' lang='lat' dir='ltr'><strong>s.</strong></span> <span class='ocrx_word' id='word_1_505' title='bbox 1794 256 2155 315; x_wconf 71' lang='lat' dir='ltr'><strong>AL&#39;GL&#39;STINI</strong></span> <span class='ocrx_word' id='word_1_506' title='bbox 2198 222 2495 315; x_wconf 72' lang='lat' dir='ltr'><strong>Episcort</strong></span> 
     </span>
    </p>
   </div>
   <div class='ocr_carea' id='block_1_62' title="bbox 3587 263 3715 317">
    <p class='ocr_par' dir='ltr' id='par_1_62' title="bbox 3587 263 3715 317">
     <span class='ocr_line' id='line_1_62' title="bbox 3587 263 3715 317; baseline 0.016 -2"><span class='ocrx_word' id='word_1_507' title='bbox 3587 263 3715 317; x_wconf 64' lang='grc' dir='ltr'><strong>16Ξᾷ</strong></span> 
     </span>
    </p>
   </div>
   <div class='ocr_carea' id='block_1_63' title="bbox 2141 375 3718 445">
    <p class='ocr_par' dir='ltr' id='par_1_63' title="bbox 2141 375 3718 445">
     <span class='ocr_line' id='line_1_63' title="bbox 2141 375 3718 445; baseline 0.003 -19"><span class='ocrx_word' id='word_1_508' title='bbox 2141 385 2282 439; x_wconf 86' lang='lat' dir='ltr'><strong>runt,</strong></span> <span class='ocrx_word' id='word_1_509' title='bbox 2311 377 2435 443; x_wconf 87' lang='lat' dir='ltr'><strong>quid</strong></span> <span class='ocrx_word' id='word_1_510' title='bbox 2468 376 2663 430; x_wconf 82' lang='lat' dir='ltr'><strong>debent</strong></span> <span class='ocrx_word' id='word_1_511' title='bbox 2690 376 2958 445; x_wconf 82' lang='lat' dir='ltr'><strong>cogitare?</strong></span> <span class='ocrx_word' id='word_1_512' title='bbox 2985 376 3143 445; x_wconf 79' lang='lat' dir='ltr'><strong>Quasi</strong></span> <span class='ocrx_word' id='word_1_513' title='bbox 3178 375 3243 429; x_wconf 76' lang='lat' dir='ltr'><strong>ibi</strong></span> <span class='ocrx_word' id='word_1_514' title='bbox 3272 379 3379 443; x_wconf 72' lang='lat' dir='ltr'><strong>jam</strong></span> <span class='ocrx_word' id='word_1_515' title='bbox 3408 379 3535 440; x_wconf 58' lang='lat' dir='ltr'><strong>sint,</strong></span> <span class='ocrx_word' id='word_1_516' title='bbox 3569 389 3622 430; x_wconf 81' lang='lat' dir='ltr'><strong>et</strong></span> <span class='ocrx_word' id='word_1_517' title='bbox 3652 379 3718 431; x_wconf 84' lang='lat' dir='ltr'><strong>tbi</strong></span> 
     </span>
    </p>
   </div>
   <div class='ocr_carea' id='block_1_64' title="bbox 2135 468 3723 539">
    <p class='ocr_par' dir='ltr' id='par_1_64' title="bbox 2135 468 3723 539">
     <span class='ocr_line' id='line_1_64' title="bbox 2135 468 3723 539; baseline 0.002 -18"><span class='ocrx_word' id='word_1_518' title='bbox 2135 476 2292 522; x_wconf 85' lang='lat' dir='ltr'><strong>stent.</strong></span> <span class='ocrx_word' id='word_1_519' title='bbox 2321 468 2564 537; x_wconf 82' lang='lat' dir='ltr'><strong>Magnum</strong></span> <span class='ocrx_word' id='word_1_520' title='bbox 2604 468 2745 522; x_wconf 88' lang='lat' dir='ltr'><strong>enim</strong></span> <span class='ocrx_word' id='word_1_521' title='bbox 2776 478 2860 522; x_wconf 85' lang='lat' dir='ltr'><strong>est</strong></span> <span class='ocrx_word' id='word_1_522' title='bbox 2896 469 2965 522; x_wconf 92' lang='lat' dir='ltr'><strong>ibi</strong></span> <span class='ocrx_word' id='word_1_523' title='bbox 3010 476 3154 522; x_wconf 87' lang='lat' dir='ltr'><strong>stare</strong></span> <span class='ocrx_word' id='word_1_524' title='bbox 3194 468 3335 522; x_wconf 87' lang='lat' dir='ltr'><strong>inter</strong></span> <span class='ocrx_word' id='word_1_525' title='bbox 3363 469 3599 539; x_wconf 81' lang='lat' dir='ltr'><strong>Angelos</strong></span> <span class='ocrx_word' id='word_1_526' title='bbox 3622 512 3638 534; x_wconf 92' lang='lat'><strong>,</strong></span> <span class='ocrx_word' id='word_1_527' title='bbox 3667 480 3723 524; x_wconf 88' lang='lat' dir='ltr'><strong>et</strong></span> 
     </span>
    </p>
   </div>
   <div class='ocr_carea' id='block_1_65' title="bbox 2134 559 3723 629">
    <p class='ocr_par' dir='ltr' id='par_1_65' title="bbox 2134 559 3723 629">
     <span class='ocr_line' id='line_1_65' title="bbox 2134 559 3723 629; baseline 0.002 -17"><span class='ocrx_word' id='word_1_528' title='bbox 2134 574 2239 613; x_wconf 88' lang='lat' dir='ltr'><strong>non</strong></span> <span class='ocrx_word' id='word_1_529' title='bbox 2270 560 2520 615; x_wconf 83' lang='lat' dir='ltr'><strong>deficere.</strong></span> <span class='ocrx_word' id='word_1_530' title='bbox 2561 560 2661 625; x_wconf 85' lang='lat' dir='ltr'><strong>Qui</strong></span> <span class='ocrx_word' id='word_1_531' title='bbox 2703 560 2842 616; x_wconf 91' lang='lat' dir='ltr'><strong>enim</strong></span> <span class='ocrx_word' id='word_1_532' title='bbox 2892 559 3013 614; x_wconf 89' lang='lat' dir='ltr'><strong>inde</strong></span> <span class='ocrx_word' id='word_1_533' title='bbox 3043 560 3224 629; x_wconf 85' lang='lat' dir='ltr'><strong>lapsus</strong></span> <span class='ocrx_word' id='word_1_534' title='bbox 3260 570 3342 617; x_wconf 86' lang='lat' dir='ltr'><strong>est</strong></span> <span class='ocrx_word' id='word_1_535' title='bbox 3364 602 3381 626; x_wconf 92' lang='lat'><strong>,</strong></span> <span class='ocrx_word' id='word_1_536' title='bbox 3413 562 3466 614; x_wconf 91' lang='lat' dir='ltr'><strong>in</strong></span> <span class='ocrx_word' id='word_1_537' title='bbox 3498 562 3723 615; x_wconf 77' lang='lat' dir='ltr'><strong>veritate</strong></span> 
     </span>
    </p>
   </div>
   <div class='ocr_carea' id='block_1_66' title="bbox 2135 650 3719 723">
    <p class='ocr_par' dir='ltr' id='par_1_66' title="bbox 2135 650 3719 723">
     <span class='ocr_line' id='line_1_66' title="bbox 2135 650 3719 723; baseline 0.002 -20"><span class='ocrx_word' id='word_1_538' title='bbox 2135 665 2238 703; x_wconf 90' lang='lat' dir='ltr'><strong>non</strong></span> <span class='ocrx_word' id='word_1_539' title='bbox 2266 651 2411 704; x_wconf 83' lang='lat' dir='ltr'><strong>stetit</strong></span> <span class='ocrx_word' id='word_1_540' title='bbox 2434 650 2610 719; x_wconf 86' lang='lat' dir='ltr'><strong>(Joan.</strong></span> <span class='ocrx_word' id='word_1_541' title='bbox 2640 668 2751 715; x_wconf 89' lang='lat' dir='ltr'><strong>vm,</strong></span> <span class='ocrx_word' id='word_1_542' title='bbox 2780 652 2900 722; x_wconf 70' lang='grc'><strong>44).</strong></span> <span class='ocrx_word' id='word_1_543' title='bbox 2930 653 3260 722; x_wconf 86' lang='lat' dir='ltr'><strong>Quicumque</strong></span> <span class='ocrx_word' id='word_1_544' title='bbox 3287 668 3391 706; x_wconf 91' lang='lat' dir='ltr'><strong>non</strong></span> <span class='ocrx_word' id='word_1_545' title='bbox 3420 654 3719 723; x_wconf 82' lang='lat' dir='ltr'><strong>suntlapsi,</strong></span> 
     </span>
    </p>
   </div>
   <div class='ocr_carea' id='block_1_67' title="bbox 2135 741 3722 815">
    <p class='ocr_par' dir='ltr' id='par_1_67' title="bbox 2135 741 3722 815">
     <span class='ocr_line' id='line_1_67' title="bbox 2135 741 3722 815; baseline 0.004 -22"><span class='ocrx_word' id='word_1_546' title='bbox 2135 742 2184 793; x_wconf 92' lang='lat' dir='ltr'><strong>in</strong></span> <span class='ocrx_word' id='word_1_547' title='bbox 2219 741 2439 796; x_wconf 88' lang='lat' dir='ltr'><strong>veritate</strong></span> <span class='ocrx_word' id='word_1_548' title='bbox 2480 751 2622 797; x_wconf 89' lang='lat' dir='ltr'><strong>stant</strong></span> <span class='ocrx_word' id='word_1_549' title='bbox 2651 760 2663 796; x_wconf 92' lang='lat'><strong>:</strong></span> <span class='ocrx_word' id='word_1_550' title='bbox 2692 751 2747 797; x_wconf 88' lang='lat' dir='ltr'><strong>et</strong></span> <span class='ocrx_word' id='word_1_551' title='bbox 2789 743 2877 798; x_wconf 91' lang='lat' dir='ltr'><strong>ille</strong></span> <span class='ocrx_word' id='word_1_552' title='bbox 2919 751 3056 807; x_wconf 86' lang='lat' dir='ltr'><strong>stat,</strong></span> <span class='ocrx_word' id='word_1_553' title='bbox 3088 745 3177 813; x_wconf 90' lang='lat' dir='ltr'><strong>qui</strong></span> <span class='ocrx_word' id='word_1_554' title='bbox 3219 745 3328 799; x_wconf 87' lang='lat' dir='ltr'><strong>Deo</strong></span> <span class='ocrx_word' id='word_1_555' title='bbox 3367 744 3589 811; x_wconf 83' lang='lat' dir='ltr'><strong>fruitur;</strong></span> <span class='ocrx_word' id='word_1_556' title='bbox 3630 748 3722 815; x_wconf 90' lang='lat' dir='ltr'><strong>qui</strong></span> 
     </span>
    </p>
   </div>
   <div class='ocr_carea' id='block_1_68' title="bbox 2132 834 3725 902">
    <p class='ocr_par' dir='ltr' id='par_1_68' title="bbox 2132 834 3725 902">
     <span class='ocr_line' id='line_1_68' title="bbox 2132 834 3725 902; baseline 0.004 -17"><span class='ocrx_word' id='word_1_557' title='bbox 2132 840 2307 887; x_wconf 85' lang='lat' dir='ltr'><strong>autem</strong></span> <span class='ocrx_word' id='word_1_558' title='bbox 2332 848 2388 888; x_wconf 88' lang='lat' dir='ltr'><strong>se</strong></span> <span class='ocrx_word' id='word_1_559' title='bbox 2414 834 2515 889; x_wconf 84' lang='lat' dir='ltr'><strong>frui</strong></span> <span class='ocrx_word' id='word_1_560' title='bbox 2544 835 2790 902; x_wconf 88' lang='lat' dir='ltr'><strong>voluerit,</strong></span> <span class='ocrx_word' id='word_1_561' title='bbox 2815 836 2974 889; x_wconf 84' lang='lat' dir='ltr'><strong>cadit.</strong></span> <span class='ocrx_word' id='word_1_562' title='bbox 3003 836 3134 902; x_wconf 89' lang='lat' dir='ltr'><strong>Quis</strong></span> <span class='ocrx_word' id='word_1_563' title='bbox 3155 846 3331 891; x_wconf 90' lang='lat' dir='ltr'><strong>autem</strong></span> <span class='ocrx_word' id='word_1_564' title='bbox 3356 852 3416 891; x_wconf 90' lang='lat' dir='ltr'><strong>se</strong></span> <span class='ocrx_word' id='word_1_565' title='bbox 3443 837 3543 891; x_wconf 89' lang='lat' dir='ltr'><strong>frui</strong></span> <span class='ocrx_word' id='word_1_566' title='bbox 3568 838 3725 892; x_wconf 88' lang='lat' dir='ltr'><strong>vult?</strong></span> 
     </span>
    </p>
   </div>
   <div class='ocr_carea' id='block_1_69' title="bbox 2132 923 3725 997">
    <p class='ocr_par' dir='ltr' id='par_1_69' title="bbox 2132 923 3725 997">
     <span class='ocr_line' id='line_1_69' title="bbox 2132 923 3725 997; baseline 0.004 -20"><span class='ocrx_word' id='word_1_567' title='bbox 2132 923 2231 991; x_wconf 88' lang='lat' dir='ltr'><strong>Qui</strong></span> <span class='ocrx_word' id='word_1_568' title='bbox 2261 926 2521 994; x_wconf 76' lang='lat' dir='ltr'><strong>superbus</strong></span> <span class='ocrx_word' id='word_1_569' title='bbox 2547 935 2648 981; x_wconf 88' lang='lat' dir='ltr'><strong>est.</strong></span> <span class='ocrx_word' id='word_1_570' title='bbox 2683 926 2804 981; x_wconf 89' lang='lat' dir='ltr'><strong>Ideo</strong></span> <span class='ocrx_word' id='word_1_571' title='bbox 2833 927 2923 982; x_wconf 91' lang='lat' dir='ltr'><strong>ille</strong></span> <span class='ocrx_word' id='word_1_572' title='bbox 2959 928 3048 997; x_wconf 91' lang='lat' dir='ltr'><strong>qui</strong></span> <span class='ocrx_word' id='word_1_573' title='bbox 3094 943 3308 996; x_wconf 89' lang='lat' dir='ltr'><strong>semper</strong></span> <span class='ocrx_word' id='word_1_574' title='bbox 3335 937 3478 984; x_wconf 88' lang='lat' dir='ltr'><strong>stare</strong></span> <span class='ocrx_word' id='word_1_575' title='bbox 3507 929 3725 984; x_wconf 84' lang='lat' dir='ltr'><strong>volebat</strong></span> 
     </span>
    </p>
   </div>
   <div class='ocr_carea' id='block_1_70' title="bbox 2132 1020 3696 1093">
    <p class='ocr_par' dir='ltr' id='par_1_70' title="bbox 2132 1020 3696 1093">
     <span class='ocr_line' id='line_1_70' title="bbox 2132 1020 3696 1093; baseline 0.003 -21"><span class='ocrx_word' id='word_1_576' title='bbox 2132 1020 2184 1073; x_wconf 90' lang='lat' dir='ltr'><strong>in</strong></span> <span class='ocrx_word' id='word_1_577' title='bbox 2213 1020 2364 1075; x_wconf 90' lang='lat' dir='ltr'><strong>atriis</strong></span> <span class='ocrx_word' id='word_1_578' title='bbox 2388 1020 2713 1086; x_wconf 85' lang='lat' dir='ltr'><strong>Jerusalem,</strong></span> <span class='ocrx_word' id='word_1_579' title='bbox 2748 1021 2815 1075; x_wconf 83' lang='lat' dir='ltr'><strong>In</strong></span> <span class='ocrx_word' id='word_1_580' title='bbox 2841 1023 3032 1076; x_wconf 81' lang='lat' dir='ltr'><strong>lumine</strong></span> <span class='ocrx_word' id='word_1_581' title='bbox 3055 1032 3141 1077; x_wconf 87' lang='lat' dir='ltr'><strong>tuo</strong></span> <span class='ocrx_word' id='word_1_582' title='bbox 3162 1064 3177 1089; x_wconf 92' lang='lat'><strong>,</strong></span> <span class='ocrx_word' id='word_1_583' title='bbox 3202 1023 3389 1093; x_wconf 89' lang='lat' dir='ltr'><strong>inquit,</strong></span> <span class='ocrx_word' id='word_1_584' title='bbox 3420 1024 3696 1078; x_wconf 74' lang='lat' dir='ltr'><strong>videbimus</strong></span> 
     </span>
    </p>
   </div>
   <div class='ocr_carea' id='block_1_71' title="bbox 2131 1114 3728 1185">
    <p class='ocr_par' dir='ltr' id='par_1_71' title="bbox 2131 1114 3728 1185">
     <span class='ocr_line' id='line_1_71' title="bbox 2131 1114 3728 1185; baseline 0.003 -20"><span class='ocrx_word' id='word_1_585' title='bbox 2131 1114 2333 1177; x_wconf 81' lang='lat' dir='ltr'><strong>lumen;</strong></span> <span class='ocrx_word' id='word_1_586' title='bbox 2359 1129 2485 1180; x_wconf 90' lang='lat' dir='ltr'><strong>non,</strong></span> <span class='ocrx_word' id='word_1_587' title='bbox 2516 1114 2567 1168; x_wconf 91' lang='lat' dir='ltr'><strong>in</strong></span> <span class='ocrx_word' id='word_1_588' title='bbox 2593 1115 2791 1169; x_wconf 86' lang='lat' dir='ltr'><strong>lumine</strong></span> <span class='ocrx_word' id='word_1_589' title='bbox 2824 1130 2944 1170; x_wconf 88' lang='lat' dir='ltr'><strong>meo</strong></span> <span class='ocrx_word' id='word_1_590' title='bbox 2978 1133 2990 1167; x_wconf 91' lang='lat'>:</span> <span class='ocrx_word' id='word_1_591' title='bbox 3021 1123 3093 1177; x_wconf 88' lang='lat' dir='ltr'><strong>et,</strong></span> <span class='ocrx_word' id='word_1_592' title='bbox 3125 1115 3276 1183; x_wconf 83' lang='lat' dir='ltr'><strong>Apud</strong></span> <span class='ocrx_word' id='word_1_593' title='bbox 3297 1124 3365 1181; x_wconf 87' lang='lat' dir='ltr'><strong>te,</strong></span> <span class='ocrx_word' id='word_1_594' title='bbox 3393 1116 3579 1185; x_wconf 86' lang='lat' dir='ltr'><strong>inquit,</strong></span> <span class='ocrx_word' id='word_1_595' title='bbox 3605 1117 3728 1183; x_wconf 78' lang='lat' dir='ltr'><strong>fons</strong></span> 
     </span>
    </p>
   </div>
   <div class='ocr_carea' id='block_1_72' title="bbox 2130 1203 3727 1275">
    <p class='ocr_par' dir='ltr' id='par_1_72' title="bbox 2130 1203 3727 1275">
     <span class='ocr_line' id='line_1_72' title="bbox 2130 1203 3727 1275; baseline 0 -18"><span class='ocrx_word' id='word_1_596' title='bbox 2130 1205 2280 1269; x_wconf 71' lang='lat' dir='ltr'><strong>vitta;</strong></span> <span class='ocrx_word' id='word_1_597' title='bbox 2308 1222 2434 1267; x_wconf 82' lang='lat' dir='ltr'><strong>non,</strong></span> <span class='ocrx_word' id='word_1_598' title='bbox 2464 1206 2602 1275; x_wconf 90' lang='lat' dir='ltr'><strong>apud</strong></span> <span class='ocrx_word' id='word_1_599' title='bbox 2631 1221 2733 1259; x_wconf 89' lang='lat' dir='ltr'><strong>me.</strong></span> <span class='ocrx_word' id='word_1_600' title='bbox 2765 1206 2830 1259; x_wconf 88' lang='lat' dir='ltr'><strong>Et</strong></span> <span class='ocrx_word' id='word_1_601' title='bbox 2850 1205 2974 1275; x_wconf 89' lang='lat' dir='ltr'><strong>quid</strong></span> <span class='ocrx_word' id='word_1_602' title='bbox 3000 1205 3232 1273; x_wconf 85' lang='lat' dir='ltr'><strong>adjecit?</strong></span> <span class='ocrx_word' id='word_1_603' title='bbox 3261 1203 3381 1259; x_wconf 86' lang='lat' dir='ltr'><strong>Non</strong></span> <span class='ocrx_word' id='word_1_604' title='bbox 3409 1206 3571 1259; x_wconf 82' lang='lat' dir='ltr'><strong>veniat</strong></span> <span class='ocrx_word' id='word_1_605' title='bbox 3592 1205 3727 1258; x_wconf 84' lang='lat' dir='ltr'><strong>mihi</strong></span> 
     </span>
    </p>
   </div>
   <div class='ocr_carea' id='block_1_73' title="bbox 2132 1294 3725 1365">
    <p class='ocr_par' dir='ltr' id='par_1_73' title="bbox 2132 1294 3725 1365">
     <span class='ocr_line' id='line_1_73' title="bbox 2132 1294 3725 1365; baseline 0.001 -18"><span class='ocrx_word' id='word_1_606' title='bbox 2132 1312 2217 1365; x_wconf 70' lang='lat' dir='ltr'><strong>pes</strong></span> <span class='ocrx_word' id='word_1_607' title='bbox 2245 1296 2509 1365; x_wconf 74' lang='lat' dir='ltr'><strong>superbiar,</strong></span> <span class='ocrx_word' id='word_1_608' title='bbox 2536 1307 2581 1349; x_wconf 89' lang='lat' dir='ltr'><strong>et</strong></span> <span class='ocrx_word' id='word_1_609' title='bbox 2605 1313 2782 1350; x_wconf 83' lang='lat' dir='ltr'><strong>manus</strong></span> <span class='ocrx_word' id='word_1_610' title='bbox 2809 1307 3127 1365; x_wconf 75' lang='lat' dir='ltr'><strong>peccatorum</strong></span> <span class='ocrx_word' id='word_1_611' title='bbox 3165 1313 3265 1349; x_wconf 85' lang='lat' dir='ltr'><strong>non</strong></span> <span class='ocrx_word' id='word_1_612' title='bbox 3290 1306 3483 1349; x_wconf 85' lang='lat' dir='ltr'><strong>moveat</strong></span> <span class='ocrx_word' id='word_1_613' title='bbox 3508 1312 3604 1349; x_wconf 89' lang='lat' dir='ltr'><strong>me.</strong></span> <span class='ocrx_word' id='word_1_614' title='bbox 3636 1294 3725 1348; x_wconf 81' lang='lat' dir='ltr'><strong>Ibi</strong></span> 
     </span>
    </p>
   </div>
   <div class='ocr_carea' id='block_1_74' title="bbox 2130 1387 3725 1457">
    <p class='ocr_par' dir='ltr' id='par_1_74' title="bbox 2130 1387 3725 1457">
     <span class='ocr_line' id='line_1_74' title="bbox 2130 1387 3725 1457; baseline 0.002 -17"><span class='ocrx_word' id='word_1_615' title='bbox 2130 1387 2411 1441; x_wconf 81' lang='lat' dir='ltr'><strong>ceciderunt</strong></span> <span class='ocrx_word' id='word_1_616' title='bbox 2459 1405 2630 1442; x_wconf 86' lang='lat' dir='ltr'><strong>omnes</strong></span> <span class='ocrx_word' id='word_1_617' title='bbox 2675 1390 2760 1457; x_wconf 83' lang='lat' dir='ltr'><strong>qui</strong></span> <span class='ocrx_word' id='word_1_618' title='bbox 2804 1399 3079 1456; x_wconf 86' lang='lat' dir='ltr'><strong>operantur</strong></span> <span class='ocrx_word' id='word_1_619' title='bbox 3121 1389 3477 1455; x_wconf 82' lang='lat' dir='ltr'><strong>iniquitatem;</strong></span> <span class='ocrx_word' id='word_1_620' title='bbox 3520 1390 3725 1457; x_wconf 76' lang='lat' dir='ltr'><strong>expulsi</strong></span> 
     </span>
    </p>
   </div>
   <div class='ocr_carea' id='block_1_75' title="bbox 2128 1480 3721 1552">
    <p class='ocr_par' dir='ltr' id='par_1_75' title="bbox 2128 1480 3721 1552">
     <span class='ocr_line' id='line_1_75' title="bbox 2128 1480 3721 1552; baseline 0.001 -18"><span class='ocrx_word' id='word_1_621' title='bbox 2128 1490 2265 1543; x_wconf 89' lang='lat' dir='ltr'><strong>sunt,</strong></span> <span class='ocrx_word' id='word_1_622' title='bbox 2294 1498 2393 1534; x_wconf 89' lang='lat' dir='ltr'><strong>non</strong></span> <span class='ocrx_word' id='word_1_623' title='bbox 2421 1491 2688 1551; x_wconf 84' lang='lat' dir='ltr'><strong>potuerunt</strong></span> <span class='ocrx_word' id='word_1_624' title='bbox 2713 1491 2845 1534; x_wconf 87' lang='lat' dir='ltr'><strong>stare</strong></span> <span class='ocrx_word' id='word_1_625' title='bbox 2874 1480 3041 1552; x_wconf 84' lang='lat' dir='ltr'><strong>(Psal.</strong></span> <span class='ocrx_word' id='word_1_626' title='bbox 3072 1496 3239 1546; x_wconf 77' lang='lat' dir='ltr'><strong>xxxv,</strong></span> <span class='ocrx_word' id='word_1_627' title='bbox 3270 1480 3357 1545; x_wconf 70' lang='lat'><strong>10,</strong></span> <span class='ocrx_word' id='word_1_628' title='bbox 3394 1480 3631 1549; x_wconf 68' lang='lat'><strong>12,15).</strong></span> <span class='ocrx_word' id='word_1_629' title='bbox 3659 1481 3721 1535; x_wconf 83' lang='lat' dir='ltr'><strong>Si</strong></span> 
     </span>
    </p>
   </div>
   <div class='ocr_carea' id='block_1_76' title="bbox 2129 1572 3720 1641">
    <p class='ocr_par' dir='ltr' id='par_1_76' title="bbox 2129 1572 3720 1641">
     <span class='ocr_line' id='line_1_76' title="bbox 2129 1572 3720 1641; baseline -0.001 -15"><span class='ocrx_word' id='word_1_630' title='bbox 2129 1586 2259 1641; x_wconf 81' lang='lat' dir='ltr'><strong>ergo</strong></span> <span class='ocrx_word' id='word_1_631' title='bbox 2289 1572 2361 1625; x_wconf 93' lang='lat' dir='ltr'><strong>illi</strong></span> <span class='ocrx_word' id='word_1_632' title='bbox 2391 1588 2497 1625; x_wconf 91' lang='lat' dir='ltr'><strong>non</strong></span> <span class='ocrx_word' id='word_1_633' title='bbox 2539 1581 2827 1640; x_wconf 87' lang='lat' dir='ltr'><strong>potuerunt</strong></span> <span class='ocrx_word' id='word_1_634' title='bbox 2866 1582 3009 1626; x_wconf 89' lang='lat' dir='ltr'><strong>stare</strong></span> <span class='ocrx_word' id='word_1_635' title='bbox 3031 1614 3046 1637; x_wconf 94' lang='lat'><strong>,</strong></span> <span class='ocrx_word' id='word_1_636' title='bbox 3074 1572 3197 1641; x_wconf 88' lang='lat' dir='ltr'><strong>quia</strong></span> <span class='ocrx_word' id='word_1_637' title='bbox 3223 1572 3438 1641; x_wconf 87' lang='lat' dir='ltr'><strong>superbi</strong></span> <span class='ocrx_word' id='word_1_638' title='bbox 3467 1572 3720 1638; x_wconf 77' lang='lat' dir='ltr'><strong>fuerunt;</strong></span> 
     </span>
    </p>
   </div>
   <div class='ocr_carea' id='block_1_77' title="bbox 2130 1664 3728 1735">
    <p class='ocr_par' dir='ltr' id='par_1_77' title="bbox 2130 1664 3728 1735">
     <span class='ocr_line' id='line_1_77' title="bbox 2130 1664 3728 1735; baseline 0 -17"><span class='ocrx_word' id='word_1_639' title='bbox 2130 1664 2400 1718; x_wconf 88' lang='lat' dir='ltr'><strong>humiliter</strong></span> <span class='ocrx_word' id='word_1_640' title='bbox 2423 1665 2672 1730; x_wconf 86' lang='lat' dir='ltr'><strong>ascende,</strong></span> <span class='ocrx_word' id='word_1_641' title='bbox 2698 1676 2753 1717; x_wconf 92' lang='lat' dir='ltr'><strong>ut</strong></span> <span class='ocrx_word' id='word_1_642' title='bbox 2777 1665 2945 1731; x_wconf 89' lang='lat' dir='ltr'><strong>dicas,</strong></span> <span class='ocrx_word' id='word_1_643' title='bbox 2974 1665 3179 1720; x_wconf 83' lang='lat' dir='ltr'><strong>Stantes</strong></span> <span class='ocrx_word' id='word_1_644' title='bbox 3208 1672 3349 1717; x_wconf 86' lang='lat' dir='ltr'><strong>erant</strong></span> <span class='ocrx_word' id='word_1_645' title='bbox 3378 1665 3531 1735; x_wconf 82' lang='lat' dir='ltr'><strong>pedes</strong></span> <span class='ocrx_word' id='word_1_646' title='bbox 3557 1666 3728 1718; x_wconf 78' lang='lat' dir='ltr'><strong>nostri</strong></span> 
     </span>
    </p>
   </div>
   <div class='ocr_carea' id='block_1_78' title="bbox 2128 1757 3727 1827">
    <p class='ocr_par' dir='ltr' id='par_1_78' title="bbox 2128 1757 3727 1827">
     <span class='ocr_line' id='line_1_78' title="bbox 2128 1757 3727 1827; baseline 0.003 -18"><span class='ocrx_word' id='word_1_647' title='bbox 2128 1757 2181 1809; x_wconf 88' lang='lat' dir='ltr'><strong>in</strong></span> <span class='ocrx_word' id='word_1_648' title='bbox 2205 1758 2348 1811; x_wconf 89' lang='lat' dir='ltr'><strong>atriis</strong></span> <span class='ocrx_word' id='word_1_649' title='bbox 2383 1757 2687 1811; x_wconf 82' lang='lat' dir='ltr'><strong>Jerusalem.</strong></span> <span class='ocrx_word' id='word_1_650' title='bbox 2732 1758 2912 1826; x_wconf 86' lang='lat' dir='ltr'><strong>Cogita</strong></span> <span class='ocrx_word' id='word_1_651' title='bbox 2961 1758 3132 1827; x_wconf 84' lang='lat' dir='ltr'><strong>qualis</strong></span> <span class='ocrx_word' id='word_1_652' title='bbox 3165 1758 3233 1810; x_wconf 89' lang='lat' dir='ltr'><strong>ibi</strong></span> <span class='ocrx_word' id='word_1_653' title='bbox 3272 1757 3480 1812; x_wconf 88' lang='lat' dir='ltr'><strong>futurus</strong></span> <span class='ocrx_word' id='word_1_654' title='bbox 3522 1760 3632 1816; x_wconf 87' lang='lat' dir='ltr'><strong>sis:</strong></span> <span class='ocrx_word' id='word_1_655' title='bbox 3662 1770 3727 1814; x_wconf 83' lang='lat' dir='ltr'><strong>et</strong></span> 
     </span>
    </p>
   </div>
   <div class='ocr_carea' id='block_1_79' title="bbox 2129 1848 3720 1918">
    <p class='ocr_par' dir='ltr' id='par_1_79' title="bbox 2129 1848 3720 1918">
     <span class='ocr_line' id='line_1_79' title="bbox 2129 1848 3720 1918; baseline 0.003 -18"><span class='ocrx_word' id='word_1_656' title='bbox 2129 1849 2371 1917; x_wconf 85' lang='lat' dir='ltr'><strong>quamvis</strong></span> <span class='ocrx_word' id='word_1_657' title='bbox 2400 1848 2574 1904; x_wconf 89' lang='lat' dir='ltr'><strong>adhuc</strong></span> <span class='ocrx_word' id='word_1_658' title='bbox 2600 1850 2651 1902; x_wconf 91' lang='lat' dir='ltr'><strong>in</strong></span> <span class='ocrx_word' id='word_1_659' title='bbox 2682 1850 2764 1902; x_wconf 89' lang='lat' dir='ltr'><strong>via</strong></span> <span class='ocrx_word' id='word_1_660' title='bbox 2791 1850 2885 1915; x_wconf 89' lang='lat' dir='ltr'><strong>sis,</strong></span> <span class='ocrx_word' id='word_1_661' title='bbox 2922 1849 3024 1905; x_wconf 91' lang='lat' dir='ltr'><strong>hoc</strong></span> <span class='ocrx_word' id='word_1_662' title='bbox 3049 1849 3139 1903; x_wconf 91' lang='lat' dir='ltr'><strong>tibi</strong></span> <span class='ocrx_word' id='word_1_663' title='bbox 3172 1863 3309 1918; x_wconf 88' lang='lat' dir='ltr'><strong>pone</strong></span> <span class='ocrx_word' id='word_1_664' title='bbox 3334 1858 3459 1904; x_wconf 90' lang='lat' dir='ltr'><strong>ante</strong></span> <span class='ocrx_word' id='word_1_665' title='bbox 3489 1850 3673 1905; x_wconf 86' lang='lat' dir='ltr'><strong>oculos</strong></span> <span class='ocrx_word' id='word_1_666' title='bbox 3703 1876 3720 1913; x_wconf 82' lang='lat'><strong>-,</strong></span> 
     </span>
    </p>
   </div>
   <div class='ocr_carea' id='block_1_80' title="bbox 2129 1937 3727 2008">
    <p class='ocr_par' dir='ltr' id='par_1_80' title="bbox 2129 1937 3727 2008">
     <span class='ocr_line' id='line_1_80' title="bbox 2129 1937 3727 2008; baseline 0.003 -19"><span class='ocrx_word' id='word_1_667' title='bbox 2129 1938 2279 2007; x_wconf 90' lang='lat' dir='ltr'><strong>quasi</strong></span> <span class='ocrx_word' id='word_1_668' title='bbox 2308 1937 2379 1991; x_wconf 40' lang='lat' dir='ltr'><strong>illi</strong></span> <span class='ocrx_word' id='word_1_669' title='bbox 2420 1948 2562 2001; x_wconf 80' lang='lat' dir='ltr'><strong>s‘es,</strong></span> <span class='ocrx_word' id='word_1_670' title='bbox 2603 1939 2753 2007; x_wconf 89' lang='lat' dir='ltr'><strong>quasi</strong></span> <span class='ocrx_word' id='word_1_671' title='bbox 2794 1937 2903 2005; x_wconf 88' lang='lat' dir='ltr'><strong>jam</strong></span> <span class='ocrx_word' id='word_1_672' title='bbox 2949 1938 3087 1993; x_wconf 88' lang='lat' dir='ltr'><strong>inter</strong></span> <span class='ocrx_word' id='word_1_673' title='bbox 3124 1938 3361 2008; x_wconf 80' lang='lat' dir='ltr'><strong>Angelos</strong></span> <span class='ocrx_word' id='word_1_674' title='bbox 3405 1938 3727 1993; x_wconf 80' lang='lat' dir='ltr'><strong>indeficiens</strong></span> 
     </span>
    </p>
   </div>
   <div class='ocr_carea' id='block_1_81' title="bbox 2128 2029 3727 2100">
    <p class='ocr_par' dir='ltr' id='par_1_81' title="bbox 2128 2029 3727 2100">
     <span class='ocr_line' id='line_1_81' title="bbox 2128 2029 3727 2100; baseline -0.003 -18"><span class='ocrx_word' id='word_1_675' title='bbox 2128 2030 2380 2099; x_wconf 74' lang='lat' dir='ltr'><strong>gaudeas,</strong></span> <span class='ocrx_word' id='word_1_676' title='bbox 2410 2038 2464 2085; x_wconf 90' lang='lat' dir='ltr'><strong>et</strong></span> <span class='ocrx_word' id='word_1_677' title='bbox 2494 2031 2582 2083; x_wconf 87' lang='lat' dir='ltr'><strong>fiat</strong></span> <span class='ocrx_word' id='word_1_678' title='bbox 2608 2031 2659 2084; x_wconf 91' lang='lat' dir='ltr'><strong>in</strong></span> <span class='ocrx_word' id='word_1_679' title='bbox 2689 2039 2741 2084; x_wconf 90' lang='lat' dir='ltr'><strong>te</strong></span> <span class='ocrx_word' id='word_1_680' title='bbox 2768 2029 2909 2100; x_wconf 91' lang='lat' dir='ltr'><strong>quod</strong></span> <span class='ocrx_word' id='word_1_681' title='bbox 2932 2030 3131 2084; x_wconf 86' lang='lat' dir='ltr'><strong>dictum</strong></span> <span class='ocrx_word' id='word_1_682' title='bbox 3160 2037 3263 2094; x_wconf 87' lang='lat' dir='ltr'><strong>est,</strong></span> <span class='ocrx_word' id='word_1_683' title='bbox 3292 2029 3436 2084; x_wconf 83' lang='lat' dir='ltr'><strong>Beati</strong></span> <span class='ocrx_word' id='word_1_684' title='bbox 3464 2030 3549 2099; x_wconf 82' lang='lat' dir='ltr'><strong>qui</strong></span> <span class='ocrx_word' id='word_1_685' title='bbox 3574 2029 3727 2081; x_wconf 80' lang='lat' dir='ltr'><strong>[tabi-</strong></span> 
     </span>
    </p>
   </div>
   <div class='ocr_carea' id='block_1_82' title="bbox 2129 2120 3728 2183">
    <p class='ocr_par' dir='ltr' id='par_1_82' title="bbox 2129 2120 3728 2183">
     <span class='ocr_line' id='line_1_82' title="bbox 2129 2120 3728 2183; baseline 0.003 -12"><span class='ocrx_word' id='word_1_686' title='bbox 2129 2128 2236 2172; x_wconf 83' lang='lat' dir='ltr'><strong>tant</strong></span> <span class='ocrx_word' id='word_1_687' title='bbox 2266 2121 2316 2173; x_wconf 88' lang='lat' dir='ltr'><strong>in</strong></span> <span class='ocrx_word' id='word_1_688' title='bbox 2358 2120 2507 2174; x_wconf 85' lang='lat' dir='ltr'><strong>domo</strong></span> <span class='ocrx_word' id='word_1_689' title='bbox 2551 2131 2678 2183; x_wconf 85' lang='lat' dir='ltr'><strong>tua;</strong></span> <span class='ocrx_word' id='word_1_690' title='bbox 2716 2122 2769 2175; x_wconf 86' lang='lat' dir='ltr'><strong>in</strong></span> <span class='ocrx_word' id='word_1_691' title='bbox 2811 2122 2994 2175; x_wconf 79' lang='lat' dir='ltr'><strong>srecnla</strong></span> <span class='ocrx_word' id='word_1_692' title='bbox 3030 2122 3328 2175; x_wconf 76' lang='lat' dir='ltr'><strong>swculorum</strong></span> <span class='ocrx_word' id='word_1_693' title='bbox 3365 2120 3642 2175; x_wconf 84' lang='lat' dir='ltr'><strong>laudabunt</strong></span> <span class='ocrx_word' id='word_1_694' title='bbox 3670 2133 3728 2175; x_wconf 86' lang='lat' dir='ltr'><strong>te</strong></span> 
     </span>
    </p>
   </div>
   <div class='ocr_carea' id='block_1_83' title="bbox 2130 2210 3725 2286">
    <p class='ocr_par' dir='ltr' id='par_1_83' title="bbox 2130 2210 3725 2286">
     <span class='ocr_line' id='line_1_83' title="bbox 2130 2210 3725 2286; baseline 0.005 -24"><span class='ocrx_word' id='word_1_695' title='bbox 2130 2210 2298 2279; x_wconf 81' lang='lat' dir='ltr'><strong>(Psal.</strong></span> <span class='ocrx_word' id='word_1_696' title='bbox 2336 2228 2578 2277; x_wconf 70' lang='lat' dir='ltr'><strong>LXXXIII,</strong></span> <span class='ocrx_word' id='word_1_697' title='bbox 2611 2214 2642 2266; x_wconf 83' lang='lat'>5</span> <span class='ocrx_word' id='word_1_698' title='bbox 2661 2212 2700 2282; x_wconf 90' lang='lat'><strong>).</strong></span> <span class='ocrx_word' id='word_1_699' title='bbox 2732 2213 2937 2268; x_wconf 69' lang='lat' dir='ltr'><strong>Stante:</strong></span> <span class='ocrx_word' id='word_1_700' title='bbox 2968 2224 3110 2267; x_wconf 86' lang='lat' dir='ltr'><strong>erant</strong></span> <span class='ocrx_word' id='word_1_701' title='bbox 3137 2214 3285 2286; x_wconf 84' lang='lat' dir='ltr'><strong>pedes</strong></span> <span class='ocrx_word' id='word_1_702' title='bbox 3311 2215 3469 2267; x_wconf 81' lang='lat' dir='ltr'><strong>nostri</strong></span> <span class='ocrx_word' id='word_1_703' title='bbox 3496 2216 3548 2267; x_wconf 88' lang='lat' dir='ltr'><strong>in</strong></span> <span class='ocrx_word' id='word_1_704' title='bbox 3574 2216 3725 2270; x_wconf 76' lang='lat' dir='ltr'><strong>atriis</strong></span> 
     </span>
    </p>
   </div>
   <div class='ocr_carea' id='block_1_84' title="bbox 2125 2302 3721 2373">
    <p class='ocr_par' dir='ltr' id='par_1_84' title="bbox 2125 2302 3721 2373">
     <span class='ocr_line' id='line_1_84' title="bbox 2125 2302 3721 2373; baseline 0.001 -18"><span class='ocrx_word' id='word_1_705' title='bbox 2125 2302 2429 2357; x_wconf 80' lang='lat' dir='ltr'><strong>Jerusalem.</strong></span> <span class='ocrx_word' id='word_1_706' title='bbox 2461 2304 2624 2373; x_wconf 82' lang='lat' dir='ltr'><strong>Cujus</strong></span> <span class='ocrx_word' id='word_1_707' title='bbox 2653 2304 2988 2359; x_wconf 83' lang='lat' dir='ltr'><strong>Jerusalem?</strong></span> <span class='ocrx_word' id='word_1_708' title='bbox 3027 2305 3177 2361; x_wconf 87' lang='lat' dir='ltr'><strong>Solet</strong></span> <span class='ocrx_word' id='word_1_709' title='bbox 3212 2306 3355 2360; x_wconf 90' lang='lat' dir='ltr'><strong>enim</strong></span> <span class='ocrx_word' id='word_1_710' title='bbox 3383 2306 3488 2361; x_wconf 90' lang='lat' dir='ltr'><strong>dici</strong></span> <span class='ocrx_word' id='word_1_711' title='bbox 3534 2315 3588 2361; x_wconf 89' lang='lat' dir='ltr'><strong>et</strong></span> <span class='ocrx_word' id='word_1_712' title='bbox 3615 2307 3721 2359; x_wconf 87' lang='lat' dir='ltr'><strong>ista</strong></span> 
     </span>
    </p>
   </div>
   <div class='ocr_carea' id='block_1_85' title="bbox 2127 2396 3725 2461">
    <p class='ocr_par' dir='ltr' id='par_1_85' title="bbox 2127 2396 3725 2461">
     <span class='ocr_line' id='line_1_85' title="bbox 2127 2396 3725 2461; baseline 0.001 -11"><span class='ocrx_word' id='word_1_713' title='bbox 2127 2396 2455 2461; x_wconf 68' lang='lat' dir='ltr'><strong>Jerusalem;</strong></span> <span class='ocrx_word' id='word_1_714' title='bbox 2503 2397 2595 2451; x_wconf 90' lang='lat' dir='ltr'><strong>sed</strong></span> <span class='ocrx_word' id='word_1_715' title='bbox 2629 2397 2725 2451; x_wconf 87' lang='lat' dir='ltr'><strong>ista</strong></span> <span class='ocrx_word' id='word_1_716' title='bbox 2756 2396 3047 2452; x_wconf 75' lang='lat' dir='ltr'><strong>Jerusalem</strong></span> <span class='ocrx_word' id='word_1_717' title='bbox 3092 2399 3277 2451; x_wconf 84' lang='lat' dir='ltr'><strong>umbra</strong></span> <span class='ocrx_word' id='word_1_718' title='bbox 3316 2406 3399 2451; x_wconf 89' lang='lat' dir='ltr'><strong>est</strong></span> <span class='ocrx_word' id='word_1_719' title='bbox 3444 2396 3604 2451; x_wconf 90' lang='lat' dir='ltr'><strong>illius.</strong></span> <span class='ocrx_word' id='word_1_720' title='bbox 3649 2397 3725 2451; x_wconf 83' lang='lat' dir='ltr'><strong>Et</strong></span> 
     </span>
    </p>
   </div>
   <div class='ocr_carea' id='block_1_86' title="bbox 2125 2487 3718 2558">
    <p class='ocr_par' dir='ltr' id='par_1_86' title="bbox 2125 2487 3718 2558">
     <span class='ocr_line' id='line_1_86' title="bbox 2125 2487 3718 2558; baseline 0 -17"><span class='ocrx_word' id='word_1_721' title='bbox 2125 2487 2250 2556; x_wconf 91' lang='lat' dir='ltr'><strong>quid</strong></span> <span class='ocrx_word' id='word_1_722' title='bbox 2276 2503 2522 2558; x_wconf 82' lang='lat' dir='ltr'><strong>magnum</strong></span> <span class='ocrx_word' id='word_1_723' title='bbox 2549 2498 2630 2541; x_wconf 87' lang='lat' dir='ltr'><strong>est</strong></span> <span class='ocrx_word' id='word_1_724' title='bbox 2660 2497 2801 2542; x_wconf 80' lang='lat' dir='ltr'><strong>stare</strong></span> <span class='ocrx_word' id='word_1_725' title='bbox 2827 2488 2878 2541; x_wconf 90' lang='lat' dir='ltr'><strong>in</strong></span> <span class='ocrx_word' id='word_1_726' title='bbox 2903 2489 2999 2543; x_wconf 88' lang='lat' dir='ltr'><strong>ista</strong></span> <span class='ocrx_word' id='word_1_727' title='bbox 3028 2488 3343 2549; x_wconf 86' lang='lat' dir='ltr'><strong>Jerusalem,</strong></span> <span class='ocrx_word' id='word_1_728' title='bbox 3372 2488 3583 2558; x_wconf 88' lang='lat' dir='ltr'><strong>quando</strong></span> <span class='ocrx_word' id='word_1_729' title='bbox 3614 2488 3718 2541; x_wconf 82' lang='lat' dir='ltr'><strong>ista</strong></span> 
     </span>
    </p>
   </div>
   <div class='ocr_carea' id='block_1_87' title="bbox 2125 2578 3718 2648">
    <p class='ocr_par' dir='ltr' id='par_1_87' title="bbox 2125 2578 3718 2648">
     <span class='ocr_line' id='line_1_87' title="bbox 2125 2578 3718 2648; baseline -0.003 -15"><span class='ocrx_word' id='word_1_730' title='bbox 2125 2578 2416 2633; x_wconf 83' lang='lat' dir='ltr'><strong>Jerusalem</strong></span> <span class='ocrx_word' id='word_1_731' title='bbox 2448 2588 2589 2634; x_wconf 87' lang='lat' dir='ltr'><strong>stare</strong></span> <span class='ocrx_word' id='word_1_732' title='bbox 2630 2595 2732 2634; x_wconf 92' lang='lat' dir='ltr'><strong>non</strong></span> <span class='ocrx_word' id='word_1_733' title='bbox 2766 2579 2955 2647; x_wconf 87' lang='lat' dir='ltr'><strong>potuit,</strong></span> <span class='ocrx_word' id='word_1_734' title='bbox 2989 2595 3106 2648; x_wconf 58' lang='lat' dir='ltr'><strong>quae</strong></span> <span class='ocrx_word' id='word_1_735' title='bbox 3135 2579 3186 2633; x_wconf 90' lang='lat' dir='ltr'><strong>in</strong></span> <span class='ocrx_word' id='word_1_736' title='bbox 3219 2578 3425 2633; x_wconf 84' lang='lat' dir='ltr'><strong>ruinam</strong></span> <span class='ocrx_word' id='word_1_737' title='bbox 3454 2593 3718 2633; x_wconf 83' lang='lat' dir='ltr'><strong>conversa</strong></span> 
     </span>
    </p>
   </div>
   <div class='ocr_carea' id='block_1_88' title="bbox 2126 2668 3720 2739">
    <p class='ocr_par' dir='ltr' id='par_1_88' title="bbox 2126 2668 3720 2739">
     <span class='ocr_line' id='line_1_88' title="bbox 2126 2668 3720 2739; baseline -0.002 -15"><span class='ocrx_word' id='word_1_738' title='bbox 2126 2670 2244 2724; x_wconf 88' lang='lat' dir='ltr'><strong>est?</strong></span> <span class='ocrx_word' id='word_1_739' title='bbox 2278 2669 2386 2723; x_wconf 93' lang='lat' dir='ltr'><strong>lloc</strong></span> <span class='ocrx_word' id='word_1_740' title='bbox 2413 2684 2541 2739; x_wconf 77' lang='lat' dir='ltr'><strong>ergo</strong></span> <span class='ocrx_word' id='word_1_741' title='bbox 2571 2685 2668 2737; x_wconf 90' lang='lat' dir='ltr'><strong>pro</strong></span> <span class='ocrx_word' id='word_1_742' title='bbox 2696 2684 2887 2737; x_wconf 76' lang='lat' dir='ltr'><strong>magno</strong></span> <span class='ocrx_word' id='word_1_743' title='bbox 2912 2669 3139 2737; x_wconf 88' lang='lat' dir='ltr'><strong>Spiritus</strong></span> <span class='ocrx_word' id='word_1_744' title='bbox 3164 2678 3381 2724; x_wconf 88' lang='lat' dir='ltr'><strong>sanctus</strong></span> <span class='ocrx_word' id='word_1_745' title='bbox 3408 2685 3472 2724; x_wconf 71' lang='lat' dir='ltr'><strong>ev</strong></span> <span class='ocrx_word' id='word_1_746' title='bbox 3498 2668 3720 2727; x_wconf 63' lang='lat' dir='ltr'><strong>inﬂatu-</strong></span> 
     </span>
    </p>
   </div>
   <div class='ocr_carea' id='block_1_89' title="bbox 2127 2760 3722 2830">
    <p class='ocr_par' dir='ltr' id='par_1_89' title="bbox 2127 2760 3722 2830">
     <span class='ocr_line' id='line_1_89' title="bbox 2127 2760 3722 2830; baseline -0.001 -16"><span class='ocrx_word' id='word_1_747' title='bbox 2127 2770 2270 2814; x_wconf 66' lang='lat' dir='ltr'><strong>rnato</strong></span> <span class='ocrx_word' id='word_1_748' title='bbox 2293 2760 2453 2815; x_wconf 88' lang='lat' dir='ltr'><strong>corde</strong></span> <span class='ocrx_word' id='word_1_749' title='bbox 2479 2760 2707 2815; x_wconf 83' lang='lat' dir='ltr'><strong>amantis</strong></span> <span class='ocrx_word' id='word_1_750' title='bbox 2734 2761 2888 2827; x_wconf 86' lang='lat' dir='ltr'><strong>hujus</strong></span> <span class='ocrx_word' id='word_1_751' title='bbox 2915 2760 3202 2830; x_wconf 85' lang='lat' dir='ltr'><strong>eloquitur,</strong></span> <span class='ocrx_word' id='word_1_752' title='bbox 3231 2762 3350 2830; x_wconf 89' lang='lat' dir='ltr'><strong>quia</strong></span> <span class='ocrx_word' id='word_1_753' title='bbox 3377 2760 3525 2823; x_wconf 89' lang='lat' dir='ltr'><strong>dicit,</strong></span> <span class='ocrx_word' id='word_1_754' title='bbox 3555 2762 3722 2815; x_wconf 81' lang='lat' dir='ltr'><strong>Stan-</strong></span> 
     </span>
    </p>
   </div>
   <div class='ocr_carea' id='block_1_90' title="bbox 2125 2851 3717 2923">
    <p class='ocr_par' dir='ltr' id='par_1_90' title="bbox 2125 2851 3717 2923">
     <span class='ocr_line' id='line_1_90' title="bbox 2125 2851 3717 2923; baseline 0.001 -18"><span class='ocrx_word' id='word_1_755' title='bbox 2125 2862 2198 2907; x_wconf 88' lang='lat' dir='ltr'><strong>tes</strong></span> <span class='ocrx_word' id='word_1_756' title='bbox 2226 2863 2367 2906; x_wconf 88' lang='lat' dir='ltr'><strong>erant</strong></span> <span class='ocrx_word' id='word_1_757' title='bbox 2409 2853 2557 2923; x_wconf 78' lang='lat' dir='ltr'><strong>pedes</strong></span> <span class='ocrx_word' id='word_1_758' title='bbox 2600 2854 2757 2906; x_wconf 80' lang='lat' dir='ltr'><strong>nostri</strong></span> <span class='ocrx_word' id='word_1_759' title='bbox 2793 2853 2846 2905; x_wconf 90' lang='lat' dir='ltr'><strong>in</strong></span> <span class='ocrx_word' id='word_1_760' title='bbox 2883 2853 3024 2906; x_wconf 88' lang='lat' dir='ltr'><strong>atriis</strong></span> <span class='ocrx_word' id='word_1_761' title='bbox 3052 2851 3379 2906; x_wconf 77' lang='lat' dir='ltr'><strong>Jerusalem?</strong></span> <span class='ocrx_word' id='word_1_762' title='bbox 3409 2867 3584 2907; x_wconf 88' lang='lat' dir='ltr'><strong>nonne</strong></span> <span class='ocrx_word' id='word_1_763' title='bbox 3622 2853 3717 2907; x_wconf 77' lang='lat' dir='ltr'><strong>illa</strong></span> 
     </span>
    </p>
   </div>
   <div class='ocr_carea' id='block_1_91' title="bbox 2124 2944 3721 3013">
    <p class='ocr_par' dir='ltr' id='par_1_91' title="bbox 2124 2944 3721 3013">
     <span class='ocr_line' id='line_1_91' title="bbox 2124 2944 3721 3013; baseline -0.003 -11"><span class='ocrx_word' id='word_1_764' title='bbox 2124 2957 2206 3002; x_wconf 90' lang='lat' dir='ltr'><strong>est</strong></span> <span class='ocrx_word' id='word_1_765' title='bbox 2234 2948 2555 3013; x_wconf 80' lang='lat' dir='ltr'><strong>Jerusnlem,</strong></span> <span class='ocrx_word' id='word_1_766' title='bbox 2584 2948 2665 3001; x_wconf 89' lang='lat' dir='ltr'><strong>cui</strong></span> <span class='ocrx_word' id='word_1_767' title='bbox 2697 2947 2829 3001; x_wconf 86' lang='lat' dir='ltr'><strong>dixit</strong></span> <span class='ocrx_word' id='word_1_768' title='bbox 2856 2947 3132 3008; x_wconf 80' lang='lat' dir='ltr'><strong>Dominus,</strong></span> <span class='ocrx_word' id='word_1_769' title='bbox 3164 2946 3467 3010; x_wconf 75' lang='lat' dir='ltr'><strong>Jerusalem,</strong></span> <span class='ocrx_word' id='word_1_770' title='bbox 3494 2944 3721 2998; x_wconf 64' lang='lat' dir='ltr'><strong>lernam-&#39;-</strong></span> 
     </span>
    </p>
   </div>
   <div class='ocr_carea' id='block_1_92' title="bbox 2127 3035 3720 3108">
    <p class='ocr_par' dir='ltr' id='par_1_92' title="bbox 2127 3035 3720 3108">
     <span class='ocr_line' id='line_1_92' title="bbox 2127 3035 3720 3108; baseline -0.001 -17"><span class='ocrx_word' id='word_1_771' title='bbox 2127 3038 2221 3091; x_wconf 86' lang='lat' dir='ltr'><strong>lem</strong></span> <span class='ocrx_word' id='word_1_772' title='bbox 2242 3080 2255 3104; x_wconf 96' lang='lat'><strong>,</strong></span> <span class='ocrx_word' id='word_1_773' title='bbox 2286 3055 2397 3108; x_wconf 77' lang='lat' dir='ltr'><strong>qua:</strong></span> <span class='ocrx_word' id='word_1_774' title='bbox 2420 3039 2661 3106; x_wconf 76' lang='lat' dir='ltr'><strong>inter/iris</strong></span> <span class='ocrx_word' id='word_1_775' title='bbox 2690 3037 2976 3108; x_wconf 82' lang='lat' dir='ltr'><strong>Prophetas</strong></span> <span class='ocrx_word' id='word_1_776' title='bbox 3000 3079 3014 3101; x_wconf 88' lang='lat'><strong>,</strong></span> <span class='ocrx_word' id='word_1_777' title='bbox 3045 3048 3092 3090; x_wconf 83' lang='lat' dir='ltr'><strong>et</strong></span> <span class='ocrx_word' id='word_1_778' title='bbox 3135 3036 3335 3107; x_wconf 79' lang='lat' dir='ltr'><strong>lapides</strong></span> <span class='ocrx_word' id='word_1_779' title='bbox 3364 3038 3540 3090; x_wconf 85' lang='lat' dir='ltr'><strong>missos</strong></span> <span class='ocrx_word' id='word_1_780' title='bbox 3568 3035 3635 3088; x_wconf 85' lang='lat' dir='ltr'><strong>ad</strong></span> <span class='ocrx_word' id='word_1_781' title='bbox 3664 3046 3720 3089; x_wconf 84' lang='lat' dir='ltr'><strong>Ie</strong></span> 
     </span>
    </p>
   </div>
   <div class='ocr_carea' id='block_1_93' title="bbox 2129 3126 3719 3199">
    <p class='ocr_par' dir='ltr' id='par_1_93' title="bbox 2129 3126 3719 3199">
     <span class='ocr_line' id='line_1_93' title="bbox 2129 3126 3719 3199; baseline -0.002 -18"><span class='ocrx_word' id='word_1_782' title='bbox 2129 3128 2337 3199; x_wconf 79' lang='lat' dir='ltr'><strong>(Matth.</strong></span> <span class='ocrx_word' id='word_1_783' title='bbox 2368 3145 2515 3190; x_wconf 61' lang='grc' dir='ltr'>χχιιι,</span> <span class='ocrx_word' id='word_1_784' title='bbox 2549 3126 2651 3198; x_wconf 80' lang='grc'>57)</span> <span class='ocrx_word' id='word_1_785' title='bbox 2674 3127 2696 3180; x_wconf 89' lang='lat'><strong>?</strong></span> <span class='ocrx_word' id='word_1_786' title='bbox 2723 3127 2857 3196; x_wconf 89' lang='lat' dir='ltr'><strong>Quid</strong></span> <span class='ocrx_word' id='word_1_787' title='bbox 2890 3142 3138 3197; x_wconf 81' lang='lat' dir='ltr'><strong>magnum</strong></span> <span class='ocrx_word' id='word_1_788' title='bbox 3169 3141 3296 3195; x_wconf 78' lang='lat' dir='ltr'><strong>ergo</strong></span> <span class='ocrx_word' id='word_1_789' title='bbox 3325 3126 3424 3180; x_wconf 90' lang='lat' dir='ltr'><strong>iste</strong></span> <span class='ocrx_word' id='word_1_790' title='bbox 3451 3126 3719 3194; x_wconf 64' lang='lat' dir='ltr'><strong>coneupio</strong></span> 
     </span>
    </p>
   </div>
   <div class='ocr_carea' id='block_1_94' title="bbox 2122 3218 3713 3289">
    <p class='ocr_par' dir='ltr' id='par_1_94' title="bbox 2122 3218 3713 3289">
     <span class='ocr_line' id='line_1_94' title="bbox 2122 3218 3713 3289; baseline -0.001 -16"><span class='ocrx_word' id='word_1_791' title='bbox 2122 3222 2319 3284; x_wconf 59' lang='lat' dir='ltr'><strong>scebat,</strong></span> <span class='ocrx_word' id='word_1_792' title='bbox 2355 3228 2497 3274; x_wconf 89' lang='lat' dir='ltr'><strong>stare</strong></span> <span class='ocrx_word' id='word_1_793' title='bbox 2526 3220 2665 3274; x_wconf 90' lang='lat' dir='ltr'><strong>inter</strong></span> <span class='ocrx_word' id='word_1_794' title='bbox 2694 3220 2812 3274; x_wconf 89' lang='lat' dir='ltr'><strong>illos</strong></span> <span class='ocrx_word' id='word_1_795' title='bbox 2840 3220 2925 3289; x_wconf 88' lang='lat' dir='ltr'><strong>qui</strong></span> <span class='ocrx_word' id='word_1_796' title='bbox 2960 3218 3344 3273; x_wconf 83' lang='lat' dir='ltr'><strong>iuterliciebant</strong></span> <span class='ocrx_word' id='word_1_797' title='bbox 3371 3218 3670 3286; x_wconf 85' lang='lat' dir='ltr'><strong>Prophetas</strong></span> <span class='ocrx_word' id='word_1_798' title='bbox 3696 3258 3713 3281; x_wconf 81' lang='grc'><em>,</em></span> 
     </span>
    </p>
   </div>
   <div class='ocr_carea' id='block_1_95' title="bbox 2122 3310 3716 3382">
    <p class='ocr_par' dir='ltr' id='par_1_95' title="bbox 2122 3310 3716 3382">
     <span class='ocr_line' id='line_1_95' title="bbox 2122 3310 3716 3382; baseline -0.003 -15"><span class='ocrx_word' id='word_1_799' title='bbox 2122 3323 2175 3367; x_wconf 86' lang='lat' dir='ltr'><strong>et</strong></span> <span class='ocrx_word' id='word_1_800' title='bbox 2197 3312 2501 3382; x_wconf 88' lang='lat' dir='ltr'><strong>lapidabant</strong></span> <span class='ocrx_word' id='word_1_801' title='bbox 2523 3313 2714 3366; x_wconf 88' lang='lat' dir='ltr'><strong>missos</strong></span> <span class='ocrx_word' id='word_1_802' title='bbox 2736 3311 2801 3364; x_wconf 88' lang='lat' dir='ltr'><strong>ad</strong></span> <span class='ocrx_word' id='word_1_803' title='bbox 2827 3312 2919 3366; x_wconf 86' lang='lat' dir='ltr'><strong>se?</strong></span> <span class='ocrx_word' id='word_1_804' title='bbox 2945 3311 3097 3364; x_wconf 87' lang='lat' dir='ltr'><strong>Absit</strong></span> <span class='ocrx_word' id='word_1_805' title='bbox 3122 3319 3179 3364; x_wconf 93' lang='lat' dir='ltr'><strong>ut</strong></span> <span class='ocrx_word' id='word_1_806' title='bbox 3203 3310 3269 3364; x_wconf 90' lang='lat' dir='ltr'><strong>de</strong></span> <span class='ocrx_word' id='word_1_807' title='bbox 3289 3311 3385 3365; x_wconf 84' lang='lat' dir='ltr'><strong>ista</strong></span> <span class='ocrx_word' id='word_1_808' title='bbox 3408 3310 3716 3363; x_wconf 82' lang='lat' dir='ltr'><strong>Jerusalem</strong></span> 
     </span>
    </p>
   </div>
   <div class='ocr_carea' id='block_1_96' title="bbox 2122 3400 3718 3472">
    <p class='ocr_par' dir='ltr' id='par_1_96' title="bbox 2122 3400 3718 3472">
     <span class='ocr_line' id='line_1_96' title="bbox 2122 3400 3718 3472; baseline -0.003 -14"><span class='ocrx_word' id='word_1_809' title='bbox 2122 3403 2197 3458; x_wconf 90' lang='lat' dir='ltr'><strong>sic</strong></span> <span class='ocrx_word' id='word_1_810' title='bbox 2224 3404 2419 3472; x_wconf 69' lang='lat' dir='ltr'><strong>cogitet</strong></span> <span class='ocrx_word' id='word_1_811' title='bbox 2450 3403 2536 3471; x_wconf 87' lang='lat' dir='ltr'><strong>qui</strong></span> <span class='ocrx_word' id='word_1_812' title='bbox 2584 3404 2662 3457; x_wconf 90' lang='lat' dir='ltr'><strong>sic</strong></span> <span class='ocrx_word' id='word_1_813' title='bbox 2689 3413 2868 3466; x_wconf 89' lang='lat' dir='ltr'><strong>amat,</strong></span> <span class='ocrx_word' id='word_1_814' title='bbox 2904 3402 2994 3472; x_wconf 90' lang='lat' dir='ltr'><strong>qui</strong></span> <span class='ocrx_word' id='word_1_815' title='bbox 3035 3402 3112 3455; x_wconf 92' lang='lat' dir='ltr'><strong>sic</strong></span> <span class='ocrx_word' id='word_1_816' title='bbox 3155 3401 3347 3466; x_wconf 87' lang='lat' dir='ltr'><strong>ardet,</strong></span> <span class='ocrx_word' id='word_1_817' title='bbox 3374 3400 3461 3470; x_wconf 90' lang='lat' dir='ltr'><strong>qui</strong></span> <span class='ocrx_word' id='word_1_818' title='bbox 3491 3400 3568 3454; x_wconf 87' lang='lat' dir='ltr'><strong>sic</strong></span> <span class='ocrx_word' id='word_1_819' title='bbox 3596 3403 3718 3454; x_wconf 88' lang='lat' dir='ltr'><strong>vult</strong></span> 
     </span>
    </p>
   </div>
   <div class='ocr_carea' id='block_1_97' title="bbox 2122 3490 3715 3566">
    <p class='ocr_par' dir='ltr' id='par_1_97' title="bbox 2122 3490 3715 3566">
     <span class='ocr_line' id='line_1_97' title="bbox 2122 3490 3715 3566; baseline -0.003 -17"><span class='ocrx_word' id='word_1_820' title='bbox 2122 3494 2398 3566; x_wconf 90' lang='lat' dir='ltr'><strong>pervenire</strong></span> <span class='ocrx_word' id='word_1_821' title='bbox 2426 3494 2491 3548; x_wconf 91' lang='lat' dir='ltr'><strong>ad</strong></span> <span class='ocrx_word' id='word_1_822' title='bbox 2520 3494 2660 3547; x_wconf 87' lang='lat' dir='ltr'><strong>illam</strong></span> <span class='ocrx_word' id='word_1_823' title='bbox 2687 3494 2979 3549; x_wconf 85' lang='lat' dir='ltr'><strong>Jerusalem</strong></span> <span class='ocrx_word' id='word_1_824' title='bbox 3003 3502 3225 3547; x_wconf 89' lang='lat' dir='ltr'><strong>matrem</strong></span> <span class='ocrx_word' id='word_1_825' title='bbox 3244 3501 3475 3547; x_wconf 88' lang='lat' dir='ltr'><strong>nostram</strong></span> <span class='ocrx_word' id='word_1_826' title='bbox 3508 3490 3715 3563; x_wconf 79' lang='lat' dir='ltr'><strong>(Galal.</strong></span> 
     </span>
    </p>
   </div>
   <div class='ocr_carea' id='block_1_98' title="bbox 2122 3584 3715 3658">
    <p class='ocr_par' dir='ltr' id='par_1_98' title="bbox 2122 3584 3715 3658">
     <span class='ocr_line' id='line_1_98' title="bbox 2122 3584 3715 3658; baseline -0.003 -16"><span class='ocrx_word' id='word_1_827' title='bbox 2122 3605 2193 3653; x_wconf 81' lang='lat' dir='ltr'><strong>tv,</strong></span> <span class='ocrx_word' id='word_1_828' title='bbox 2219 3587 2348 3658; x_wconf 75' lang='lat'><strong>‘26),</strong></span> <span class='ocrx_word' id='word_1_829' title='bbox 2379 3587 2446 3642; x_wconf 90' lang='lat' dir='ltr'><strong>de</strong></span> <span class='ocrx_word' id='word_1_830' title='bbox 2475 3601 2579 3657; x_wconf 86' lang='lat' dir='ltr'><strong>qua</strong></span> <span class='ocrx_word' id='word_1_831' title='bbox 2608 3586 2737 3641; x_wconf 90' lang='lat' dir='ltr'><strong>dicit</strong></span> <span class='ocrx_word' id='word_1_832' title='bbox 2764 3585 3049 3657; x_wconf 83' lang='lat' dir='ltr'><strong>Apostolus</strong></span> <span class='ocrx_word' id='word_1_833' title='bbox 3074 3625 3090 3652; x_wconf 92' lang='lat'><strong>,</strong></span> <span class='ocrx_word' id='word_1_834' title='bbox 3118 3594 3353 3639; x_wconf 67' lang='lat' dir='ltr'><strong>teter-nam</strong></span> <span class='ocrx_word' id='word_1_835' title='bbox 3380 3586 3431 3638; x_wconf 88' lang='lat' dir='ltr'><strong>in</strong></span> <span class='ocrx_word' id='word_1_836' title='bbox 3457 3584 3592 3638; x_wconf 81' lang='lat' dir='ltr'><strong>cwlis</strong></span> <span class='ocrx_word' id='word_1_837' title='bbox 3622 3584 3639 3651; x_wconf 93' lang='lat'>(</span> <span class='ocrx_word' id='word_1_838' title='bbox 3668 3584 3715 3638; x_wconf 82' lang='lat' dir='ltr'><strong>ll</strong></span> 
     </span>
    </p>
   </div>
   <div class='ocr_carea' id='block_1_99' title="bbox 2122 3676 2433 3749">
    <p class='ocr_par' dir='ltr' id='par_1_99' title="bbox 2122 3676 2433 3749">
     <span class='ocr_line' id='line_1_99' title="bbox 2122 3676 2433 3749; baseline -0.01 -17"><span class='ocrx_word' id='word_1_839' title='bbox 2122 3679 2239 3743; x_wconf 82' lang='lat' dir='ltr'><strong>Cor,</strong></span> <span class='ocrx_word' id='word_1_840' title='bbox 2267 3693 2319 3744; x_wconf 88' lang='lat' dir='ltr'><strong>v,</strong></span> <span class='ocrx_word' id='word_1_841' title='bbox 2350 3676 2433 3749; x_wconf 83' lang='lat' dir='ltr'><strong>l).</strong></span> 
     </span>
    </p>
   </div>
   <div class='ocr_carea' id='block_1_100' title="bbox 2192 3764 3712 3841">
    <p class='ocr_par' dir='ltr' id='par_1_100' title="bbox 2192 3764 3712 3841">
     <span class='ocr_line' id='line_1_100' title="bbox 2192 3764 3712 3841; baseline -0.005 -17"><span class='ocrx_word' id='word_1_842' title='bbox 2192 3771 2244 3824; x_wconf 73' lang='grc'><strong>4.</strong></span> <span class='ocrx_word' id='word_1_843' title='bbox 2278 3767 2442 3841; x_wconf 82' lang='lat' dir='ltr'><strong>[vers.</strong></span> <span class='ocrx_word' id='word_1_844' title='bbox 2474 3767 2569 3841; x_wconf 79' lang='lat'><strong>5.]</strong></span> <span class='ocrx_word' id='word_1_845' title='bbox 2612 3767 2744 3822; x_wconf 84' lang='lat' dir='ltr'><strong>Audi</strong></span> <span class='ocrx_word' id='word_1_846' title='bbox 2791 3776 3067 3834; x_wconf 90' lang='lat' dir='ltr'><strong>postremo</strong></span> <span class='ocrx_word' id='word_1_847' title='bbox 3090 3809 3103 3830; x_wconf 92' lang='lat'><strong>,</strong></span> <span class='ocrx_word' id='word_1_848' title='bbox 3134 3765 3242 3819; x_wconf 92' lang='lat' dir='ltr'><strong>noli</strong></span> <span class='ocrx_word' id='word_1_849' title='bbox 3286 3765 3415 3819; x_wconf 91' lang='lat' dir='ltr'><strong>mihi</strong></span> <span class='ocrx_word' id='word_1_850' title='bbox 3444 3764 3667 3818; x_wconf 86' lang='lat' dir='ltr'><strong>credere</strong></span> <span class='ocrx_word' id='word_1_851' title='bbox 3694 3783 3712 3829; x_wconf 85' lang='lat'><strong>;</strong></span> 
     </span>
    </p>
   </div>
   <div class='ocr_carea' id='block_1_101' title="bbox 2122 3855 3715 3930">
    <p class='ocr_par' dir='ltr' id='par_1_101' title="bbox 2122 3855 3715 3930">
     <span class='ocr_line' id='line_1_101' title="bbox 2122 3855 3715 3930; baseline -0.003 -17"><span class='ocrx_word' id='word_1_852' title='bbox 2122 3860 2241 3914; x_wconf 83' lang='lat' dir='ltr'><strong>audi</strong></span> <span class='ocrx_word' id='word_1_853' title='bbox 2262 3859 2388 3930; x_wconf 89' lang='lat' dir='ltr'><strong>quid</strong></span> <span class='ocrx_word' id='word_1_854' title='bbox 2411 3868 2682 3928; x_wconf 58' lang='lat' dir='ltr'><strong>sequatur,</strong></span> <span class='ocrx_word' id='word_1_855' title='bbox 2711 3867 2763 3913; x_wconf 88' lang='lat' dir='ltr'><strong>et</strong></span> <span class='ocrx_word' id='word_1_856' title='bbox 2784 3874 2941 3926; x_wconf 88' lang='lat' dir='ltr'><strong>quam</strong></span> <span class='ocrx_word' id='word_1_857' title='bbox 2972 3857 3270 3911; x_wconf 86' lang='lat' dir='ltr'><strong>Jerusalem</strong></span> <span class='ocrx_word' id='word_1_858' title='bbox 3295 3855 3537 3925; x_wconf 82' lang='lat' dir='ltr'><strong>designet</strong></span> <span class='ocrx_word' id='word_1_859' title='bbox 3558 3870 3715 3909; x_wconf 78' lang='lat' dir='ltr'><strong>men-</strong></span> 
     </span>
    </p>
   </div>
   <div class='ocr_carea' id='block_1_102' title="bbox 2125 3948 3716 4017">
    <p class='ocr_par' dir='ltr' id='par_1_102' title="bbox 2125 3948 3716 4017">
     <span class='ocr_line' id='line_1_102' title="bbox 2125 3948 3716 4017; baseline -0.004 -10"><span class='ocrx_word' id='word_1_860' title='bbox 2125 3953 2263 4008; x_wconf 79' lang='lat' dir='ltr'><strong>tibus</strong></span> <span class='ocrx_word' id='word_1_861' title='bbox 2290 3953 2505 4006; x_wconf 87' lang='lat' dir='ltr'><strong>nostris.</strong></span> <span class='ocrx_word' id='word_1_862' title='bbox 2535 3951 2666 4006; x_wconf 89' lang='lat' dir='ltr'><strong>Cum</strong></span> <span class='ocrx_word' id='word_1_863' title='bbox 2711 3951 2851 4004; x_wconf 88' lang='lat' dir='ltr'><strong>enim</strong></span> <span class='ocrx_word' id='word_1_864' title='bbox 2880 3950 3135 4015; x_wconf 80' lang='lat' dir='ltr'><strong>dixisset,</strong></span> <span class='ocrx_word' id='word_1_865' title='bbox 3167 3948 3369 4003; x_wconf 68' lang='lat' dir='ltr'><strong>Stante:</strong></span> <span class='ocrx_word' id='word_1_866' title='bbox 3394 3957 3533 4001; x_wconf 85' lang='lat' dir='ltr'><strong>eran:</strong></span> <span class='ocrx_word' id='word_1_867' title='bbox 3557 3949 3716 4017; x_wconf 75' lang='lat' dir='ltr'><strong>pedes</strong></span> 
     </span>
    </p>
   </div>
   <div class='ocr_carea' id='block_1_103' title="bbox 2122 4022 3715 4110">
    <p class='ocr_par' dir='ltr' id='par_1_103' title="bbox 2122 4022 3715 4110">
     <span class='ocr_line' id='line_1_103' title="bbox 2122 4022 3715 4110; baseline -0.005 -12"><span class='ocrx_word' id='word_1_868' title='bbox 2122 4045 2279 4098; x_wconf 85' lang='lat' dir='ltr'><strong>nostri</strong></span> <span class='ocrx_word' id='word_1_869' title='bbox 2306 4044 2358 4097; x_wconf 88' lang='lat' dir='ltr'><strong>in</strong></span> <span class='ocrx_word' id='word_1_870' title='bbox 2384 4043 2526 4096; x_wconf 72' lang='lat' dir='ltr'><strong>atriis</strong></span> <span class='ocrx_word' id='word_1_871' title='bbox 2545 4040 2832 4095; x_wconf 80' lang='lat' dir='ltr'><strong>Ierusalem</strong></span> <span class='ocrx_word' id='word_1_872' title='bbox 2856 4056 2875 4105; x_wconf 90' lang='lat'><strong><em>;</em></strong></span> <span class='ocrx_word' id='word_1_873' title='bbox 2904 4040 3053 4110; x_wconf 90' lang='lat' dir='ltr'><strong>quasi</strong></span> <span class='ocrx_word' id='word_1_874' title='bbox 3084 4022 3475 4103; x_wconf 36' lang='lat' dir='ltr'><strong>diceretur&#39;illi,</strong></span> <span class='ocrx_word' id='word_1_875' title='bbox 3510 4038 3583 4091; x_wconf 89' lang='lat' dir='ltr'><strong>De</strong></span> <span class='ocrx_word' id='word_1_876' title='bbox 3602 4053 3715 4106; x_wconf 83' lang='lat' dir='ltr'><strong>qua</strong></span> 
     </span>
    </p>
   </div>
   <div class='ocr_carea' id='block_1_104' title="bbox 2120 4128 3717 4202">
    <p class='ocr_par' dir='ltr' id='par_1_104' title="bbox 2120 4128 3717 4202">
     <span class='ocr_line' id='line_1_104' title="bbox 2120 4128 3717 4202; baseline -0.006 -11"><span class='ocrx_word' id='word_1_877' title='bbox 2120 4136 2417 4191; x_wconf 87' lang='lat' dir='ltr'><strong>Jerusalem</strong></span> <span class='ocrx_word' id='word_1_878' title='bbox 2447 4134 2617 4189; x_wconf 75' lang='lat' dir='ltr'><strong>diris?</strong></span> <span class='ocrx_word' id='word_1_879' title='bbox 2645 4133 2709 4187; x_wconf 89' lang='lat' dir='ltr'><strong>de</strong></span> <span class='ocrx_word' id='word_1_880' title='bbox 2737 4148 2838 4202; x_wconf 87' lang='lat' dir='ltr'><strong>qua</strong></span> <span class='ocrx_word' id='word_1_881' title='bbox 2867 4131 3163 4186; x_wconf 89' lang='lat' dir='ltr'><strong>Jerusalem</strong></span> <span class='ocrx_word' id='word_1_882' title='bbox 3191 4128 3460 4197; x_wconf 85' lang='lat' dir='ltr'><strong>loqueris?</strong></span> <span class='ocrx_word' id='word_1_883' title='bbox 3482 4128 3717 4198; x_wconf 81' lang='lat' dir='ltr'><strong>subjecit</strong></span> 
     </span>
    </p>
   </div>
   <div class='ocr_carea' id='block_1_105' title="bbox 2123 4220 3715 4296">
    <p class='ocr_par' dir='ltr' id='par_1_105' title="bbox 2123 4220 3715 4296">
     <span class='ocr_line' id='line_1_105' title="bbox 2123 4220 3715 4296; baseline -0.007 -12"><span class='ocrx_word' id='word_1_884' title='bbox 2123 4229 2323 4293; x_wconf 88' lang='lat' dir='ltr'><strong>statim,</strong></span> <span class='ocrx_word' id='word_1_885' title='bbox 2355 4226 2639 4281; x_wconf 83' lang='lat' dir='ltr'><strong>Jerusalem</strong></span> <span class='ocrx_word' id='word_1_886' title='bbox 2680 4241 2792 4296; x_wconf 78' lang='lat' dir='ltr'><strong>qtae</strong></span> <span class='ocrx_word' id='word_1_887' title='bbox 2820 4225 3102 4293; x_wconf 69' lang='lat' dir='ltr'><strong>a&#39;di/ieatnr</strong></span> <span class='ocrx_word' id='word_1_888' title='bbox 3129 4232 3182 4275; x_wconf 83' lang='lat' dir='ltr'><strong>ut</strong></span> <span class='ocrx_word' id='word_1_889' title='bbox 3225 4222 3419 4275; x_wconf 76' lang='lat' dir='ltr'><strong>civitas.</strong></span> <span class='ocrx_word' id='word_1_890' title='bbox 3449 4220 3670 4274; x_wconf 81' lang='lat' dir='ltr'><strong>Fratres</strong></span> <span class='ocrx_word' id='word_1_891' title='bbox 3698 4262 3715 4283; x_wconf 81' lang='lat'><strong>,</strong></span> 
     </span>
    </p>
   </div>
   <div class='ocr_carea' id='block_1_106' title="bbox 2122 4312 3715 4389">
    <p class='ocr_par' dir='ltr' id='par_1_106' title="bbox 2122 4312 3715 4389">
     <span class='ocr_line' id='line_1_106' title="bbox 2122 4312 3715 4389; baseline -0.004 -19"><span class='ocrx_word' id='word_1_892' title='bbox 2122 4318 2337 4389; x_wconf 81' lang='lat' dir='ltr'><strong>quando</strong></span> <span class='ocrx_word' id='word_1_893' title='bbox 2358 4318 2569 4373; x_wconf 89' lang='lat' dir='ltr'><strong>dicebat</strong></span> <span class='ocrx_word' id='word_1_894' title='bbox 2595 4317 2693 4370; x_wconf 89' lang='lat' dir='ltr'><strong>ista</strong></span> <span class='ocrx_word' id='word_1_895' title='bbox 2727 4315 2888 4368; x_wconf 85' lang='lat' dir='ltr'><strong>David</strong></span> <span class='ocrx_word' id='word_1_896' title='bbox 2911 4358 2925 4379; x_wconf 85' lang='lat'><strong>,</strong></span> <span class='ocrx_word' id='word_1_897' title='bbox 2954 4312 3186 4384; x_wconf 87' lang='lat' dir='ltr'><strong>perfecta</strong></span> <span class='ocrx_word' id='word_1_898' title='bbox 3218 4322 3332 4367; x_wconf 89' lang='lat' dir='ltr'><strong>erat</strong></span> <span class='ocrx_word' id='word_1_899' title='bbox 3358 4312 3445 4365; x_wconf 88' lang='lat' dir='ltr'><strong>illa</strong></span> <span class='ocrx_word' id='word_1_900' title='bbox 3485 4312 3677 4365; x_wconf 84' lang='lat' dir='ltr'><strong>civitas</strong></span> <span class='ocrx_word' id='word_1_901' title='bbox 3701 4355 3715 4377; x_wconf 90' lang='lat'><strong>,</strong></span> 
     </span>
    </p>
   </div>
   <div class='ocr_carea' id='block_1_107' title="bbox 2125 4401 3716 4474">
    <p class='ocr_par' dir='ltr' id='par_1_107' title="bbox 2125 4401 3716 4474">
     <span class='ocr_line' id='line_1_107' title="bbox 2125 4401 3716 4474; baseline -0.005 -12"><span class='ocrx_word' id='word_1_902' title='bbox 2125 4425 2229 4463; x_wconf 88' lang='lat' dir='ltr'><strong>non</strong></span> <span class='ocrx_word' id='word_1_903' title='bbox 2260 4407 2643 4461; x_wconf 76' lang='lat' dir='ltr'><strong>aedificabatur.</strong></span> <span class='ocrx_word' id='word_1_904' title='bbox 2687 4405 2877 4460; x_wconf 85' lang='lat' dir='ltr'><strong>Nescio</strong></span> <span class='ocrx_word' id='word_1_905' title='bbox 2905 4420 3059 4474; x_wconf 89' lang='lat' dir='ltr'><strong>quam</strong></span> <span class='ocrx_word' id='word_1_906' title='bbox 3091 4418 3219 4473; x_wconf 84' lang='lat' dir='ltr'><strong>ergo</strong></span> <span class='ocrx_word' id='word_1_907' title='bbox 3246 4404 3510 4457; x_wconf 86' lang='lat' dir='ltr'><strong>civitatem</strong></span> <span class='ocrx_word' id='word_1_908' title='bbox 3540 4401 3674 4456; x_wconf 89' lang='lat' dir='ltr'><strong>dicit</strong></span> <span class='ocrx_word' id='word_1_909' title='bbox 3696 4443 3716 4467; x_wconf 81' lang='lat'><strong>,</strong></span> 
     </span>
    </p>
   </div>
   <div class='ocr_carea' id='block_1_108' title="bbox 2125 4492 3723 4570">
    <p class='ocr_par' dir='ltr' id='par_1_108' title="bbox 2125 4492 3723 4570">
     <span class='ocr_line' id='line_1_108' title="bbox 2125 4492 3723 4570; baseline -0.003 -16"><span class='ocrx_word' id='word_1_910' title='bbox 2125 4517 2242 4570; x_wconf 72' lang='lat' dir='ltr'><strong>qum</strong></span> <span class='ocrx_word' id='word_1_911' title='bbox 2267 4500 2426 4553; x_wconf 88' lang='lat' dir='ltr'><strong>modo</strong></span> <span class='ocrx_word' id='word_1_912' title='bbox 2447 4499 2758 4561; x_wconf 75' lang='lat' dir='ltr'><strong>mditieatur,</strong></span> <span class='ocrx_word' id='word_1_913' title='bbox 2788 4496 2853 4550; x_wconf 91' lang='lat' dir='ltr'><strong>ad</strong></span> <span class='ocrx_word' id='word_1_914' title='bbox 2881 4513 3038 4565; x_wconf 86' lang='lat' dir='ltr'><strong>quam</strong></span> <span class='ocrx_word' id='word_1_915' title='bbox 3065 4505 3283 4550; x_wconf 85' lang='lat' dir='ltr'><strong>currunt</strong></span> <span class='ocrx_word' id='word_1_916' title='bbox 3311 4497 3360 4547; x_wconf 89' lang='lat' dir='ltr'><strong>in</strong></span> <span class='ocrx_word' id='word_1_917' title='bbox 3387 4494 3489 4547; x_wconf 79' lang='lat' dir='ltr'><strong>fide</strong></span> <span class='ocrx_word' id='word_1_918' title='bbox 3508 4492 3723 4563; x_wconf 79' lang='lat' dir='ltr'><strong>lapides</strong></span> 
     </span>
    </p>
   </div>
   <div class='ocr_carea' id='block_1_109' title="bbox 2123 4584 3723 4660">
    <p class='ocr_par' dir='ltr' id='par_1_109' title="bbox 2123 4584 3723 4660">
     <span class='ocr_line' id='line_1_109' title="bbox 2123 4584 3723 4660; baseline -0.004 -16"><span class='ocrx_word' id='word_1_919' title='bbox 2123 4592 2265 4657; x_wconf 88' lang='lat' dir='ltr'><strong>vivi,</strong></span> <span class='ocrx_word' id='word_1_920' title='bbox 2296 4591 2362 4645; x_wconf 89' lang='lat' dir='ltr'><strong>de</strong></span> <span class='ocrx_word' id='word_1_921' title='bbox 2400 4590 2590 4660; x_wconf 87' lang='lat' dir='ltr'><strong>quibus</strong></span> <span class='ocrx_word' id='word_1_922' title='bbox 2620 4589 2749 4642; x_wconf 88' lang='lat' dir='ltr'><strong>dicit</strong></span> <span class='ocrx_word' id='word_1_923' title='bbox 2775 4589 2963 4642; x_wconf 83' lang='lat' dir='ltr'><strong>Petrus</strong></span> <span class='ocrx_word' id='word_1_924' title='bbox 2993 4605 3008 4640; x_wconf 89' lang='lat'><strong>:</strong></span> <span class='ocrx_word' id='word_1_925' title='bbox 3039 4586 3105 4639; x_wconf 82' lang='lat' dir='ltr'><strong>Et</strong></span> <span class='ocrx_word' id='word_1_926' title='bbox 3133 4602 3218 4640; x_wconf 70' lang='lat' dir='ltr'><strong>vos</strong></span> <span class='ocrx_word' id='word_1_927' title='bbox 3255 4596 3492 4655; x_wconf 81' lang='lat' dir='ltr'><strong>tanquam</strong></span> <span class='ocrx_word' id='word_1_928' title='bbox 3516 4584 3723 4653; x_wconf 77' lang='lat' dir='ltr'><strong>lapides</strong></span> 
     </span>
    </p>
   </div>
   <div class='ocr_carea' id='block_1_110' title="bbox 2125 4675 3721 4752">
    <p class='ocr_par' dir='ltr' id='par_1_110' title="bbox 2125 4675 3721 4752">
     <span class='ocr_line' id='line_1_110' title="bbox 2125 4675 3721 4752; baseline -0.006 -14"><span class='ocrx_word' id='word_1_929' title='bbox 2125 4685 2221 4738; x_wconf 81' lang='lat' dir='ltr'><strong>viri</strong></span> <span class='ocrx_word' id='word_1_930' title='bbox 2240 4682 2622 4752; x_wconf 76' lang='lat' dir='ltr'><strong>eoazdiﬁcamini</strong></span> <span class='ocrx_word' id='word_1_931' title='bbox 2649 4682 2700 4734; x_wconf 88' lang='lat' dir='ltr'><strong>in</strong></span> <span class='ocrx_word' id='word_1_932' title='bbox 2721 4682 2926 4733; x_wconf 77' lang='lat' dir='ltr'><strong>domum</strong></span> <span class='ocrx_word' id='word_1_933' title='bbox 2952 4677 3265 4747; x_wconf 85' lang='lat' dir='ltr'><strong>spiritualem</strong></span> <span class='ocrx_word' id='word_1_934' title='bbox 3294 4677 3342 4749; x_wconf 95' lang='lat' dir='ltr'><strong>(l</strong></span> <span class='ocrx_word' id='word_1_935' title='bbox 3374 4677 3514 4729; x_wconf 85' lang='lat' dir='ltr'><strong>Petr.</strong></span> <span class='ocrx_word' id='word_1_936' title='bbox 3541 4692 3596 4739; x_wconf 84' lang='grc' dir='ltr'><strong>ιι,</strong></span> <span class='ocrx_word' id='word_1_937' title='bbox 3622 4676 3658 4729; x_wconf 77' lang='lat'><strong>5</strong></span> <span class='ocrx_word' id='word_1_938' title='bbox 3672 4675 3721 4747; x_wconf 86' lang='lat'><strong>),</strong></span> 
     </span>
    </p>
   </div>
   <div class='ocr_carea' id='block_1_111' title="bbox 2127 4766 3725 4842">
    <p class='ocr_par' dir='ltr' id='par_1_111' title="bbox 2127 4766 3725 4842">
     <span class='ocr_line' id='line_1_111' title="bbox 2127 4766 3725 4842; baseline -0.005 -13"><span class='ocrx_word' id='word_1_939' title='bbox 2127 4775 2177 4829; x_wconf 90' lang='lat' dir='ltr'><strong>id</strong></span> <span class='ocrx_word' id='word_1_940' title='bbox 2217 4783 2299 4829; x_wconf 88' lang='lat' dir='ltr'><strong>est</strong></span> <span class='ocrx_word' id='word_1_941' title='bbox 2319 4817 2334 4839; x_wconf 92' lang='lat'><strong>,</strong></span> <span class='ocrx_word' id='word_1_942' title='bbox 2365 4772 2622 4842; x_wconf 88' lang='lat' dir='ltr'><strong>templum</strong></span> <span class='ocrx_word' id='word_1_943' title='bbox 2652 4780 2893 4824; x_wconf 86' lang='lat' dir='ltr'><strong>sanetum</strong></span> <span class='ocrx_word' id='word_1_944' title='bbox 2928 4770 3039 4823; x_wconf 92' lang='lat' dir='ltr'><strong>Dei.</strong></span> <span class='ocrx_word' id='word_1_945' title='bbox 3080 4769 3216 4835; x_wconf 83' lang='lat' dir='ltr'><strong>Quid</strong></span> <span class='ocrx_word' id='word_1_946' title='bbox 3247 4777 3327 4823; x_wconf 90' lang='lat' dir='ltr'><strong>est</strong></span> <span class='ocrx_word' id='word_1_947' title='bbox 3351 4810 3365 4833; x_wconf 89' lang='lat'><strong>,</strong></span> <span class='ocrx_word' id='word_1_948' title='bbox 3395 4766 3591 4838; x_wconf 80' lang='lat' dir='ltr'><strong>lapides</strong></span> <span class='ocrx_word' id='word_1_949' title='bbox 3617 4768 3725 4821; x_wconf 73' lang='lat' dir='ltr'><strong>vivi</strong></span> 
     </span>
    </p>
   </div>
   <div class='ocr_carea' id='block_1_112' title="bbox 2125 4858 3732 4935">
    <p class='ocr_par' dir='ltr' id='par_1_112' title="bbox 2125 4858 3732 4935">
     <span class='ocr_line' id='line_1_112' title="bbox 2125 4858 3732 4935; baseline -0.006 -14"><span class='ocrx_word' id='word_1_950' title='bbox 2125 4865 2544 4935; x_wconf 80' lang='lat' dir='ltr'><strong>cotediﬁcamini?</strong></span> <span class='ocrx_word' id='word_1_951' title='bbox 2572 4863 2736 4930; x_wconf 75' lang='lat' dir='ltr'><strong>Vivis,</strong></span> <span class='ocrx_word' id='word_1_952' title='bbox 2767 4864 2808 4916; x_wconf 89' lang='lat' dir='ltr'><strong>si</strong></span> <span class='ocrx_word' id='word_1_953' title='bbox 2837 4861 3011 4915; x_wconf 84' lang='lat' dir='ltr'><strong>credis</strong></span> <span class='ocrx_word' id='word_1_954' title='bbox 3042 4880 3054 4914; x_wconf 92' lang='lat'><strong>:</strong></span> <span class='ocrx_word' id='word_1_955' title='bbox 3084 4862 3126 4914; x_wconf 94' lang='lat' dir='ltr'><strong>si</strong></span> <span class='ocrx_word' id='word_1_956' title='bbox 3167 4870 3341 4915; x_wconf 88' lang='lat' dir='ltr'><strong>autem</strong></span> <span class='ocrx_word' id='word_1_957' title='bbox 3372 4859 3568 4923; x_wconf 87' lang='lat' dir='ltr'><strong>credis,</strong></span> <span class='ocrx_word' id='word_1_958' title='bbox 3596 4858 3732 4913; x_wconf 81' lang='lat' dir='ltr'><strong>em-</strong></span> 
     </span>
    </p>
   </div>
   <div class='ocr_carea' id='block_1_113' title="bbox 2126 4949 3728 5027">
    <p class='ocr_par' dir='ltr' id='par_1_113' title="bbox 2126 4949 3728 5027">
     <span class='ocr_line' id='line_1_113' title="bbox 2126 4949 3728 5027; baseline -0.007 -14"><span class='ocrx_word' id='word_1_959' title='bbox 2126 4959 2267 5013; x_wconf 91' lang='lat' dir='ltr'><strong>ceris</strong></span> <span class='ocrx_word' id='word_1_960' title='bbox 2291 4956 2545 5027; x_wconf 90' lang='lat' dir='ltr'><strong>templum</strong></span> <span class='ocrx_word' id='word_1_961' title='bbox 2574 4955 2703 5019; x_wconf 89' lang='lat' dir='ltr'><strong>Dei;</strong></span> <span class='ocrx_word' id='word_1_962' title='bbox 2733 4954 2854 5023; x_wconf 89' lang='lat' dir='ltr'><strong>quia</strong></span> <span class='ocrx_word' id='word_1_963' title='bbox 2880 4952 3005 5007; x_wconf 91' lang='lat' dir='ltr'><strong>dicit</strong></span> <span class='ocrx_word' id='word_1_964' title='bbox 3031 4952 3305 5020; x_wconf 72' lang='lat' dir='ltr'><strong>apostolus</strong></span> <span class='ocrx_word' id='word_1_965' title='bbox 3329 4951 3540 5015; x_wconf 75' lang='lat' dir='ltr'><strong>Paulus,</strong></span> <span class='ocrx_word' id='word_1_966' title='bbox 3569 4949 3728 5002; x_wconf 82' lang='lat' dir='ltr'><strong>Tem-</strong></span> 
     </span>
    </p>
   </div>
   <div class='ocr_carea' id='block_1_114' title="bbox 2128 5042 3725 5119">
    <p class='ocr_par' dir='ltr' id='par_1_114' title="bbox 2128 5042 3725 5119">
     <span class='ocr_line' id='line_1_114' title="bbox 2128 5042 3725 5119; baseline -0.007 -17"><span class='ocrx_word' id='word_1_967' title='bbox 2128 5051 2268 5119; x_wconf 86' lang='lat' dir='ltr'><strong>plum</strong></span> <span class='ocrx_word' id='word_1_968' title='bbox 2296 5049 2427 5101; x_wconf 90' lang='lat' dir='ltr'><strong>enim</strong></span> <span class='ocrx_word' id='word_1_969' title='bbox 2456 5046 2548 5100; x_wconf 89' lang='lat' dir='ltr'><strong>Dei</strong></span> <span class='ocrx_word' id='word_1_970' title='bbox 2588 5054 2817 5100; x_wconf 86' lang='lat' dir='ltr'><strong>sanctum</strong></span> <span class='ocrx_word' id='word_1_971' title='bbox 2844 5052 2914 5097; x_wconf 80' lang='lat' dir='ltr'><strong>est</strong></span> <span class='ocrx_word' id='word_1_972' title='bbox 2938 5084 2953 5110; x_wconf 91' lang='lat'><strong>,</strong></span> <span class='ocrx_word' id='word_1_973' title='bbox 2980 5044 3116 5113; x_wconf 83' lang='lat' dir='ltr'><strong>quod</strong></span> <span class='ocrx_word' id='word_1_974' title='bbox 3154 5043 3272 5096; x_wconf 87' lang='lat' dir='ltr'><strong>estis</strong></span> <span class='ocrx_word' id='word_1_975' title='bbox 3302 5059 3405 5095; x_wconf 85' lang='lat' dir='ltr'><strong>ros.</strong></span> <span class='ocrx_word' id='word_1_976' title='bbox 3440 5042 3554 5110; x_wconf 88' lang='lat' dir='ltr'><strong>Ipsa</strong></span> <span class='ocrx_word' id='word_1_977' title='bbox 3588 5056 3725 5109; x_wconf 81' lang='lat' dir='ltr'><strong>ergo</strong></span> 
     </span>
    </p>
   </div>
   <div class='ocr_carea' id='block_1_115' title="bbox 2128 5132 3726 5204">
    <p class='ocr_par' dir='ltr' id='par_1_115' title="bbox 2128 5132 3726 5204">
     <span class='ocr_line' id='line_1_115' title="bbox 2128 5132 3726 5204; baseline -0.006 -10"><span class='ocrx_word' id='word_1_978' title='bbox 2128 5141 2287 5195; x_wconf 90' lang='lat' dir='ltr'><strong>modo</strong></span> <span class='ocrx_word' id='word_1_979' title='bbox 2306 5139 2492 5195; x_wconf 86' lang='lat' dir='ltr'><strong>civitas</strong></span> <span class='ocrx_word' id='word_1_980' title='bbox 2512 5136 2831 5197; x_wconf 75' lang='lat' dir='ltr'><strong>mdificatur:</strong></span> <span class='ocrx_word' id='word_1_981' title='bbox 2863 5135 3226 5204; x_wconf 71' lang='lat' dir='ltr'><strong>prmciduntur</strong></span> <span class='ocrx_word' id='word_1_982' title='bbox 3245 5133 3313 5188; x_wconf 88' lang='lat' dir='ltr'><strong>de</strong></span> <span class='ocrx_word' id='word_1_983' title='bbox 3342 5133 3611 5186; x_wconf 88' lang='lat' dir='ltr'><strong>montibus</strong></span> <span class='ocrx_word' id='word_1_984' title='bbox 3637 5132 3726 5185; x_wconf 81' lang='lat' dir='ltr'><strong>la-</strong></span> 
     </span>
    </p>
   </div>
   <div class='ocr_carea' id='block_1_116' title="bbox 2128 5227 3724 5303">
    <p class='ocr_par' dir='ltr' id='par_1_116' title="bbox 2128 5227 3724 5303">
     <span class='ocr_line' id='line_1_116' title="bbox 2128 5227 3724 5303; baseline -0.006 -17"><span class='ocrx_word' id='word_1_985' title='bbox 2128 5234 2275 5303; x_wconf 84' lang='lat' dir='ltr'><strong>pides</strong></span> <span class='ocrx_word' id='word_1_986' title='bbox 2303 5249 2398 5303; x_wconf 92' lang='lat' dir='ltr'><strong>per</strong></span> <span class='ocrx_word' id='word_1_987' title='bbox 2445 5247 2630 5285; x_wconf 88' lang='lat' dir='ltr'><strong>manus</strong></span> <span class='ocrx_word' id='word_1_988' title='bbox 2677 5229 3075 5299; x_wconf 75' lang='lat' dir='ltr'><strong>prredicantium</strong></span> <span class='ocrx_word' id='word_1_989' title='bbox 3111 5227 3388 5281; x_wconf 88' lang='lat' dir='ltr'><strong>veritatem</strong></span> <span class='ocrx_word' id='word_1_990' title='bbox 3415 5267 3429 5284; x_wconf 84' lang='lat'><strong>.</strong></span> <span class='ocrx_word' id='word_1_991' title='bbox 3477 5241 3724 5294; x_wconf 84' lang='lat' dir='ltr'><strong>conqua-</strong></span> 
     </span>
    </p>
   </div>
   <div class='ocr_carea' id='block_1_117' title="bbox 2127 5316 3727 5386">
    <p class='ocr_par' dir='ltr' id='par_1_117' title="bbox 2127 5316 3727 5386">
     <span class='ocr_line' id='line_1_117' title="bbox 2127 5316 3727 5386; baseline -0.006 -7"><span class='ocrx_word' id='word_1_992' title='bbox 2127 5326 2349 5379; x_wconf 88' lang='lat' dir='ltr'><strong>drantur</strong></span> <span class='ocrx_word' id='word_1_993' title='bbox 2375 5332 2430 5377; x_wconf 90' lang='lat' dir='ltr'><strong>ut</strong></span> <span class='ocrx_word' id='word_1_994' title='bbox 2453 5323 2652 5376; x_wconf 84' lang='lat' dir='ltr'><strong>intrent</strong></span> <span class='ocrx_word' id='word_1_995' title='bbox 2683 5324 2734 5374; x_wconf 91' lang='lat' dir='ltr'><strong>iu</strong></span> <span class='ocrx_word' id='word_1_996' title='bbox 2759 5329 3078 5374; x_wconf 63' lang='lat' dir='ltr'><strong>structuram</strong></span> <span class='ocrx_word' id='word_1_997' title='bbox 3103 5320 3505 5386; x_wconf 87' lang='lat' dir='ltr'><strong>sempiternam.</strong></span> <span class='ocrx_word' id='word_1_998' title='bbox 3532 5316 3727 5370; x_wconf 82' lang='lat' dir='ltr'><strong>Adhuc</strong></span> 
     </span>
    </p>
   </div>
   <div class='ocr_carea' id='block_1_118' title="bbox 2128 5407 3728 5482">
    <p class='ocr_par' dir='ltr' id='par_1_118' title="bbox 2128 5407 3728 5482">
     <span class='ocr_line' id='line_1_118' title="bbox 2128 5407 3728 5482; baseline -0.008 -13"><span class='ocrx_word' id='word_1_999' title='bbox 2128 5414 2279 5469; x_wconf 83' lang='lat' dir='ltr'><strong>tuulti</strong></span> <span class='ocrx_word' id='word_1_1000' title='bbox 2303 5413 2504 5482; x_wconf 81' lang='lat' dir='ltr'><strong>lapides</strong></span> <span class='ocrx_word' id='word_1_1001' title='bbox 2527 5413 2576 5463; x_wconf 92' lang='lat' dir='ltr'><strong>in</strong></span> <span class='ocrx_word' id='word_1_1002' title='bbox 2601 5411 2845 5464; x_wconf 88' lang='lat' dir='ltr'><strong>manibus</strong></span> <span class='ocrx_word' id='word_1_1003' title='bbox 2870 5409 3091 5462; x_wconf 84' lang='lat' dir='ltr'><strong>artiticis</strong></span> <span class='ocrx_word' id='word_1_1004' title='bbox 3114 5416 3237 5462; x_wconf 83' lang='lat' dir='ltr'><strong>sunt</strong></span> <span class='ocrx_word' id='word_1_1005' title='bbox 3260 5424 3276 5471; x_wconf 88' lang='lat'><strong>;</strong></span> <span class='ocrx_word' id='word_1_1006' title='bbox 3310 5422 3414 5459; x_wconf 90' lang='lat' dir='ltr'><strong>non</strong></span> <span class='ocrx_word' id='word_1_1007' title='bbox 3435 5407 3633 5461; x_wconf 87' lang='lat' dir='ltr'><strong>cadant</strong></span> <span class='ocrx_word' id='word_1_1008' title='bbox 3655 5408 3728 5458; x_wconf 76' lang='lat' dir='ltr'><strong>de</strong></span> 
     </span>
    </p>
   </div>
   <div class='ocr_carea' id='block_1_119' title="bbox 2130 5499 3725 5571">
    <p class='ocr_par' dir='ltr' id='par_1_119' title="bbox 2130 5499 3725 5571">
     <span class='ocr_line' id='line_1_119' title="bbox 2130 5499 3725 5571; baseline -0.006 -11"><span class='ocrx_word' id='word_1_1009' title='bbox 2130 5507 2372 5560; x_wconf 89' lang='lat' dir='ltr'><strong>manibus</strong></span> <span class='ocrx_word' id='word_1_1010' title='bbox 2397 5503 2615 5558; x_wconf 74' lang='lat' dir='ltr'><strong>artificis</strong></span> <span class='ocrx_word' id='word_1_1011' title='bbox 2641 5543 2655 5568; x_wconf 92' lang='lat'><strong>,</strong></span> <span class='ocrx_word' id='word_1_1012' title='bbox 2702 5511 2759 5555; x_wconf 91' lang='lat' dir='ltr'><strong>ut</strong></span> <span class='ocrx_word' id='word_1_1013' title='bbox 2802 5502 3007 5571; x_wconf 80' lang='lat' dir='ltr'><strong>possint</strong></span> <span class='ocrx_word' id='word_1_1014' title='bbox 3058 5500 3273 5569; x_wconf 71' lang='lat' dir='ltr'><strong>perfecti</strong></span> <span class='ocrx_word' id='word_1_1015' title='bbox 3314 5499 3632 5553; x_wconf 64' lang='lat' dir='ltr'><strong>coarditirari</strong></span> <span class='ocrx_word' id='word_1_1016' title='bbox 3670 5500 3725 5551; x_wconf 90' lang='lat' dir='ltr'><strong>in</strong></span> 
     </span>
    </p>
   </div>
   <div class='ocr_carea' id='block_1_120' title="bbox 2130 5582 3724 5663">
    <p class='ocr_par' dir='ltr' id='par_1_120' title="bbox 2130 5582 3724 5663">
     <span class='ocr_line' id='line_1_120' title="bbox 2130 5582 3724 5663; baseline -0.009 -11"><span class='ocrx_word' id='word_1_1017' title='bbox 2130 5582 2447 5652; x_wconf 85' lang='lat' dir='ltr'><strong>structuram</strong></span> <span class='ocrx_word' id='word_1_1018' title='bbox 2481 5594 2680 5663; x_wconf 78' lang='lat' dir='ltr'><strong>templi.</strong></span> <span class='ocrx_word' id='word_1_1019' title='bbox 2714 5594 2808 5648; x_wconf 83' lang='lat' dir='ltr'><strong>Est</strong></span> <span class='ocrx_word' id='word_1_1020' title='bbox 2829 5609 2956 5662; x_wconf 77' lang='lat' dir='ltr'><strong>ergo</strong></span> <span class='ocrx_word' id='word_1_1021' title='bbox 2984 5594 3081 5645; x_wconf 83' lang='lat' dir='ltr'><strong>ista</strong></span> <span class='ocrx_word' id='word_1_1022' title='bbox 3107 5589 3389 5644; x_wconf 80' lang='lat' dir='ltr'><strong>Jerusalem</strong></span> <span class='ocrx_word' id='word_1_1023' title='bbox 3412 5604 3530 5656; x_wconf 63' lang='lat' dir='ltr'><strong>ante</strong></span> <span class='ocrx_word' id='word_1_1024' title='bbox 3558 5588 3724 5654; x_wconf 69' lang='lat' dir='ltr'><strong>(ediﬁ—</strong></span> 
     </span>
    </p>
   </div>
   <div class='ocr_carea' id='block_1_121' title="bbox 2130 5677 3721 5754">
    <p class='ocr_par' dir='ltr' id='par_1_121' title="bbox 2130 5677 3721 5754">
     <span class='ocr_line' id='line_1_121' title="bbox 2130 5677 3721 5754; baseline -0.008 -11"><span class='ocrx_word' id='word_1_1025' title='bbox 2130 5699 2272 5743; x_wconf 86' lang='lat' dir='ltr'><strong>catur</strong></span> <span class='ocrx_word' id='word_1_1026' title='bbox 2298 5697 2351 5742; x_wconf 82' lang='lat' dir='ltr'><strong>ut</strong></span> <span class='ocrx_word' id='word_1_1027' title='bbox 2394 5688 2563 5741; x_wconf 67' lang='lat' dir='ltr'><strong>civitas</strong></span> <span class='ocrx_word' id='word_1_1028' title='bbox 2611 5704 2627 5739; x_wconf 92' lang='lat'><strong><em>:</em></strong></span> <span class='ocrx_word' id='word_1_1029' title='bbox 2676 5684 3077 5740; x_wconf 84' lang='lat' dir='ltr'><strong>ftmdamcntum</strong></span> <span class='ocrx_word' id='word_1_1030' title='bbox 3119 5681 3289 5754; x_wconf 84' lang='lat' dir='ltr'><strong>ipsius</strong></span> <span class='ocrx_word' id='word_1_1031' title='bbox 3328 5677 3578 5736; x_wconf 85' lang='lat' dir='ltr'><strong>Christus</strong></span> <span class='ocrx_word' id='word_1_1032' title='bbox 3615 5688 3721 5735; x_wconf 79' lang='lat' dir='ltr'><strong>est.</strong></span> 
     </span>
    </p>
   </div>
  </div>
