3984 6200
311 322 437 372 lilii

309 433 441 483 Dicit
460 431 732 500 apostolus
753 433 944 487 Paulus
968 451 980 486 :
1010 433 1412 490 Fundamentum
1431 440 1559 492 enim
1581 441 1722 493 aliud
1741 458 1883 496 nemo

303 533 464 589 potest
504 541 721 595 ponere,
752 535 934 594 pratter
971 527 1025 580 id
1075 529 1208 596 quod
1256 531 1470 600 positum
1496 545 1589 598 est,
1636 537 1770 602 quod
1812 548 1886 590 est

301 613 534 666 Christus
583 613 735 668 Jesus
791 614 852 687 (ι
893 617 1007 670 Cor.
1052 633 1141 679 Ill,
1175 620 1258 684 l7,
1288 618 1410 690 11).
1462 621 1882 678 Fundamentum

297 704 514 770 quando
541 706 754 774 ponitur
781 707 830 759 in
853 716 1012 768 terra,
1040 709 1268 778 desuper
1289 711 1614 766 mdilicantur
1635 716 1878 782 parietes,

296 804 350 846 et
377 796 585 862 pondus
611 797 866 864 parietum
889 799 953 851 ad
978 800 1079 852 ima
1104 801 1290 867 tendit,
1310 803 1428 870 quia
1451 803 1503 856 in
1528 804 1632 857 imo
1655 807 1879 874 positum

297 894 380 939 est
409 887 826 942 lundamentum.
860 890 912 944 Si
941 900 1114 944 autem
1147 892 1542 948 fundamentum
1567 908 1804 950 nostrum
1828 900 1878 953 in

293 978 433 1032 coelo
461 989 579 1042 εει,
612 979 676 1033 ad
709 981 899 1035 etelum
940 981 1280 1039 :rdilicemnr.
1314 983 1548 1053 Corpora
1581 987 1879 1044 aediﬁcave-

291 1077 418 1120 runt
446 1069 596 1122 istam
641 1079 960 1125 structuram
995 1074 1046 1136 ι,
1077 1089 1231 1141 quam
1263 1074 1451 1129 videtis
1488 1078 1717 1144 amplam
1758 1096 1876 1134 sur-

291 1158 516 1221 rexisse,
535 1157 690 1228 hujus
715 1161 973 1226 basilicae;
1001 1171 1051 1217 et
1073 1164 1193 1232 quia
1215 1179 1438 1232 corpora
1460 1167 1872 1235 aedilicaveruat,

290 1247 693 1304 fundamentum
728 1252 778 1305 in
818 1253 924 1306 imo
955 1264 1243 1320 posuerunt
1270 1272 1283 1306 :
1313 1256 1434 1324 quia
1471 1272 1599 1310 vero
1628 1259 1875 1326 spiritua-

287 1339 410 1395 liter
437 1341 797 1408 aedilicamur,
835 1343 1232 1400 fundamentum
1285 1359 1522 1401 nostrum
1569 1351 1618 1402 in
1668 1364 1875 1406 Summo

286 1433 519 1499 positum
561 1443 663 1487 est.
712 1434 838 1490 Illuc
877 1451 1004 1505 ergo
1045 1452 1350 1500 curramus,
1385 1439 1470 1492 ubi
1511 1440 1869 1505 mdilicemur;

283 1523 412 1590 quia
432 1522 500 1578 de
527 1524 639 1592 ipsa
663 1524 958 1580 Jerusalem
986 1527 1182 1581 dictum
1210 1538 1312 1594 est,
1339 1530 1542 1584 Stantes
1567 1541 1705 1584 erant
1726 1535 1872 1624 pedes

283 1615 448 1667 nostri
471 1615 522 1668 in
548 1617 690 1670 atriis
715 1615 1022 1670 Jerusalem.
1053 1617 1158 1672 Sed
1188 1619 1337 1685 cujus
1361 1619 1694 1675 Jerusalem?
1719 1615 1872 1676 Jeru-

279 1706 444 1758 salem
465 1723 576 1775 qute
601 1707 886 1775 a'diﬁcatur
905 1691 1175 1763 ut'civitas.
1211 1709 1400 1764 Parum
1427 1712 1577 1778 dixit,
1612 1721 1667 1767 ut
1691 1723 1870 1768 osten-

280 1796 432 1850 deret
451 1796 768 1861 Jerusalem,
788 1799 906 1866 quia
930 1799 1078 1864 dixit,
1106 1810 1158 1853 ut
1178 1802 1348 1854 civitas
1364 1803 1674 1870 (edi/iculur;
1695 1805 1869 1860 adhuc

281 1895 459 1954 potest
499 1887 584 1940 illa
617 1889 911 1955 corporalis
958 1889 1196 1959 intelligi.
1239 1891 1384 1958 Quid
1406 1892 1449 1946 si
1489 1893 1629 1946 enim
1676 1894 1868 1949 existat

277 1976 473 2044 aliquis
500 1985 554 2029 et
577 1977 714 2030 dicat
753 1996 765 2030 :
797 1978 912 2032 Jam
940 1979 1150 2048 quidem
1186 1989 1239 2035 et
1275 1996 1394 2035 cum
1429 1982 1526 2035 ista
1565 1983 1866 2039 dicerentur

279 2065 610 2131 temporibus
643 2067 825 2130 David,
855 2076 909 2121 et
936 2069 1032 2122 ista
1059 2077 1398 2127 canerentur.
1424 2081 1536 2124 erat
1563 2073 1746 2126 civitas
1773 2073 1862 2128 illa

276 2156 512 2225 perlecta
540 2173 552 2218 ;
585 2157 675 2211 sed
709 2158 925 2213 videbat
969 2159 1017 2212 in
1051 2161 1235 2228 Spiritu
1266 2161 1556 2225 ruituram,
1590 2173 1640 2216 ει
1673 2165 1861 2220 iterum

274 2248 663 2302 aedificandam.
688 2249 995 2318 Expugnala
1018 2259 1100 2306 cst
1119 2251 1259 2304 enim
1283 2252 1366 2305 illa
1391 2253 1595 2316 civitas,
1621 2263 1674 2308 et
1692 2254 1861 2310 factus

273 2348 357 2392 est
375 2338 626 2393 transitus
644 2341 694 2392 in
715 2339 1053 2409 Babyloniam
1075 2341 1248 2409 populi
1267 2343 1534 2410 captivati,
1554 2353 1606 2398 et
1626 2344 1761 2398 dicta
1780 2354 1861 2400 est

274 2429 376 2482 ista
408 2430 458 2482 in
503 2429 787 2498 Scripturis
812 2471 826 2494 ,
863 2431 1250 2499 transmigratio
1299 2433 1350 2485 in
1397 2434 1756 2505 Babyloniam.
1791 2438 1860 2492 Et

273 2519 610 2588 prephctavit
635 2521 914 2584 Jcrcmias,
941 2531 1061 2591 post
1087 2525 1416 2594 septuaginta
1444 2541 1610 2581 annos
1638 2531 1858 2597 captivi-

271 2612 398 2664 tatis
417 2611 664 2665 mdillcari
692 2627 844 2680 posse
869 2613 1006 2666 illam
1029 2615 1293 2669 civitatem
1315 2632 1432 2685 quae
1456 2617 1720 2672 destructa
1743 2632 1858 2676 erat

267 2717 296 2754 ιι
338 2701 723 2756 debellantibus
753 2700 962 2772 (Jerem.
1005 2720 1124 2758 uix
1153 2747 1166 2769 ,
1197 2705 1230 2758 4
1251 2747 1264 2770 ,
1295 2705 1417 2776 10).
1464 2708 1622 2763 Forte
1651 2709 1724 2762 ait
1759 2711 1856 2763 ali-

268 2795 394 2863 quis
425 2811 440 2846 :
475 2795 585 2848 Hoc
616 2794 824 2849 videbat
853 2795 1014 2848 David
1044 2797 1092 2848 in
1124 2797 1308 2864 spiritu
1335 2837 1348 2861 ,
1382 2801 1635 2852 ruituram
1666 2801 1852 2854 civita-

271 2895 379 2940 tem
417 2885 710 2940 Jerusalem
743 2901 771 2939 a
810 2887 1216 2952 debellantibus,
1249 2897 1301 2941 ct
1330 2888 1517 2942 iterum
1553 2905 1705 2958 posse
1735 2900 1852 2959 post

265 2978 598 3046 septuaginta
626 2993 792 3031 annos
819 2977 1101 3043 mdilicari;
1143 2988 1194 3033 et
1223 2980 1339 3033 ideo
1377 2980 1540 3045 dixit,
1569 2981 1850 3036 Jerusalem

263 3085 382 3138 qua:
407 3069 690 3136 wdiﬁcatur
715 3079 769 3122 ut
793 3069 966 3122 civitas
993 3087 1011 3123 :
1045 3070 1150 3123 noli
1179 3085 1305 3140 ergo
1335 3079 1517 3138 putare
1548 3072 1686 3125 illam
1716 3074 1847 3127 civi-

262 3169 428 3213 tatem
458 3173 576 3213 esse
599 3159 792 3213 dictam
820 3175 938 3229 quae
982 3168 1188 3214 constat
1229 3176 1290 3214 ex
1332 3163 1528 3216 sanctis
1553 3203 1569 3229 ,
1600 3171 1845 3232 tauquam

261 3267 330 3306 ex
359 3250 621 3320 lapidibus
654 3251 802 3304 vivis.
835 3250 967 3318 Quid
998 3251 1266 3321 sequitur,
1296 3261 1352 3305 ut
1388 3252 1532 3306 tollat
1564 3261 1721 3306 totam
1750 3255 1848 3310 du-

260 3342 607 3397 bitationem?
652 3343 739 3396 Ait
778 3343 918 3395 cnim
945 3382 959 3406 ,
989 3342 1194 3396 Stantes
1239 3351 1384 3396 erant
1433 3343 1580 3408 pedes
1609 3346 1766 3398 nostri
1792 3347 1844 3400 in

257 3434 405 3487 atriis
428 3432 728 3486 Jerusalem.
758 3431 861 3487 Sed
892 3432 1196 3503 quam_dico
1225 3432 1554 3487 Jerusalem?
1579 3434 1840 3504 Numquid

259 3526 441 3590 istam,
471 3525 655 3594 inquit,
683 3539 839 3592 quam
868 3523 1058 3577 videtis
1081 3534 1222 3578 Stare
1251 3525 1520 3592 corporeis
1554 3526 1841 3593 parietibus

255 3615 531 3669 erectam?
555 3614 696 3677 Non;
721 3613 814 3668 sed
839 3613 1118 3667 Jerusalem
1138 3629 1251 3681 qua:
1269 3614 1552 3681 (edi/icatur
1572 3624 1623 3666 ut
1643 3615 1839 3669 civitas.

255 3707 436 3772 Quare
464 3721 568 3758 non
600 3704 786 3758 civitas
809 3746 822 3768 ,
853 3703 945 3759 sed
972 3713 1025 3756 ut
1057 3704 1268 3766 civitas;
1299 3704 1396 3757 nisi
1423 3705 1541 3774 quia
1576 3705 1672 3759 ista
1694 3714 1842 3758 stru-

255 3810 403 3852 ctura
433 3798 692 3867 parietum
720 3837 732 3858 ,
765 3812 883 3866 qua:
925 3805 1039 3850 erat
1069 3796 1118 3850 in
1146 3794 1438 3850 Jerusalem
1465 3838 1479 3862 ,
1507 3796 1729 3863 visibilis
1758 3797 1836 3850 ci-

255 3890 393 3942 vitas
421 3897 567 3954 erat,
597 3889 733 3947 sicut
763 3888 973 3957 proprie
1012 3886 1204 3941 dicitur
1229 3887 1295 3939 ab
1331 3887 1578 3941 omnibus
1606 3887 1792 3942 civitas
1820 3908 1833 3942 :

253 3981 345 4034 illa
372 3991 549 4034 autem
576 3978 866 4032 mdilicalur
891 3987 1139 4047 tanquam
1167 3977 1350 4031 civitas
1373 4018 1386 4040 ,
1419 3978 1539 4047 quia
1566 3986 1619 4032 et
1645 3978 1715 4031 illi
1746 3980 1834 4048 qui

252 4070 306 4124 in
340 4085 456 4124 eam
484 4070 712 4132 intrant,
745 4082 981 4138 tauquam
1011 4069 1106 4121 vivi
1145 4066 1337 4136 lapides
1367 4078 1526 4133 sunt;
1557 4083 1661 4122 non
1693 4069 1832 4122 enim

250 4178 381 4217 vere
417 4162 616 4231 lapides
642 4163 798 4216 sunt?
829 4161 976 4216 Sicut
1006 4161 1078 4215 illi
1105 4171 1160 4214 ιιι
1187 4160 1388 4230 lapides
1413 4202 1425 4224 ,
1459 4177 1562 4214 non
1593 4161 1831 4230 lapides;

249 4253 332 4306 sic
361 4253 444 4305 illa
475 4261 530 4305 ut
557 4253 762 4318 civitas,
793 4265 898 4305 non
925 4251 1146 4316 civitas;
1178 4251 1297 4320 quia
1329 4250 1492 4312 dixit,
1525 4252 1828 4319 wdiﬁcatur.

247 4345 481 4400 Narniae
519 4345 714 4414 quippe
764 4343 971 4398 :edilicii
997 4385 1010 4406 ,
1053 4352 1371 4397 structuram
1417 4357 1832 4414 compagemque

245 4451 536 4504 corporum
561 4445 718 4504 atque
746 4435 1003 4503 parietum
1030 4434 1195 4488 voluit
1222 4434 1458 4503 intelligi.
1486 4433 1616 4488 Nam
1643 4435 1832 4491 civitas

247 4527 467 4596 proprie
511 4527 560 4580 in
606 4526 908 4580 hominibus
957 4525 1315 4579 habitantibus
1362 4525 1692 4593 intelligitur.
1727 4525 1830 4581 Sed

245 4617 604 4672 mauifestavit
634 4617 786 4671 nobis
815 4617 1078 4670 civitatem
1121 4631 1179 4669 se
1222 4615 1402 4669 urbem
1445 4615 1642 4670 dixisse
1664 4659 1676 4679 ,
1709 4621 1830 4686 quia

245 4711 376 4764 dixit
405 4751 420 4773 ,
451 4709 752 4777 azdiﬁcatur.
781 4709 846 4763 Et
875 4709 994 4777 quia
1025 4707 1302 4762 aediﬁcium
1331 4707 1606 4777 spirituale
1639 4709 1828 4764 simili-

245 4801 486 4855 tudinem
513 4799 795 4869 quamdam
821 4799 978 4854 habet
997 4797 1202 4853 aedilicii
1224 4799 1534 4868 corporalis,
1566 4799 1682 4854 ideo
1706 4801 1830 4854 tedi-

242 4895 433 4962 ﬁcatur
457 4900 508 4945 ut
534 4891 731 4945 civitas.
1706 4964 1707 4967 η

316 4985 373 5040 5.
405 4984 508 5039 Sed
537 4983 678 5038 dicat
703 4981 844 5052 quod
873 4983 1129 5052 sequitur,
1163 4991 1216 5036 et
1241 4981 1446 5037 auferat
1483 4996 1692 5036 omnem
1725 4982 1826 5037 du-

243 5075 578 5138 bitationem,
611 5073 730 5143 quia
777 5087 878 5127 non
927 5072 1210 5125 carnaliter
1247 5071 1501 5125 debemus
1543 5073 1820 5140 accipere,

236 5163 530 5216 Jerusalem
565 5177 678 5232 qua:
709 5162 990 5229 wdi/icatur
1016 5171 1069 5213 ut
1093 5161 1283 5214 civitas.
1318 5157 1824 5230 Cujus'participatio

231 5257 354 5321 eius
401 5254 454 5307 in
499 5253 738 5322 idipsum.
789 5252 902 5306 Jam
949 5265 1095 5319 ergo,
1138 5251 1346 5313 fratres,
1395 5250 1632 5320 quisquis
1673 5252 1826 5321 erigit

231 5345 412 5398 aciem
443 5343 654 5406 mentis,
675 5341 912 5410 quisquis
933 5340 1149 5409 deponit
1169 5339 1442 5408 caliginem
1464 5340 1657 5405 carnis,
1680 5340 1822 5409 quis-

235 5435 362 5503 quis
389 5433 605 5488 muudat
633 5433 843 5486 oculum
873 5431 1068 5493 cordis,
1100 5430 1289 5495 elevet,
1310 5438 1362 5483 et
1390 5429 1820 5501 videatidipsum.

235 5524 377 5590 Quid
427 5533 507 5578 est
554 5523 808 5593 idipsum?
849 5519 1126 5589 Quomodo
1172 5519 1376 5584 dicam,
1426 5521 1522 5574 nisi
1566 5521 1822 5589 idipsum?

237 5615 478 5677 Fratres,
524 5614 566 5667 si
613 5615 850 5683 potestis,
901 5611 1174 5680 intelligite
1207 5609 1446 5681 idipsum.
1477 5612 1610 5666 Nam
1639 5621 1690 5666 et
1724 5626 1823 5682 ego

305 5753 322 5782 ³
354 5757 478 5801 διες..
502 5746 858 5797 ἱηεῑνιιςιιιιυιη.

1350 324 1742 382 ΕΝΛΠῘῈΑΉΟ
1781 328 1845 382 1N
1887 332 2204 392 PSALMUM
2249 337 2428 393 CXXI.

3437 366 3450 416 l
3464 364 3493 416 ὓ
3506 369 3562 421 ἐξ

1992 451 2242 521 quidquid
2289 457 2427 510 aliud
2474 459 2675 522 dixero.
2726 482 2828 521 non
2856 469 2976 524 dico
3011 473 3254 542 idipsum.
3299 481 3566 541 Conomur

1991 546 2164 596 tamen
2194 545 2503 612 quibusdam
2521 549 2886 613 'vicinitatibus
2912 564 3194 623 verborum
3217 580 3270 625 et
3295 574 3561 644 signiﬁca-

1991 632 2188 688 tionum
2237 639 2523 705 perducere
2564 645 2918 706 infirmitatem
2960 660 3153 712 mentis
3181 662 3203 692 ¹’
3229 663 3299 716 ad
3324 632 3563 735 cvogitan-

1986 722 2110 776 dum
2141 726 2377 795 idipsum.
2411 730 2543 797 Quid
2572 743 2654 789 est
2679 738 2892 807 idipsum
2912 745 2938 797 .’
2965 746 3114 812 Quod
3137 767 3346 822 semper
3372 722 3561 818 dolium

1987 819 2290 886 modoest;
2323 826 2462 892 quod
2495 843 2597 882 non
2645 834 2800 886 modo
2828 838 2989 905 aliud,
3021 851 3075 896 et
3101 819 3264 901 modo
3288 850 3427 906 aliud
3456 865 3557 910 est.

1985 909 2119 974 Quid
2144 924 2372 984 estergo
2403 917 2644 987 idipsum,
2677 925 2796 990 nisi,
2829 931 2967 997 quod
2998 937 3119 989 est?
3149 919 3292 1003 Quid.
3313 952 3391 996 cst
3419 945 3558 1013 quod

1984 1001 2108 1053 est?
2133 1002 2282 1067 Quod
2313 1017 2566 1063 :eternum
2598 1022 2698 1067 est.
2730 1016 2860 1072 Nam
2889 1023 3024 1088 quod
3057 1001 3268 1097 semper
3293 1001 3449 1089 aliter
3482 1049 3560 1090 at-

1983 1106 2084 1159 que
2111 1094 2261 1148 aliter
2285 1108 2384 1161 est,
2417 1116 2519 1155 non
2544 1113 2641 1166 est,
2671 1108 2790 1176 quia
2819 1126 2921 1165 non
2945 1127 3123 1171 manet
3159 1137 3171 1171 :
3205 1137 3308 1176 non
3340 1129 3558 1182 omnino

1983 1196 2084 1234 non
2109 1191 2209 1249 est,
2231 1187 2321 1240 sed
2345 1205 2446 1244 non
2465 1206 2671 1250 summe
2698 1206 2794 1251 est.
2832 1201 2895 1255 Et
2917 1205 3039 1272 quid
3067 1213 3300 1278 estquod
3326 1223 3427 1278 est,
3455 1218 3556 1270 nisi

1982 1271 2070 1326 ille
2101 1276 2186 1341 qui
2217 1280 2426 1345 quando
2453 1284 2691 1340 mittebat
2731 1289 2966 1362 Moysen,
2995 1295 3126 1352 dixit
3154 1271 3227 1355 illi
3259 1320 3272 1355 :
3307 1271 3426 1374 Ego,
3444 1324 3555 1363 sum

1979 1364 2064 1428 qui
2091 1368 2241 1420 sum?
2263 1369 2395 1434 Quid
2425 1384 2505 1426 est
2551 1375 2668 1439 hoc,
2705 1379 2802 1432 nisi
2846 1382 2936 1437 ille
2965 1387 3052 1454 qui
3083 1404 3200 1442 cum
3247 1392 3446 1448 diceret
3479 1398 3556 1451 fa-

1978 1456 2153 1510 mulus
2194 1459 2328 1527 ejus,
2365 1463 2492 1517 Ecce
2530 1468 2682 1522 mittis
2713 1488 2790 1524 me
2818 1489 2835 1526 :
2862 1475 2906 1527 si
2931 1477 3114 1532 dixerit
3153 1483 3276 1535 mihi
3303 1489 3518 1555 populus
3538 1533 3551 1554 ,

1984 1544 2104 1609 Quis
2129 1557 2175 1600 te
2198 1551 2374 1607 misit?
2397 1556 2518 1624 quid
2537 1558 2697 1611 dicam
2721 1563 2767 1613 ei
2783 1563 2808 1615 ?
2837 1580 3025 1620 nomen
3054 1584 3204 1624 suum
3229 1574 3392 1628 noluit
3413 1579 3553 1632 aliud

1976 1636 2172 1702 dicere,
2202 1656 2380 1710 quam,
2410 1644 2523 1717 Ego
2553 1666 2662 1703 sum
2687 1654 2774 1722 qui
2801 1672 2909 1708 sum
2934 1675 2952 1720 ;
2977 1669 3030 1713 et
3054 1662 3246 1731 adjecit
3273 1669 3436 1732 etait,
3465 1670 3552 1722 Di-

1975 1741 2052 1778 ces
2075 1729 2250 1798 itaque~
2268 1734 2388 1799 [iliis
2423 1734 2603 1803 Israel,
2651 1741 2748 1806 Qui
2783 1756 2873 1808 est,
2904 1750 3037 1801 misit
3076 1768 3153 1804 me
3181 1753 3249 1806 ad
3277 1773 3378 1809 vos.
3415 1759 3551 1814 Ecce

1974 1815 2212 1884 idipsum,
2249 1821 2357 1892 Ego
2392 1844 2501 1879 sum
2526 1831 2612 1898 qui
2651 1848 2780 1898 sum,
2816 1835 2916 1899 Qui
2943 1847 3032 1900 est,
3080 1842 3210 1894 misit
3253 1860 3330 1897 me
3351 1846 3418 1899 ad
3444 1863 3546 1902 vos.

1971 1903 2085 1959 Non
2135 1920 2283 1977 potes
2313 1928 2539 1984 capere;
2587 1922 2808 1976 multum
2852 1935 2932 1981 est
2957 1928 3278 2000 intelligere.
3325 1937 3546 1992 multum

1971 2008 2052 2050 εει
2095 2002 2515 2070 apprchendere.
2566 2011 2751 2069 Retine
2794 2018 2935 2086 quod
2984 2036 3081 2089 pro
3127 2032 3176 2079 te
3217 2023 3384 2088 factus
3428 2039 3545 2095 est,

1969 2105 2126 2159 quem
2158 2110 2260 2148 non
2293 2112 2474 2166 posses
2513 2117 2722 2172 capere.
2756 2109 2946 2166 Retine
2973 2129 3192 2172 carnem
3229 2120 3448 2191 Christi,
3493 2127 3550 2182 in

1969 2194 2124 2248 quam
2176 2185 2432 2243 levabaris
2477 2203 2730 2262 :cgrotus,
2766 2208 2819 2253 et
2857 2216 2889 2253 a
2931 2205 3236 2264 vulneribus
3280 2212 3542 2271 latronum

1967 2271 2252 2329 semivivus
2279 2278 2512 2345 relictus,
2538 2294 2592 2338 ut
2619 2285 2685 2339 ad
2714 2290 2976 2346 stabulum
3001 2297 3368 2364 perducereris
3391 2305 3538 2376 (Luc.

1967 2375 2017 2421 x.
2043 2363 2128 2424 50,
2154 2365 2264 2436 5i),
2292 2378 2345 2422 et
2370 2370 2441 2425 ibi
2461 2377 2742 2430 sanareris.
2775 2380 2917 2450 Ergo
2942 2363 3216 2444 curramus
3241 2392 3304 2445 ad
3323 2363 3538 2452 domum

1965 2453 2193 2523 Domini,
2226 2467 2279 2512 et
2304 2465 2671 2529 perveniamus
2700 2470 2765 2524 ad
2792 2473 3058 2530 civitatem
3089 2479 3176 2533 ubi
3203 2491 3344 2538 stent
3376 2487 3537 2554 pedes

1966 2548 2164 2613 nostri;
2197 2551 2461 2608 civitatem
2483 2573 2596 2626 qua:
2618 2561 2899 2629 tedi/icatur
2919 2577 2970 2619 ut
2994 2569 3186 2635 civitas,
3210 2575 3354 2644 cujus
3381 2581 3535 2645 partio

1962 2635 2145 2704 cipatio
2165 2640 2271 2706 ejus
2290 2643 2341 2696 in
2359 2643 2597 2714 idipsum.
2621 2649 2757 2716 Quid
2787 2655 2926 2709 enim
2953 2657 3114 2714 debes
3145 2635 3324 2720 tenere
3344 2667 3366 2721 ?
3387 2669 3534 2736 Quod

1961 2743 2058 2796 pro
2089 2740 2138 2785 te
2169 2732 2333 2789 factus
2360 2747 2442 2793 est
2466 2737 2726 2810 Christus,
2759 2747 2879 2815 quia
2910 2749 3022 2818 ipse
3064 2762 3146 2808 est
3175 2732 3456 2826 Christus;
3485 2771 3535 2820 et

1960 2818 2071 2887 ipse
2098 2819 2338 2880 Christus
2369 2839 2510 2885 recte
2536 2832 2864 2906 intelligitur,
2896 2839 3006 2912 Ego
3029 2861 3139 2900 sum
3169 2851 3254 2916 qui
3277 2866 3404 2917 sum,
3431 2867 3532 2922 quo

1959 2910 2117 2964 modo
2160 2922 2241 2966 est
2285 2916 2334 2969 in
2366 2918 2532 2975 forma
2562 2922 2676 2978 Dei.
2714 2925 2808 2980 Ubi
2841 2910 2956 2983 non
2985 2934 3220 3001 rapinam
3250 2939 3533 2999 arbitratus

1955 3008 2034 3051 est
2066 3015 2183 3055 esse
2209 3006 2425 3073 mqualis
2458 3010 2566 3064 Deo
2597 3011 2850 3084 (Philipp.
2883 3033 2938 3085 ιι,
2973 3020 3048 3088 6),
3079 3024 3147 3078 ibi
3170 3033 3250 3080 est
3278 3028 3529 3098 idipsum.

1959 3087 2022 3142 Ut
2051 3100 2224 3145 autem
2251 3094 2496 3153 efﬁciaris
2529 3109 2580 3154 tu
2612 3105 2877 3173 particeps
2901 3109 2950 3162 in
2974 3087 3221 3181 idipsum,
3253 3087 3421 3174 factus
3449 3135 3533 3178 est

1955 3177 2067 3246 ipse
2107 3183 2252 3249 prior
2281 3187 2542 3257 particeps
2572 3192 2646 3244 tui
2672 3209 2684 3256 ;
2715 3194 3020 3253 ethrbum
3051 3177 3176 3257 caro
3207 3177 3401 3261 factum
3422 3220 3524 3268 est.

1954 3277 2008 3321 ut
2036 3285 2159 3324 caro
2188 3276 2464 3346 participet
2495 3279 2740 3337 Verbum.
2787 3285 2919 3353 Quia
2963 3304 3089 3344 vero
3127 3295 3265 3361 quod
3299 3297 3529 3356 Verbum

1949 3375 2072 3415 caro
2103 3361 2294 3419 factum
2325 3377 2404 3422 est
2429 3378 2481 3424 et
2509 3371 2759 3428 habitavit
2785 3376 2838 3430 in
2868 3379 3020 3434 nobis
3043 3381 3217 3452 (Joan.
3249 3402 3286 3452 ι,
3318 3389 3426 3458 14),
3458 3405 3525 3445 ex

1949 3455 2149 3517 semine
2194 3459 2341 3512 venit
2371 3459 2670 3530 Abraham;
2706 3469 3021 3534 promissum
3050 3483 3131 3528 est
3153 3484 3327 3531 autem
3360 3480 3527 3536 Abra-

1949 3541 2030 3595 lue
2061 3554 2111 3598 et
2139 3545 2282 3602 Isaac
2310 3558 2364 3603 et
2398 3550 2582 3618 Jacob,
2611 3556 2750 3624 quod
2784 3559 2832 3612 in
2863 3562 3066 3618 semine
3090 3580 3275 3620 eorum
3304 3568 3523 3627 benedi-

1947 3645 2194 3689 cerentur
2216 3653 2401 3695 omnes
2431 3654 2612 3710 gentes
2639 3645 2787 3714 (Ceu.
2819 3665 2955 3716 xxn,
2985 3654 3075 3723 18)
3101 3671 3115 3719 ;
3147 3665 3200 3709 ει
3229 3657 3350 3713 inde
3377 3661 3528 3715 vide-

1947 3739 2062 3778 mus
2097 3725 2380 3782 Ecclesiam
2413 3740 2523 3785 toto
2550 3737 2676 3789 orbe
2699 3736 2940 3793 dill‘usam
2974 3759 2990 3796 :
3022 3741 3256 3812 loquitur
3280 3747 3344 3802 ad
3378 3749 3525 3805 inlir-

1946 3828 2060 3868 mos
2090 3815 2245 3871 Deus.
2275 3819 2600 3877 Firmitatem
2631 3826 2806 3882 cordis
2835 3831 3097 3899 qumsivit,
3129 3850 3249 3890 cum
3280 3837 3479 3896 diceret
3508 3892 3521 3912 ,

1945 3903 2054 3975 Ego
2077 3923 2186 3961 sum
2214 3912 2297 3979 qui
2323 3928 2433 3964 sum
2454 3931 2466 3966 :
2488 3914 2786 3973 ﬁrmitatem
2809 3923 2984 3978 cordis
3000 3928 3259 3995 qmrsivit,
3278 3939 3331 3986 et
3349 3934 3516 3990 aciem

1942 3998 2400 4069 contemplationis
2427 4015 2678 4073 erectam,
2707 4025 2824 4064 cum
2854 4012 3007 4081 dixit,
3037 4015 3136 4082 Qui
3158 4029 3249 4084 est,
3278 4023 3412 4079 misit
3441 4041 3520 4079 me

1941 4089 2009 4140 ad
2039 4107 2141 4144 vos.
2170 4092 2274 4147 Sed
2306 4096 2538 4151 nondum
2570 4099 2732 4156 habes
2761 4103 2897 4159 forte
2921 4107 2941 4137 ³
2969 4111 3470 4180 contemplationem
3505 4139 3516 4171 :

1941 4182 2045 4235 noli
2090 4183 2353 4251 deﬁcere,
2403 4190 2509 4243 noli
2556 4191 2858 4262 desperare.
2907 4198 3003 4264 Qui
3047 4211 3146 4267 est,
3192 4205 3360 4261 voluit
3400 4224 3523 4265 esse

1943 4271 2122 4339 homo,
2156 4284 2210 4329 ut
2242 4285 2291 4330 tu
2318 4292 2414 4342 es;
2445 4287 2500 4334 et
2540 4281 2659 4337 ideo
2699 4297 2910 4342 secutus
2951 4289 3024 4344 ait
3051 4292 3215 4364 Meysi
3246 4298 3394 4366 quasi
3425 4315 3518 4354 ex-

1940 4367 2240 4431 pavescenti
2274 4384 2486 4423 nomen.
2516 4372 2665 4440 Quod
2696 4382 2930 4436 nomen?
2969 4383 3117 4448 Quod
3149 4397 3248 4451 est,
3292 4389 3406 4444 Est.
3449 4391 3512 4446 Et

1939 4455 2082 4515 dixit,
2112 4457 2297 4526 inquit,
2325 4458 2566 4518 Dominus
2586 4467 2654 4518 ad
2679 4466 2906 4538 Moysen,
2941 4472 3048 4543 Ego
3074 4492 3184 4529 sum
3205 4477 3337 4533 Deus
3358 4481 3512 4536 Abra-

1938 4546 2074 4614 ham,
2109 4559 2154 4602 et
2187 4551 2318 4605 Deus
2348 4550 2497 4607 Isaac
2516 4596 2529 4620 ,
2578 4567 2623 4610 et
2673 4557 2804 4612 Deus
2830 4561 2986 4616 Jacob
3019 4580 3038 4619 :
3064 4567 3155 4620 hoc
3185 4571 3305 4622 milii
3334 4590 3516 4628 nomen

1938 4649 2008 4690 est
2038 4641 2087 4692 iu
2122 4651 2363 4695 (vtermtm
2404 4645 2594 4715 (Exod.
2641 4663 2718 4716 ιιι,
2753 4653 2969 4719 15-15).
3001 4655 3118 4711 Noli
3145 4659 3212 4715 de
3245 4671 3294 4717 te
3323 4664 3514 4734 despc-

1937 4745 2075 4796 rare,
2109 4734 2227 4801 quia
2267 4734 2395 4801 dixi,
2425 4737 2537 4808 Ego
2576 4755 2686 4794 smn
2713 4743 2802 4812 qui
2846 4762 2977 4812 sum,
3008 4757 3080 4813 et,
3132 4751 3232 4816 Qui
3257 4764 3347 4819 est,
3379 4759 3513 4812 misit

1935 4838 2014 4874 me
2055 4825 2122 4875 ad
2151 4841 2235 4879 vos
2267 4841 2285 4879 :
2316 4827 2436 4894 quia
2487 4837 2538 4882 tu
2589 4831 2746 4886 modo
2792 4833 3034 4902 ﬂuctuas,
3066 4849 3119 4894 et
3164 4845 3512 4904 mutabilitate

1934 4930 2110 4969 rerum
2135 4927 2187 4972 et
2210 4919 2464 4973 varietate
2481 4922 2816 4978 mortalitatis
2840 4925 3082 4985 humana:
3106 4935 3382 5003 percipere
3402 4953 3507 4995 non

1935 5015 2083 5072 potes
2109 5008 2245 5076 quod
2274 5019 2356 5062 est
2384 5009 2633 5080 idipsum.
2666 5013 2774 5084 Ego
2797 5016 3081 5086 descendo,
3105 5025 3225 5092 quia
3255 5033 3305 5080 tu
3329 5029 3510 5085 venire

1935 5113 2037 5151 non
2085 5109 2252 5168 potes.
2291 5101 2397 5172 Ego
2423 5120 2533 5156 sum
2559 5103 2692 5159 Deus
2718 5108 2991 5176 Abraham,
3023 5123 3069 5167 et
3093 5114 3233 5171 Deus
3261 5113 3428 5186 Isaac,
3460 5132 3508 5174 et

1933 5187 2068 5242 Deus
2113 5189 2290 5244 Jacob.
2326 5193 2377 5245 lu
2422 5195 2623 5250 semine
2671 5197 2938 5255 Abraham
2985 5218 3140 5274 spera
3187 5207 3403 5277 aliquid,
3454 5222 3504 5266 ut

1932 5279 2232 5334 coalirmari
2263 5284 2432 5350 possis
2462 5285 2526 5339 ad
2558 5287 2837 5344 videndum
2866 5292 2952 5362 qui
2997 5295 3138 5348 venit
3165 5295 3230 5350 ad
3263 5305 3314 5352 te
3341 5298 3392 5352 in
3421 5315 3506 5356 se-

1933 5371 2073 5426 mine
2103 5373 2347 5427 Abrahae.

2001 5463 2054 5517 6.
2101 5465 2236 5534 Ergo
2265 5465 2363 5521 hoc
2391 5477 2470 5522 est
2501 5470 2723 5540 idipsum
2763 5473 2828 5530 dc
2852 5491 2956 5546 quo
2986 5477 3180 5533 dictum
3209 5490 3311 5547 est,
3339 5483 3504 5539 Muta-

1994 5621 2008 5651 ι
2037 5617 2255 5682 Plerique
2275 5627 2402 5692 uss,
2428 5623 2692 5683 perducere
2714 5626 2864 5677 aciem
2884 5628 3066 5690 mentis,
3087 5634 3350 5694 perducere
3369 5634 3503 5703 inﬁr-

1929 5681 2137 5732 mitatem
2160 5681 2341 5732 mentis.

1996 5747 2014 5775 ²
2041 5744 2167 5792 alter
2195 5758 2221 5792 c
2245 5745 2381 5794 corb.
2411 5752 2534 5808 Mss,
2563 5747 2752 5809 fortem.
