4032 6202
409 318 546 373 {(33

410 432 482 484 bis
509 447 587 494 ea,
619 435 666 480 et
695 426 1049 486 mutabuntur;
1076 430 1131 473 ιιι
1177 425 1343 471 autem
1369 415 1499 470 idem
1540 414 1648 484 ipse
1682 430 1753 479 es,
1785 422 1831 467 et
1868 414 1990 465 anni

411 521 484 573 ιιιὶ
497 536 596 571 non
618 515 845 584 deﬁcient
872 510 1039 583 (Psol.
1061 524 1131 571 et,
1151 508 1220 561 27
1234 506 1407 574 etis).
1428 505 1565 559 Ecce
1581 504 1819 573 idipstun,
1840 502 1994 571 cujus

412 614 536 666 anni
562 628 662 666 non
681 607 932 674 deﬁcient.
964 603 1200 668 Fratres,
1225 615 1402 655 nonne
1419 599 1541 653 anui
1567 598 1733 653 nostri
1758 595 1995 666 quotidie

412 703 683 764 deﬁciunt,
729 713 826 752 nec
854 705 992 750 stant
1037 690 1300 749 omnino?
1325 690 1456 744 Nam
1484 698 1537 744 et
1576 688 1666 758 qui
1694 693 1954 743 venerunt
1976 726 1992 746 ,

413 796 518 863 jam
548 806 653 847 non
677 796 837 850 sunt;
870 796 924 841 et
952 786 1038 855 qui
1070 782 1228 837 futuri
1259 791 1404 847 sunt,
1437 779 1670 834 nondum
1699 785 1824 832 sunt
1846 795 1859 830 :
1879 776 1991 844 jam

415 886 488 939 illi
515 881 841 942 defecerunt,
888 885 941 931 et
967 876 1040 930 illi
1084 871 1338 928 dclecturi
1385 871 1591 925 venturi
1634 877 1779 923 sunt.
1812 866 1865 920 Itt
1897 865 1999 922 hoc

416 992 544 1047 ergo
569 976 684 1044 ipso
713 987 819 1026 uno
844 970 950 1030 die,
981 968 1189 1030 fratres,
1222 979 1348 1019 ecce
1375 963 1533 1016 modo
1561 961 1702 1032 quod
1732 944 2000 1027 loquimur

417 1071 469 1123 in
501 1074 772 1122 momento
797 1073 896 1117 est.
928 1060 1218 1116 Prmteritm
1259 1057 1404 1110 horte
1433 1054 1777 1114 transierunt,
1809 1049 2000 1104 futura:

419 1159 652 1214 nondum
690 1162 987 1216 venerunt;
1027 1160 1080 1205 et
1109 1164 1229 1203 cum
1261 1147 1519 1202 venerint.
1563 1153 1617 1196 et
1644 1143 1771 1207 ipsae
1803 1137 1998 1193 transi-

419 1252 549 1305 hunt
577 1258 631 1304 et
652 1245 918 1303 deﬁcient.
945 1241 1043 1311 Qui
1071 1248 1195 1295 sunt
1212 1238 1333 1292 anui
1354 1236 1443 1307 qui
1475 1251 1584 1290 nou
1602 1232 1876 1294 deliciunt,
1900 1228 2000 1282 nisi

419 1342 508 1411 qui
536 1338 718 1395 stant?
747 1336 803 1392 Si
825 1351 952 1405 ergo
979 1332 1049 1389 ibi
1068 1331 1190 1386 anni
1215 1337 1381 1395 stant,
1401 1337 1455 1381 et
1481 1326 1579 1396 ipsi
1602 1324 1729 1378 anni
1748 1322 1840 1392 qui
1858 1328 2003 1375 stant

423 1448 559 1487 unus
588 1444 757 1484 annus
782 1436 889 1494 est,
914 1435 968 1480 et
994 1425 1106 1494 ipse
1133 1438 1266 1475 unus
1290 1417 1580 1487 annusqui
1605 1424 1710 1469 stat
1731 1429 1865 1467 unus
1886 1411 2003 1466 dies

424 1533 544 1590 est;
572 1522 693 1593 quia
725 1521 837 1588 ipse
877 1532 1012 1573 unus
1037 1515 1150 1569 dies
1194 1528 1294 1568 nec
1322 1519 1495 1565 ortum
1530 1508 1689 1563 habet
1714 1521 1810 1561 nec
1851 1518 2007 1557 occa-

425 1631 579 1677 sum,
622 1628 720 1668 nec
765 1611 1043 1666 inchoatur
1083 1607 1152 1661 ab
1181 1607 1452 1667 hesterno,
1501 1617 1598 1656 nec
1640 1597 1945 1654 excluditur
1973 1611 2001 1649 a

426 1704 680 1769 crastino,
711 1700 804 1756 sed
829 1708 931 1753 stat
952 1713 1164 1767 semper
1196 1696 1282 1749 ille
1303 1695 1416 1749 dies
1448 1710 1462 1746 :
1494 1700 1547 1746 et
1572 1689 1714 1760 quod
1742 1688 1823 1743 vis
1846 1697 2006 1741 vocas

427 1797 576 1851 illum
605 1794 745 1848 diem
771 1810 787 1858 ;
813 1792 857 1847 si
883 1791 983 1856 vis,
1012 1787 1317 1851 annisunt;
1345 1785 1390 1840 si
1416 1784 1518 1847 vis,
1549 1782 1664 1836 dies
1690 1788 1809 1844 est;
1839 1776 2008 1848 quod-

428 1901 657 1956 cumque
694 1883 1027 1953 cogitaveris,
1066 1888 1172 1934 stat
1209 1888 1383 1932 tamen
1417 1893 1430 1929 :
1463 1873 1632 1943 ipsius
1659 1868 1963 1925 stabilitatis
1989 1868 2007 1898 ⁸

433 1979 711 2050 participat
740 1977 830 2031 illa
857 1977 1044 2030 civitas
1067 1972 1215 2042 cujus
1238 1966 1558 2040 participatio
1580 1973 1652 2019 est
1671 1963 1726 2016 in
1752 1961 2008 2030 idipsum;

430 2049 623 2126 merito
650 2084 798 2138 ergo,
826 2065 948 2137 quia
978 2062 1120 2118 illius
1147 2057 1448 2115 stabilitatis
1475 2056 1534 2110 ﬁt
1562 2053 1849 2125 particeps,
1878 2049 2009 2104 dicit

433 2162 536 2221 iste
559 2159 648 2231 qui
675 2158 798 2213 illuc
820 2153 1007 2217 currit,
1040 2152 1245 2208 Stantes
1273 2156 1415 2202 erant
1436 2145 1585 2215 pedes
1608 2143 1768 2197 nostri
1791 2141 1845 2194 in
1865 2139 2011 2193 atriis

435 2251 742 2309 Jerusalem.
770 2247 960 2304 Omnia
988 2245 1129 2300 enim
1154 2243 1223 2297 ibi
1255 2248 1416 2302 stant,
1444 2238 1533 2293 ubi
1555 2235 1685 2291 nihil
1705 2230 2011 2289 transit.Vis

435 2352 489 2398 et
512 2352 568 2401 tu
596 2341 669 2397 ibi
709 2348 853 2396 stare
878 2346 936 2392 et
963 2351 1067 2389 non
1108 2330 1378 2389 transire?
1408 2330 1537 2384 Illuc
1566 2341 1741 2382 curre.
1779 2323 2010 2392 ldipsum

437 2449 599 2492 nemo
614 2432 772 2488 habet
795 2446 860 2487 ex
886 2444 964 2484 se.
986 2425 1267 2490 Iutcndite,
1290 2421 1502 2476 fratres.
1531 2415 1681 2486 Quod
1705 2428 1899 2483 corpus
1921 2411 2014 2465 ha-

434 2526 541 2591 bet,
562 2539 690 2579 -non
719 2529 805 2579 est
850 2519 1075 2588 idipsum
1097 2532 1113 2581 ;
1139 2515 1262 2586 quia
1305 2527 1411 2567 non
1442 2510 1495 2565 in
1522 2523 1584 2564 se
1617 2516 1740 2562 stat.
1784 2505 2016 2559 Mutatur

437 2633 533 2688 per
556 2625 758 2677 :etates,
792 2619 1023 2666 mutatur
1049 2622 1151 2678 per
1178 2603 1501 2659 mutationes
1528 2599 1763 2653 locorum
1785 2610 1848 2649 ac
1873 2602 2009 2647 tem-

436 2684 657 2778 porum,
681 2710 915 2759 mutatur
953 2713 1048 2768 per
1090 2694 1304 2750 morbos
1347 2699 1403 2747 et
1442 2688 1682 2745 defectus
1726 2684 2009 2740 carnales:

439 2777 544 2852 non
569 2810 696 2864 ergo
720 2792 775 2848 in
800 2806 858 2846 se
890 2797 1013 2846 stat.
1039 2785 1273 2855 Corpora
1300 2780 1536 2841 caelestia
1562 2793 1668 2832 non
1696 2777 1748 2830 in
1775 2790 1835 2830 se
1851 2781 2012 2828 stant:

438 2886 635 2943 habent
660 2880 914 2955 quasdam
945 2877 1263 2934 mutationes
1286 2887 1436 2939 suas,
1457 2871 1556 2926 etsi
1577 2869 1844 2932 occultas;
1869 2876 2015 2921 certe

438 2980 505 3034 de
533 2979 669 3034 locis
694 2979 745 3030 in
793 2975 910 3030 loca
960 2978 1251 3033 mutantur,
1282 2963 1580 3021 ascenth
1614 2961 1687 3015 ab
1710 2958 1916 3021 oriente
1961 2957 2021 3011 in

438 3068 793 3131 occidentem,
825 3072 880 3120 et
903 3075 1089 3117 rursus
1124 3059 1458 3123 circumeunt
1494 3051 1562 3107 ad
1588 3050 1847 3106 orientem
1873 3065 1885 3100 :
1911 3061 2017 3101 non

439 3176 569 3231 ergo
604 3165 767 3225 stant,
814 3169 921 3210 non
956 3159 1083 3208 sunt
1127 3150 1377 3218 idipsum.
1406 3143 1597 3201 Anima
1643 3141 1872 3196 humana
1921 3152 2021 3193 nec

441 3229 555 3320 ipsa
585 3258 711 3307 stat.
737 3244 963 3314 Quantis
979 3243 1129 3299 enim
1139 3237 1520 3295 mutationibus
1535 3242 1589 3289 et
1608 3229 2021 3302 cogitationibus

443 3340 708 3396 variatur!
741 3336 953 3408 quantis
994 3330 1350 3401 voluptatibus
1378 3329 1405 3358 ί
1427 3322 1777 3381 immutaturl
1812 3320 2022 3390 quantis

442 3431 817 3503 cupiditatibus
841 3424 1209 3482 diverberatur
1233 3428 1394 3489 atque
1431 3414 1746 3471 discinditur
1772 3412 1829 3466 'l
1876 3411 2022 3465 Mens

589 3518 843 3585 hominis,
887 3530 1006 3587 qua:
1033 3512 1225 3568 dicitur
1253 3508 1547 3572 rationalis,
1598 3502 1868 3560 mutabilis
1896 3510 2018 3569 est,

446 3590 550 3670 non
578 3620 662 3668 cst
690 3609 940 3680 idipsum.
977 3602 1134 3660 Modo
1159 3601 1289 3666 vult,
1319 3598 1485 3653 modo
1521 3611 1629 3650 non
1666 3593 1814 3655 vult;
1860 3590 2020 3646 modo

446 3705 571 3771 scit,
601 3700 760 3756 modo
787 3698 990 3759 nescit;
1019 3692 1178 3748 modo
1202 3688 1462 3749 meminit,
1485 3685 1646 3740 modo
1670 3680 2019 3738 obliviscitur:

446 3814 574 3869 ergo
600 3795 828 3864 idipsum
854 3801 1014 3846 nemo
1042 3784 1203 3840 habet
1227 3799 1293 3838 ex
1320 3796 1397 3835 se.
1426 3779 1525 3847 Qui
1557 3776 1718 3831 voluit
1744 3790 1810 3830 ex
1840 3788 1900 3828 se
1927 3771 2024 3826 ha-

449 3863 576 3945 bere
605 3863 856 3956 idipsum,
879 3888 936 3934 ut
961 3875 1111 3948 quasi
1143 3875 1257 3944 ipse
1275 3871 1375 3927 sibi
1402 3877 1548 3925 esset
1570 3867 1822 3938 itlipsum,
1845 3863 2028 3932 lapsus

361 4021 366 4025 .
448 3987 531 4035 cst
560 3995 573 4031 :
601 3954 794 4032 cecidit
820 3969 1063 4042 angelus,
1089 3974 1144 4022 et
1169 3964 1337 4020 factus
1361 3970 1443 4016 est
1469 3958 1732 4014 diabolus.
1767 3954 2027 4023 Propina-

450 4069 525 4123 vit
548 4063 748 4123 homini
777 4059 1101 4132 superbiam,
1147 4054 1343 4125 dejecit
1369 4065 1549 4107 secum
1587 4045 1874 4104 invidentia
1905 4059 2026 4101 eum

450 4160 540 4231 qui
568 4157 759 4215 stabat.
790 4154 883 4210 Isti
908 4152 1008 4209 sibi
1029 4150 1311 4205 voluerunt
1335 4143 1563 4215 idipsum
1584 4154 1733 4204 esse;
1766 4138 1865 4192 sibi
1894 4137 2031 4205 prin-

450 4250 638 4323 cipari,
686 4248 785 4304 sibi
829 4242 1091 4300 dominari
1133 4238 1465 4316 voluerunt:
1499 4232 1782 4288 noluerunt
1834 4227 2032 4282 habere

453 4356 637 4396 verum
668 4336 969 4393 Dominum,
1011 4330 1100 4401 qui
1130 4344 1256 4383 vere
1297 4312 1384 4381 est
1413 4325 1663 4394 idipsum,
1709 4321 1793 4376 cui
1823 4320 2024 4374 dictum

451 4441 555 4499 est,
587 4428 808 4483 Mulabis
836 4443 915 4492 ea,
938 4432 986 4478 et
1004 4419 1369 4481 mutabuntur;
1398 4426 1452 4469 tu
1473 4424 1637 4468 autent
1663 4413 1795 4467 idem
1828 4412 1935 4481 ipse
1953 4427 2025 4464 es.

453 4524 569 4580 .lam
596 4534 727 4592 ergo
754 4524 873 4589 post
888 4523 1086 4570 tantum
1114 4511 1447 4579 languorem,
1462 4513 1580 4575 post
1598 4510 1774 4556 tantos
1792 4500 2029 4565 morbos,

453 4590 813 4673 dirncitttates,
843 4607 1076 4671 labores,
1106 4600 1291 4656 redeat
1331 4598 1504 4651 anima
1536 4592 1809 4649 ltumiliata
1841 4591 1907 4644 ad
1952 4590 2033 4644 id.

457 4707 662 4774 ipsum:
695 4710 745 4756 et
777 4699 848 4755 sit
885 4696 937 4752 in
966 4693 1054 4750 illa
1078 4691 1295 4749 civitate
1319 4688 1464 4759 cujus
1494 4683 1814 4756 participatio
1844 4682 1954 4753 ejus
1980 4680 2034 4734 in

456 4796 697 4863 idipsum.

529 4889 581 4941 7.
614 4884 762 4959 lbera.
795 4877 876 4954 ι.]
913 4877 1049 4933 Illuc
1076 4876 1210 4931 enim
1236 4869 1563 4926 excuderunt
1607 4866 1782 4919 tribus.
1819 4862 2035 4930 Quiete-

459 4953 646 5036 bamus
671 4975 813 5031 enim
844 4953 951 5042 quo
977 4966 1228 5023 ascendat
1257 4963 1343 5034 qui
1379 4960 1603 5022 cecidit;
1634 4956 1757 5027 quia
1784 4953 2034 5016 diximus,

458 5068 794 5129 ascendentis
843 5060 1072 5119 hominis
1100 5072 1200 5113 vos
1242 5063 1342 5119 est,
1388 5048 1725 5106 ascendentis
1765 5043 2039 5105 Ecclesiae.

462 5166 780 5222 Putamusnc
810 5171 915 5229 quo
937 5148 1218 5209 ascendit?
1246 5161 1352 5217 quo
1382 5144 1463 5198 it?
1485 5157 1589 5213 quo
1617 5134 1879 5208 erigitur?
1902 5133 2039 5187 Illuc

461 5257 809 5316 ascenderunt,
827 5226 1029 5318 inquit,
1072 5242 1248 5298 tribus.
1280 5238 1396 5306 Quo
1438 5231 1791 5289 ascenderunt
1832 5226 2041 5282 tribus?

464 5351 518 5402 lit
560 5347 826 5402 civitatem
868 5341 1014 5410 cujus
1045 5331 1360 5407 participatio
1402 5329 1512 5396 ejus
1540 5326 1591 5377 in
1623 5323 1860 5392 idipsum.
1896 5318 2039 5386 Ergo

464 5438 584 5493 illuc
608 5409 933 5495 ascenditur,
963 5430 1015 5484 in
1060 5423 1376 5482 Jerusalem.
1411 5418 1581 5472 lIomo
1610 5424 1786 5469 autent
1812 5411 1900 5480 qui
1946 5409 2043 5464 de-

492 5635 500 5641 _
528 5571 544 5603 ⁸
572 5579 669 5641 Aut.
726 5576 780 5619 et
813 5566 1039 5630 plerique
1071 5568 1209 5622 Mss,
1251 5562 1343 5609 stat
1380 5568 1393 5604 :
1426 5560 1588 5604 tamen
1626 5548 1775 5613 ipsius
1812 5543 2047 5597 stabilita-

465 5642 554 5727 ωε
577 5639 766 5751 figam
786 5696 913 5745 uss,
936 5682 1264 5751 Martialibus:
1390 5739 1419 5751 ..

537 5753 556 5785 δ
577 5736 887 5808 ὖῑιιὶὲιιίδιειςί,
902 5736 1188 5796 ’άιυενδαιιιιθ
1207 5750 1348 5803 atque
1368 5736 1672 5788 distmditur.

1626 303 1684 358 S.
1728 300 2089 359 AUCUSTINI
2129 298 2433 354 EPISCOPI

3534 296 3677 351 Ili“

2103 412 2390 468 scendcbat
2433 412 2499 464 de
2523 409 2813 466 Jerusalem
2841 409 2892 463 in
2920 408 3165 474 Iericho,
3198 407 3379 463 incidit
3418 408 3470 460 in
3509 407 3681 463 latro-

2100 522 2195 562 nes
2220 504 2367 575 (Lue.
2400 520 2457 566 ι,
2487 503 2745 573 '50)._Non
2768 502 3134 566 descenderet,
3163 513 3218 557 et
3244 518 3347 555 non
3373 503 3388 533 ⁸
3418 502 3677 555 incuteret

2101 599 2152 652 in
2182 598 2435 652 latrones.
2466 595 2599 663 Quia
2639 609 2767 648 vero
2793 593 3166 649 descendendo
3201 592 3382 647 incidit
3425 593 3478 646 in
3510 593 3678 646 latio-

2103 701 2217 752 ues,
2248 684 2587 740 ascendendo
2626 684 2801 738 veniat
2841 683 2906 737 ad
2935 684 3184 754 Angelos.
3212 682 3483 739 Amendat
3509 699 3640 753 ergo
3660 724 3678 745 ,

2100 775 2219 844 quia
2246 775 2605 831 ascenderunt
2631 774 2816 828 tribus.
2847 772 2954 829 Sed
2982 788 3102 843 qua:
3127 783 3251 827 sunt
3294 773 3461 826 tribus
3478 773 3504 827 ?
3527 772 3683 828 Multi

2103 876 2385 930 noverunt,
2416 865 2565 920 multi
2605 881 2709 921 non
2739 872 3016 919 noverunt.
3048 864 3158 919 Sed
3197 874 3251 918 et
3292 880 3389 918 nos
3413 865 3502 935 qui
3533 865 3688 918 novi-

2105 972 2242 1017 mus.
2272 955 2659 1011 descendamus
2692 954 2907 1015 adjllos
2934 953 3025 1024 qui
3056 968 3161 1008 non
3189 963 3448 1008 noverunt
3473 953 3685 1020 tribus,

2106 1058 2161 1101 ut
2188 1048 2461 1103 uobiscum
2478 1046 2765 1103 ascendant
2783 1062 2889 1117 quo
2908 1045 3263 1101 ascenderunt
3281 1046 3465 1099 tribus.
3489 1045 3689 1101 Tribus

2107 1139 2212 1193 alio
2237 1139 2449 1193 nomine
2474 1138 2580 1193 dici
2612 1148 2830 1208 possunt
2858 1138 3039 1203 curim,
3066 1136 3160 1192 sed
3189 1152 3292 1190 non
3320 1137 3550 1206 proprie.
3582 1136 3691 1191 Ita-

2107 1247 2211 1300 que
2239 1230 2405 1285 trihus
2434 1246 2538 1284 uno
2564 1230 2778 1285 nomine
2800 1230 2906 1284 alio
2931 1228 3147 1299 proprie
3165 1227 3266 1281 dici
3296 1244 3400 1282 non
3433 1238 3690 1296 possunt;

2107 1322 2202 1378 sed
2233 1322 2409 1376 vicino
2437 1322 2685 1376 dicuntur
2709 1322 2890 1375 curim.
2921 1320 3053 1375 Nam
3086 1320 3299 1389 proprie
3326 1318 3375 1374 si
3394 1319 3693 1373 dixerimus

2109 1415 2304 1478 curias,
2352 1430 2455 1468 non
2487 1413 2853 1484 intelliguntur
2890 1412 2991 1467 nisi
3019 1412 3182 1468 Curia:
3211 1428 3331 1482 qua:
3373 1422 3498 1467 sunt
3522 1411 3578 1465 in
3606 1412 3692 1468 ci-

2110 1509 2361 1564 vitatibus
2389 1506 2610 1577 singulis
2639 1506 2895 1576 singulae;
2921 1504 3065 1560 unde
3092 1505 3322 1559 curiales
3348 1513 3404 1559 et
3442 1503 3694 1558 decurio-

2112 1615 2229 1665 nes,
2260 1598 2311 1653 id
2345 1607 2446 1663 est,
2474 1597 2616 1668 quod
2641 1598 2748 1652 sint
2772 1597 2824 1651 in
2855 1596 3000 1651 curia
3028 1597 3108 1651 vel
3149 1595 3366 1651 decuria
3396 1613 3410 1649 :
3436 1604 3492 1650 et
3520 1594 3695 1650 nostis

2111 1689 2233 1760 quia
2274 1689 2404 1743 tales
2443 1689 2618 1744 curias
2661 1687 2897 1758 singulas
2937 1686 3137 1742 habent
3181 1686 3401 1756 singula:
3429 1686 3694 1740 civitates.

2111 1782 2247 1838 Sunt
2271 1791 2449 1836 autem
2478 1780 2563 1835 vel
2587 1788 2740 1835 erant
2763 1778 3123 1849 aliquandoiu
3167 1775 3282 1832 istis
3306 1791 3517 1846 quoque
3556 1777 3694 1831 civi-

2115 1872 2311 1927 tatibus
2336 1872 2498 1925 curite
2516 1870 2676 1926 etiam
2704 1869 3019 1939 populorum
3040 1884 3055 1933 ;
3083 1877 3136 1923 et
3164 1884 3267 1923 una
3288 1867 3477 1922 civitas
3498 1867 3696 1920 multas

2115 1966 2289 2023 curias
2316 1964 2492 2030 habet,
2524 1963 2660 2018 sicut
2696 1962 2864 2018 Roma
2893 1961 3101 2030 triginta
3140 1959 3374 2029 quinque
3397 1957 3575 2012 curias
3601 1956 3696 2011 hac

2115 2055 2206 2110 bet
2232 2055 2430 2126 p0puli.
2477 2054 2569 2109 Hie
2597 2053 2845 2108 dicuntur
2889 2051 3076 2105 tribus.
3119 2049 3227 2104 Has
3262 2048 3490 2118 populus
3533 2046 3696 2102 lsrael

2116 2146 2397 2202 duodecim
2425 2144 2673 2208 habebat,
2704 2142 2993 2199 secundum
3026 2139 3162 2195 filios
3186 2139 3374 2195 Iacob.

2187 2237 2241 2292 8.
2274 2235 2559 2291 Duodecim
2588 2234 2757 2289 tribus
2779 2242 2933 2288 erant
2958 2232 3136 2302 populi
3183 2230 3340 2285 Israel
3370 2247 3385 2284 :
3415 2229 3511 2284 sed
3539 2237 3698 2285 erant

2118 2330 2188 2385 ibi
2221 2330 2364 2394 mali,
2393 2336 2449 2383 et
2486 2337 2642 2383 erant
2669 2326 2740 2380 ibi
2786 2325 2930 2379 boni.
2961 2324 3132 2392 Quam
3172 2322 3316 2378 enim
3342 2321 3498 2377 mala:
3528 2321 3703 2376 tribus

2117 2435 2237 2491 qua:
2265 2417 2638 2474 cruciﬁxerunt
2662 2415 2983 2471 Dominum?
3009 2414 3177 2486 Quam
3203 2412 3356 2468 bona
3381 2411 3549 2467 tribus
3578 2427 3704 2481 qua:

2118 2519 2480 2583 cognoverunt
2504 2506 2822 2564 Dominum?
2848 2505 2952 2561 Illae
2979 2518 3108 2574 ergo
3148 2503 3317 2558 tribus
3340 2518 3459 2573 qua:
3483 2500 3704 2557 cruciﬁ-

2118 2609 2312 2656 xeruut
2342 2598 2645 2665 Dominum,
2675 2592 2843 2652 tribus
2871 2602 2997 2650 sunt
3022 2593 3239 2649 diaboli.
3284 2592 3415 2648 Cum
3443 2606 3571 2661 ergo
3612 2590 3706 2645 hie

2120 2691 2343 2754 diceret,
2366 2688 2501 2743 Illuc
2516 2687 2649 2744 enim
2666 2685 2993 2742 ascenderunt
3017 2684 3207 2749 tribus;
3233 2697 3299 2738 ne
3317 2696 3503 2737 omnes
3529 2680 3705 2735 tribus

2121 2782 2466 2852 intelligeret},
2510 2778 2746 2842 addidit,
2787 2777 2944 2830 tribus
2983 2774 3209 2829 Domini.
3236 2773 3373 2841 Quid
3401 2779 3502 2837 est,
3531 2770 3696 2825 tribus

2122 2873 2325 2928 Domini
2342 2872 2369 2925 Ρ
2390 2871 2522 2941 Qua:
2563 2875 2923 2940 cognoverunt
2952 2865 3255 2921 Dominum.
3290 2863 3369 2917 Ex
3397 2862 3526 2934 ipsis
3551 2861 3702 2916 enim

2121 2966 2399 3021 duodecim
2418 2963 2657 3023 tribubus
2674 2961 2846 3027 malis,
2864 2968 3017 3016 erant
3035 2958 3107 3015 ibi
3131 2958 3255 3013 boni
3279 2957 3347 3013 de
3360 2957 3514 3012 bouis
3534 2956 3707 3010 tribu-

2123 3058 2222 3113 bus
2246 3059 2266 3089 ¹
2292 3072 2411 3127 qua:
2435 3060 2796 3125 cognoverunt
2823 3050 3193 3106 fabricatorcm
3220 3048 3482 3115 civitatis;
3508 3057 3561 3102 et
3589 3049 3708 3116 ipsa

2124 3159 2273 3206 erant
2300 3161 2463 3219 grana
2510 3146 2647 3200 inter
2669 3144 2785 3199 illas
2822 3141 3007 3207 tribus,
3036 3155 3156 3212 qua:
3184 3139 3322 3194 inter
3350 3136 3526 3208 paleas
3552 3152 3713 3193 com-

2126 3243 2287 3297 mixta
2316 3248 2461 3296 sunt.
2491 3236 2857 3293 Ascenderunt
2882 3243 3081 3296 autem,
3112 3248 3217 3287 non
3243 3247 3363 3287 cum
3391 3230 3579 3299 paleis,
3607 3231 3712 3286 sed

2128 3334 2297 3389 tribus
2339 3339 2590 3401 purgatae,
2635 3328 2840 3393 electae,
2879 3325 3028 3395 quasi
3077 3324 3247 3379 tribus
3291 3323 3518 3378 Domini.
3568 3321 3713 3375 Illuc

2125 3425 2451 3478 ascenderunt
2476 3420 2654 3485 tribus,
2685 3417 2841 3472 tribus
2868 3415 3094 3469 Domini.
3121 3414 3257 3483 Quid
3286 3423 3387 3476 est,
3415 3413 3572 3466 tribus
3594 3410 3717 3466 Do.-

2127 3514 2295 3568 mini?
2338 3510 2697 3566 Testimonium
2725 3508 2908 3562 lsrael.
2955 3505 3067 3561 Hoc
3090 3504 3217 3576 quid
3247 3505 3336 3568 sit,
3371 3503 3578 3564 fratres,
3607 3517 3715 3556 an-

2127 3606 2237 3660 dite
2265 3626 2280 3659 :
2308 3602 2669 3658 Testimonium
2693 3599 2879 3665 lsrael,
2909 3598 2961 3653 id
2986 3606 3089 3664 est,
3118 3598 3170 3651 in
3200 3596 3391 3666 quibus
3417 3609 3715 3665 cognosca-

2130 3706 2215 3751 tur
2258 3695 2380 3766 quia
2431 3692 2560 3748 εει*
2596 3707 2720 3748 vere
2770 3668 2949 3747 lsraei.
2999 3688 3135 3756 Quid
3183 3698 3266 3743 est
3311 3688 3451 3742 cnim
3502 3688 3721 3741 lsrael?

2132 3786 2501 3857 lnterpretatio
2525 3782 2754 3839 nominis
2781 3781 2896 3852 ejus
2919 3781 3057 3836 dicta
3099 3791 3182 3834 est
3200 3778 3332 3850 jam,
3360 3787 3415 3832 et
3440 3794 3584 3847 saepe
3620 3778 3715 3838 tli-

2130 3885 2319 3931 catur:
2352 3874 2490 3930 forte
2515 3874 2658 3929 enim
2700 3872 2799 3927 etsi
2825 3885 3012 3927 recens
3037 3869 3178 3925 dicta
3219 3876 3323 3933 est,
3368 3867 3583 3922 excidit.
3614 3867 3714 3921 Di-

2130 3967 2320 4032 eendo,
2361 3981 2459 4021 nos
2499 3964 2756 4019 faciamus
2801 3971 2857 4016 ut
2903 3976 3009 4015 non
3054 3940 3265 4014 excidat
3307 3958 3467 4013 etiam
3511 3958 3589 4012 eis
3618 3958 3720 4026 qui

2133 4059 2309 4129 legere
2338 4073 2441 4110 non
2469 4060 2727 4110 noverunt
2751 4059 2842 4107 aut
2866 4051 3146 4106 noluerunt
3181 4067 3194 4104 :
3228 4060 3327 4103 nos
3350 4049 3518 4104 simus
3538 4047 3717 4102 codex

2135 4152 2388 4220 ipsorum.
2421 4147 2604 4214 lsrael,
2634 4145 2830 4200 Videtis
2859 4144 3025 4198 Deum
3054 4144 3467 4209 interpretatur;
3497 4139 3604 4193 imo
3625 4138 3723 4192 tli-

2134 4240 2377 4313 ligentius
2402 4238 2642 4294 discusso
2666 4235 2847 4301 verbo,
2876 4235 2954 4290 sic
2979 4233 3375 4301 interpretatur,
3408 4229 3589 4286 lsrael.
3614 4228 3724 4285 Est

2134 4334 2320 4388 videns
2364 4333 2529 4386 Deum
2557 4328 2579 4362 ⁸
2609 4347 2624 4383 :
2649 4337 2949 4397 utrumque,
2990 4334 3073 4381 est
3112 4323 3298 4379 videns
3347 4324 3530 4377 Deum.
3579 4321 3727 4388 Quia

2138 4429 2299 4483 Itumo
2325 4427 2377 4482 in
2400 4441 2459 4482 se
2486 4439 2591 4479 non
2616 4435 2698 4477 εει
2722 4440 2736 4475 :
2765 4428 2999 4476 mutatur
3019 4418 3159 4474 enim
3185 4425 3238 4471 et
3261 4415 3505 4478 vertitur,
3533 4414 3579 4469 si
3606 4428 3725 4469 non

2138 4520 2418 4591 participet
2461 4516 2578 4586 ejus
2603 4514 2694 4585 qui
2738 4517 2823 4568 est
2866 4511 3115 4581 idipsum.
3163 4508 3313 4563 Tunc
3350 4514 3455 4572 est,
3501 4503 3726 4575 quando

2139 4611 2283 4667 videt
2322 4610 2508 4664 Deum.
2539 4608 2688 4661 Tunc
2711 4603 2855 4660 enim
2902 4610 3005 4670 est,
3052 4599 3262 4671 quando
3305 4597 3443 4652 videt
3475 4611 3594 4651 eum
3624 4595 3727 4663 qui

2139 4712 2257 4766 est;
2289 4709 2344 4756 et
2369 4698 2597 4754 videndo
2623 4710 2744 4752 eum
2771 4693 2859 4764 qui
2885 4699 2988 4758 est,
3021 4690 3080 4746 iit
3104 4700 3158 4744 et
3177 4690 3290 4759 ipse
3315 4703 3412 4758 pro
3442 4686 3600 4740 modo
3619 4698 3732 4740 suo

2143 4806 2198 4850 ut
2228 4795 2317 4850 sit.
2351 4792 2488 4861 Ergo
2526 4790 2639 4858 ipse
2667 4795 2749 4842 cst
2777 4784 2958 4849 Israel,
2990 4781 3148 4836 lsrael
3185 4790 3268 4835 est
3297 4778 3482 4832 videns
3527 4775 3729 4829 Deum.

2143 4885 2416 4957 Superbus
2439 4896 2566 4950 ergo
2588 4894 2690 4932 non
2716 4890 2798 4933 εει
2821 4874 2981 4935 Israel
3016 4892 3028 4925 :
3057 4871 3177 4942 quia
3204 4886 3307 4924 non
3324 4877 3408 4924 est
3434 4866 3732 4937 participa-

2144 4956 2231 5034 tio
2262 4976 2376 5047 ejus
2405 4975 2455 5030 in
2486 4972 2753 5042 idipsum;
2798 4967 2918 5037 quia
2963 4965 3078 5035 ipse
3120 4962 3219 5017 sibi
3251 4961 3363 5015 vult
3402 4958 3601 5013 essein
3642 4956 3736 5009 ιιι-

2146 5073 2338 5143 ipsum.
2372 5068 2469 5137 Qui
2508 5066 2606 5122 sibi
2646 5061 2758 5119 vult
2781 5075 2900 5127 esse
2939 5055 3250 5128 principium
3282 5068 3387 5106 non
3416 5060 3500 5106 est
3538 5048 3734 5103 Israel.

2212 5231 2227 5261 ι
2256 5232 2350 5274 Er.:
2373 5222 2425 5273 si
2436 5234 2531 5271 non
2553 5216 2881 5273 descenderet,
2906 5217 2951 5263 et
2989 5222 3082 5261 non
3106 5222 3120 5259 :
3145 5206 3294 5270 Lugd.
3314 5213 3434 5255 \‘cn.
3456 5211 3508 5254 et
3526 5209 3656 5251 t.ov.:
3686 5201 3740 5251 si

2147 5303 2239 5340 non
2262 5285 2588 5341 descenderet,
2611 5292 2721 5341 ηοη,
2748 5284 2844 5341 εις·
2900 5336 2910 5341 ,
2942 5280 2997 5341 ιι.
3075 5337 3085 5341 _
3122 5330 3152 5341 _.
3205 5329 3216 5341 .
3405 5325 3435 5341 ,.
3475 5324 3485 5341 _.

2213 5324 2239 5382 ἶ
2258 5324 2588 5407 ἓιῗῗὲεὶῗῖῥὲέ
2611 5324 2743 5407 Bibit
2757 5324 3036 5393 duodecim
3068 5329 3299 5407 tribubus
3317 5324 3536 5407 attingis
3548 5330 3740 5407 “careret,

2153 5385 2739 5463 ῡοιιίῖιῖὦῆὶέτέιιιιὶιιιὲζ
2753 5385 2860 5461 quin
2872 5385 3210 5463 pugnaverunt.
3233 5393 3307 5440 sic
3325 5385 3610 5463 etiamapud
3632 5395 3741 5463 tua;

2413 5453 2648 5535 diversa.
2668 5453 2746 5517 est
2765 5453 3051 5535 :verbo'rtttu
3080 5453 3421 5535 intespuLuctio.
3463 5457 3581 5535 stati

2549 5508 2833 5588 ἰᾖξὶτξὲιιὶιιι
2847 5519 3103 5588 duodecim
3124 5508 3337 5565 tribubus
3355 5517 3501 5588 erant
3514 5508 3581 5559 ibi
3598 5508 3743 5566 ntali,

2155 5579 2287 5648 aiant
2311 5592 2377 5643 ibi
2400 5587 2523 5639 boni.
2557 5579 2623 5636 ite
2641 5584 2773 5648 bonis
2799 5581 3036 5638 tribubus,
3060 5591 3171 5641 qua:
3188 5579 3522 5640 cognovertmt,
3544 5581 3640 5620 etc.

2220 5659 2239 5691 ³
2264 5654 2449 5716 Aliquot
2470 5661 2593 5716 $55.,
2619 5647 2700 5710 qui
2723 5652 2808 5716 t‘st.

2219 5722 2237 5748 ³
2262 5724 2333 5769 Er.
2352 5704 2506 5777 ’Μιξςὼ
2531 5704 2694 5760 Venet.
2720 5715 2828 5757 Lov.
2856 5705 3114 5763 omittunt,
3143 5709 3308 5753 Deum.
3345 5704 3401 5750 ut.

3151 5472 3179 5503 (3

3184 5468 3237 5515 ΓΡ

3240 5468 3270 5502 ll

3292 5459 3369 5501 icti

3374 5466 3421 5500 ι).

3466 5460 3486 5495 Α

3496 5457 3516 5495 l.

3552 5461 3616 5495 IIII

3622 5460 3651 5494 ιι

3655 5458 3680 5494 ες

3713 5456 3747 5490 (Β
