4032 6202
225 300 366 358 1625

220 420 411 477 Omnis
438 429 566 486 ergo
597 412 751 466 [lctus
776 424 878 462 non
907 415 988 460 est
1006 402 1186 464 Israel,
1209 399 1330 471 quia
1355 397 1530 453 omnis
1551 395 1810 466 superbus

223 527 450 570 necesse
476 518 558 565 est
585 515 646 560 ut
684 504 838 558 ﬁctus
865 499 953 554 sit.
1007 497 1116 551 lloc
1140 495 1280 560 dico,
1332 492 1561 552 fratres;
1594 503 1812 542 necesse

225 618 314 665 est
339 616 394 661 ut
421 601 597 660 omnis
621 594 885 666 superbus
912 590 1041 645 velit
1078 585 1243 642 videri
1276 583 1414 654 quod
1443 597 1545 635 non
1573 589 1654 635 est
1678 597 1692 633 :
1720 578 1818 633 ali-

228 713 334 764 ter,
366 697 557 752 fratres
583 690 708 754 mei,
741 701 846 740 non
873 689 1070 756 potest.
1097 680 1166 734 Et
1191 679 1389 731 utinam
1429 675 1508 729 sic
1532 672 1694 727 vellet
1723 685 1816 723 su-

233 760 436 859 perbus
465 781 631 838 videri
676 775 818 849 quod
863 790 969 828 non
1000 780 1102 837 est,
1144 777 1202 824 ut
1244 766 1408 822 vellet
1452 763 1640 824 videri,
1671 760 1821 815 verbi

233 895 418 940 causa,
447 871 722 937 choraula,
751 883 870 923 cum
900 862 1148 920 choraula
1181 876 1286 914 non
1324 865 1486 912 esset.
1530 855 1649 909 Cito
1680 853 1822 906 enim

237 971 592 1042 probaretur;
637 962 901 1016 diceretur
925 957 974 1011 ei
1003 957 1019 987 ί
1049 972 1071 1042 ἰ
1095 953 1301 1015 Canta;
1333 950 1606 1002 videamus
1649 955 1825 999 utrum

237 1059 496 1123 choraula
521 1071 618 1114 sis.
658 1053 774 1108 Non
804 1057 984 1120 posset
1009 1063 1024 1111 ;
1049 1031 1382 1099 inveniretur
1411 1038 1542 1092 falso
1573 1052 1630 1089 se
1661 1031 1828 1088 videri

240 1153 480 1208 voluisse
509 1146 647 1216 quod
678 1158 781 1199 non
814 1150 947 1198 erat.
977 1139 1032 1193 Si
1059 1137 1260 1191 diceret
1289 1148 1346 1186 se
1366 1131 1723 1199 eloquentem,
1748 1127 1829 1180 di-

243 1253 459 1299 ceretur
485 1241 533 1295 ei
565 1257 579 1295 :
609 1239 868 1306 Loquere,
921 1240 974 1284 et
1003 1228 1184 1299 proba.
1215 1226 1270 1280 Si
1308 1224 1513 1277 locutus
1543 1219 1720 1280 fuerit,
1749 1217 1831 1270 in-

246 1337 457 1388 venitur
487 1343 591 1383 non
631 1328 732 1379 hoc
761 1337 879 1378 esse
905 1319 1042 1388 quod
1075 1316 1344 1386 professus
1385 1322 1486 1366 est.
1517 1307 1789 1377 Superbus
1816 1346 1830 1369 ,

247 1423 393 1495 quod
422 1422 570 1492 pejus
593 1427 694 1480 est,
719 1417 920 1485 justum
948 1427 1006 1466 se
1027 1411 1137 1464 vult
1165 1406 1348 1469 videri,
1369 1419 1488 1459 cum
1522 1417 1625 1455 non
1652 1400 1755 1464 sit;
1779 1407 1833 1453 et

249 1490 374 1587 quia
417 1490 674 1582 justitiam
723 1505 1016 1572 intelligere
1069 1498 1286 1553 diftieile
1334 1504 1446 1557 est,
1489 1490 1710 1546 difﬁcile
1758 1495 1841 1542 est

253 1580 516 1677 superbos
540 1613 847 1672 agnoscere.
879 1595 1075 1647 Volunt
1113 1605 1238 1659 ergo
1268 1586 1481 1656 superbi
1507 1583 1673 1638 videri
1700 1580 1839 1651 quod

257 1669 368 1751 non
390 1703 513 1749 sunt
541 1711 554 1748 :
579 1669 704 1745 ideo
723 1703 827 1742 non
854 1694 936 1740 est
956 1680 1287 1752 participatio
1308 1691 1492 1731 eorum
1517 1675 1568 1730 in
1586 1672 1840 1740 idipsum;
1897 1669 1900 1672 ”

259 1803 368 1842 non
401 1783 664 1854 pertinent
699 1778 766 1833 ad
797 1775 978 1837 Israel,
1011 1772 1098 1842 qui
1130 1778 1212 1825 est
1239 1771 1259 1800 ¹
1289 1767 1472 1821 videns
1499 1765 1684 1819 De'um.
1717 1761 1844 1828 Quis

259 1853 649 1946 ergopertinet
671 1868 738 1922 ad
767 1864 969 1921 Israel?
995 1861 1094 1930 Qui
1123 1870 1206 1915 est
1231 1860 1492 1927 particeps
1513 1855 1565 1908 in
1591 1853 1841 1921 idipsum.

261 1943 397 2036 Quis
420 1943 504 2020 est
528 1961 617 2030 qui
663 1957 939 2031 participat
968 1955 1021 2006 in
1051 1947 1312 2020 idipsum?
1354 1946 1454 2014 Qui
1481 1943 1763 2000 confitetur
1788 1955 1848 1995 se

265 2033 373 2113 non
398 2069 516 2110 esse
536 2050 675 2121 quod
707 2050 847 2102 Deus
871 2054 974 2109 est,
998 2053 1049 2098 et
1069 2040 1242 2095 abillo
1269 2037 1466 2092 habere
1488 2033 1630 2104 quod
1651 2033 1849 2087 bonum

268 2154 446 2216 potest
466 2143 698 2203 habere;
729 2153 758 2190 a
785 2151 846 2192 se
865 2143 1041 2190 autem
1071 2146 1176 2185 non
1201 2143 1320 2184 esse
1337 2125 1435 2179 nisi
1465 2133 1763 2194 peccatum,
1785 2122 1852 2175 ab

269 2214 362 2290 illo
389 2233 489 2287 sibi
513 2227 924 2298 essejustitiam.
954 2222 1098 2277 Talis
1119 2228 1202 2276 est
1228 2219 1282 2272 in
1307 2231 1412 2286 quo
1441 2214 1593 2269 dolus
1619 2228 1724 2266 non
1748 2220 1848 2265 est.

274 2327 342 2381 Et
372 2323 628 2378 Dominus
658 2318 842 2373 videns
866 2311 1265 2374 Nathanaelem,
1292 2305 1420 2377 quid
1446 2306 1561 2360 ait?
1587 2302 1722 2357 Ecce
1748 2319 1858 2356 vere

277 2417 536 2474 Israelita,
576 2413 628 2466 in
667 2426 763 2481 quo
793 2408 938 2461 dolus
976 2420 1074 2457 non
1097 2411 1168 2456 est
1194 2399 1370 2473 (Joan.
1417 2414 1456 2464 ι,
1486 2395 1598 2468 47).
1632 2395 1687 2450 Si
1727 2410 1857 2464 ergo

275 2520 434 2561 verus
477 2501 709 2557 Israelita
736 2540 752 2566 ,
793 2498 844 2551 in
888 2510 994 2566 quo
1036 2493 1191 2546 dolus
1233 2505 1338 2542 non
1383 2497 1486 2552 est,
1535 2485 1706 2540 tribus
1754 2485 1859 2538 illa:

277 2595 580 2654 ascendunt
605 2591 670 2646 ad
697 2589 1015 2650 Jerusalem,
1042 2585 1092 2637 in
1121 2583 1310 2655 quibus
1339 2579 1492 2633 dolus
1525 2593 1627 2630 non
1661 2587 1760 2631 est.
1794 2576 1861 2629 Et

277 2693 408 2760 ipsa:
449 2696 575 2742 sunt
609 2681 945 2738 testimonium
974 2675 1178 2740 Israel;
1227 2673 1278 2726 id
1306 2679 1404 2734 est,
1441 2685 1535 2739 per
1564 2670 1678 2722 illas
1707 2682 1862 2736 agno-

279 2759 445 2838 scitur
473 2778 594 2849 quia
625 2783 779 2830 erant
805 2772 826 2803 ³
852 2785 1013 2842 grana
1044 2769 1182 2821 inter
1210 2765 1352 2818 illam
1396 2761 1621 2830 paleam,
1650 2759 1863 2829 quando

280 2887 404 2927 area
434 2885 556 2924 cum
585 2866 874 2925 videretur,
900 2869 1007 2914 tota
1036 2857 1183 2927 palea
1213 2853 1517 2926 putabatur.
1547 2851 1712 2904 Erant
1737 2865 1865 2918 ergo

283 2961 352 3016 ibi
379 2972 546 3030 grana
576 2974 590 3009 :
617 2955 710 3010 sed
736 2969 855 3007 cum
877 2948 1210 3004 ascenderint
1237 2947 1286 2998 in
1315 2942 1693 2998 sublimitatem
1723 2941 1864 2992 illam

281 3053 604 3126 splendoris,
636 3063 756 3104 cum
779 3047 935 3102 fuerit
963 3059 1086 3099 area
1113 3041 1365 3096 ventilata
1393 3036 1604 3112 (Matth.
1636 3052 1713 3101 ιιι,
1739 3032 1860 3104 1‘2),

284 3157 410 3200 tunc
434 3145 537 3199 erit
563 3138 899 3195 testimonium
924 3133 1086 3188 Israel
1107 3150 1126 3198 ;
1159 3141 1284 3186 tunc
1307 3130 1487 3185 dicent
1510 3143 1697 3183 omnes
1719 3126 1864 3188 mali,

285 3237 424 3292 Vere
453 3233 575 3305 quia
615 3239 765 3285 erant
795 3228 863 3282 ibi
904 3225 1034 3295 justi
1065 3225 1200 3276 inter
1238 3221 1426 3284 malos,
1476 3218 1686 3290 quando
1718 3217 1870 3271 nobis

282 3342 473 3383 omnes
502 3324 623 3378 mali
654 3320 987 3381 videbantur,
1017 3325 1070 3370 et
1112 3314 1296 3384 quales
1328 3328 1424 3366 nos
1452 3325 1686 3374 eramus,
1736 3309 1869 3364 tales

283 3435 476 3477 omnes
524 3417 856 3488 putabamus.
901 3407 1264 3464 Testimonium
1307 3403 1490 3458 Israel.
1535 3403 1650 3469 Quo
1693 3416 1874 3454 ascen-

285 3513 464 3569 dunt?
489 3524 653 3582 quare
679 3501 1016 3562 ascendunt?
1042 3501 1122 3553 Ad
1160 3497 1499 3567 conﬁtendum
1525 3495 1713 3548 nomini
1760 3503 1868 3558 tuo,

288 3606 523 3661 Domine.
546 3597 964 3671 Magnificenlius
982 3593 1082 3648 dici
1108 3607 1212 3644 non
1237 3597 1428 3658 potest.
1457 3586 1605 3640 Sicut
1623 3584 1870 3652 superbia

288 3695 586 3769 praesumit,
600 3692 679 3745 sic
701 3685 968 3742 humilitas
991 3682 1294 3738 conﬁtetur.
1316 3676 1594 3746 Quomodo
1621 3689 1877 3744 przrsum-

289 3763 414 3858 pter
443 3793 522 3839 est
553 3781 642 3852 qui
672 3778 784 3834 vult
813 3774 982 3830 videri
1012 3772 1153 3843 quod
1181 3786 1287 3824 non
1331 3777 1444 3831 est;
1476 3767 1554 3820 sic
1596 3763 1876 3819 confessor

287 3851 378 3935 est
405 3878 490 3946 qui
520 3851 624 3928 non
652 3870 766 3924 vult
791 3866 956 3921 videri
982 3862 1121 3934 quod
1147 3870 1229 3916 est
1260 3861 1373 3928 ipse
1398 3856 1440 3920 ⁵,
1468 3865 1523 3911 ει
1564 3866 1703 3908 amat
1734 3851 1876 3922 quod

290 3943 509 4024 estille.
552 3963 633 4019 Ad
681 3962 781 4015 hoc
811 3973 939 4028 ergo
967 3951 1262 4010 ascendunt
1288 3948 1562 4012 Israelitaz,
1609 3946 1660 3999 in
1686 3943 1878 4014 quibus

290 4059 458 4114 dolus
487 4071 589 4110 non
633 4061 731 4116 est,
761 4050 882 4120 quia
909 4053 1032 4101 sunt
1061 4058 1184 4098 vere
1213 4038 1485 4102 Israelitae,
1515 4035 1636 4104 quia
1664 4034 1717 4088 in
1749 4033 1878 4101 ipsis

292 4159 384 4206 est
410 4143 763 4202 testimonium
808 4138 1003 4202 Israel;
1036 4135 1101 4189 ad
1133 4133 1236 4188 hoc
1262 4128 1578 4194 ascendunt,
1608 4126 1676 4180 ad
1715 4125 1878 4194 con/i—

293 4239 503 4294 tendum
530 4234 718 4288 nomini
748 4241 854 4298 tuo,
884 4227 1116 4282 Domine.

371 4330 424 4384 9.
455 4328 602 4402 (vers.
634 4323 712 4396 5.]
743 4321 993 4390 Quoniam
1022 4318 1088 4370 ibi
1112 4315 1343 4370 sederunt
1372 4313 1512 4366 sedes
1541 4311 1590 4363 in
1604 4308 1878 4380 judicium.

293 4400 488 4479 Mirum
535 4417 788 4486 aenigma,
835 4413 965 4466 mira
996 4407 1250 4478 quaestio,
1295 4405 1338 4457 si
1385 4418 1489 4457 non
1542 4400 1880 4468 intelligatur.

293 4513 471 4570 Sedes
498 4511 658 4575 dicit,
702 4519 834 4576 quos
865 4502 1033 4559 Graeci
1075 4500 1294 4552 thronos
1323 4495 1607 4564 appellant.
1637 4491 1883 4545 Tltrouos

294 4603 471 4661 Cra-ci
516 4601 675 4656 sellas
729 4598 942 4659 dicunt,
994 4601 1240 4660 tanquam
1296 4585 1652 4639 honorabiles.
1704 4582 1880 4651 Ergo,

299 4699 491 4753 fratres
539 4695 677 4759 mei,
723 4706 826 4742 non
875 4693 958 4741 est
987 4684 1178 4737 mirum
1212 4680 1255 4735 si
1287 4678 1508 4733 sedeant
1551 4675 1791 4730 homines
1833 4674 1885 4728 in

294 4787 537 4851 sedibus,
569 4786 622 4837 in
653 4782 800 4836 sellis
829 4797 841 4831 :
872 4788 928 4831 ut
951 4784 1126 4829 autem
1157 4773 1282 4840 ipsa:
1311 4768 1466 4824 sedes
1492 4766 1730 4830 sedeant,
1751 4780 1885 4834 quo-

297 4877 462 4934 modo
484 4889 769 4947 possumus
793 4864 1120 4936 intelligere?
1146 4863 1418 4930 Tanquam
1439 4859 1482 4913 si
1506 4858 1649 4912 dicat
1667 4856 1884 4927 aliquis:

294 4946 534 5027 Sedeant
561 4966 647 5022 hic
675 4960 961 5024 cathedrae,
990 4964 1081 5011 aut
1110 4955 1329 5009 sedeant
1356 4951 1440 5005 hic
1469 4951 1634 5004 sellae.
1667 4947 1723 5000 In
1753 4946 1888 5001 sella

292 5062 544 5125 sedetur,
590 5059 644 5112 in
695 5056 908 5110 sedibus
952 5050 1187 5108 sedetur,
1234 5047 1286 5100 in
1331 5043 1596 5096 cathedris
1639 5039 1886 5103 sedetur;

296 5171 408 5208 non
444 5153 574 5220 ipsa:
602 5147 757 5202 sedes
781 5144 984 5198 sedent.
1023 5138 1155 5207 Quid
1185 5143 1268 5190 est
1296 5149 1424 5203 ergo
1467 5134 1564 5186 hoc
1587 5174 1600 5195 ,
1638 5129 1892 5196 Quoniam

295 5248 368 5301 ibi
408 5244 646 5299 sederunt
674 5239 814 5293 sedes
841 5238 893 5288 in
912 5231 1205 5307 judicium?
1246 5229 1399 5283 Certe
1442 5225 1626 5279 soletis
1671 5221 1886 5286 audire,

303 5341 416 5391 Deo
437 5337 668 5398 dicente,
693 5330 882 5386 Cadunt
909 5326 1029 5379 mihi
1059 5325 1267 5376 thronus
1293 5329 1396 5383 est;
1427 5329 1558 5372 terra
1587 5323 1751 5369 autem
1775 5330 1891 5366 scu-

371 5494 386 5522 ¹
416 5498 492 5540 Er.
517 5487 664 5551 Lugd.
689 5489 861 5533 Venet.
881 5489 1008 5540 I.ov.,
1033 5478 1075 5528 si
1107 5476 1348 5551 diceretur
1365 5471 1439 5551 ei;
1490 5543 1501 5551 _
1526 5479 1582 5519 Μ.
1621 5532 1632 5551 Ι
1750 5530 1758 5540 _

319 5555 392 5654 cs:
415 5532 796 5601 Eiitioatantum
838 5551 975 5601 Lov.,
995 5532 1106 5590 'non
1140 5537 1341 5601 pertinet
1372 5535 1439 5585 ad
1484 5532 1632 5584 Israel
1676 5532 1758 5596 qui
1802 5544 1895 5580 non

397 5646 410 5654 .
435 5625 530 5654 ηυξ-

385 5625 391 5651 ι

385 5625 618 5728 3’
636 5679 709 5719 Fr.
737 5677 789 5718 et
812 5676 913 5717 Mss.
945 5673 997 5713 Αι
1019 5672 1146 5730 l._ov.,
1172 5660 1252 5723 qui
1276 5666 1426 5710 erant.

379 5739 511 5787 ‘Sex
535 5743 662 5795 uss,
691 5733 816 5797 quod
836 5743 925 5780 non
947 5734 1015 5778 Cet
1033 5739 1150 5787 ipse.

1369 280 1761 337 ENAIIRATIO
1788 280 1852 336 IN
1890 283 2212 338 PSALMUM
2241 283 2427 339 CXXI.

3367 285 3502 340 1626

1923 399 2102 452 bellum
2132 400 2314 467 pedum
2347 413 2569 450 meorum
2609 396 2761 461 (Isai.
2798 413 2938 459 wa,
2982 397 3058 468 i.)
3100 397 3287 451 Latine
3327 406 3502 450 autem

1926 499 2093 544 totum
2121 491 2198 544 sic
2220 490 2428 555 dicitur,
2462 489 2649 542 (Italum
2677 489 2799 541 mihi
2823 488 2964 542 sedes
2990 498 3080 542 est.
3112 488 3210 555 Qui
3238 498 3358 542 sunt
3385 490 3468 543 isti
3488 531 3505 554 ,

1927 583 2026 636 nisi
2049 581 2212 652 justi?
2247 582 2334 650 qui
2362 589 2486 635 sunt
2514 580 2664 642 cmli,
2699 581 2795 633 nisi
2820 579 2983 647 justi?
3018 579 3117 644 Qui
3145 580 3335 634 coelum
3359 624 3372 644 ,
3405 581 3504 648 ipsi

1926 673 2048 727 caeli
2081 691 2095 727 :
2123 673 2243 742 quia
2285 688 2402 742 quae
2451 671 2720 734 Ecclesia,
2762 670 2890 738 ipsa:
2936 669 3213 733 Ecclesize;
3261 671 3339 723 sic
3384 680 3511 723 sunt

1933 765 2145 827 multae,
2193 772 2249 817 ut
2279 778 2380 816 una
2410 763 2514 815 sit:
2540 763 2618 814 sic
2659 777 2788 831 ergo
2826 769 2880 814 et
2910 761 3073 829 justi;
3121 761 3188 814 ita
3224 769 3348 815 sunt
3382 761 3513 829 justi

1933 857 2148 920 caelum,
2183 865 2238 907 ut
2266 854 2386 907 cadi
2416 855 2541 906 sint.
2566 854 2622 906 In
2651 853 2778 920 ipsis
2803 861 2976 905 autem
3003 851 3152 905 sedet
3180 852 3336 912 Deus,
3369 861 3423 904 et
3444 852 3513 904 de

1934 945 2062 1014 ipsis
2086 944 2292 1014 judicat
2313 944 2471 997 Deus.
2496 944 2679 996 Etnon
2712 942 2825 996 sine
2853 956 3011 996 causa
3040 941 3236 995 dictum
3267 950 3366 1006 est,
3394 940 3516 993 C(eli

1937 1047 2171 1092 enarrant
2196 1036 2411 1107 gloriam
2432 1035 2540 1088 Dei.
2563 1034 2801 1102 Apostoli
2823 1034 2964 1087 enim
2993 1033 3112 1087 facti
3143 1042 3265 1086 sunt
3295 1032 3512 1086 cmlum.

1939 1112 2090 1182 Unde
2132 1126 2252 1180 facti
2293 1135 2416 1178 sunt
2457 1124 2687 1178 cmlnm?
2731 1123 2862 1190 Quia
2905 1123 3194 1191 justifieati.
3242 1122 3521 1189 Quomodo

1941 1227 2186 1287 peccator
2214 1216 2382 1270 factus
2411 1226 2492 1269 est
2523 1227 2682 1277 terra,
2714 1215 2794 1268 cui
2828 1214 3024 1268 dictum
3057 1223 3156 1273 est,
3189 1213 3348 1266 Terra
3376 1231 3447 1278 es,
3476 1223 3523 1266 et

1942 1311 1993 1362 in
2037 1319 2221 1361 terram
2248 1307 2342 1360 ibis
2373 1304 2522 1376 (Gen.
2557 1321 2609 1358 Ill
2634 1347 2645 1364 ,
2683 1306 2804 1373 i9);
2849 1305 2926 1357 sic
2948 1304 3218 1370 justificali
3253 1304 3370 1356 farti
3403 1315 3526 1358 sunt

1943 1401 2157 1454 omium.
2193 1399 2543 1452 Portavernnt
2572 1397 2755 1457 Deum,
2785 1403 2840 1449 et
2867 1394 2933 1448 de
2960 1394 3086 1462 ipsis
3110 1395 3248 1447 Deus
3277 1408 3526 1447 corusca-

1927 1488 2036 1548 'bat
2063 1493 2335 1556 miracula,
2360 1490 2572 1544 tonabat
2599 1500 2844 1553 terrores,
2873 1489 3089 1557 pluebat
3109 1486 3524 1540 consolationes.

1952 1585 2115 1639 Erant
2142 1599 2268 1650 ergo
2288 1625 2302 1649 ,
2331 1592 2482 1635 erant
2509 1581 2580 1632 illi
2607 1579 2800 1634 corium
2827 1621 2839 1640 ,
2882 1588 2935 1632 et
2964 1577 3282 1632 cnarrabant
3305 1577 3526 1645 gloriam

1951 1679 2064 1732 Dei.
2100 1677 2230 1730 Nam
2259 1685 2317 1729 ut
2347 1673 2598 1729 noveritis
2628 1675 2771 1741 ipsos
2796 1671 2964 1725 dictos
2994 1672 3186 1724 ccelum
3208 1713 3222 1735 ,
3265 1671 3332 1724 ibi
3375 1671 3447 1722 ait
3477 1671 3528 1722 in

1953 1771 2068 1838 ipso
2096 1768 2299 1837 psalmo
2326 1784 2339 1818 :
2363 1765 2430 1818 In
2455 1781 2650 1818 omnem
2679 1773 2863 1815 terram
2892 1762 3039 1815 exivit
3068 1778 3220 1814 sonus
3250 1777 3418 1813 eorum
3438 1801 3452 1826 ,
3484 1769 3532 1813 et

1952 1864 2004 1916 in
2043 1863 2168 1930 ﬁnes
2209 1861 2341 1914 orbis
2371 1868 2516 1912 terrce
2543 1856 2689 1910 verba
2716 1871 2887 1909 eorum
2936 1851 3106 1923 (Psal.
3149 1868 3310 1916 xvnt,
3353 1851 3409 1917 Ξ,
3452 1851 3532 1920 5).

1954 1953 2178 2019 Quaeris,
2210 1966 2468 2021 quorum;
2499 1961 2555 2004 et
2583 1946 2842 2010 invenies,
2875 1945 3151 2000 canorum.
3184 1943 3236 1998 Si
3268 1959 3394 2012 ergo
3420 1958 3532 1999 rte-

1957 2043 2065 2096 lum
2092 2041 2246 2095 sedes
2284 2040 2413 2104 Dei,
2446 2038 2683 2107 Apostoli
2713 2045 2890 2090 autem
2927 2035 3158 2098 coelum;
3199 2041 3252 2088 et
3282 2034 3380 2104 ipsi
3413 2033 3535 2086 facti

1958 2140 2083 2187 sunt
2115 2131 2269 2187 sedes
2296 2130 2410 2195 Dei,
2445 2130 2541 2198 ipsi
2566 2136 2691 2183 sunt
2713 2127 2934 2181 thronus
2961 2125 3072 2180 Dei.
3105 2125 3308 2177 Dictum
3331 2133 3412 2178 est
3436 2125 3539 2178 alio

1960 2224 2080 2278 loco
2104 2239 2116 2274 :
2140 2221 2323 2274 Anima
2342 2221 2492 2291 justi,
2527 2219 2736 2272 thronus
2772 2217 3051 2288 sapientiai.
3084 2215 3268 2285 Magna
3294 2230 3400 2280 res,
3431 2230 3540 2269 ma-

1961 2331 2061 2384 gna
2093 2328 2180 2368 res
2205 2313 2344 2366 dicta
2374 2319 2487 2366 est:
2512 2310 2742 2363 Thronus
2771 2309 3032 2376 sapientia:
3069 2309 3238 2360 anima
3271 2306 3441 2376 justi;
3491 2306 3541 2360 id

1963 2413 2074 2468 est,
2105 2403 2155 2456 in
2187 2401 2361 2455 anima
2383 2399 2513 2469 justi
2549 2399 2700 2453 sedet
2740 2398 2996 2466 sapientia
3026 2407 3272 2465 tanquam
3323 2396 3377 2449 in
3413 2396 3542 2454 sella

1964 2511 2079 2557 sua,
2115 2505 2360 2563 tanquam
2388 2493 2438 2546 in
2467 2496 2659 2545 throno
2688 2505 2806 2554 suo,
2838 2499 2890 2543 et
2917 2488 3040 2543 inde
3059 2488 3262 2557 judicat
3286 2487 3542 2556 quidquid

1962 2587 2182 2654 judicat.
2212 2585 2354 2654 Ergo
2397 2593 2546 2638 erant
2593 2582 2766 2635 throni
2817 2580 3126 2648 sapientiae,
3170 2586 3224 2631 ct
3269 2577 3386 2632 ideo
3415 2576 3546 2635 dixit

1970 2678 2070 2731 illis
2101 2676 2389 2730 Dominus:
2418 2672 2664 2727 Sedebitis
2691 2687 2840 2741 super
2859 2669 3121 2722 duodecim
3151 2667 3376 2732 thronos,
3403 2667 3548 2736 indi.

1969 2774 2138 2818 cantes
2161 2764 2426 2818 duodecim
2455 2763 2613 2815 tribus
2640 2759 2801 2814 Israel
2836 2757 3046 2829 (Matth.
3079 2773 3192 2821 XIX,
3232 2755 3346 2827 28).
3379 2755 3466 2812 Sic
3495 2768 3547 2814 et

1971 2856 2068 2925 ipsi
2117 2855 2378 2909 sedebant
2420 2869 2580 2922 super
2623 2850 2903 2906 duadecim
2946 2848 3134 2910 sedes,
3186 2857 3241 2901 et
3283 2847 3383 2917 ipsi
3427 2855 3550 2901 sunt

1970 2947 2125 3001 sedes
2157 2945 2248 2999 Dei
2276 2963 2288 2998 :
2312 2945 2378 2998 de
2419 2944 2520 2997 illis
2557 2942 2750 3010 quippe
2778 2940 2976 2994 dictum
3008 2947 3109 3004 est,
3141 2937 3222 2990 Ibi
3251 2938 3381 2990 enim
3407 2937 3551 2991 sede-

1973 3047 2088 3090 runt
2112 3036 2272 3090 sedes.
2301 3034 2550 3100 Quoniam
2577 3032 2643 3085 ibi
2664 3031 2932 3086 sederunt‘
2955 3030 3115 3083 sedes.
3138 3030 3235 3094 Qui
3265 3027 3552 3082 sederunt?

1975 3127 2153 3183 Sedes.
2183 3127 2241 3180 Et
2268 3126 2356 3195 qui
2375 3135 2499 3178 sunt
2519 3123 2710 3178 sedes?
2733 3123 2806 3177 De
2823 3121 3012 3190 quibus
3033 3119 3228 3174 dictum
3247 3129 3348 3183 est,
3372 3118 3554 3170 Anima

1965 3219 2116 3290 justi,
2143 3218 2283 3272 sedes
2309 3216 2587 3284 sapientiae.
2625 3214 2723 3281 Qui
2754 3221 2878 3265 sunt
2905 3211 3095 3266 sedes?
3123 3210 3274 3265 Caeli.
3306 3207 3402 3274 Qui
3431 3215 3556 3262 sunt

1975 3311 2132 3365 cwli?
2174 3309 2398 3365 Caelum.
2430 3305 2583 3372 Quod
2614 3312 2696 3360 est
2722 3302 2951 3358 caelum?
2980 3301 3054 3355 De
3084 3315 3189 3370 quo
3217 3299 3346 3355 dicit
3373 3296 3556 3352 Domi-

1976 3419 2106 3463 nus,
2150 3401 2341 3456 Caelum
2380 3399 2504 3453 mihi
2545 3397 2686 3452 sedes
2714 3405 2804 3450 est.
2836 3395 2900 3449 Et
2930 3395 3027 3463 ipsi
3056 3393 3183 3463 justi
3211 3401 3334 3448 sunt
3371 3390 3556 3457 sedes,

1977 3502 2031 3548 et
2060 3493 2256 3548 habent
2280 3491 2468 3556 sedes;
2502 3498 2556 3544 et
2583 3489 2633 3542 in
2664 3487 2746 3540 illa
2774 3485 3068 3540 Jerusalem
3097 3483 3358 3539 sedebant
3380 3480 3556 3536 sedes.

1979 3583 2058 3638 Ad
2087 3599 2246 3653 quam
2290 3582 2441 3637 rem?
2469 3578 2535 3632 In
2567 3578 2841 3648 judicium.
2881 3574 3150 3638 Sedebitis,
3184 3573 3384 3641 inquit,
3413 3583 3556 3639 super

1979 3675 2242 3728 duodecim
2276 3673 2444 3736 sedes,
2476 3685 2508 3724 0
2533 3683 2630 3722 vos
2656 3666 2830 3729 sedes,
2849 3665 3140 3734 judicantes
3171 3662 3434 3715 duodecim
3460 3661 3555 3712 tri-

1979 3766 2070 3819 bus
2100 3763 2282 3817 Israel.
2311 3761 2455 3827 Quos
2480 3755 2812 3827 judicantes?
2858 3752 2996 3807 Infra
3027 3753 3114 3821 qui
3145 3759 3269 3804 sunt
3307 3751 3358 3804 in
3397 3759 3558 3804 terra.

1981 3858 2082 3925 Qui
2109 3851 2460 3925 judicabunt?
2487 3850 2585 3917 Qui
2617 3848 2736 3903 facti
2764 3853 2888 3901 sunt
2916 3845 3132 3900 coelum.
3162 3843 3241 3897 Illi
3267 3842 3444 3896 autem
3470 3841 3560 3910 qui

1979 3949 2373 4020 iudicabuntur,
2403 3943 2453 3996 in
2470 3942 2603 3996 duas
2620 3948 2798 4010 partes
2815 3936 3117 3992 dividentur
3137 3950 3150 4000 ;
3175 3948 3274 3987 una
3293 3933 3359 3986 ad
3381 3932 3560 3986 dexte.

1983 4055 2118 4102 ram,
2150 4039 2315 4092 altera
2341 4035 2408 4090 ad
2429 4033 2698 4088 sinistram
2725 4030 2845 4085 erit.
2871 4027 3186 4083 Judicabunt
3209 4040 3329 4080 cum
3350 4022 3565 4078 Christo

1984 4130 2174 4186 sancti.
2212 4127 2381 4183 Veniet
2403 4126 2542 4181 enim
2572 4124 2625 4176 in
2641 4122 2896 4192 judicium
2925 4135 3038 4172 cum
3061 4116 3338 4172 senioribus
3365 4115 3564 4185 pOpuli,

1985 4224 2058 4276 ait
2088 4221 2246 4275 Isaias
2277 4217 2426 4290 (Isai.
2466 4231 2522 4272 tn
2549 4259 2564 4281 ,
2598 4212 2708 4285 14).
2738 4213 2841 4267 Alii
2879 4219 3003 4267 sunt
3045 4224 3172 4280 ergo
3200 4209 3286 4278 qui
3323 4223 3442 4262 eum
3473 4207 3568 4260 illo

1982 4315 2325 4387 judicabant;
2369 4311 2456 4364 alii
2485 4309 2573 4379 qui
2601 4309 2667 4362 ab
2707 4307 2794 4361 illo
2834 4303 3245 4374 judicabuntur,
3277 4310 3332 4356 et
3367 4299 3434 4354 ab
3464 4298 3568 4353 illis

1987 4408 2077 4478 qui
2120 4423 2238 4462 cum
2271 4421 2336 4459 eo
2373 4401 2706 4474 judicabunt.
2744 4398 3053 4454 Dividentur
3077 4410 3204 4466 ergo
3244 4395 3327 4449 isti
3360 4395 3411 4448 in
3439 4393 3570 4448 duas

1992 4507 2170 4567 partes
2196 4514 2207 4549 :
2236 4511 2336 4548 una
2372 4501 2596 4562 ponetur
2625 4490 2690 4544 ad
2727 4489 3000 4543 dexteram
3023 4527 3036 4551 ,
3067 4485 3150 4541 cui
3175 4482 3571 4539 enumerabun-

1991 4599 2076 4644 tur
2118 4590 2473 4658 eleemosynze
2515 4598 2647 4654 quas
2693 4581 2966 4646 fecerunt;
3013 4577 3113 4632 alia
3148 4585 3372 4646 ponetur
3399 4573 3465 4628 ad
3493 4574 3573 4628 si-

1993 4684 2210 4737 nistram
2237 4722 2251 4746 ,
2297 4681 2379 4735 cui
2420 4674 2816 4732 emunerabitnr
2857 4670 3176 4729 crudelitas,
3221 4675 3276 4721 et
3317 4665 3574 4720 sterilitas

1995 4772 2396 4829 misericordiae.
2415 4771 2478 4824 Et
2503 4769 2604 4822 illis
2626 4767 2689 4820 ad
2720 4766 2994 4820 dexteram
3018 4759 3320 4815 constitutis
3346 4758 3571 4821 dicetur,

2004 4867 2206 4929 Venite,
2257 4862 2498 4918 benedicti
2545 4860 2717 4912 Patris
2758 4858 2888 4921 mei,
2932 4854 3170 4924 percipite
3208 4867 3417 4922 regnum
3444 4849 3576 4918 quod

1995 4958 2130 5011 vobis
2158 4966 2388 5025 paratum
2424 4963 2495 5006 est
2537 4951 2600 5002 ab
2642 4948 2833 5018 origine
2862 4946 3056 4999 mundi.
3096 4943 3307 5011 Quare?
3337 4939 3576 5004 Esurivi,

1997 5049 2186 5117 inquit,
2214 5055 2260 5098 et
2290 5044 2497 5097 dedistis
2530 5040 2651 5093 nuhi
2687 5036 3013 5090 manducare.
3051 5035 3117 5087 Et
3148 5034 3220 5087 illi
3250 5050 3263 5086 :
3290 5029 3504 5095 Quando
3533 5039 3578 5080 te

1999 5139 2211 5192 vidimus
2238 5131 2572 5187 esurientem?
2611 5129 2676 5182 Et
2707 5127 2794 5181 ille
2818 5146 2830 5180 ;
2855 5125 2981 5180 Cum
3006 5125 3094 5178 uni
3122 5140 3183 5176 ea;
3211 5121 3427 5174 minimis
3459 5119 3578 5170 meis

1999 5231 2212 5301 fecistis,
2235 5227 2356 5280 mihi
2395 5224 2582 5296 fecistis
2613 5220 2824 5293 (Matth.
2854 5233 2957 5272 xxv
2978 5259 2993 5281 ,
3027 5217 3114 5280 5|,
3146 5214 3258 5281 £5).
3290 5213 3427 5279 Ergo
3455 5208 3580 5278 quid

2001 5333 2100 5388 est,
2135 5319 2362 5374 fratres?
2401 5315 2480 5369 Illi
2521 5313 2834 5384 judicahunt
2869 5310 2936 5363 de
2965 5309 3156 5376 quibus
3186 5305 3382 5358 dictum
3419 5309 3581 5366 estut

2005 5418 2131 5470 fiant
2156 5412 2312 5468 amici
2340 5410 2404 5464 de
2434 5422 2735 5462 mammona
2766 5401 3093 5472 iniquitatis;
3118 5408 3171 5450 ut
3193 5397 3368 5466 etipsi,
3391 5394 3581 5465 inquit,

2004 5505 2244 5575 recipiant
2287 5517 2372 5553 vos
2419 5500 2472 5552 in
2518 5506 2705 5550 wtcrna
2755 5490 3074 5547 tabernacula
3123 5487 3274 5556 (Luc.
3328 5501 3451 5549 xvi,
3503 5483 3582 5554 9)ε

2003 5597 2178 5654 Sancti
2211 5593 2470 5650 sedcbunt
2504 5605 2623 5645 cum
2669 5586 2894 5642 Domino
2929 5581 3202 5637 attendere
3231 5578 3319 5650 qui
3349 5577 3588 5648 fecerunt

2073 5712 2084 5741 ¹
2115 5717 2209 5758 ttoc
2227 5705 2331 5757 loco
2355 5712 2478 5764 διεδ,
2510 5698 2754 5753 sedebant.
