4032 6202
550 272 573 328 ι
584 271 684 327 627

545 384 966 442 misericordiam
983 424 997 451 ,
1024 392 1079 439 et
1105 392 1376 439 assument
1405 384 1524 439 illos
1550 393 1825 453 separatos
1856 384 1909 437 in
1937 382 2123 436 dexte-

546 492 657 529 ram
689 476 742 529 in
780 490 999 545 regnum
1025 473 1281 530 caelorum
1306 492 1319 527 :
1344 484 1397 530 et
1423 475 1534 544 ipsa
1565 483 1648 531 est
1673 489 1775 544 pax
1800 474 2117 529 Jerusalem.

543 567 672 635 Qum
696 575 779 623 est
807 582 908 636 pax
947 566 1275 622 Jerusalem?
1306 566 1375 622 Ut
1403 580 1566 636 opera
1592 564 1973 621 misericordia:
1998 580 2119 620 cor-

544 657 742 724 poralia
778 655 1065 725 jungantur
1110 656 1361 725 operibus
1401 655 1790 724 prtedicationis
1827 655 2119 724 spirituali-

542 745 640 798 bus
661 785 676 809 ,
719 752 774 798 et
799 745 890 798 fiat
915 760 1015 815 pax
1043 745 1217 800 dando
1242 756 1295 800 et
1319 745 1646 815 accipiendo.
1687 747 1776 800 Ait
1802 746 1944 801 enim
1970 746 2117 815 Apo-

541 834 746 899 stolus,
780 835 868 903 qui
909 836 1168 890 rationem
1195 836 1304 890 dati
1349 844 1404 889 et
1446 836 1649 903 accepti
1679 835 1812 890 dixit
1840 849 1960 889 esse
1988 835 2117 888 istas

539 923 909 995 eleemosynas
940 924 1195 996 (Philipp.
1229 941 1300 992 tv,
1334 924 1458 996 l5);
1491 926 1564 980 ait
1590 940 1739 996 ergo,
1769 924 1832 980 Si
1860 941 1951 979 nos
1980 924 2116 978 vobis

536 1013 823 1078 spiritualia
843 1014 1217 1079 seminavimus,
1247 1032 1486 1085 magnum
1514 1023 1584 1069 est
1621 1016 1664 1069 si
1694 1024 1858 1069 vestra
1884 1015 2114 1115 carnalia

537 1111 781 1156 metamus
810 1102 852 1168 (l
885 1102 1002 1157 Cor.
1030 1120 1107 1170 ix,
1142 1104 1271 1173 ll)?
1300 1105 1366 1158 Et
1394 1104 1460 1160 de
1503 1105 1614 1173 ipsa
1643 1119 1703 1158 re
1728 1105 1800 1158 ait
1828 1104 1934 1158 alio
1970 1102 2108 1168 loco,

540 1190 643 1256 Qui
666 1191 877 1244 multant
898 1233 912 1258 ,
944 1209 1045 1246 non
1070 1194 1372 1256 abundavit;
1398 1202 1443 1246 et
1470 1195 1557 1263 qui
1584 1193 1855 1257 modicum,
1888 1210 1988 1248 non
2019 1194 2112 1246 de-

540 1280 634 1349 fuit
683 1280 778 1333 illi.
820 1279 1019 1349 Quare,
1058 1282 1157 1346 Qui
1198 1284 1427 1349 multum,
1478 1300 1579 1337 non
1620 1284 1930 1338 abundavit?
1978 1284 2111 1351 Quia

534 1369 673 1438 quod
700 1372 818 1440 plus
845 1372 1065 1425 habebat
1091 1412 1107 1438 ,
1149 1372 1295 1427 dedit
1323 1373 1599 1442 indigenti.
1631 1374 1695 1428 Et
1721 1375 1846 1444 quid
1873 1384 1974 1441 est,
2012 1375 2112 1441 Qui

536 1460 810 1524 modicum,
852 1478 952 1515 non
997 1462 1158 1533 defuit
1205 1463 1330 1516 illi?
1372 1463 1503 1530 Quia
1545 1464 1749 1533 accepit
1789 1464 1857 1520 ab
1902 1465 1992 1519 illo
2019 1466 2108 1534 qui

532 1551 837 1618 abundavit,
871 1562 923 1606 ut
961 1555 1069 1622 ﬁat,
1101 1554 1289 1625 inquit,
1318 1556 1580 1626 aequalitas
1609 1556 1688 1628 (ll
1709 1556 1825 1611 Cor.
1853 1573 1972 1621 vnt,
2006 1558 2104 1623 l5,

536 1640 647 1711 14).
674 1641 786 1711 Ipsa
809 1652 888 1698 est
906 1658 1003 1712 pax
1024 1644 1091 1699 de
1112 1660 1214 1714 qua
1235 1646 1447 1712 dicitur,
1477 1646 1597 1700 Fiat
1612 1664 1713 1717 pax
1731 1648 1782 1701 in
1802 1649 1979 1703 virtute
1998 1657 2103 1702 tua.

604 1731 691 1785 lO.
722 1732 870 1804 [vers.
901 1733 979 1807 6.]
1017 1735 1255 1806 Namque
1295 1753 1416 1793 cum
1461 1738 1713 1804 dixisset,
1759 1740 2012 1804 Quoniam
2037 1740 2106 1793 ibi

528 1820 761 1876 sederunt
786 1824 925 1878 sedes
954 1827 1005 1878 in
1021 1826 1305 1896 judicium,
1334 1828 1475 1883 sedes
1500 1845 1650 1899 super
1674 1829 1879 1882 domum
1914 1829 2100 1893 David,

529 1912 581 1966 id
608 1921 719 1977 est,
760 1929 920 1985 super
948 1916 1198 1972 familiam
1226 1919 1455 1985 Christi,
1487 1921 1571 1976 cui
1600 1921 1860 1976 dederunt
1885 1921 1938 1975 in
1969 1931 2104 1978 tem-

527 2018 658 2070 pore
683 2005 912 2072 cibaria;
955 2009 1131 2063 statim
1173 2017 1421 2080 tanquam
1463 2012 1590 2081 ipsis
1633 2012 1848 2067 sedibus
1874 2015 1978 2078 ait,
2004 2013 2102 2069 In-

528 2100 774 2163 terrogate
798 2112 909 2165 quae
934 2098 1003 2150 ad
1029 2115 1201 2169 pacem
1225 2110 1343 2154 sunt
1378 2101 1679 2157 Jerusalem.
1709 2101 1754 2158 Ο
1781 2118 1875 2159 vos
1899 2104 2057 2160 sedes
2080 2145 2095 2170 ,

526 2183 614 2251 qui
638 2185 744 2254 jam
772 2187 966 2242 sedetis
1009 2180 1067 2244 ut
1091 2189 1368 2258 judicetis,
1411 2202 1467 2247 et
1490 2194 1613 2248 facti
1643 2195 1774 2249 estis
1803 2195 1958 2250 sedes
1988 2196 2097 2250 Do-

529 2274 654 2326 mini
682 2275 966 2343 judicantis
993 2280 1261 2350 (quoniam
1301 2284 1389 2352 qui
1424 2283 1701 2352 judicant,
1731 2286 2095 2357 interrogant;

526 2363 614 2433 qui
648 2364 980 2434 judicantur,
1014 2369 1458 2444 interrogantur),
1500 2372 1845 2446 Interrogate,
1889 2377 2093 2446 inquit,

521 2470 634 2521 qua:
678 2465 794 2510 sunt
835 2458 904 2511 ad
946 2477 1118 2530 pacem
1181 2461 1491 2522 Jerusalem.
1537 2463 1916 2536 Interrogando
1971 2467 2095 2535 quid

524 2544 835 2601 invenient?
878 2549 1025 2604 Alios
1075 2550 1264 2607 fecisse
1315 2553 1753 2621 misericordiam,
1805 2557 1938 2611 alios
1986 2571 2092 2611 non

520 2634 729 2690 fecisse.
756 2636 901 2702 Quos
936 2638 1207 2696 invenient
1246 2643 1434 2699 fecisse
1470 2644 1914 2711 misericordiam,
1948 2646 2093 2716 ipsos

518 2724 782 2780 vocabunt
817 2727 882 2781 ad
910 2727 1239 2796 Jerusalem;
1273 2733 1391 2802 quia
1422 2732 1530 2804 ipsa
1558 2744 1674 2789 sunt
1703 2735 1771 2789 ad
1799 2752 1973 2806 pacem
1999 2737 2093 2791 Je-

517 2814 758 2867 rusalem.
808 2815 1028 2872 Dilectio
1073 2820 1225 2876 fortis
1266 2838 1374 2889 res,
1416 2823 1644 2891 fratres;
1697 2826 1910 2882 dilectio
1939 2828 2091 2884 fortis

517 2916 625 2958 res.
660 2903 830 2961 Vultis
857 2907 1036 2963 videre
1075 2926 1233 2980 quam
1276 2913 1345 2967 sit
1387 2911 1539 2968 fortis
1565 2914 1819 2971 dilectio?
1844 2917 2092 2990 Quisquis

516 3010 613 3062 per
639 2997 867 3067 aliquam
896 3003 1265 3079 necessitatem
1296 3020 1401 3059 non
1441 3008 1674 3076 potuerit
1701 3010 1922 3080 implere
1948 3012 2090 3082 quod

510 3085 661 3155 jubet
691 3089 851 3158 Deus,
881 3104 1022 3148 amet
1051 3094 1197 3150 illntn
1228 3098 1317 3167 qui
1349 3098 1567 3167 implet,
1598 3101 1730 3156 etin
1761 3103 1853 3158 illo
1884 3104 2086 3174 implet.

513 3175 756 3235 lntendat
781 3182 1025 3239 Charitas
1045 3194 1242 3241 vestra.
1268 3188 1423 3244 Verbi
1446 3192 1636 3260 gratia,
1658 3210 1878 3249 uxorem
1906 3196 2086 3264 habet,

512 3282 670 3337 quam
714 3271 980 3328 dimittere
1016 3291 1121 3330 non
1160 3288 1366 3347 potest;
1412 3292 1624 3350 oportet
1665 3294 1721 3338 ut
1758 3285 2089 3357 obtemperet

511 3362 766 3428 Apostolo
794 3363 1018 3427 dicenti,
1063 3366 1224 3422 Uxori
1248 3371 1322 3423 vir
1345 3371 1565 3426 debitum
1606 3376 1820 3444 reddat,-
1847 3387 1919 3444 et,
1961 3380 2090 3434 Alli-

508 3460 657 3520 gatus
713 3469 765 3508 es
813 3457 1002 3510 uxori?
1044 3475 1107 3513 ne
1147 3461 1400 3529 quwsicris
1450 3466 1767 3522 solutionem.
1825 3469 1982 3525 Venit
2034 3471 2087 3526 in

512 3551 742 3598 mentem
785 3546 903 3615 quia
953 3548 1140 3604 melior
1181 3562 1263 3607 est
1303 3552 1389 3608 illa
1431 3555 1536 3609 vita
1565 3556 1631 3612 de
1659 3573 1761 3628 qua
1792 3559 1919 3615 dicit
1946 3562 2086 3619 idem

510 3635 805 3702 apostolus,
838 3636 1026 3693 Vellem
1049 3656 1217 3697 omnes
1245 3660 1349 3698 esse
1366 3646 1491 3700 sicut
1513 3648 1757 3717 meipsum
1779 3650 1825 3718 (l
1843 3651 1959 3706 Cor.
1986 3669 2080 3723 vn,

508 3725 562 3789 5,
590 3725 680 3790 27,
705 3727 777 3798 7).
800 3729 1037 3785 Attendit
1064 3747 1156 3788 eos
1181 3735 1269 3804 qui
1300 3735 1400 3792 hoc
1429 3737 1695 3805 fecerunt;
1725 3751 1869 3797 amat
1890 3758 2001 3809 cos,
2032 3754 2087 3802 et

510 3814 562 3868 in
604 3815 734 3885 ipsis
763 3817 947 3889 implet
972 3821 1111 3890 quod
1143 3823 1195 3877 in
1220 3839 1277 3879 se
1306 3841 1409 3881 non
1440 3839 1629 3897 potest.
1673 3830 1849 3888 Fortis
1893 3849 1978 3890 res
2006 3843 2086 3891 est

506 3904 738 3961 dilectio.
782 3906 897 3978 Ipsa
941 3920 1023 3965 est
1056 3912 1222 3967 virtus
1251 3924 1464 3984 nostra;
1503 3920 1622 3989 quia
1669 3921 1714 3977 si
1758 3922 1809 3977 in
1848 3924 1937 3979 illa
1979 3942 2083 3981 non

507 3994 781 4065 fuerimus,
829 3999 962 4054 nihil
1006 4002 1221 4072 prodest
1246 4006 1497 4077 quidquid
1536 4010 1675 4065 aliud
1717 4011 2078 4071 habuerimus.

506 4086 567 4141 Si
593 4086 780 4158 linguis
806 4089 1063 4146 hominum
1082 4094 1282 4165 loquar,
1305 4096 1435 4153 dicit
1457 4101 1764 4170 Apostolus,
1796 4115 1842 4159 et
1864 4105 2084 4178 Angelo—

504 4193 636 4244 rttm,
669 4180 960 4236 cltaritatem
998 4193 1164 4251 autem
1204 4204 1303 4242 non
1333 4188 1538 4244 habeam
1559 4232 1574 4255 ,
1609 4196 1770 4263 factus
1799 4213 1909 4250 sum
1937 4202 2084 4268 quasi

480 4281 827 4337 (atramentum
855 4288 1062 4340 sonans,
1106 4285 1190 4329 aut
1232 4279 1517 4348 cymbalum
1554 4284 1788 4339 tinniens.
1828 4286 2083 4359 Adjungit

503 4358 644 4411 aliud
667 4374 909 4430 magnum
937 4381 950 4416 :
980 4364 1128 4430 Quod
1148 4368 1191 4419 si
1216 4368 1509 4425 distribuere
1535 4389 1728 4428 omnem
1751 4358 2078 4434 substantiam

506 4464 687 4515 meam,
718 4462 763 4503 et
787 4453 831 4505 si
854 4454 1107 4509 tradidero
1137 4472 1318 4527 corpus
1342 4478 1503 4515 meum
1530 4474 1582 4517 ut
1608 4467 1832 4535 ardeam,
1859 4473 2079 4525 Charita-

504 4545 601 4591 lem
633 4549 798 4594 autem
828 4559 927 4596 non
956 4544 1179 4611 habeam,
1213 4550 1341 4603 nihil
1369 4554 1493 4605 mihi
1514 4557 1717 4621 prodest
1746 4559 1853 4629 (Id.
1881 4578 1992 4629 xttt,
2025 4564 2075 4629 l,

500 4626 579 4696 5).
611 4628 664 4684 Si
689 4639 864 4685 autem
890 4634 959 4688 sit
984 4635 1095 4690 sola
1121 4636 1370 4706 Charitas,
1404 4658 1520 4711 qua:
1547 4660 1652 4700 non
1678 4626 1910 4705 inveniat
1938 4653 2077 4722 quod

499 4720 779 4778 distribuat
811 4728 1164 4796 pauperibus,
1211 4731 1622 4803 diligatzsolum
1663 4740 1883 4795 calicem
1926 4720 2077 4814 aqua:

499 4809 706 4882 frigida:
734 4815 823 4870 det
849 4816 1056 4888 (Matth.
1086 4837 1149 4886 κ,
1183 4823 1306 4895 42);
1340 4834 1540 4882 tantum
1587 4830 1662 4884 illi
1692 4809 2072 4907 imputabitur,

498 4914 750 4972 quantum
792 4905 1046 4965 Zacchmo
1086 4913 1173 4982 qui
1217 4914 1491 4970 dimidium
1534 4922 1830 4987 patrimonii
1862 4905 2076 4984 donavit

498 4995 817 5064 pauperibus
843 4996 991 5067 (Luc.
1026 5017 1138 5068 XIX,
1170 5002 1246 5074 8).
1277 5005 1449 5072 Quare
1479 5007 1619 5065 hoc?
1646 5010 1735 5067 Ille
1764 5022 1868 5069 tam
1902 5020 2073 5073 modi-

495 5098 615 5137 cum
646 5084 807 5152 dedit,
843 5088 928 5143 ille
957 5098 1060 5144 tam
1092 5094 1310 5150 multum
1343 5096 1519 5167 dedit,
1551 5110 1605 5156 et
1632 5110 1832 5160 tantum
1866 5108 1939 5162 illi
1970 5110 2073 5164 im-

498 5176 809 5242 putabitur?
849 5180 1075 5236 Tantum
1113 5184 1285 5252 plane.
1332 5187 1505 5258 Impar
1527 5193 1666 5247 enim
1696 5194 1915 5255 facultas
1935 5241 1948 5265 ,
1979 5203 2071 5256 sed

496 5281 600 5319 non
632 5268 800 5336 impar
822 5269 1071 5326 Charitas.

570 5358 654 5412 ll.
698 5359 772 5413 Illi
800 5377 927 5432 ergo
972 5364 1326 5436 interrogant;
1373 5387 1467 5427 vos
1495 5376 1722 5444 cogitate
1762 5380 1886 5451 quid
1917 5384 2067 5438 estis.

493 5445 609 5501 Jam
640 5465 764 5506 cccc
789 5452 986 5508 dictum
1009 5465 1090 5511 est
1113 5459 1285 5526 nobis,
1318 5459 1383 5515 In
1408 5463 1610 5518 donmm
1638 5467 1841 5523 Domini
1866 5472 2065 5535 ibimus.

492 5536 769 5597 Jttcundati
810 5559 992 5600 sumus
1032 5559 1176 5627 certe
1220 5550 1271 5605 in
1306 5552 1386 5607 his
1408 5556 1496 5624 qui
1523 5556 1768 5614 dixerunt
1800 5563 1973 5630 nobis,
2003 5565 2066 5619 In

495 5627 697 5684 domum
728 5633 930 5690 Domini
958 5640 1152 5695 ibimus.
1185 5643 1363 5700 Videte
1393 5661 1517 5717 ergo
1538 5649 1580 5702 si
1611 5651 1764 5707 intus.
1793 5654 1904 5709 Non
1924 5658 2061 5711 cuitu

1742 269 1800 326 S.
1842 263 2207 324 AUGUSTINI
2246 266 2546 326 EPlSCOPl

3677 297 3815 356 16⁵28

2233 382 2454 451 pedibus
2490 388 2626 443 imus
2646 433 2660 454 ,
2701 392 2795 448 sed
2824 388 3115 454 affectibus.
3149 398 3336 458 Videte
3362 405 3406 459 si
3435 406 3608 475 imus;
3637 411 3815 469 inter-

2228 485 2379 544 roget
2407 492 2467 533 se
2494 484 2851 554 unusquisque
2881 499 3112 545 vestrum
3136 495 3307 563 qualis
3334 507 3417 553 est
3440 515 3564 571 erga
3599 518 3811 576 μηρο-

2225 581 2338 620 rem
2383 580 2648 637 sanctum,
2694 590 2818 646 erga
2868 580 3189 651 indigentem
3236 586 3489 658 fratrem,
3520 595 3694 663 qualis
3726 607 3815 654 est

2223 672 2348 728 erga
2377 659 2696 732 indigentem
2727 670 3065 727 mendicum:
3089 676 3319 731 videatsi
3337 680 3541 737 viscera
3559 687 3677 754 ejus
3700 704 3811 744 non

2222 758 2347 803 sunt
2373 764 2613 822 angusta.
2658 758 2791 825 Quia
2821 761 3150 835 interrogare
3178 777 3229 824 te
3258 768 3455 827 habent
3498 776 3655 831 sedes
3684 794 3811 848 qua:

2220 839 2479 897 sedebunt
2504 846 2553 898 in
2576 846 2855 919 judicium,
2879 863 2933 909 et
2957 856 3149 913 debent
3176 859 3415 918 invenire
3434 879 3552 934 qua:
3581 839 3718 922 sunt.
3737 869 3806 923 ad

2220 945 2403 999 pacem
2426 935 2741 996 Jerusalem.
2770 944 2836 997 Et
2860 950 3130 1018 quqmodo
3146 951 3507 1025 interrogant?
3522 958 3804 1030 Tanquam

2219 1024 2376 1079 sedes
2406 1027 2517 1083 Dei.
2549 1029 2687 1086 Deus
2714 1034 3019 1108 interrogat.
3050 1041 3105 1097 Si
3136 1044 3301 1099 Deum
3332 1024 3461 1103 latet
3492 1024 3714 1122 aliquid,
3745 1065 3805 1111 et

2217 1111 2334 1169 illas
2362 1116 2518 1174 sedes
2545 1120 2741 1191 aliquid
2768 1125 3151 1198 interrogantes
3180 1134 3358 1205 fugere
3389 1111 3594 1209 potest:
3618 1111 3801 1198 Inier-

2217 1216 2390 1276 rogate
2412 1225 2525 1279 ante
2545 1223 2662 1267 sunt
2689 1218 2759 1270 ad
2783 1236 2955 1288 pacem
2973 1223 3277 1282 Jerusalem.
3307 1230 3410 1286 Sed
3440 1251 3557 1302 qute
3579 1247 3707 1292 sunt
3727 1239 3797 1293 ad

2216 1312 2398 1365 pacem
2427 1301 2755 1363 Jerusalem?
2791 1308 2861 1365 Et
2879 1313 3206 1383 abundantia,
3251 1322 3438 1393 inquit,
3460 1301 3558 1382 his
3587 1332 3677 1399 qui
3716 1332 3800 1384 di—

2214 1386 2378 1457 ligunt
2429 1400 2494 1446 te.
2544 1395 2626 1449 Ad
2689 1399 2855 1467 ipsam
2913 1403 3207 1463 Jerusalem
3260 1386 3524 1470 convertit
3571 1386 3789 1475 vocem.

2212 1477 2546 1537 Abundantia
2587 1497 2669 1541 est
2717 1490 2821 1546 illis
2864 1495 2952 1563 qui
3001 1497 3227 1569 diligunt
3263 1518 3400 1559 eam.
3444 1507 3791 1568 Abundantia

2210 1582 2276 1622 ex
2318 1570 2528 1641 inopia:
2554 1575 2641 1631 hic
2698 1579 2900 1651 inopes,
2953 1585 3023 1641 ibi
3061 1591 3420 1664 abundantes;
3450 1598 3534 1655 hic
3564 1601 3788 1669 infirmi,

2210 1658 2465 1729 ibifirmi;
2499 1664 2591 1720 hic
2628 1673 2801 1741 egeni,
2844 1674 2915 1729 ibi
2950 1677 3163 1736 divites:
3208 1684 3355 1742 Unde
3398 1658 3518 1744 facti
3558 1658 3794 1750 divites?

2208 1750 2340 1817 Quia
2382 1753 2641 1813 dederunt
2671 1760 2757 1816 hic
2785 1766 2925 1835 quod
2966 1783 3285 1841 acceperunt
3313 1792 3343 1832 a
3388 1779 3498 1836 Deo
3540 1783 3607 1838 ad
3640 1794 3786 1841 tem-

2206 1934 2259 1988 in
2304 1944 2581 1995 aeternum.
2635 1944 2763 2012 llic,
2826 1948 3019 2007 fratres
3069 1957 3206 2023 mei,
3260 1968 3313 2013 et
3349 1961 3539 2020 divites
3581 1983 3787 2039 paupe-

2204 2042 2291 2081 res
2316 2038 2458 2084 sunt.
2497 2032 2699 2089 Bonum
2722 2047 2803 2093 est
2828 2039 2974 2097 diviti
3010 2055 3063 2098 ιιι
3099 2062 3348 2118 agnoscat
3385 2069 3444 2109 se
3469 2032 3784 2128 pauperem:

2204 2118 2246 2172 si
2276 2120 2417 2174 enim
2446 2124 2657 2191 plenum
2688 2142 2746 2184 se
2772 2139 2940 2200 putat,
2972 2143 3147 2192 tumor
3173 2151 3254 2195 est
3284 2143 3373 2200 ille
3393 2148 3431 2213 ί,
3464 2118 3593 2204 ιιοιι⁸
3612 2153 3787 2221 pleni-

2203 2212 2348 2266 tudo.
2371 2214 2640 2285 Agnoscat
2664 2237 2722 2277 se
2750 2225 2981 2303 inanem,
3000 2239 3053 2284 ut
3076 2237 3243 2302 possit
3270 2238 3493 2310 impleri.
3520 2212 3657 2313 Quid
3680 2249 3788 2306 ha-

2201 2302 2325 2358 bet?
2350 2307 2570 2364 Aurum.
2609 2312 2746 2380 Quid
2781 2302 3013 2376 nondum
3051 2324 3246 2383 habet?
3285 2302 3455 2388 Vitam
3496 2302 3782 2400 aeternam.

2201 2395 2455 2452 Attendat
2477 2402 2601 2471 quid
2624 2405 2833 2473 habeat,
2862 2420 2916 2466 et
2937 2414 3111 2471 videat
3130 2421 3256 2489 quid
3282 2439 3385 2478 non
3408 2426 3615 2485 habeat.

2200 2491 2328 2551 tres,
2357 2502 2421 2541 ex
2445 2504 2510 2544 eo
2536 2494 2675 2561 quod
2703 2495 2880 2567 habet,
2910 2502 3020 2570 det,
3054 2516 3111 2561 ut
3132 2512 3356 2580 accipiat
3383 2518 3521 2585 quod
3549 2509 3657 2576 non
3685 2523 3785 2577 ha-

2200 2575 2317 2675 bet;
2347 2591 2494 2637 emat
2520 2600 2584 2640 ex
2629 2603 2694 2643 eo
2723 2593 2863 2660 quod
2908 2594 3086 2667 habet,
3121 2575 3261 2657 illud
3275 2575 3418 2675 quod
3446 2625 3551 2667 non
3590 2575 3781 2673 habet.

2196 2667 2267 2723 Et
2290 2672 2600 2731 abundantia
2629 2679 2706 2735 his
2726 2685 2815 2754 qui
2833 2685 3053 2757 diligunt
3072 2699 3140 2747 te.

2272 2760 2360 2816 12.
2402 2762 2421 2834 [
2426 2781 2550 2820 vers.
2576 2768 2653 2841 7.]
2697 2770 2817 2827 Fiat
2833 2793 2937 2844 pax
2961 2781 3013 2834 in
3041 2781 3225 2840 virtute
3251 2797 3355 2843 tua.
3378 2790 3423 2846 Ο
3443 2792 3739 2854 Jerusalem
3762 2802 3783 2855 ἰ

2196 2864 2230 2904 o
2256 2852 2440 2909 civitas
2464 2874 2582 2926 qua:
2623 2862 2903 2921 mdificaris
2934 2878 2990 2923 ut
3031 2872 3234 2942 civitas,
3266 2883 3417 2949 cujus
3442 2887 3786 2959 participatio

2197 2947 2285 2995 tua
2312 2944 2362 2998 in
2394 2946 2640 3018 idipsum,
2674 2956 2766 3021 ﬁat
2794 2974 2897 3026 pax
2923 2961 2974 3013 in
3004 2964 3185 3021 virtute
3211 2944 3455 3037 tua,vliat'
3483 2991 3581 3045 pax
3608 2944 3660 3033 in
3694 2982 3790 3037 di-

2195 3032 2423 3092 lectione
2446 3049 2561 3106 tua;
2590 3044 2710 3113 quia
2740 3047 2906 3104 virtus
2950 3059 3059 3120 tua,
3087 3032 3311 3114 dilectio.
3332 3071 3438 3117 tua.
3469 3032 3601 3123 Audi
3633 3071 3789 3129 Can-

2195 3129 2295 3184 tica
2322 3133 2686 3193 canticorum:
2719 3138 2903 3196 Valida
2921 3155 2993 3199 est
3026 3150 3152 3202 sicut
3189 3170 3323 3209 mors
3360 3159 3556 3216 dilectio
3597 3164 3783 3238 (Cant.

2193 3233 2303 3283 vnt,
2336 3220 2417 3292 6).
2446 3222 2686 3294 Magnum
2741 3232 2981 3302 verbum,
3033 3238 3242 3311 fratres,
3303 3245 3484 3303 Valida
3526 3220 3615 3307 est‘
3644 3220 3785 3313 sicut

2191 3325 2328 3364 mors
2353 3312 2572 3369 dilectio.
2597 3317 3012 3389 Magnificentius
3033 3332 3258 3399 exprimi
3285 3352 3387 3392 non
3424 3345 3589 3410 potuit
3615 3312 3783 3402 forti-

2192 3400 2320 3455 tudo
2347 3404 2638 3475 cbaritatis,
2685 3427 2841 3481 quam
2889 3425 2946 3471 ut
2992 3419 3277 3491 diceretur,
3316 3400 3499 3485 Valida
3527 3444 3599 3489 est
3639 3439 3784 3494 sicut

2192 3505 2326 3546 mors
2347 3494 2565 3551 dilectio.
2595 3499 2724 3567 Quis
2744 3506 2885 3560 enim
2910 3510 3110 3566 resistit
3136 3518 3315 3584 morti,
3346 3518 3576 3579 fratres?
3600 3525 3762 3585 lnten

2189 3582 2279 3638 dat
2313 3584 2558 3645 Charitas
2584 3602 2779 3649 vestra.
2814 3596 3101 3657 Resistitur
3129 3582 3355 3675 ignibus,
3383 3613 3556 3681 undis,
3587 3616 3778 3688 ferro;

2190 3675 2459 3733 resistitur
2481 3685 2851 3770 potestatibus.
2899 3693 3163 3750 resistitur
3202 3701 3414 3770 regibus
3447 3721 3462 3757 :
3491 3675 3634 3763 venit
3664 3675 3778 3768 una

2190 3779 2354 3833 mors,
2387 3771 2506 3839 quis
2535 3773 2584 3828 ei
2609 3762 3000 3837 resistit?Nihil
3032 3785 3121 3841 illa
3150 3762 3358 3847 fortius.
3380 3762 3780 3867 Proptereavi:

2188 3856 2337 3912 ribus
2366 3860 2481 3929 ejus
2504 3862 2737 3921 charitas
2765 3883 3069 3941 comparata
3095 3888 3196 3946 est,
3226 3890 3280 3935 et
3299 3856 3499 3941 dictum
3525 3898 3627 3957 est,
3664 3890 3782 3948 Va-

2189 3947 2295 4002 lida
2317 3960 2389 4004 est
2409 3953 2537 4008 sicut
2564 3973 2697 4012 mors
2725 3961 2944 4018 dilectio.
2979 3967 3045 4021 Et
3072 3971 3191 4039 quia
3218 3973 3329 4042 ipsa
3355 3977 3585 4037 charitas
3613 3947 3780 4041 occi-

2188 4037 2264 4094 dit
2288 4041 2428 4109 quod
2456 4042 2671 4116 fuimus,
2703 4060 2759 4104 ut
2784 4052 2948 4111 simus
2974 4037 3115 4128 quod
3141 4037 3253 4117 non
3283 4078 3521 4137 eramus;
3554 4072 3682 4130 facit
3721 4079 3779 4133 in

2187 4131 2341 4189 nobis
2370 4139 2650 4205 quamdam
2679 4154 2903 4201 mortem
2934 4149 3166 4208 dilectio.
3194 4154 3307 4226 lpsa
3331 4170 3501 4217 morte
3523 4178 3784 4228 mortuus

2188 4232 2301 4278 erat
2329 4227 2417 4292 qui
2446 4228 2675 4298 dicebat,
2706 4234 2934 4294 Mundus
2963 4244 3087 4297 mihi
3123 4248 3399 4317 cruciﬁxus
3441 4265 3530 4318 est,
3578 4268 3626 4310 et
3675 4277 3784 4332 ego

2186 4318 2373 4371 nmndo
2396 4318 2589 4391 (Galal.
2614 4340 2684 4389 vt,
2711 4327 2799 4399 l4)
2825 4329 2967 4397 :ipsa
2990 4345 3160 4391 morte
3183 4342 3376 4395 mortui
3401 4355 3549 4400 erant
3571 4318 3785 4417 quibus

2185 4407 2412 4475 dicebat,
2446 4411 2640 4469 Mortui
2665 4420 2796 4473 enim
2822 4423 2958 4488 estis,
2983 4435 3031 4477 et
3062 4426 3160 4481 vita
3185 4442 3346 4485 vestra
3370 4407 3660 4494 abscondita
3697 4458 3785 4499 est

2185 4514 2299 4551 cum
2322 4500 2521 4557 Christo
2541 4506 2592 4559 in
2616 4506 2721 4561 Deo
2745 4510 2960 4579 (Coloss.
2983 4531 3061 4581 ιιι,
3085 4518 3161 4586 5).
3195 4519 3378 4576 Valide
3394 4535 3464 4578 est
3483 4528 3610 4583 sicut
3629 4549 3741 4587 mo;
3757 4554 3789 4592 s

2184 4589 2404 4647 dilectio.
2437 4595 2493 4651 Si
2522 4612 2652 4669 ergo
2699 4603 2869 4657 valida
2901 4615 3002 4671 est,
3032 4608 3190 4664 furtis
3211 4623 3295 4667 est
3323 4625 3375 4670 et
3404 4633 3631 4689 magum.
3650 4627 3786 4682 vir-

2185 4686 2331 4753 tutis,
2361 4696 2415 4742 et
2444 4689 2553 4759 ipsa
2575 4700 2657 4746 est
2682 4693 2866 4762 virtus,
2893 4706 2945 4752 et
2972 4715 3066 4768 per
3094 4702 3260 4772 ipsam
3283 4719 3535 4777 reguntur
3563 4713 3789 4776 infirmi

2183 4792 2213 4831 a
2248 4776 2437 4848 firmis,
2479 4789 2613 4836 terra
2639 4798 2667 4838 a
2696 4786 2848 4852 coelo,
2884 4790 3061 4859 pepuli
3100 4808 3129 4847 a
3173 4776 3421 4865 sedibus;
3452 4800 3591 4868 ideo,
3638 4805 3791 4868 Fiat

2183 4884 2287 4936 pax
2303 4869 2356 4922 in
2389 4870 2565 4925 virtute
2590 4874 2697 4940 tua,
2731 4876 2819 4931 fiat
2863 4893 2965 4948 pax
3013 4881 3063 4935 in
3116 4883 3402 4965 dilectione
3431 4899 3539 4945 tua.
3570 4894 3638 4948 Et
3670 4911 3791 4965 per

2182 4959 2334 5013 istam
2367 4963 2638 5030 virtutem,
2673 4981 2768 5035 per
2799 4968 2950 5023 istam
2978 4962 3340 5044 dilectionem,
3372 4996 3465 5048 per
3489 4981 3643 5038 istam
3670 4959 3795 5051 ba-

2180 5065 2319 5119 cem,
2347 5052 2435 5107 fiat
2462 5054 2772 5133 abundantia
2796 5060 2849 5112 in
2876 5062 3095 5117 turribus
3121 5067 3219 5119 tuis
3241 5082 3261 5121 :
3290 5068 3341 5123 id
3366 5079 3466 5137 est,
3500 5074 3548 5127 in
3577 5090 3641 5131 cx
3653 5082 3786 5135 cel-

2180 5143 2253 5197 sis
2278 5144 2399 5198 tuis.
2433 5146 3032 5207 Paucienimscdebunt
3058 5155 3108 5208 in
3136 5155 3366 5228 judicio;
3396 5163 3488 5216 sed
3518 5167 3670 5221 multi
3710 5172 3787 5221 ad

2180 5232 2450 5288 dexteram
2481 5238 2634 5305 positi
2663 5237 2857 5295 facient
2883 5244 3132 5312 populum
3160 5247 3386 5305 civitatis
3418 5253 3575 5307 illius.
3606 5251 3786 5307 Multi

2178 5326 2317 5378 enim
2345 5327 2688 5394 pertinebunt
2706 5330 2772 5383 ad
2799 5331 3036 5401 singulos
3056 5351 3295 5407 quosque
3315 5341 3571 5408 excelsos,
3598 5359 3627 5397 a
3646 5351 3787 5419 qni-

2181 5417 2277 5472 bus
2308 5420 2632 5489 recipiantur
2659 5423 2711 5476 in
2746 5423 3083 5482 tabernacula
3111 5438 3339 5494 azterna;
3368 5443 3423 5489 et
3450 5436 3551 5489 erit
3589 5438 3778 5495 abun-

2175 5512 2352 5567 dantia
2390 5514 2439 5567 in
2471 5515 2702 5570 turribus
2741 5516 2877 5587 ejus.
2928 5520 3210 5578 Plenitudo
3238 5533 3412 5580 autem
3444 5527 3773 5589 deliciarum

2241 5668 2257 5705 ι
2283 5670 2354 5720 Sic
2372 5677 2473 5722 Mss.
2498 5672 2607 5720 Fdd.
2638 5687 2781 5738 vero,
2809 5674 2899 5727 illi.
