3984 6200
180 322 318 378 369.9

169 452 226 490 et
250 416 568 489 sufﬁcientia
596 428 899 484 divitiarum
923 426 1037 497 ipse
1059 425 1220 492 Deus,
1241 425 1354 493 ipse
1382 422 1631 491 idipsum,
1653 420 1766 489 ipse

174 527 334 596 cujus
362 521 694 594 [mrtieipatio
731 528 812 575 est
842 518 1071 573 civitatis
1108 518 1158 571 in
1190 516 1455 585 idipsum:
1490 514 1602 581 ipsa
1622 512 1638 542 ¹
1667 510 1768 565 erit

176 628 236 673 et
258 614 581 672 abundantia
605 620 805 667 nostra.
835 608 939 665 Sed
969 607 1142 663 unde?
1171 607 1271 660 Per
1297 605 1633 667 charitatem,
1667 601 1768 655 hoc

174 718 283 771 est,
318 723 414 777 per
441 706 713 759 virtutem.
745 700 800 755 In
830 714 935 770 quo
958 707 1135 752 autem
1164 706 1245 751 est
1272 695 1525 759 eharitas,
1551 690 1767 745 fratres?

174 800 281 867 Qui
310 812 416 851 non
443 810 537 851 sua
564 794 753 863 quierit
783 792 834 846 in
880 793 978 844 hac
1020 790 1128 843 vita
1165 786 1424 857 (Philipp.
1467 801 1525 847 ιι,
1565 785 1620 849 4,
1650 783 1766 851 21).

177 890 321 947 Audi
375 887 686 957 Apostolum
736 884 1018 938 habentem
1064 877 1527 943 charitatemmit,
1564 875 1771 928 Placete

176 982 415 1037 erunibus
450 998 539 1050 per
565 980 753 1042 omnia,
781 977 909 1030 sicut
929 986 974 1029 et
1000 991 1090 1044 ego
1112 971 1342 1026 omnibus
1369 987 1457 1041 per
1477 968 1647 1021 omnia
1670 967 1771 1035 pla-

178 1092 297 1128 ceo.
324 1073 421 1129 Ubi
467 1080 552 1125 est
598 1084 725 1138 ergo
752 1067 892 1138 quod
924 1066 1123 1131 dixisti,
1174 1064 1234 1118 Si
1275 1062 1439 1115 adhuc
1491 1059 1772 1112 hominibus

181 1168 460 1234 placerem,
492 1162 678 1218 Christi
717 1175 888 1214 servus
929 1174 1030 1211 non
1068 1172 1225 1210 essem
1264 1152 1459 1221 (Galat.
1493 1168 1528 1213 ι,
1572 1150 1694 1218 ‘10)?
1719 1157 1772 1203 et

184 1256 352 1310 modo
378 1254 510 1308 dicis
540 1262 592 1307 te
622 1252 853 1320 placere,
884 1248 1044 1302 modo
1090 1245 1321 1299 hortaris
1365 1253 1421 1296 ut
1451 1250 1505 1296 et
1536 1241 1610 1295 illi
1656 1240 1771 1307 pla-

182 1346 381 1400 ceant?
410 1344 515 1399 Sed
545 1358 650 1397 non
692 1341 761 1393 ibi
789 1340 965 1410 posuit
992 1338 1173 1403 linem,
1211 1345 1269 1388 ut
1309 1334 1427 1403 quis
1454 1340 1668 1401 propter
1692 1346 1770 1395 se,

185 1453 302 1491 non
340 1443 558 1504 promer
585 1431 898 1487 charitatem
946 1429 1167 1496 placeat.
1215 1424 1315 1491 Qui
1359 1423 1581 1493 gloriam
1623 1435 1772 1474 suam

183 1525 406 1595 quzcrit,
435 1539 540 1577 non
560 1521 788 1591 qumrit’
811 1513 1035 1573 salutem
1061 1518 1305 1570 aliorum.
1336 1514 1575 1568 Aitenim
1598 1529 1611 1565 :
1632 1510 1777 1565 Sicut

187 1627 238 1670 et
268 1632 357 1686 ego
406 1613 635 1667 omnibus
679 1626 768 1679 per
809 1608 978 1662 omnia
1023 1608 1216 1675 placeo,
1264 1621 1363 1658 non
1389 1617 1616 1672 quarrcns
1642 1600 1776 1670 quod

188 1706 323 1759 mihi
352 1703 575 1773 prodest.
607 1700 694 1755 sed
731 1699 865 1770 quod
907 1697 1097 1763 multis,
1141 1706 1194 1749 ut
1235 1695 1361 1750 salui
1403 1695 1529 1762 [iant
1577 1691 1630 1763 (1
1656 1691 1773 1746 Cor.

189 1814 253 1861 ιι,
286 1795 378 1859 52,
410 1793 523 1863 55).
1765 1830 1769 1834 .

273 1887 361 1941 15.
403 1882 550 1956 [vers.
579 1881 656 1955 8.]
696 1881 820 1937 Ideo
840 1889 892 1935 et
920 1880 1006 1935 hic
1032 1894 1152 1934 cum
1175 1877 1241 1932 de
1268 1872 1523 1930 char‘itate
1543 1872 1778 1927 diceret:

195 1977 424 2045 Propter
451 1975 631 2044 fratres
660 1989 816 2039 meos,
848 1972 1037 2040 inquit;
1079 1980 1124 2023 et
1169 1969 1474 2038 propinquos
1511 1981 1667 2027 meos,
1700 1963 1780 2017 lo-

112 2144 115 2147 λ
191 2068 391 2137 quebar
412 2076 580 2120 autem
601 2065 620 2096 ³
647 2080 819 2134 pacem
846 2064 909 2117 de
933 2073 999 2116 te.
1029 2061 1072 2115 0
1096 2060 1400 2124 Jerusalem,
1444 2058 1617 2111 civitas
1639 2056 1782 2126 cuius

196 2156 526 2227 participatio
554 2157 604 2209 in
627 2155 871 2222 idipsum,
902 2166 1002 2223 ego
1033 2153 1084 2207 in
1121 2152 1223 2205 hac
1250 2152 1354 2204 vita
1381 2158 1434 2203 et
1463 2149 1514 2202 in
1545 2149 1643 2202 hac
1673 2156 1782 2202 ter—

198 2265 286 2313 ra,
316 2263 419 2318 ego
448 2262 668 2316 pauper,
702 2246 1014 2315 peregrinus
1038 2252 1094 2298 et
1118 2256 1358 2313 gemens,
1388 2239 1620 2293 nondum
1661 2253 1783 2307 per-

200 2340 391 2393 l’ruens
421 2354 552 2408 pace
581 2348 689 2402 tua,
722 2346 776 2391 et
803 2335 1099 2406 przedicans
1128 2348 1309 2402 pacem
1340 2340 1482 2385 tuam
1501 2348 1515 2393 ;
1537 2345 1640 2384 non
1657 2343 1784 2398 pro-

201 2438 327 2498 pter
353 2445 443 2483 me
465 2428 607 2482 illam
638 2427 891 2498 praedico,
919 2429 1056 2480 sicut
1086 2422 1341 2485 haeretici,
1371 2421 1461 2491 qui
1488 2428 1788 2491 quierentcs

199 2520 434 2589 gloriam
464 2534 612 2574 suam
652 2518 854 2581 dicunt,
902 2516 1010 2571 Pax
1055 2514 1327 2580 vobiscum
1352 2531 1365 2566 :
1388 2521 1441 2566 et
1472 2526 1655 2581 pacem
1681 2524 1789 2563 non

202 2613 410 2667 habent
448 2626 604 2682 quam
650 2609 857 2681 populis
902 2607 1220 2679 praedicant.
1260 2604 1315 2660 Si
1343 2604 1483 2659 enim
1535 2602 1792 2675 haberent

205 2720 420 2774 pacem,
450 2718 555 2757 non
581 2702 992 2757 eonscindereut
1020 2699 1301 2752 unitatem.
1335 2696 1466 2766 Ego,
1491 2694 1681 2763 inquit,
1710 2693 1791 2746 lo-

202 2797 398 2864 quebar
422 2809 599 2864 pacem
640 2793 703 2847 de
731 2803 794 2846 te.
830 2790 933 2846 Sed
964 2788 1164 2860 quare?
1201 2787 1423 2855 Propter
1446 2787 1630 2855 fratres
1659 2798 1792 2836 meos

204 2899 251 2942 ct
278 2888 595 2959 propinquos
622 2900 757 2938 meos
780 2898 799 2937 :
827 2897 930 2936 non
960 2889 1177 2950 propter
1191 2879 1447 2932 honorem
1469 2890 1667 2937 mcum,
1686 2888 1790 2926 non

207 2987 433 3050 propter
459 2976 733 3047 pecuniam
768 2989 963 3040 meam,
1003 2987 1107 3027 non
1132 2979 1351 3041 prepter
1379 2969 1538 3021 vitam
1583 2979 1792 3029 meam;

206 3085 359 3135 nam,
396 3067 527 3122 Mihi
549 3067 711 3120 vivere
728 3064 958 3121 Christus
985 3072 1077 3127 est,
1105 3070 1151 3115 et
1181 3060 1309 3113 mori
1338 3058 1550 3112 lucrum.
1582 3055 1688 3111 Sed
1722 3056 1798 3108 lo-

203 3160 404 3229 quebar
430 3174 608 3228 pacem
630 3157 692 3211 de
712 3165 776 3223 te,
801 3164 1006 3226 pr0pter
1032 3154 1216 3222 fratres
1255 3167 1390 3205 meos
1416 3158 1463 3203 et
1492 3148 1797 3219 propinquos

206 3268 373 3306 meos.
400 3249 534 3304 Nam
562 3248 805 3319 cupiebat
833 3247 946 3316 ipse
970 3242 1197 3311 dissolvi,
1237 3252 1282 3295 et
1307 3256 1410 3296 esse
1431 3256 1545 3293 cum
1567 3238 1797 3292 Christo:

208 3352 267 3397 et
292 3342 390 3411 qui
418 3344 518 3395 ista
550 3339 863 3409 prmdicaret
887 3335 1198 3407 propinquis
1235 3342 1288 3388 et
1315 3332 1584 3392 fratribus,
1617 3329 1798 3382 Mane-

207 3452 287 3500 re,
320 3433 515 3502 inquit,
545 3432 597 3486 in
626 3446 795 3494 carne,
824 3428 1159 3483 necessarium
1203 3434 1404 3495 propter
1430 3440 1514 3477 vos
1543 3421 1798 3494 (Philipp.

208 3542 250 3589 ι,
271 3525 338 3579 21
354 3566 371 3589 ,
399 3523 493 3589 25,
514 3520 624 3593 24).
655 3520 872 3591 Propter
892 3523 1073 3591 fratres
1097 3533 1231 3572 meos
1251 3525 1296 3569 et
1316 3516 1624 3586 propinquos
1645 3528 1798 3578 meos,

212 3614 465 3684 loquebar
488 3622 652 3665 autem
674 3627 844 3680 pacem
871 3610 933 3662 de
961 3618 1027 3663 te.

289 3707 384 3761 14.
417 3703 560 3777 [vers
588 3700 677 3775 9.]
709 3701 923 3771 PrOpter
950 3700 1153 3753 domum
1176 3696 1382 3751 Domini
1405 3693 1495 3748 Dei
1524 3692 1641 3758 mei,
1662 3706 1805 3761 quie-

210 3801 311 3854 sivt’
340 3798 477 3850 bona
496 3796 603 3848 tibi.
624 3793 740 3848 Non
771 3801 985 3862 propter
1011 3804 1095 3844 me
1120 3787 1337 3858 quzesivi
1360 3786 1495 3839 bona
1518 3802 1530 3836 :
1555 3798 1675 3838 nam
1700 3797 1806 3834 non

214 3892 314 3946 tibi
349 3902 675 3959 qumerem,
703 3885 796 3941 sed
827 3884 953 3939 mihi
974 3900 989 3948 ;
1013 3882 1133 3936 ideo
1157 3894 1254 3934 nec
1274 3893 1372 3947 ego
1393 3876 1666 3938 haberem,
1686 3872 1806 3940 quia

215 3998 330 4036 non
368 3980 464 4033 tibi
493 3990 819 4048 qua'rerem:
850 3972 967 4040 sed,
999 3972 1217 4040 Propter
1249 3968 1453 4022 domum
1481 3964 1687 4019 Domini
1714 3961 1810 4015 Dei

213 4074 346 4137 mei,
383 4080 602 4141 propter
628 4067 942 4129 Ecclesiam,
964 4072 1178 4134 propter
1203 4069 1438 4123 sanctos,
1460 4065 1675 4127 propter
1693 4069 1811 4123 per-

212 4166 473 4236 egrinos,
499 4169 713 4230 propter
740 4160 954 4227 ἰιιορθε,⁸
986 4164 1045 4209 ιιι
1072 4152 1390 4212 ascendant;
1436 4147 1556 4218 quia
1587 4146 1812 4200 dicimus

210 4258 328 4322 eis,
365 4253 436 4307 In
476 4252 680 4305 domum
708 4247 899 4303 domini
940 4246 1153 4304 ibimus:
1183 4251 1385 4313 propter
1412 4239 1577 4308 ipsam
1608 4237 1814 4288 domum

218 4346 446 4401 Domini
476 4343 568 4397 Dei
598 4342 714 4403 mei,
741 4338 945 4409 quwsivi
970 4339 1101 4392 bona
1126 4334 1232 4387 tibi.
1273 4331 1417 4395 llzec,
1451 4328 1662 4391 fratres,
1688 4339 1814 4394 pro-

216 4440 425 4495 lixiora
441 4443 497 4489 et
512 4431 805 4488 necessaria
826 4427 1046 4497 carpite,
1066 4423 1399 4487 manducate,
1422 4419 1615 4481 bibite;
1634 4428 1819 4471 conva-

218 4528 445 4590 lescite,
475 4524 691 4590 currite,
713 4517 1116 4591 apprehendite.

211 4656 1812 4696 ___________.________——————-.

643 4752 723 4813 IN
766 4743 1146 4811 PSALMUM
1188 4739 1425 4803 CXXII

839 4864 1258 4965 ENARRATJO.

786 4979 958 5021 εειιιιο
987 4978 1054 5017 ΔΙ)
1083 4972 1305 5014 Ριειιιειι.

306 5097 334 5150 1
352 5133 369 5148 .
417 5084 767 5145 Ascendentis
788 5080 988 5136 cantica
1007 5092 1072 5132 ex
1092 5073 1276 5128 ordine
1297 5085 1416 5126 cum
1438 5066 1725 5123 Sanctitate
1751 5076 1833 5114 ves

216 5199 350 5243 stra
389 5174 775 5237 consideranda
801 5167 1043 5238 suscepi;
1075 5160 1409 5219 ascendentis
1431 5167 1484 5213 et
1508 5154 1752 5219 amantis,
1780 5158 1836 5207 et

221 5283 370 5337 ideo
393 5269 728 5329 ascendentis
747 5266 867 5336 quia
886 5259 1131 5317 amantis.
1149 5255 1333 5313 Omnis
1367 5268 1518 5306 auter
1533 5259 1622 5304 aut
1645 5262 1834 5302 ascen-

219 5373 342 5437 dit,
373 5374 472 5421 aut
510 5334 803 5417 descendit.
848 5351 1124 5409 Desiderio
1160 5348 1301 5404 enim
1332 5344 1472 5399 bono
1507 5343 1744 5397 levamur
1771 5334 1836 5389 ad

299 5506 323 5538 ⁸
364 5499 558 5560 Aliquot
580 5502 705 5547 Mss,
723 5489 843 5554 ipse.

304 5569 331 5598 ²
366 5559 499 5615 διςδ..
523 5567 614 5605 non
636 5559 782 5615 potest
802 5560 1035 5615 amurcae.

306 5629 334 5660 ι
974 5593 1131 5656 Ιῖιϊιιι,
1155 5616 1252 5674 ρον.
1274 5609 1382 5649 Lov.
1410 5606 1670 5674 expup‘cta,

229 5658 872 5742 umdi’éi'éda’u’é‘iiliié'ci
886 5680 991 5721 Mss.
1037 5658 1305 5732 pl'a'sertim
1344 5662 1455 5724 quia
1478 5658 1526 5708 iu
1548 5663 1708 5704 Crteco
1732 5658 1839 5700 LXX

232 5756 440 5806 exstat.

1243 304 1636 366 ENARRATIO
1681 304 1743 360 lN
1780 302 2101 360 PSHMUM
2137 301 2347 356 CXX".

3312 297 3447 352 11350

1877 416 2123 480 Deum,et
2136 414 2404 470 desiderio
2422 414 2560 468 male
2570 415 2636 469 ad
2657 416 2757 469 ima
2776 416 3186 486 prmcipitamur.
3205 419 3309 477 Sed
3327 428 3445 494 quia

1869 508 1980 578 jam
2003 508 2146 562 malo
2160 507 2426 561 desiderio
2445 507 2575 577 lapsi
2596 507 2912 573 cecidimus;
2939 520 3184 580 superest
3211 513 3384 581 nobis,
3407 517 3449 569 si

1872 600 2210 669 agnoscimus
2237 598 2355 668 quis
2380 598 2446 651 ad
2476 612 2573 653 nos
2602 614 2705 653 non
2734 601 3008 665 ceciderit,
3031 602 3123 657 sed
3155 604 3454 660 descende-

1873 693 1963 755 rit,
1995 690 2250 744 hmrendo
2282 690 2355 743 illi
2386 688 2709 757 ascendere;
2736 691 2855 759 quia
2886 692 3084 747 viribus
3120 696 3317 749 nostris
3348 711 3452 749 non

1874 795 2178 850 possumus.
2206 780 2322 847 Ipse
2349 778 2481 833 dixit
2521 780 2775 833 Dominus
2802 792 2982 836 noster
3005 782 3160 838 Jesus
3185 784 3452 851 Christus,

1876 868 2041 923 Nemo
2067 869 2292 922 ascendit
2312 869 2363 921 in
2392 871 2591 932 coelum,
2620 870 2717 922 nisi
2736 870 2820 938 qui
2840 872 2902 923 de
2921 874 3044 925 coelo
3065 873 3337 939 descendit,
3367 874 3458 929 Fi-

1876 960 1973 1013 lius
2011 959 2227 1012 hominis
2257 960 2432 1026 quiest
2462 960 2513 1011 in
2542 960 2666 1013 cwlo
2710 959 2885 1025 (Joan.
2927 978 3006 1029 Ill,
3040 964 3151 1032 l3).
3180 963 3454 1033 Tanquam

1875 1049 1943 1105 de
1967 1064 2025 1105 se
2055 1050 2169 1104 solo
2193 1050 2403 1105 videtur
2427 1052 2646 1106 dixisse.
2678 1052 2818 1122 Ergo
2857 1056 3034 1109 caeteri
3062 1069 3455 1126 remanserunt,

1876 1144 1998 1211 quia
2023 1142 2167 1196 solus
2187 1141 2448 1207 ascendit,
2473 1143 2559 1212 qui
2588 1144 2734 1197 s'olus
2761 1143 3071 1199 descendit?
3097 1146 3231 1212 Quid
3262 1148 3458 1203 debent

1879 1233 2055 1290 facere
2079 1235 2294 1289 caeteri?
2334 1236 2480 1291 Uniri
2507 1238 2718 1305 corpori
2746 1239 2930 1306 ipsius,
2959 1248 3015 1292 ut
3038 1240 3105 1293 sit
3132 1256 3268 1294 unus
3307 1240 3461 1296 Chri-

1876 1333 2012 1390 stus,
2030 1326 2118 1395 qui
2137 1325 2409 1380 descendit
2426 1335 2478 1379 et
2498 1327 2755 1381 ascendit.
2779 1328 3060 1383 Descendit
3076 1340 3253 1399 caput,
3273 1345 3462 1385 ascen-

1878 1418 1955 1472 dit
1978 1433 2098 1471 cum
2125 1433 2378 1488 corpore;
2404 1421 2628 1473 vestitus
2657 1420 2949 1474 Ecclesiam
2975 1436 3148 1488 suam,
3178 1437 3332 1490 quam
3363 1423 3458 1476 sibi

1880 1512 2122 1566 exhibuit
2149 1511 2265 1566 sine
2295 1512 2495 1566 macula
2527 1520 2580 1566 et
2626 1528 2753 1581 ruga
2800 1512 3013 1582 (Ephes.
3059 1530 3112 1578 ν,
3156 1514 3271 1582 27).
3303 1514 3463 1568 Solus

1881 1617 2009 1672 ergo
2031 1602 2289 1657 ascendit.
2320 1601 2422 1657 Sed
2449 1611 2503 1656 et
2528 1618 2625 1657 nos
2652 1602 2863 1671 quando
2889 1618 3006 1658 cum
3040 1604 3130 1657 illo
3152 1605 3227 1658 sic
3253 1619 3459 1668 sumus,

1881 1704 1941 1749 ut
1970 1697 2018 1748 in
2049 1695 2139 1749 illo
2165 1696 2400 1749 membra
2429 1694 2542 1763 ejus
2564 1696 2761 1758 simus;
2790 1704 2842 1747 et
2866 1694 3140 1747 nobiscum
3182 1694 3326 1748 solus
3353 1706 3454 1760 est,

1882 1796 1937 1840 et
1966 1785 2084 1840 ideo
2112 1800 2265 1849 unus,
2291 1794 2345 1839 et
2368 1799 2583 1852 semper
2609 1799 2765 1838 unus.
2789 1784 2974 1839 Unitas
3003 1799 3099 1838 nos
3129 1784 3462 1853 eompaginat

1883 1876 1976 1930 uni
2001 1894 2015 1930 :
2037 1885 2089 1930 et
2116 1876 2191 1929 illi
2219 1875 2316 1929 soli
2346 1890 2466 1929 cum
2501 1875 2592 1928 illo
2630 1889 2734 1927 non
2765 1874 3079 1937 ascendunt,
3113 1874 3345 1943 quicum
3375 1873 3462 1926 illo

1886 1982 2022 2021 unus
2048 1981 2168 2022 esse
2208 1966 2528 2020 noluerint‘.
2558 1965 2672 2020 Jam
2716 1981 2844 2020 vero
2870 1966 3117 2035 quoniam
3145 1966 3256 2035 ipse
3291 1965 3381 2035 qui
3411 1966 3462 2018 in

1884 2060 2024 2115 coelo
2055 2059 2260 2127 positus
2290 2067 2393 2125 est,
2421 2067 2473 2111 ct
2498 2072 2658 2111 carne
2685 2057 2972 2111 suscitata'
2998 2056 3329 2117 immortalis,
3367 2070 3463 2124 per

1872 2167 2043 2222 quam
2075 2151 2170 2205 fuit
2196 2150 2262 2205 ad
2295 2160 2501 2220 tempus
2527 2150 2784 2209 mortalis.
2814 2158 2869 2205 et
2894 2149 3022 2203 nihil
3045 2150 3096 2203 in
3119 2150 3255 2205 cmlo
3288 2164 3466 2218 persec

1888 2245 2159 2299 cutibuum
2189 2242 2417 2311 patiens,
2444 2240 2573 2294 nihil
2601 2241 2920 2294 malitiarum
2950 2248 3003 2295 et
3027 2239 3458 2308 opprobriorum,

1888 2335 2025 2388 sicut
2051 2333 2105 2386 in
2126 2332 2228 2386 hac
2256 2340 2393 2386 terra
2420 2331 2632 2401 quando
2661 2345 2755 2398 pro
2784 2330 2939 2383 nobis
2982 2329 3158 2383 omnia
3204 2328 3468 2382 sustinere

1888 2424 2135 2493 dignatus
2156 2431 2270 2486 est;
2304 2434 2618 2490 compassus
2663 2430 2839 2474 tamen
2878 2420 3087 2487 corpori
3120 2433 3216 2472 suo
3244 2418 3296 2471 in
3330 2427 3465 2472 terra

1891 2515 2173 2580 laboranti,
2198 2513 2349 2576 dixit,
2374 2513 2550 2573 Saule,
2576 2512 2752 2578 Saule,
2772 2511 2895 2581 quid
2914 2528 2991 2565 me
3006 2511 3311 2580 persequeris
3329 2501 3466 2582 (Act.

1891 2623 1966 2672 ιιι,
1994 2604 2084 2676 4)ἳ
2108 2606 2217 2675 jam
2245 2606 2415 2672 ipsum
2445 2618 2602 2658 nemo
2634 2602 2900 2673 tangebat,
2925 2611 2979 2656 et
3008 2616 3065 2656 se
3092 2602 3199 2672 pati
3223 2614 3470 2670 persecu-

1894 2698 2091 2751 tionem
2120 2696 2187 2751 de
2215 2695 2354 2750 ccelo
2381 2695 2673 2748 clamabat:
2699 2709 2803 2746 non
2829 2704 3024 2762 prmter
3052 2708 3200 2761 spem
3236 2706 3355 2747 esse
3375 2692 3471 2746 de-

1895 2787 2105 2853 bemus,
2138 2786 2245 2840 imo
2271 2800 2389 2839 cum
2417 2799 2606 2853 magna
2642 2783 2836 2838 ﬁducia
2867 2798 3217 2852 pra‘sumere,
3262 2783 3382 2852 quia
3428 2784 3471 2837 si

1898 2892 1990 2945 per
2010 2876 2321 2931 charitatem
2345 2874 2460 2943 ipse
2486 2873 2759 2927 nobiscum
2797 2874 2849 2926 in
2889 2883 3026 2927 terra
3055 2881 3153 2936 est,
3185 2887 3280 2941 per
3325 2886 3472 2926 eam-

1897 2970 2019 3025 dem
2049 2968 2365 3023 charitatem
2395 2975 2449 3020 et
2476 2980 2575 3019 nos
2613 2980 2734 3018 cum
2776 2978 2840 3019 eo
2870 2964 2921 3017 in
2953 2964 3092 3019 emlo
3135 2978 3337 3017 sumus.
3369 2963 3473 3019 Sed

1897 3060 2132 3115 diximus
2156 3056 2605 3128 quemadmodum
2637 3055 2912 3109 nobiscum
2941 3055 3054 3123 ipse
3099 3055 3152 3108 in
3185 3062 3323 3108 terra
3372 3055 3472 3119 sit;

1897 3165 2084 3205 vocem
2113 3148 2228 3218 eius
2254 3147 2486 3201 diximus
2511 3146 2577 3200 de
2600 3146 2738 3200 ctelo
2772 3144 3033 3208 sonantis,
3078 3143 3254 3206 Saule,
3295 3143 3474 3211 Soule,

1897 3240 2021 3312 quid
2059 3256 2137 3293 me
2173 3238 2516 3310 persequeris?
2542 3252 2660 3291 cum
2710 3250 2830 3290 eum
2870 3234 3062 3291 Saulus
3110 3235 3330 3291 omnino
3369 3250 3476 3307 non

1901 3304 2285 3397 tangeret,‘sed
2313 3304 2410 3382 nec
2440 3326 2671 3380 videret:
2696 3324 2960 3393 quomodo
2979 3332 3154 3378 autem
3183 3304 3479 3377 ostenditur

1901 3423 2020 3491 quia
2050 3431 2103 3476 et
2125 3435 2220 3474 nos
2240 3434 2358 3473 eum
2385 3418 2476 3472 illo
2504 3417 2554 3471 in
2577 3416 2712 3471 c0210
2729 3415 2944 3470 sumus?
2967 3415 3162 3471 Eodem
3181 3415 3295 3482 ipso
3317 3414 3480 3469 Paulo

1904 3513 2144 3584 apostolo
2171 3511 2380 3566 dicente
2413 3527 2427 3565 :
2459 3509 2520 3564 Si
2543 3508 2927 3562 consurrexistis
2968 3522 3081 3559 cum
3120 3504 3338 3567 Christo,
3369 3508 3507 3573 quas

1903 3623 2102 3661 sursum
2126 3614 2243 3660 sunt
2263 3604 2488 3673 quaerite,
2518 3601 2601 3654 ubi
2623 3600 2851 3655 Christus
2879 3608 2948 3659 est
2975 3599 3026 3651 in
3057 3597 3261 3650 dextera
3284 3595 3378 3649 Dei
3402 3613 3481 3649 sc-

1906 3697 2060 3761 dens;
2089 3710 2204 3764 qua?
2231 3710 2431 3747 sursum
2471 3699 2586 3745 sunt
2623 3690 2801 3758 sapite,
2832 3704 2933 3741 non
2961 3703 3073 3755 qua:
3096 3703 3248 3755 super
3272 3695 3477 3739 terram.

1909 3786 2104 3840 Mortui
2127 3785 2258 3839 enim
2283 3783 2418 3848 estis,
2438 3791 2482 3835 ct
2508 3783 2606 3834 vita
2628 3789 2785 3833 vestra
2805 3777 3098 3831 abscondita
3121 3786 3192 3830 est
3213 3791 3326 3829 cum
3345 3775 3483 3830 Chri-

1910 3887 1985 3933 sto
2010 3878 2064 3931 in
2093 3876 2196 3931 Deo
2225 3875 2438 3945 (Coloss.
2481 3889 2553 3937 ut,
2585 3872 2724 3937 1-5).
2751 3871 2892 3939 Ergo
2915 3876 2970 3925 et
2998 3869 3086 3924 ille
3110 3869 3282 3923 adhuc
3320 3867 3515 3929 deor-/

1910 3984 2026 4025 sum
2057 3977 2155 4032 est,
2184 3975 2239 4022 et
2266 3983 2362 4022 nos
2384 3966 2493 4037 jam
2524 3980 2728 4019 sursum
2767 3978 2982 4018 sumus:
3009 3961 3096 4016 ille
3127 3962 3373 4016 deorsum
3402 3969 3485 4015 est

1913 4064 2280 4130 compassione
2321 4058 2612 4123 charitatis,
2639 4071 2734 4110 nos
2758 4069 2966 4109 sursum
2993 4066 3175 4107 sumus
3200 4068 3294 4121 spe
3313 4051 3485 4105 chari-

1916 4155 2056 4209 tatis.
2089 4153 2194 4221 Spe
2219 4152 2349 4206 enim
2372 4150 2498 4204 salvi
2534 4148 2652 4217 {acti
2688 4162 2859 4201 sumus
2902 4143 3075 4213 (Rom.
3103 4158 3214 4207 vm,
3238 4141 3350 4212 21).
3380 4139 3485 4196 Sed

1916 4245 2038 4314 quia
2076 4256 2199 4310 spes
2230 4248 2410 4295 nostra
2438 4246 2579 4293 certa
2608 4244 2714 4299 est;
2745 4231 2984 4303 quamvis
3010 4232 3241 4286 futurum
3278 4231 3368 4296 sit,
3409 4230 3489 4284 sic

1918 4339 1986 4394 de
2014 4338 2165 4393 nobis
2187 4336 2395 4397 dicitur,
2424 4329 2569 4401 quasi
2593 4331 2700 4397 jam
2727 4325 2918 4381 factum
2940 4324 3029 4379 sit.

1952 4418 2044 4483 ’2.
2074 4427 2223 4500 [vers
2255 4422 2332 4496 1.]
2378 4420 2639 4477 Ascendat
2666 4432 2790 4487 ergo
2836 4416 2934 4469 iste
2967 4420 3242 4477 cantator;
3284 4409 3377 4466 sed
3424 4409 3494 4464 de

1925 4533 2240 4587 unoquoque
2267 4513 2425 4569 corde
2448 4520 2678 4567 vestrum
2698 4507 2719 4539 ⁸
2747 4512 2921 4561 cantet
2947 4502 3032 4557 hic
3052 4502 3233 4566 homo,
3256 4509 3309 4554 et
3333 4515 3497 4553 unus-

1924 4612 2147 4683 quisque
2174 4609 2242 4663 sit
2265 4608 2363 4661 iste
2388 4605 2570 4659 homo.
2603 4601 2735 4655 Cum
2760 4596 2897 4650 enim
2926 4593 3099 4648 dicitis
3128 4590 3257 4645 illud
3283 4589 3494 4658 singuli,

1925 4677 2045 4772 quia
2063 4677 2269 4755 omnes
2296 4711 2459 4751 unum
2487 4692 2613 4748 estis
2634 4690 2699 4743 in
2728 4686 2938 4741 Christo
2962 4724 2975 4745 ,
3020 4695 3154 4735 unus
3183 4680 3343 4733 homo
3370 4677 3497 4731 illud

1928 4768 2092 4849 dicit:
2125 4798 2180 4846 et
2206 4804 2312 4843 non
2334 4829 2348 4852 ,
2378 4784 2454 4839 Ad
2483 4792 2555 4847 te,
2589 4778 2802 4833 Domine
2822 4817 2836 4837 ,
2866 4773 3159 4828 levavimus
3186 4768 3372 4824 oculos
3401 4781 3500 4820 no-

1930 4893 2105 4946 stros;
2138 4879 2252 4942 sed,
2282 4877 2362 4931 Ad
2387 4886 2452 4941 te,
2477 4871 2705 4932 Domine,
2735 4865 2887 4920 levavi
2916 4863 3086 4916 oculos
3106 4877 3259 4915 meos.
3290 4857 3502 4913 Dehetis

1932 4973 2147 5044 quidem
2200 4978 2387 5040 putare
2433 4970 2857 5026 unumquemque
2899 4961 3136 5008 vestrum
3182 4948 3361 5018 loqui;
3409 4945 3500 4999 sed

1935 5041 2073 5121 unus
2101 5064 2187 5117 ille
2211 5058 2439 5114 maxime
2466 5051 2714 5122 loquitur,
2743 5047 2829 5118 qui
2850 5045 3007 5100 etiam
3034 5041 3256 5097 dill‘usus
3282 5045 3367 5093 est
3393 5044 3506 5089 toto

1938 5157 2066 5213 orbe
2095 5164 2378 5208 terrarum.
2420 5144 2566 5201 Unus
2593 5141 2681 5195 ille
2714 5137 2964 5208 loquitur,
2992 5135 3080 5204 qui
3115 5130 3238 5184 alibi
3268 5126 3426 5185 dicit,
3462 5124 3505 5177 Λ

1942 5248 2124 5317 ﬁnibus
2165 5253 2308 5296 terrle
2343 5237 2409 5290 ad
2437 5245 2484 5289 te
2521 5232 2728 5289 clamavi
2747 5271 2761 5294 ,
2794 5245 2909 5282 cum
2937 5232 3203 5296 angeretur
3230 5235 3317 5272 eor
3345 5232 3508 5269 meum

1944 5306 2113 5410 lPsltl.
2146 5350 2208 5388 Lx
2235 5374 2249 5396 ,
2281 5331 2358 5399 '5).
2387 5326 2514 5393 Quis
2555 5331 2635 5401 est
2662 5321 2751 5392 qui
2790 5320 2983 5374 clamat
3016 5331 3044 5368 a
3088 5311 3278 5367 ﬁnibus
3323 5306 3510 5360 teme?

1943 5396 2059 5500 quis
2102 5437 2238 5479 unus
2269 5396 2427 5475 homo
2472 5398 2691 5471 dimisus
2718 5419 2802 5466 est
2839 5422 3007 5477 usque
3046 5402 3114 5457 ad
3155 5401 3287 5455 lines
3318 5396 3511 5452 teme?

1929 5568 1933 5571 '
2011 5583 2024 5611 ς
2057 5577 2186 5633 mm,
2218 5573 2481 5623 notuerunt.
2505 5573 2706 5633 Amissa
2730 5558 2985 5633 ποιμενίηι·

2013 5644 2032 5673 ι
2056 5615 2582 5689 ὲῖἕῖηὶῗὲιῖἑῐιίοειιὶ
2601 5615 2706 5676 Mss:
2738 5632 2791 5673 At
2812 5630 2942 5672 ων..
2965 5629 3110 5689 carne
3133 5615 3357 5689 subsistit.

2019 5705 2037 5736 ι
2056 5680 2129 5751 gi;
2149 5680 2248 5749 ιξέέξ
2277 5680 2479 5754 uno“,
2516 5689 2597 5741 sed
2622 5689 2669 5739 in
2694 5695 2965 5747 unoquoque
2988 5685 3201 5731 nostrum
3222 5680 3393 5738 ctmtet,
3419 5680 3495 5723 etc
