3984 6200
511 277 642 334 1651

512 387 887 458 Unusquisque
931 383 1092 438 homo
1135 381 1186 436 in
1219 380 1434 448 regione
1477 392 1568 433 sua
1615 383 1789 444 potest
1827 374 2090 436 clamare;

513 479 768 549 numquid
797 493 826 531 a
868 476 1058 530 ﬁnibus
1089 473 1283 528 terrae?
1308 471 1412 526 Sed
1442 469 1720 524 barreditas
1760 467 1995 528 Christi,
2027 465 2094 519 de

511 589 614 643 qua
645 572 840 624 dictum
869 577 969 628 est,
1006 564 1146 618 Dabo
1175 564 1261 618 tibi
1288 572 1458 634 gentes
1489 561 1828 615 licet-editatem
1859 567 2017 621 tuam,
2048 564 2095 609 et

513 659 872 728 possessionem
920 666 1059 710 tuam
1087 655 1324 710 terminos
1370 662 1516 706 terrae
1545 650 1715 717 (Psal.
1757 665 1823 712 It,
1869 647 1946 716 8),
1982 647 2094 715 ipsa

511 753 704 806 clamat
727 759 780 803 et
802 748 953 814 dicit,
983 749 1024 801 Α
1051 746 1233 815 finibus
1262 756 1408 799 terra:
1431 744 1498 796 ad
1525 753 1570 796 te
1599 744 1830 806 clamavi,
1862 757 1976 795 cum
2002 757 2097 793 an-

509 851 706 912 geretur
725 857 812 893 cor
835 856 1020 893 meum.
1051 840 1289 908 Augatur
1307 852 1400 892 cor
1420 844 1682 901 nostrum,
1707 844 1762 890 et
1781 835 2090 888 clamemus.

515 932 664 987 Unde
692 941 916 1000 angatur
943 946 1038 984 cor
1067 929 1346 984 nostrum?
1372 927 1486 982 Non
1522 927 1589 981 de
1631 927 1712 980 his
1743 941 1860 996 qua:
1892 925 1978 980 hic
2001 940 2094 994 pa-

513 1024 716 1077 tiuntur
734 1033 786 1076 ct
809 1021 955 1084 mali,
985 1021 1129 1075 verbi
1153 1021 1340 1089 gratia,
1364 1019 1484 1089 quia
1513 1018 1762 1072 damnum
1787 1016 2090 1086 patiuntur:

513 1128 635 1166 nam
664 1111 711 1165 si
739 1111 861 1166 inde
896 1110 1105 1178 angitur
1134 1125 1247 1170 cor,
1275 1110 1410 1163 cinis
1436 1117 1536 1163 est.
1565 1107 1697 1175 Quia
1730 1106 1909 1160 nescio
1935 1120 2092 1174 quem

513 1209 724 1255 tttormu
752 1216 817 1254 ex
847 1200 1119 1254 voluntate
1149 1199 1238 1252 Dei
1266 1198 1510 1260 amisisti,
1534 1199 1575 1252 si
1602 1196 1722 1250 inde
1742 1197 1954 1264 angitur
1978 1211 2090 1262 cor,

513 1291 639 1358 quid
681 1291 967 1360 magnum?
1011 1291 1144 1344 Hinc
1191 1300 1452 1360 anguntur
1479 1298 1535 1343 et
1561 1288 1720 1342 corda
1767 1287 2091 1353 inﬁdelium;

514 1383 613 1436 ista
645 1382 916 1451 patiuntur
955 1389 1009 1435 et
1051 1380 1140 1449 qui
1182 1379 1412 1433 nondum
1446 1379 1498 1432 in
1540 1377 1806 1432 Christum
1846 1376 2093 1432 credide-

514 1481 654 1526 runt.
683 1472 832 1527 Unde
853 1472 1062 1541 angitur
1087 1486 1182 1525 cor
1209 1470 1521 1524 christiani?
1545 1469 1676 1537 Quia
1708 1469 1942 1523 nondum
1972 1484 2094 1524 cum

512 1564 727 1618 Christo
757 1565 902 1619 vivit.
929 1563 1080 1620 Unde
1108 1564 1316 1634 angitur
1335 1579 1428 1617 cor
1448 1563 1760 1618 christiani?
1787 1563 1918 1630 Quia
1944 1577 2095 1633 pere-

509 1655 753 1724 grinatur
791 1663 846 1709 et
887 1653 1153 1709 desiderat
1199 1655 1444 1724 patriam.
1489 1654 1544 1710 Si
1588 1654 1711 1709 inde
1753 1654 1964 1724 angitur
2002 1667 2096 1708 cor

515 1753 685 1811 tuum,
709 1745 916 1800 etiamsi
945 1744 1068 1799 felix
1089 1745 1382 1800 secundum
1404 1746 1654 1800 sarculum
1682 1743 1866 1811 fueris,
1891 1745 2091 1815 gemis;

515 1846 570 1890 ct
594 1836 636 1890 si
675 1837 853 1891 omnia
882 1852 1135 1906 prospera
1175 1837 1474 1900 conﬂuant,
1519 1846 1572 1891 et
1599 1837 1828 1907 undique
1871 1836 1968 1890 tibi
1993 1837 2095 1892 iste

517 1927 743 1981 nnindus
771 1928 1022 1994 arrident,
1055 1938 1112 1982 tu
1141 1937 1317 1984 tamen
1341 1929 1530 1998 gemis,
1558 1930 1681 1998 quia
1709 1929 1760 1983 in
1791 1929 2096 1998 peregrina-

517 2018 660 2072 tione
691 2027 742 2072 tc
769 2020 1113 2074 constitutum
1152 2019 1334 2085 vides;
1379 2029 1432 2075 et
1460 2021 1626 2075 sentis
1650 2021 1760 2089 jam
1800 2020 2013 2090 quidem
2044 2029 2094 2076 te

517 2108 716 2164 habere
763 2110 1065 2165 felicitatem
1099 2111 1389 2166 secundum
1433 2112 1614 2166 oculos
1655 2112 1969 2179 stultorum,
2001 2111 2095 2167 sed

519 2201 752 2257 nondum
780 2203 1072 2258 secundum
1096 2203 1499 2273 promissionem
1516 2203 1713 2260 Christi
1739 2221 1751 2257 :
1782 2204 1925 2258 illam
1947 2219 2094 2274 quae-

517 2307 640 2346 rens
666 2292 854 2361 gemis,
884 2294 1026 2347 illam
1055 2308 1300 2362 quaarens
1328 2292 1628 2359 desideras,
1661 2303 1714 2348 et
1741 2294 2096 2350 desiderando

513 2383 761 2437 ascendis
787 2390 842 2437 et
865 2383 1200 2438 ascendendo
1224 2391 1407 2438 cantas
1431 2383 1694 2439 Canticum
1721 2385 1969 2455 graduum
1986 2427 2001 2451 ,
2041 2395 2096 2441 et

515 2471 780 2527 cantando
799 2471 1065 2530 Canticum
1087 2473 1358 2544 graduum,
1389 2473 1544 2541 dicis,
1573 2474 1653 2527 Ad
1680 2483 1725 2528 te
1747 2473 1904 2529 levavi
1926 2475 2096 2530 oculos

518 2580 673 2625 meos,
703 2564 788 2631 qui
815 2563 1008 2618 habitas
1037 2565 1090 2617 in
1113 2564 1257 2619 calo.

589 2655 640 2706 5.
677 2654 1002 2716 Ascendens,
1037 2670 1142 2724 quo
1171 2656 1438 2710 levaturus
1465 2665 1582 2711 erat
1607 2656 1811 2722 oculos,
1840 2656 1940 2712 nisi
1973 2657 2096 2712 illuc

516 2760 626 2812 quo
669 2743 947 2810 tendebat,
996 2755 1050 2800 et
1087 2746 1376 2803 ascendere
1419 2747 1791 2803 desiderabat?
1837 2749 1913 2804 De
1958 2757 2096 2804 terra

519 2837 662 2891 enim
695 2836 759 2890 ad
789 2838 981 2892 caelum
1009 2839 1269 2893 ascendit.
1298 2839 1436 2894 Ecce
1464 2848 1603 2894 terra
1630 2839 1902 2907 deorsum,
1937 2856 2093 2909 quam

520 2928 786 2982 calcamus
812 2927 1030 2997 pedibus
1056 2929 1284 2993 nostris;
1317 2944 1443 2984 ecce
1462 2929 1618 2984 etiam
1641 2930 1834 2986 caelum
1859 2946 2090 2997 sursum,

521 3019 662 3088 quod
691 3019 930 3075 videmus
967 3021 1134 3075 oculis
1174 3020 1400 3086 nostris;
1449 3031 1504 3076 et
1537 3021 1874 3077 ascendendo
1912 3031 2096 3076 canta-

523 3127 660 3178 Inus,
694 3111 772 3164 Ad
801 3121 847 3166 te
870 3112 1027 3165 levavi
1051 3113 1220 3166 oculos
1241 3128 1395 3179 nicas,
1426 3115 1511 3182 qui
1539 3114 1733 3168 habitas
1753 3115 1806 3167 iu
1827 3115 1968 3168 cmlo.
1994 3114 2096 3170 Ubi

521 3209 647 3255 sunt
671 3218 796 3272 ergo
823 3203 1023 3258 scalas?
1053 3202 1220 3257 Tanta
1248 3203 1389 3257 enim
1423 3203 1697 3258 intervalla
1739 3205 2098 3274 conspicimus

524 3294 660 3346 inter
685 3292 878 3348 etelum
909 3301 964 3347 et
993 3301 1222 3356 terram,
1255 3301 1397 3346 tanta
1426 3294 1689 3360 separatio
1725 3302 1839 3356 est,
1869 3303 1923 3348 et
1954 3303 2096 3348 tanta

524 3383 695 3450 spatia
726 3383 960 3436 locorum
984 3399 998 3433 :
1027 3381 1156 3446 illuc
1184 3382 1426 3436 volumus
1452 3383 1762 3450 ascendere,
1794 3386 1964 3440 scalas
1991 3401 2094 3440 non

526 3471 769 3526 videmus
794 3489 806 3523 :
839 3472 1090 3541 numquid
1117 3471 1252 3526 forte
1284 3471 1512 3527 fallimus
1537 3487 1652 3537 nos,
1686 3475 1806 3544 quia
1830 3474 2097 3530 Canticum

527 3564 804 3635 graduum,
852 3563 905 3618 id
949 3572 1060 3627 est,
1105 3565 1364 3618 canticum
1412 3565 1738 3619 ascensionis
1781 3570 2098 3622 cantamus?

527 3654 876 3708 Ascendimus
897 3653 962 3708 ad
984 3655 1197 3719 (mlum,
1220 3654 1262 3708 si
1283 3654 1574 3722 cogitamus
1593 3655 1780 3722 Deum,
1801 3657 1892 3726 qui
1913 3673 2099 3714 ascen-

525 3762 620 3800 sus
648 3747 703 3800 in
725 3746 884 3802 corde
907 3747 1053 3807 fecit.
1085 3747 1220 3814 Quid
1245 3757 1326 3802 est
1349 3749 1634 3803 ascendere
1663 3750 1712 3803 in
1743 3748 1942 3804 corde?
1967 3752 2100 3806 Pro-

531 3837 693 3893 ﬁcere
737 3840 788 3892 in
838 3840 1023 3894 Deum.
1068 3839 1346 3905 Quomodo
1387 3839 1559 3895 omnis
1605 3842 1694 3910 qui
1739 3841 1946 3905 deﬁcit,
1995 3857 2098 3897 non

530 3931 820 3996 descendit,
851 3931 942 3985 sed
967 3930 1144 3984 cadit:
1177 3932 1252 3984 sic
1275 3931 1445 3985 omnis
1463 3931 1550 4000 qui
1575 3931 1801 4000 proﬁcit,
1824 3933 2096 3988 ascendit:

531 4023 624 4079 sed
652 4024 696 4078 si
722 4024 800 4078 sic
828 4022 1088 4094 proﬁciat,
1119 4031 1174 4078 ut
1200 4039 1303 4078 non
1329 4023 1625 4093 superbiat;
1659 4024 1703 4078 si
1728 4024 1808 4080 sic
1826 4025 2098 4093 ascendat,

533 4123 590 4168 ιιι
617 4131 720 4168 non
747 4114 936 4168 cadat:
967 4114 1011 4168 si
1039 4122 1212 4167 autem
1241 4113 1558 4182 proﬁciendo
1584 4115 1882 4182 superbiat,
1911 4131 2100 4170 ascen-

533 4205 708 4260 dendo
735 4207 922 4259 iterum
950 4204 1108 4259 cadit.
1137 4204 1241 4260 Sed
1266 4213 1444 4257 utnon
1472 4206 1764 4273 superbiat,
1793 4206 1917 4274 quid
1944 4206 2104 4261 debet

538 4297 748 4350 facere?
779 4296 943 4349 Levet
970 4295 1152 4350 oculos
1199 4310 1321 4349 suos
1362 4295 1426 4348 ad
1473 4297 1621 4349 illum
1664 4298 1752 4366 qui
1799 4297 2000 4352 habitat
2050 4298 2102 4352 in

535 4388 691 4448 cmlo,
741 4403 844 4440 non
872 4403 930 4440 se
956 4386 1209 4440 attendat.
1241 4385 1422 4440 Omnis
1465 4387 1603 4441 enim
1645 4388 1906 4457 superbus
1933 4404 1990 4443 se
2020 4397 2104 4442 at—

537 4480 734 4544 tendit,
779 4488 832 4533 et
873 4493 1095 4548 magnus
1137 4478 1234 4530 sibi
1271 4477 1475 4532 videtur
1517 4481 1603 4549 qui
1649 4481 1746 4534 sibi
1779 4481 1968 4548 placet.
2001 4479 2104 4535 Sed

539 4572 625 4639 qui
657 4571 754 4641 sibi
785 4571 988 4639 placet,
1025 4568 1184 4622 stulto
1223 4568 1421 4622 homini
1468 4570 1668 4636 placet;
1698 4574 1815 4639 quia
1864 4572 1950 4626 ille
1995 4573 2107 4640 ipse

539 4663 734 4715 stultus
761 4671 860 4724 cst,
890 4676 1010 4715 cum
1041 4661 1138 4714 sibi
1167 4661 1354 4731 placet.
1383 4661 1539 4716 Solus
1567 4678 1785 4716 securus
1816 4666 1986 4732 placet
2015 4665 2104 4734 qui

545 4757 650 4810 Deo
679 4757 866 4824 placet.
898 4755 962 4808 Et
990 4754 1108 4824 quis
1137 4764 1218 4808 cst
1241 4753 1327 4823 qui
1361 4755 1528 4823 placet
1557 4755 1702 4810 Dco?
1726 4754 1821 4810 Cui
1854 4757 2109 4824 placuerit

542 4850 702 4902 Deus.
735 4847 1025 4917 Displieere
1044 4847 1146 4901 sibi
1169 4848 1303 4902 Deus
1331 4863 1432 4902 non
1461 4857 1658 4916 potest;
1691 4849 1895 4916 placeat
1915 4859 1968 4904 et
1990 4849 2104 4915 tibi,

544 4950 601 4995 ιιι
625 4941 838 5011 placeas
867 4939 963 4993 illi.
991 4939 1096 4994 Sed
1125 4939 1216 4993 tibi
1253 4939 1340 4993 ille
1372 4938 1575 5007 placere
1609 4955 1712 4993 non
1740 4941 1964 5009 poterit,
2008 4941 2106 4995 nisi

545 5043 596 5085 tu
641 5031 729 5086 tibi
757 5030 1110 5099 άίειιιίριιοιίε.
1141 5030 1195 5084 Si
1224 5039 1399 5084 autem
1427 5030 1669 5100 displices
1695 5030 1816 5097 tibi,
1853 5031 1980 5085 tolle
2004 5047 2032 5085 a
2059 5041 2109 5085 te

543 5123 774 5176 oculum.
805 5119 999 5190 Ulquid
1029 5129 1077 5174 te
1105 5119 1244 5173 cnim
1271 5119 1537 5174 attendis?
1564 5120 1620 5175 Si
1647 5119 1784 5174 enim
1808 5136 1931 5176 vere
1957 5130 2007 5175 te
2031 5130 2108 5174 at-

545 5214 752 5277 tentlis,
798 5212 1005 5267 invenis
1042 5213 1094 5265 in
1140 5221 1190 5266 te
1234 5210 1370 5280 quod
1401 5211 1489 5265 tibi
1532 5211 1839 5280 displiceat;
1882 5221 1934 5266 et
1977 5211 2109 5266 dicis

549 5304 677 5367 Deo,
706 5302 976 5357 Peccatum
1000 5317 1163 5355 meum
1184 5311 1299 5354 ante
1324 5317 1399 5354 me
1425 5310 1494 5356 est
1520 5318 1712 5370 semper
1737 5301 1904 5371 (Psal.
1936 5317 1998 5368 L,
2027 5303 2106 5370 5).

547 5396 826 5453 Peccatum
856 5406 999 5450 tuum
1025 5395 1094 5448 sit
1124 5402 1245 5447 ante
1272 5402 1340 5458 te,
1370 5402 1427 5447 ut
1452 5409 1554 5447 non
1584 5394 1652 5448 sit
1681 5404 1802 5449 ante
1829 5395 2026 5461 Deum;
2055 5405 2114 5451 et

546 5496 602 5542 tu
647 5489 753 5543 noli
783 5504 902 5542 esse
945 5495 1067 5541 ante
1107 5496 1192 5549 te,
1235 5495 1290 5543 ut
1332 5485 1404 5539 sis
1445 5494 1561 5539 ante
1606 5486 1788 5539 Deum.
1833 5486 2109 5552 Quomodo

547 5577 686 5634 etiitn
719 5579 966 5632 volumus
1007 5587 1061 5631 ut
1102 5594 1204 5636 non
1247 5592 1275 5628 a
1323 5574 1473 5630 nobis
1501 5584 1697 5630 avertat
1725 5575 1907 5630 faciem
1940 5577 2105 5641 Deus,

550 5667 622 5722 sic
648 5668 884 5724 volumus
911 5679 966 5724 ut
987 5680 1185 5724 avertat
1215 5669 1398 5722 faciem
1420 5684 1449 5722 a
1472 5669 1694 5737 peccatis
1722 5667 1914 5722 nostris
1940 5685 1950 5719 :
1987 5683 2104 5720 nam

1748 259 1806 315 S.
1848 251 2213 314 AUGUSTlNl
2252 255 2550 313 EPISOOPI

3648 266 3792 322 1052

2205 379 2486 441 utrumque
2517 372 2588 426 illi
2619 381 2861 428 cantatur
2899 374 2949 428 in
2980 375 3223 431 Psalmis.
3268 375 3348 431 Ne
3375 388 3574 434 avertas
3603 383 3790 452 [aciem

2201 473 2338 518 tuam
2375 483 2407 518 a
2435 483 2512 521 me
2539 465 2709 536 (Psal.
2742 484 2892 534 sxw,
2921 465 3009 536 9);
3037 484 3138 522 vox
3186 478 3268 524 est
3304 471 3527 539 psalmi,
3571 489 3676 527 vox
3703 488 3789 530 ρει

2201 569 2330 624 ergo
2355 564 2532 612 nostra
2559 575 2572 609 :
2601 566 2654 611 et
2683 558 2770 612 ille
2797 559 2886 626 qui
2913 557 3073 623 dicit,
3104 557 3188 612 Ne
3213 571 3407 617 avertas
3437 565 3616 632 faciem
3644 574 3789 618 tuam

2200 661 2232 698 a
2262 662 2374 711 me;
2405 646 2525 700 vide
2549 647 2673 716 quid
2701 647 2842 702 dicat
2865 648 2968 702 alio
2993 649 3110 702 loco
3135 667 3148 702 :
3181 651 3358 705 Averte
3376 652 3556 720 faciem
3587 667 3728 708 tuam
3757 675 3792 708 η

2200 735 2415 804 peccatis
2453 737 2574 792 meis
2603 735 2774 807 (Psal.
2816 754 2866 803 ι,
2910 739 3020 809 Η).
3051 739 3107 794 Si
3135 741 3216 794 vis
3255 750 3311 794 ut
3347 753 3553 797 avertat
3594 745 3788 800 faciem

2199 841 2348 880 suam
2375 843 2404 881 a
2433 829 2660 897 peccatis
2688 831 2812 893 tuis,
2840 840 2892 884 tu
2921 831 3034 900 ipse
3057 847 3084 886 a
3114 841 3166 888 te
3189 842 3374 888 averte
3401 835 3588 890 faciem
3613 848 3787 904 tuam,

2199 927 2254 972 et
2281 933 2313 973 a
2343 921 2573 988 peccatis
2603 921 2706 974 tuis
2735 922 2840 976 noli
2881 931 3145 977 avertere.
3179 923 3234 979 Si
3265 924 3404 979 enim
3449 942 3552 981 non
3595 929 3667 984 ab
3706 929 3788 982 eis

2199 1010 2455 1064 averteris
2481 1009 2666 1065 faciem
2700 1020 2866 1076 tuam,
2897 1020 2951 1066 tu
2979 1013 3090 1081 ipse
3116 1012 3362 1068 irasceris
3384 1017 3618 1084 peccatis
3639 1019 3746 1071 tuis
3771 1038 3786 1072 :

2199 1105 2242 1158 si
2273 1117 2452 1159 autem
2479 1114 2532 1159 tu
2563 1121 2667 1159 non
2698 1105 2894 1160 avertis
2923 1106 3108 1160 faciem
3150 1116 3291 1162 tuam
3317 1122 3348 1161 a
3383 1110 3618 1176 peccatis
3646 1113 3787 1172 tuis,

2201 1205 2255 1251 tu
2281 1198 2545 1267 agnoscis,
2573 1207 2627 1252 et
2651 1198 2741 1253 ille
2771 1199 3015 1269 ignoscit.

2271 1291 2323 1341 4.
2356 1290 2428 1348 At,
2451 1304 2578 1342 vero
2603 1305 2632 1342 a
2661 1299 2711 1342 te
2737 1290 2848 1344 leva
2877 1290 3063 1345 oculos
3087 1290 3151 1344 ad
3183 1290 3328 1344 illum
3350 1334 3364 1354 ,
3395 1301 3451 1346 et
3473 1293 3590 1359 dic,
3629 1294 3710 1346 Ad
3739 1305 3789 1349 te

2201 1377 2356 1433 levavi
2377 1381 2548 1434 oculos
2573 1397 2729 1445 meos,
2760 1381 2846 1450 qui
2869 1381 3066 1435 habitas
3090 1382 3140 1435 in
3163 1382 3308 1436 caelo.
3334 1383 3563 1450 Ctelum,
3588 1383 3788 1439 fratres

2199 1468 2327 1535 mei,
2353 1470 2397 1523 si
2419 1468 2768 1540 corporaliter
2797 1472 3212 1527 intellexerimus
3242 1472 3343 1527 hoc
3370 1474 3508 1543 quod
3540 1475 3788 1530 videmus

2200 1560 2370 1614 oculis
2395 1563 2686 1629 corporeis,
2714 1578 2840 1618 vere
2865 1567 2943 1616 sic
2969 1563 3286 1627 errabimus,
3320 1573 3376 1618 ut
3401 1581 3503 1618 non
3533 1575 3787 1635 putemus

2199 1665 2299 1705 nos
2326 1651 2452 1705 illuc
2478 1652 2805 1719 ascendere,
2838 1653 2937 1706 nisi
2964 1653 3124 1708 scalis
3157 1654 3370 1722 positis,
3398 1665 3488 1708 aut
3516 1656 3788 1725 aliquibus

2199 1743 2680 1799 machinamentis:
2712 1745 2756 1798 si
2796 1753 2973 1799 autem
3019 1746 3364 1814 spiritualiter
3403 1747 3784 1810 ascendimus,

2199 1838 2544 1906 spiritualiter
2562 1837 2755 1892 coelum
2783 1837 3079 1908 intelligere
3099 1838 3384 1904 debemus;
3411 1839 3455 1893 si
3480 1854 3741 1893 ascensus
3766 1843 3783 1871 ⁸

2201 1927 2254 1981 in
2284 1926 2475 1982 aﬂ‘ectu
2496 1969 2510 1992 ,
2543 1929 2738 1984 emtum
2778 1930 2829 1982 in
2863 1929 3086 1998 justitia.
3114 1929 3267 1998 Quod
3297 1940 3378 1984 est
3418 1944 3547 1998 ergo
3583 1931 3785 1984 cmlum

2199 2017 2329 2073 Dei?
2354 2019 2552 2074 Omnes
2574 2028 2772 2074 sancta:
2795 2020 3007 2087 animm,
3030 2035 3216 2076 omnes
3233 2021 3388 2090 justas
3407 2023 3617 2077 animm.
3647 2023 3784 2078 Nam

2200 2116 2256 2163 et
2282 2110 2521 2179 Apostoli
2565 2111 2806 2180 quamvis
2847 2110 2898 2165 in
2949 2120 3085 2166 terra
3117 2121 3298 2166 essent
3339 2128 3533 2178 carne,
3582 2115 3785 2170 calum

2199 2209 2386 2264 erant;
2418 2201 2542 2269 quia
2569 2201 2621 2254 in
2653 2201 2756 2256 illis
2781 2202 3038 2256 Dominus
3066 2202 3279 2269 sedens,
3305 2217 3399 2272 per
3429 2213 3595 2258 totum
3627 2221 3789 2258 ιιιιιιι-

2199 2289 2324 2344 dum
2367 2290 2690 2345 ambulabat.
2740 2291 2882 2362 Ergo
2927 2291 3129 2347 habitat
3171 2293 3222 2346 in
3261 2295 3417 2349 caelo.
3464 2295 3788 2362 Quomodo?

2200 2379 2477 2448 Quomodo
2501 2383 2630 2436 dicit
2654 2384 2707 2437 in
2729 2382 2836 2436 alio
2862 2383 3085 2452 psalmo,
3111 2383 3187 2436 Tu
3215 2393 3380 2437 autem
3405 2384 3457 2438 in
3483 2396 3658 2439 sancto
3685 2388 3784 2438 ha-

2201 2474 2351 2540 bitas,
2385 2475 2498 2528 laus
2523 2473 2688 2529 Israel
2717 2473 2887 2545 (Psal.
2918 2491 3027 2539 xxi,
3056 2474 3135 2545 4).
3162 2474 3261 2542 Qui
3289 2475 3490 2531 habitat
3524 2478 3577 2531 in
3605 2479 3782 2542 caelo,

2202 2564 2404 2639 habitat
2427 2565 2478 2618 in
2505 2573 2688 2620 sancto
2713 2582 2727 2619 :
2757 2575 2932 2619 sancto
2957 2565 3102 2636 qttid,
3129 2564 3229 2619 nisi
3253 2566 3448 2635 templo
3474 2567 3606 2621 suo?
3630 2566 3787 2620 Tem-

2203 2657 2345 2726 plum
2373 2657 2504 2710 enim
2532 2654 2630 2710 Dei
2657 2666 2883 2710 sanctum
2925 2667 3029 2722 est,
3061 2657 3196 2728 quod
3218 2659 3334 2712 estis
3358 2673 3445 2712 vos
3473 2659 3513 2728 (l
3539 2657 3660 2713 Cor.
3691 2676 3748 2714 ιιι
3765 2703 3782 2726 ,

2203 2747 2309 2816 17).
2345 2748 2450 2802 Sed
2493 2763 2678 2803 omnes
2723 2749 2898 2804 adhuc
2944 2748 3137 2803 inﬁrmi
3186 2757 3240 2804 et
3280 2749 3570 2804 secundum
3617 2749 3784 2803 ﬁdem

2202 2839 2536 2895 ambulantes
2567 2841 2631 2912 (ll
2657 2839 2774 2895 Cor.
2804 2856 2860 2904 v,
2891 2841 2966 2908 7),
2995 2841 3282 2895 secundum
3312 2841 3466 2895 ﬁdem
3491 2849 3617 2894 sunt
3645 2850 3785 2895 tem-

2204 2930 2349 3001 plum
2379 2930 2490 2996 Dei,
2523 2939 2678 2985 erunt
2696 2931 2978 3000 aliquando
2999 2941 3052 2986 et
3074 2931 3365 2986 secundum
3386 2931 3614 3000 speciem
3648 2940 3787 2984 tem-

2205 3021 2346 3090 plum
2381 3021 2496 3076 Dei.
2528 3020 2788 3087 Quamdiu
2815 3030 2939 3076 sunt
2969 3022 3220 3091 templum
3263 3020 3551 3076 secundum
3584 3020 3787 3075 fidem?

2203 3111 2463 3179 Quamdiu
2496 3112 2547 3165 in
2581 3111 2709 3181 ipsis
2751 3111 2991 3166 Christus
3037 3127 3133 3180 per
3159 3111 3314 3164 ﬁdem
3362 3111 3594 3174 habitat;
3640 3111 3789 3164 sicut

2204 3204 2333 3257 dicit
2369 3203 2657 3272 Apostolus
2687 3220 2700 3255 :
2737 3202 2981 3256 Habitare
3004 3200 3255 3257 Christum
3285 3219 3374 3271 per
3396 3201 3548 3270 ﬁdem
3585 3205 3638 3254 in
3667 3218 3786 3254 cor-

2205 3297 2348 3349 dibus
2373 3295 2546 3350 vestris
2574 3295 2790 3366 (Ep/tes.
2818 3311 2902 3360 nt,
2933 3297 3048 3366 17).
3076 3297 3211 3350 Sunt
3239 3302 3413 3348 autem
3436 3294 3545 3362 jam
3574 3294 3700 3348 caeli
3733 3295 3787 3347 in

2206 3389 2397 3459 quibus
2423 3402 2517 3457 per
2544 3389 2776 3458 speciem
2800 3387 2911 3456 jam
2943 3387 3145 3441 habitat
3173 3388 3313 3440 Deus
3333 3425 3347 3450 ,
3392 3385 3628 3440 videntes
3657 3401 3786 3440 eum

2206 3482 2338 3536 facie
2366 3480 2434 3535 ad
2464 3480 2686 3545 faciem;
2720 3496 2908 3536 omnes
2935 3480 3102 3535 sancti
3131 3479 3336 3549 Angeli,
3367 3493 3552 3532 omnes
3582 3487 3789 3531 sancta:

2206 3573 2470 3638 Virtutes,
2501 3573 2834 3636 Potestates,
2865 3571 3032 3627 Sedes
3051 3611 3066 3637 ,
3099 3570 3524 3633 Dominationes,
3560 3569 3790 3624 Jerusa-

2206 3664 2308 3718 lem
2337 3664 2425 3718 illa
2448 3664 2682 3719 caelestis
2707 3662 2846 3718 unde
2875 3661 3262 3732 peregrinando
3283 3661 3700 3732 ingemiscimus,
3733 3672 3790 3714 et

2206 3773 2364 3828 quam
2407 3757 2760 3813 desiderando
2803 3771 3054 3811 oramus:
3085 3755 3155 3810 ibi
3203 3755 3402 3810 habitat
3448 3754 3605 3808 Deus.
3655 3752 3788 3807 lllnc

2208 3849 2407 3904 levavit
2425 3849 2524 3902 iste
2547 3847 2726 3909 ﬁdem,
2752 3847 2875 3901 illuc
2893 3845 3136 3901 ascendit
3153 3843 3368 3908 affectu,
3389 3843 3748 3898 desiderando
3772 3860 3786 3894 :

2207 3948 2261 3994 et
2287 3939 2456 4008 ipsum
2482 3938 2807 3994 desiderium
2835 3939 2856 3970 ⁸
2890 3937 3013 3992 facit
3039 3936 3269 3991 animam
3312 3934 3572 3990 desudare
3599 3935 3794 3988 sordes

2208 4039 2569 4098 peccatorum,
2599 4037 2653 4083 et
2683 4026 2928 4082 mundari
2957 4026 3024 4081 ab
3050 4027 3194 4080 omni
3226 4025 3364 4091 labe,
3394 4034 3453 4079 ut
3477 4024 3566 4078 ﬁat
3595 4032 3650 4078 et
3673 4024 3791 4094 ipsa

2207 4120 2400 4175 caelum
2419 4136 2434 4185 ;
2457 4119 2576 4189 quia
2593 4119 2786 4173 levavit
2801 4117 2984 4172 oculos
3001 4117 3067 4171 ad
3087 4131 3209 4171 eum
3226 4115 3313 4186 qui
3335 4115 3533 4169 habitat
3549 4114 3604 4167 in
3623 4116 3793 4170 cado.

2207 4211 2337 4266 Nam
2370 4211 2414 4264 si
2444 4211 2635 4265 caelum
2663 4209 2802 4265 istud
2829 4224 3144 4280 corporeum
3165 4207 3307 4278 quod
3329 4207 3496 4262 oculis
3517 4207 3795 4270 videmus,

2210 4301 2634 4356 intellexerimus
2661 4315 2780 4355 esse
2807 4299 3191 4355 habitationem
3220 4298 3346 4362 Dei;
3393 4298 3676 4352 transitura
3711 4310 3799 4351 est

2212 4391 2468 4445 habitatio
2500 4391 2590 4444 Dei
2611 4432 2625 4454 ,
2654 4389 2776 4456 quia
2804 4389 2996 4444 ctelum
3023 4397 3078 4444 et
3105 4399 3246 4443 terra
3289 4388 3542 4442 transient
3569 4386 3799 4455 (Matth.

2210 4499 2356 4550 XXIV,
2387 4484 2499 4553 55).
2534 4483 2732 4538 Deinde
2757 4490 3038 4550 antequam
3083 4481 3280 4536 faceret
3321 4481 3459 4534 Deus
3495 4479 3693 4534 coelum
3747 4489 3800 4533 et

2214 4583 2429 4639 terram,
2456 4574 2543 4628 ubi
2565 4571 2868 4627 habitabat?
2896 4571 3000 4628 Sed
3022 4571 3149 4626 dicit
3167 4572 3390 4641 aliquis:
3424 4570 3800 4637 Etantequam

2212 4666 2412 4720 faceret
2438 4665 2576 4719 Deus
2605 4672 2848 4728 sanctos,
2882 4662 2969 4716 ubi
3008 4660 3314 4715 habitabat?
3344 4660 3400 4714 In
3439 4675 3495 4714 se
3521 4659 3804 4714 habitabat

2215 4756 2386 4820 Deus,
2429 4754 2569 4825 apud
2611 4770 2670 4809 se
2700 4753 2998 4818 habitabat,
3043 4761 3097 4806 et
3133 4751 3271 4820 apud
3302 4767 3361 4806 se
3403 4760 3485 4805 est
3529 4750 3698 4804 Deus.
3737 4751 3805 4804 Et

2214 4848 2424 4918 quando
2452 4847 2697 4917 dignatur
2738 4845 2977 4911 habitare
3024 4845 3076 4898 in
3122 4845 3352 4908 sanctis,
3401 4858 3502 4897 non
3531 4834 3626 4897 'sic
3668 4855 3804 4897 sunt

2215 4941 2380 4994 sancti
2421 4939 2610 4993 domus
2638 4939 2762 5003 Dei,
2797 4945 2853 4992 ut
2878 4937 2990 5006 ipsa
3020 4936 3282 4990 subtracta
3309 4933 3464 4988 cadat
3489 4934 3646 4986 Deus.
3681 4934 3804 4987 Ali-

2217 5041 2296 5085 ter
2321 5031 2462 5085 enim
2491 5045 2586 5084 nos
2619 5028 2916 5084 habitamus
2944 5027 2997 5082 in
3027 5026 3208 5093 domo,
3236 5025 3393 5079 aliter
3420 5025 3556 5083 Deus
3583 5025 3635 5077 in
3665 5039 3802 5078 san-

2215 5125 2311 5178 ctis
2341 5141 2354 5176 :
2397 5131 2452 5177 tu
2479 5122 2686 5177 habitas
2714 5122 2764 5174 in
2804 5119 2998 5185 domo;
3029 5120 3073 5173 si
3102 5119 3369 5172 subtracta
3403 5116 3578 5180 fuerit,
3614 5115 3804 5175 cadis:

2217 5218 2356 5272 Deus
2377 5225 2550 5270 autem
2577 5215 2654 5269 sic
2686 5212 2885 5267 habitat
2914 5213 2967 5265 in
2990 5211 3208 5276 sanctis,
3236 5217 3292 5262 ut
3319 5209 3363 5263 si
3393 5208 3507 5276 ipse
3533 5205 3807 5262 discesse~

2218 5312 2309 5376 rit,
2337 5310 2548 5363 cadant.
2583 5307 2912 5375 Quicumque
2940 5320 3066 5374 ergo
3105 5303 3182 5357 sic
3214 5311 3385 5371 portat
3418 5302 3580 5356 Deum
3601 5342 3618 5365 ,
3646 5308 3707 5354 ut
3738 5300 3806 5353 sit

2219 5401 2469 5470 templum
2516 5400 2641 5463 Dei;
2675 5413 2779 5453 non
2812 5405 2960 5466 putet
2987 5395 3060 5450 sic
3104 5409 3133 5447 a
3160 5409 3217 5448 se
3261 5393 3456 5462 portari
3505 5392 3665 5446 Deum
3695 5431 3714 5457 ,
3749 5400 3806 5445 ut

2279 5552 2294 5584 ί
2324 5559 2387 5599 tta
2405 5559 2503 5598 Αιιι.
2531 5558 2583 5598 et
2604 5557 2710 5596 Mss.
2737 5554 2791 5595 At
2814 5551 2886 5593 Fr.
2915 5551 2968 5593 et
2989 5549 3124 5598 μοι..
3149 5539 3208 5592 sit
3231 5552 3472 5589 ascensus.

2279 5613 2508 5722 ’dsliquot
2535 5620 2658 5671 διες»,
2685 5608 2789 5671 ipso
2809 5604 3052 5658 desiderio
3080 5616 3096 5653 :
3124 5611 3174 5652 et
3201 5601 3320 5652 infra
3337 5601 3549 5664 quidam,
3577 5600 3808 5649 deserere

2279 5689 2292 5697 "
2334 5687 2396 5720 08.

2217 5687 2396 5724 δοναεδ.
