4032 6202
199 393 337 451 1653

194 525 396 570 terreat
426 513 608 574 Deum,
643 511 686 566 si
714 526 772 566 se
795 509 1071 565 subducat.
1095 509 1183 563 Vae.
1210 509 1280 562 illi
1309 510 1351 562 si
1375 523 1432 564 se
1457 486 1780 563 subtraxerit

193 607 376 670 Deus;
406 604 530 674 quia
560 603 672 672 ipse
700 602 876 655 cadit:
907 616 1027 654 nam
1074 601 1212 654 Deus
1239 600 1290 652 in
1322 613 1380 653 se
1423 614 1634 668 semper
1663 613 1777 651 ma-

191 707 310 751 net.
344 695 400 748 In
425 694 615 763 quibus
644 707 741 747 nos
769 692 1064 746 habitamus
1084 734 1100 756 ,
1130 692 1241 761 ipsa
1267 706 1364 745 nos
1390 690 1694 752 continent;
1727 691 1777 743 in

190 787 392 855 quibus
417 785 558 838 Deus
597 783 829 845 habitat,
875 782 987 850 ipse
1029 782 1147 835 illos
1175 779 1431 834 continet.
1461 779 1577 835 Jam
1607 779 1780 834 videte

191 887 454 946 quantum
479 875 695 928 interest
717 873 854 926 inter
877 880 1110 926 nostram
1141 871 1540 937 habitationem,
1567 881 1620 926 et
1647 871 1737 926 Dei
1762 889 1776 925 :

191 977 248 1019 et
279 967 354 1020 sic
383 965 522 1018 dicat
545 964 719 1017 anima
743 1004 756 1025 ,
781 963 860 1016 Ad
881 972 926 1015 te
955 963 1109 1015 levavi
1133 962 1304 1016 oculos
1335 978 1488 1028 meos,
1517 964 1601 1031 qui
1633 961 1777 1014 habi-

189 1067 276 1110 tus
303 1058 355 1110 in
378 1057 537 1119 caelo;
569 1065 625 1108 ut
653 1054 907 1124 intelligat
933 1054 1049 1123 quia
1083 1054 1220 1108 Deus
1257 1069 1353 1108 nec
1378 1053 1516 1108 caelo
1547 1053 1774 1122 indiget,

190 1147 286 1200 ubi
313 1147 546 1211 habitet;
578 1145 671 1200 sed
697 1145 893 1200 malum
922 1146 1033 1214 ipso
1065 1145 1282 1215 indiget,
1315 1155 1370 1200 ut
1393 1146 1460 1200 ab
1485 1145 1598 1214 ipso
1625 1145 1778 1199 inha-

193 1241 410 1294 bitetur.

270 1331 320 1385 5.
353 1328 504 1402 [rem
533 1328 672 1400 2-4.]
698 1327 834 1395 Quid
865 1343 992 1397 ergo
1017 1329 1274 1398 sequitur,
1302 1327 1420 1396 quia
1447 1328 1595 1391 dixit,
1629 1327 1707 1380 Ad
1731 1337 1778 1380 te

195 1422 353 1474 feraci
382 1419 556 1473 oculos
587 1435 742 1484 meos,
774 1420 858 1487 qui
882 1417 1076 1471 habitas
1116 1419 1169 1470 in
1206 1418 1371 1471 σαειοῖ
1394 1417 1670 1485 Quomodo
1701 1412 1777 1471 le;

198 1515 329 1567 vasti
354 1513 542 1567 oculos
572 1511 726 1566 tuos?
759 1511 886 1567 Ecce
909 1511 1038 1565 sicut
1074 1511 1206 1564 oculi
1234 1527 1485 1564 servorum
1524 1512 1575 1562 in
1601 1526 1778 1563 manus

198 1607 516 1660 douiinorum
545 1621 769 1668 suomm,
800 1615 845 1658 et
873 1606 1000 1658 sicut
1027 1605 1158 1658 oculi
1183 1605 1380 1658 ancilla:
1408 1606 1461 1658 in
1483 1621 1660 1658 manus
1687 1605 1779 1658 do-

198 1699 348 1750 minre
370 1712 516 1761 sum;
539 1697 610 1750 sic
631 1697 761 1751 oculi
783 1698 938 1750 nostri
958 1696 1024 1748 ad
1047 1694 1322 1749 Dominum
1341 1695 1504 1750 Deum
1531 1705 1772 1761 nostrum,

197 1791 523 1862 quoadusque
550 1792 844 1844 misereatur
868 1791 1042 1844 nostri.
1074 1791 1138 1843 Et
1161 1789 1299 1844 servi
1340 1803 1522 1843 sumus
1541 1830 1556 1855 ,
1597 1797 1651 1843 et
1678 1803 1777 1842 an-

195 1881 316 1936 cilla
344 1897 531 1936 sumus
555 1899 568 1935 :
602 1880 688 1936 ille
716 1890 770 1936 et.
799 1881 1046 1936 dominus
1065 1888 1165 1940 est,
1190 1888 1245 1934 et
1269 1879 1482 1932 domina
1506 1887 1607 1934 est.
1631 1882 1734 1933 Aut
1757 1879 1775 1910 ¹

196 1969 322 2039 quid
361 1971 462 2025 sibi
488 1972 671 2024 volunt
708 1971 806 2025 ista
846 1970 1046 2025 verba?
1081 1978 1134 2024 et
1173 1969 1298 2038 quid
1326 1968 1425 2023 sibi
1453 1969 1628 2021 volunt
1663 1967 1778 2022 istze

197 2060 567 2115 similitudines
611 2060 831 2116 rerum?
878 2060 1130 2115 Attendat
1169 2060 1490 2130 aliquantum
1538 2057 1778 2114 Charitas

170 2142 398 2208 'vestra.
432 2153 545 2208 Non
575 2155 766 2208 mirum
795 2154 840 2209 si
879 2154 1018 2208 servi
1059 2168 1277 2218 sumus,
1308 2159 1362 2207 et
1403 2152 1492 2206 ille
1534 2150 1779 2206 dominus

197 2255 311 2310 est;
345 2245 440 2300 sed
470 2246 662 2300 mirum
689 2245 731 2300 si
762 2245 952 2300 ancilla
991 2259 1173 2299 sumus
1193 2285 1209 2310 ,
1241 2253 1296 2300 et
1325 2245 1411 2300 ille
1435 2243 1648 2298 domina
1675 2251 1774 2297 est.

197 2335 300 2392 Sed
326 2353 502 2408 neque
531 2337 632 2393 hoc
658 2338 850 2392 mirum
893 2340 1012 2408 quia
1049 2339 1235 2392 ancilla
1276 2353 1494 2402 sumus;
1539 2337 1776 2392 Ecclesia

200 2429 340 2482 enim
373 2442 596 2483 sumus:
628 2443 726 2482 nec
763 2428 890 2482 illud
921 2429 1109 2482 mirmn
1130 2468 1146 2494 ,
1192 2428 1312 2496 quia
1337 2437 1391 2482 et
1428 2428 1541 2497 ipse
1565 2427 1777 2482 domina

197 2529 309 2583 est;
337 2519 508 2573 virtus
534 2519 674 2573 enim
706 2528 862 2573 estet
886 2519 1142 2586 sapientia
1172 2518 1286 2572 Dei.
1312 2517 1446 2571 Audi
1476 2531 1604 2587 ergo
1633 2518 1777 2586 Apo-

197 2610 392 2663 stolum
423 2608 688 2665 dicentem
713 2627 726 2663 :
764 2628 780 2660 ι
810 2609 916 2663 Nos
937 2619 1111 2662 autem
1138 2608 1486 2679 prmdicamus
1511 2605 1776 2662 Christum

198 2697 508 2752 crucifixum
532 2715 547 2764 ;
576 2699 773 2753 Judaeis
802 2698 1011 2768 quidem
1041 2697 1344 2752 scandalum
1363 2738 1377 2761 ,
1405 2696 1663 2752 Gentibus
1688 2712 1781 2750 au-

199 2799 302 2846 tem
347 2791 660 2856 stultitiam;
690 2791 817 2858 ipsis
844 2807 969 2845 vero
994 2790 1192 2844 vocatis
1224 2789 1422 2844 Judaais
1464 2798 1517 2843 et
1543 2789 1742 2843 Grmcis
1761 2829 1776 2852 ,

197 2880 469 2936 Christum
500 2881 593 2934 Dei
617 2882 862 2936 virtutem
882 2923 896 2945 ,
928 2891 980 2935 ct
1007 2881 1098 2935 Dei
1125 2880 1434 2950 sapientiam
1461 2898 1479 2932 ι
1517 2879 1559 2950 (Ι
1589 2878 1702 2933 Cor.
1739 2896 1775 2941 ι.

196 2972 265 3025 23
291 2983 342 3025 et
373 2971 490 3041 Ἠ).
534 2971 602 3026 Ut
625 2972 733 3040 jam
772 2973 839 3025 sit
875 2987 1061 3026 servus
1104 2972 1360 3041 populus,
1403 2980 1457 3025 et.
1480 2973 1548 3026 sit
1591 2971 1779 3026 ancilla

198 3063 436 3117 Ecclesia
463 3077 478 3127 ;
511 3063 765 3116 Christum
793 3062 888 3116 Dei
930 3064 1159 3116 virtutem
1184 3104 1198 3128 ,
1238 3072 1283 3117 et
1309 3061 1404 3117 Dei
1441 3063 1780 3131 sapientiam:

197 3163 486 3222 utrumque
509 3153 734 3219 audisti,
764 3151 1019 3207 Christum
1053 3151 1148 3206 Dei
1184 3154 1416 3206 virtutem
1436 3194 1450 3219 ,
1479 3161 1523 3207 et
1562 3153 1659 3206 Dei
1694 3171 1780 3207 sa-

199 3245 463 3312 pientiam.
491 3243 625 3299 Cum
656 3261 780 3314 ergo
800 3245 952 3298 audis
975 3244 1239 3300 Christum
1258 3287 1272 3309 ,
1301 3246 1415 3299 leva
1441 3247 1624 3302 oculos
1662 3255 1781 3300 tuos

200 3337 250 3389 in
281 3350 474 3389 manus
505 3336 710 3389 Domini
739 3336 849 3401 tui;
885 3352 1005 3390 cum
1033 3337 1184 3391 audis
1216 3337 1303 3391 Dei
1335 3339 1582 3392 virtutem
1612 3348 1661 3391 ct
1693 3338 1780 3390 Dei

201 3427 547 3496 sapientiam,
575 3427 686 3481 leva
714 3427 896 3482 oculos
922 3437 1038 3482 tuos
1081 3429 1130 3480 in
1174 3443 1361 3482 manus
1387 3428 1614 3482 dominre
1641 3436 1778 3483 tum:

203 3520 325 3588 quia
357 3529 412 3574 et
439 3534 624 3574 servus
650 3528 703 3574 et
730 3520 920 3574 ancilla
944 3536 1031 3586 es;
1063 3536 1268 3586 servus,
1294 3522 1410 3591 quia
1441 3522 1662 3591 populus
1688 3538 1779 3588 es;

203 3613 432 3674 ancilla,
477 3613 598 3682 quia
637 3613 872 3668 Ecclesia
918 3627 996 3667 es.
1046 3613 1159 3682 Ipsa
1203 3622 1381 3668 autem
1433 3615 1620 3668 ancilla
1676 3630 1785 3667 ma-

203 3719 360 3771 gnam
388 3702 695 3772 dignitatem
729 3703 926 3756 invenit
962 3703 1099 3771 apud
1130 3702 1328 3756 Deum:
1359 3719 1492 3756 uxor
1523 3702 1657 3755 facta
1682 3713 1780 3756 est.

204 3792 310 3848 Sed
339 3791 513 3846 donec
547 3795 722 3846 veniat
761 3791 826 3846 ad
867 3793 1142 3860 amplexus
1169 3793 1286 3846 illos
1330 3793 1664 3860 spirituales,
1699 3792 1782 3844 ubi

205 3900 394 3940 secure
432 3883 736 3953 perfruatur
764 3899 829 3939 eo
859 3899 1016 3954 quem
1046 3884 1263 3946 dilexit,
1301 3893 1352 3938 et
1381 3883 1462 3937 cui
1505 3884 1788 3953 suspiravit

206 3976 258 4030 in
289 3977 388 4029 ista
416 3975 660 4029 diuturna
691 3976 1132 4044 peregrinatione,
1153 3991 1343 4045 sponsa
1368 3985 1449 4030 est
1475 3993 1487 4027 :
1513 3984 1564 4029 ct
1586 3976 1790 4044 accepit

204 4067 422 4120 arrham
457 4081 720 4136 magnam,
755 4065 1061 4136 sanguinem
1093 4066 1308 4135 sponsi,
1347 4065 1438 4120 cui
1470 4081 1654 4120 secura
1701 4080 1790 4120 su-

204 4158 396 4226 spirat.
422 4156 531 4210 Nec
561 4149 636 4211 illi
663 4156 889 4223 dicitur,
928 4156 1042 4211 Noli
1071 4172 1280 4212 amare:
1312 4156 1578 4226 quomodo
1601 4157 1791 4211 dicitur

205 4247 496 4317 aliquando
520 4248 705 4318 virgini
723 4249 831 4316 jam
859 4248 1213 4318 desponsatae,
1238 4258 1292 4302 et
1317 4249 1548 4303 nondum
1576 4259 1751 4318 nuptm
1775 4267 1788 4303 :

205 4348 260 4392 et
297 4339 445 4408 juste
471 4337 682 4404 dicitur,
714 4339 828 4392 Noli
854 4353 1062 4405 amare;
1105 4354 1226 4394 cum
1263 4339 1394 4394 facta
1443 4341 1602 4395 fueris
1637 4355 1789 4406 uxor,

205 4438 334 4485 tunc
354 4445 475 4483 ama
502 4447 515 4482 :
540 4439 681 4484 recte
702 4429 913 4494 dicitur,
937 4429 1058 4500 quia
1090 4445 1479 4501 prmpropcrum
1510 4440 1563 4486 et
1588 4447 1794 4501 praepo-

206 4530 416 4577 sterum
458 4520 778 4576 desiderium
821 4530 922 4588 est,
949 4530 1002 4575 et
1043 4537 1149 4575 non
1189 4531 1413 4586 castum,
1454 4537 1636 4577 amare
1669 4537 1791 4578 eum

207 4613 293 4665 cui
318 4611 490 4666 nescit
513 4627 580 4665 an
609 4611 787 4666 nubat.
815 4612 999 4666 Potest
1017 4612 1157 4666 enim
1181 4613 1293 4667 fieri
1317 4623 1374 4666 ut
1398 4614 1532 4668 alius
1551 4625 1788 4684 sponset,

208 4711 265 4756 et
289 4702 429 4755 alius
455 4700 614 4756 ducat
637 4716 876 4756 uxorem.
916 4703 1048 4769 Quia
1076 4717 1203 4757 vero
1232 4704 1411 4758 nullus
1436 4705 1571 4758 alius
1599 4713 1680 4759 est
1703 4705 1792 4774 qui

208 4789 426 4843 Christo
465 4799 826 4860 prteponatur,
859 4807 1042 4848 secura
1081 4801 1224 4847 amet
1263 4793 1398 4847 ista:
1432 4803 1486 4848 et
1514 4803 1794 4864 antequam

209 4880 282 4934 illi
314 4880 602 4949 jungatur,
647 4882 809 4946 amet,
851 4890 905 4938 et
937 4883 1003 4938 de
1041 4883 1328 4953 longinquo
1362 4886 1593 4955 suspiret
1635 4895 1688 4940 et
1729 4885 1796 4941 de

210 4970 502 5039 longinqua
529 4972 976 5041 peregrinatione.
1013 4973 1171 5028 Solus
1199 4973 1377 5041 ducet,
1405 4977 1526 5045 quia
1548 4976 1693 5030 solus
1720 4985 1797 5030 ta-

207 5061 317 5114 lem
352 5061 567 5114 arrbam
610 5062 774 5117 dedit.
824 5062 953 5130 Quis
987 5064 1128 5118 enim
1172 5073 1343 5133 potest
1381 5065 1458 5120 sic
1493 5066 1708 5128 ducere.
1740 5075 1798 5120 ut

209 5152 477 5205 moriatur
504 5166 600 5220 pro
621 5168 680 5206 ea
711 5169 868 5222 quam
899 5154 1012 5209 vult
1034 5154 1260 5209 ducere?
1283 5155 1336 5210 Si
1366 5157 1508 5210 enim
1535 5158 1668 5210 mori
1704 5171 1797 5224 pro

207 5256 271 5294 ea
292 5241 543 5306 voluerit,
569 5257 671 5297 non
699 5245 801 5298 erit
829 5245 916 5313 qui
934 5245 1108 5299 ducat.
1133 5245 1363 5301 Securus
1383 5254 1560 5300 autem
1587 5248 1675 5302 ille
1704 5263 1799 5316 pro

208 5348 412 5399 sponsa
442 5343 683 5388 mortuus
717 5345 830 5398 est,
862 5352 1018 5406 quam
1051 5352 1332 5408 resurgens
1367 5348 1483 5394 erat
1519 5339 1795 5395 ducturus.

211 5423 630 5492 Verumtamen,
671 5425 884 5492 fratres,
928 5429 1136 5482 interim
1167 5431 1332 5484 simus
1367 5431 1632 5498 quomodo
1661 5432 1800 5484 servi

216 5526 267 5568 et
297 5517 510 5569 ancilla.
544 5516 751 5571 Dictum
786 5529 868 5572 est
893 5518 1104 5588 quidem
1147 5520 1266 5574 Non
1296 5537 1379 5575 vos
1409 5523 1574 5574 dicam
1613 5538 1794 5587 servos,

215 5605 306 5657 sed
331 5607 550 5670 aulicos,
583 5606 774 5676 (Joan.
804 5625 892 5674 XV,
923 5611 1022 5679 15)
1055 5627 1067 5662 :
1097 5609 1190 5664 sed
1219 5610 1354 5664 forte
1378 5611 1506 5665 solis
1530 5612 1802 5681 discipulis

217 5696 350 5749 dixit
382 5697 675 5752 Dominus?
703 5699 895 5754 Audite
917 5701 1211 5769 apostolum
1240 5700 1458 5755 Paulum
1487 5702 1752 5758 dicentem
1787 5721 1799 5758 :

287 5813 302 5838 '
331 5815 464 5871 Lov.,
485 5818 552 5860 at.
653 5819 708 5859 Μ.

1283 390 1681 449 ENARRATIO
1708 391 1771 447 1N
1820 389 2139 447 PSALMUM
2169 388 2376 447 CXXII.

3338 396 3472 450 £635

1892 503 2074 575 Itaque
2099 507 2224 572 iam,
2253 507 2438 575 inquit,
2475 522 2572 559 non
2605 515 2673 560 est
2700 518 2892 574 servus,
2927 508 3016 561 sed
3038 507 3210 576 ﬁlius;
3234 510 3276 562 si
3302 525 3468 565 autem

1888 597 2043 664 ﬁlius,
2074 607 2123 650 et
2154 598 2312 651 haeres
2337 614 2426 664 per
2457 596 2613 648 Deum
2642 597 2849 666 (Galat.
2882 615 2954 662 tv,
2988 599 3065 670 7).
3101 600 3300 668 Pupqu
3327 601 3465 655 dice-

1889 687 1996 753 bat,
2030 687 2271 741 fidelibus
2300 688 2528 740 dicebat.
2554 687 2668 742 Jam
2691 704 2816 758 ergo
2842 689 2891 742 in
2917 691 3128 745 nomine
3151 693 3354 744 Domini
3385 709 3466 748 rc-

1886 776 2084 846 dempti
2106 779 2364 847 sanguine
2386 779 2572 845 ipsius,
2596 779 2688 831 loti
2707 780 2916 834 lavacro
2938 781 3122 849 ipsius,
3145 781 3233 834 filii
3261 797 3464 847 sumus,

1885 867 2024 924 filius
2069 885 2282 935 sumus;
2331 871 2452 938 quia
2491 872 2568 924 sic
2605 871 2751 923 multi
2783 886 2999 936 smnus,
3036 882 3092 925 ut
3125 874 3175 926 in
3213 874 3301 928 illo
3331 890 3467 930 llllllS

1885 963 2071 1017 simus.
2097 963 2233 1031 Quid
2259 964 2500 1033 ergosibi
2525 964 2653 1029 vult,
2676 964 2816 1034 quod
2848 965 3017 1019 adhuc
3051 975 3296 1035 tanquam
3324 969 3464 1021 servi

1886 1052 2185 1123 loquimur?
2214 1054 2475 1124 Numquid
2519 1063 2718 1108 tantum
2765 1055 3010 1108 meritum
3054 1056 3253 1112 habere
3281 1073 3466 1126 possu-

1886 1159 2002 1197 mus
2042 1143 2095 1198 in
2143 1131 2401 1211 Ecclesia,
2449 1147 2690 1215 quamvis
2723 1146 2830 1215 jam
2881 1147 2969 1200 ﬁlii
3012 1147 3130 1202 facti
3167 1164 3231 1203 ex
3276 1153 3464 1214 servis,

1884 1247 2136 1306 quantum
2168 1238 2346 1292 habuit
2369 1239 2479 1307 ipse
2502 1240 2772 1308 apostolus
2795 1239 3027 1293 Paulus?
3059 1242 3123 1295 Et
3145 1251 3317 1296 tamen
3340 1243 3464 1312 quid

1883 1327 2009 1380 dicit
2035 1328 2085 1380 in
2112 1328 2378 1396 Epistola?
2412 1328 2608 1381 Paulus
2633 1345 2801 1382 servas
2827 1330 3014 1383 Christi
3037 1329 3160 1384 Jesu
3191 1331 3379 1400 (Rom.
3412 1349 3426 1386 1
3450 1374 3464 1395 ,

1885 1419 1959 1488 1).
2004 1417 2059 1472 Si
2091 1419 2177 1472 ille
2214 1433 2272 1472 se
2320 1419 2495 1472 adhuc
2537 1419 2662 1472 dicit
2707 1435 2936 1486 servum,
2983 1437 3077 1490 per
3113 1436 3269 1490 quem
3317 1423 3466 1476 nobis

1885 1509 2223 1580 Evangelium
2253 1511 2593 1580 pratdicatum
2622 1519 2730 1577 est;
2760 1523 2956 1581 quanto
2986 1514 3153 1582 magis
3180 1530 3276 1568 nos
3307 1514 3466 1569 debe-

1885 1618 2002 1655 mus
2022 1617 2312 1672 agnoscere
2341 1603 2700 1657 conditionem
2743 1614 2974 1657 nostram
2993 1647 3005 1669 ,
3039 1614 3095 1659 ut
3125 1605 3294 1674 major
3314 1607 3382 1661 sit
3414 1606 3464 1660 in

1884 1695 2036 1746 nobis
2061 1695 2229 1764 gratia
2254 1695 2459 1764 ipsius?
2487 1695 2665 1749 Primo
2687 1697 2827 1750 enim
2850 1711 3034 1751 servos
3059 1697 3202 1762 fecit,
3231 1714 3363 1768 quos
3390 1715 3466 1753 re~

1881 1784 2066 1840 demit.
2098 1786 2322 1855 Sanguis
2348 1787 2488 1840 enim
2523 1787 2614 1842 ille
2648 1804 2743 1857 pro
2773 1791 2940 1843 servis
2971 1791 3192 1857 pretium
3221 1799 3335 1856 est,
3370 1805 3471 1859 pro

1883 1889 2075 1944 sponsa
2117 1875 2305 1945 pignus
2339 1886 2439 1931 est.
2481 1879 2842 1948 Agnoscentes
2884 1879 3062 1948 itaque
3105 1879 3464 1933 conditionem

1884 1975 2140 2032 nostram,
2169 1967 2270 2021 etsi
2293 1969 2400 2036 jam
2427 1968 2514 2021 lilii
2541 1984 2636 2037 per
2663 1970 2920 2038 gratiam,
2957 1970 3096 2024 servi
3135 1979 3307 2025 tamen
3345 1985 3468 2040 pro-

1884 2065 2002 2126 pter
2039 2066 2357 2120 creaturam,
2404 2060 2526 2128 quia
2569 2061 2814 2115 universa
2861 2069 3104 2115 creatura
3150 2061 3257 2116 Deo
3281 2063 3466 2128 servit,

1883 2149 2147 2204 dicamus:
2172 2169 2190 2202 ι
2214 2151 2364 2206 Sicut
2385 2153 2525 2206 oculi
2549 2167 2823 2207 servorum
2847 2154 2898 2207 in
2921 2169 3107 2208 manus
3131 2154 3466 2208 dominorum

1882 2255 2120 2308 suorum,
2149 2250 2202 2296 et
2227 2243 2361 2297 sicut
2391 2244 2526 2297 oculi
2555 2245 2758 2298 ancillae
2782 2249 2834 2297 in
2860 2260 3046 2299 manus
3066 2245 3294 2299 dominae
3319 2260 3430 2300 sua:
3453 2264 3465 2297 :

1884 2331 1961 2384 sic
1986 2332 2122 2385 oculi
2156 2333 2321 2386 nostri
2361 2333 2428 2386 ad
2467 2334 2742 2386 Dominum
2770 2335 2932 2387 Deum
2966 2343 3227 2400 nostrum,
3267 2335 3468 2404 quoad-

1885 2439 2051 2493 usque
2072 2425 2393 2480 misereatur
2418 2426 2606 2478 nostri.
2636 2444 2653 2476 ι

1957 2518 2010 2568 6.
2042 2516 2247 2571 Dixitet
2269 2532 2454 2586 quare,
2475 2518 2609 2570 sicut
2629 2517 2765 2571 servi
2785 2517 2969 2571 oculos
2986 2516 3178 2571 habent
3199 2517 3251 2570 in
3279 2531 3469 2572 manus

1884 2605 2082 2659 domini
2101 2607 2202 2672 sui,
2228 2616 2282 2661 et
2298 2607 2431 2661 sicut
2453 2607 2656 2660 ancillae
2677 2607 2857 2660 oculos
2875 2606 3068 2659 habent
3086 2607 3136 2659 in
3162 2622 3344 2660 manas
3366 2606 3466 2659 do-

1885 2697 2040 2750 mina:
2062 2714 2170 2752 sum
2197 2716 2211 2760 ;
2241 2699 2332 2760 sic,
2355 2699 2542 2768 inquit,
2571 2700 2702 2752 oculi
2728 2700 2884 2751 nostri
2913 2698 2979 2750 ad
3000 2697 3272 2752 Dominum
3304 2698 3469 2752 Deum

1885 2797 2126 2841 nostrum.
2168 2789 2396 2858 thuasi
2420 2805 2710 2858 qusereres,
2743 2791 2972 2859 thuid‘!
3002 2791 3358 2860 Quoadusque,
3393 2792 3471 2844 iu-

1885 2879 2016 2948 quit,
2037 2879 2324 2932 misereatur
2340 2882 2514 2932 nostri.
2531 2881 2722 2948 Quales
2743 2897 2868 2950 ergo
2891 2882 3051 2935 voluit
3068 2897 3253 2936 servos
3273 2882 3468 2936 intelli-

1884 2970 1956 3039 gi,
1977 2968 2187 3032 fratres,
2206 2971 2293 3038 qui
2312 2972 2493 3024 oculos
2513 2971 2705 3026 habent
2724 2972 2775 3024 in
2796 2987 2981 3025 manus
2993 2972 3326 3026 dominorum
3343 2988 3468 3027 suo-

1886 3075 2038 3124 rum;
2072 3070 2125 3115 et
2150 3062 2335 3131 quales
2358 3063 2595 3126 ancillas,
2633 3077 2750 3132 qua:
2771 3063 2952 3116 oculos
2979 3062 3173 3135 habent
3201 3063 3253 3116 in
3285 3079 3480 3116 manus-

1887 3153 2114 3207 dominze
2141 3168 2270 3220 sum,
2296 3156 2640 3224 quoadusque
2670 3155 2982 3208 misereatur
3007 3154 3220 3208 domina
3249 3170 3429 3209 earum
3448 3155 3473 3206 ?

1887 3243 1986 3311 Qui
2019 3253 2141 3298 sunt
2171 3246 2253 3299 isti
2285 3246 2421 3300 servi
2445 3255 2498 3300 et
2521 3246 2746 3308 ancillae,
2777 3246 2864 3314 qui
2894 3245 2970 3299 sic
2995 3245 3187 3301 habent
3213 3247 3395 3301 oculos
3420 3247 3478 3301 in-

1889 3352 2075 3391 manus
2113 3337 2450 3391 dominorum
2499 3351 2734 3402 suorum,
2781 3337 2880 3390 nisi
2907 3337 2994 3406 qui
3027 3337 3276 3405 jubentur
3302 3337 3472 3391 caedi?

1892 3426 2042 3480 Oculi
2071 3429 2228 3480 nostri
2267 3428 2335 3480 ad
2362 3426 2634 3480 Dominum
2661 3427 2822 3480 Deum
2869 3438 3115 3491 nostrum,
3153 3428 3478 3497 quoadusque

1889 3519 2178 3570 misereatur
2227 3519 2404 3571 nostri.
2439 3512 2755 3585 Quomodo?
2807 3517 2950 3570 Sicut
2987 3516 3119 3571 oculi
3143 3534 3393 3571 servorum
3422 3518 3483 3570 in

1891 3626 2068 3661 manus
2092 3609 2406 3660 dominorum
2424 3626 2650 3674 suorum,
2684 3619 2730 3661 et
2755 3609 2882 3661 sicut
2911 3610 3047 3662 oculi
3069 3611 3269 3663 ancilla:
3291 3611 3343 3662 in
3365 3627 3486 3662 nia--

1892 3714 1985 3749 nus
2013 3698 2229 3749 dominte
2253 3712 2376 3749 suas.
2426 3698 2562 3765 Ergo
2596 3705 2650 3750 et
2678 3697 2748 3749 illi
2781 3705 2835 3749 ct
2857 3697 2979 3761 illa},
3005 3699 3344 3767 quoadusque
3372 3699 3473 3751 mi-

1892 3795 2129 3840 sereatur
2165 3787 2246 3839 vel
2276 3785 2525 3838 dominus
2568 3786 2651 3839 vel
2679 3785 2914 3839 domina.
2947 3786 3052 3839 Fac
3085 3802 3212 3856 ergo
3245 3788 3472 3857 aliquem

1892 3877 2163 3929 (leininum
2183 3875 2405 3946 jussisse
2430 3890 2640 3930 servum
2669 3876 2800 3929 caedi
2831 3893 2844 3927 :
2874 3875 3086 3944 vapulat
3111 3891 3317 3942 servus,
3348 3892 3475 3932 sen~

1896 3969 1956 4021 tit
1992 3970 2259 4037 plagarum
2300 3966 2546 4029 dolores;
2579 3966 2802 4020 attendit
2827 3966 2891 4020 ad
2926 3980 3112 4019 [nauus
3140 3966 3340 4021 domini
3369 3969 3475 4032 sui,

1893 4061 2234 4128 quoadusque
2261 4058 2420 4121 dicat,
2454 4059 2634 4111 Parce.
2663 4058 2873 4111 Manum
2911 4057 3078 4124 enim,
3105 4059 3271 4126 ipSaiu
3321 4069 3442 4128 pote
3461 4089 3475 4099 -

1895 4157 2083 4203 statem
2127 4148 2271 4201 dicit.
2306 4148 2443 4217 Ergo
2469 4146 2595 4216 quid
2633 4146 2879 4210 dicimus,
2918 4146 3147 4202 fratres?
3188 4147 3352 4202 Jussit
3377 4164 3480 4203 nos

1896 4239 2025 4294 caedi
2061 4241 2313 4294 Dominus
2335 4248 2536 4303 noster,
2568 4247 2623 4292 et
2651 4238 2860 4292 domina
2890 4248 3069 4292 nostra
3099 4239 3354 4308 sapientia
3383 4238 3485 4294 Dei

1892 4332 2049 4401 jussit
2074 4346 2170 4386 nos
2198 4331 2362 4395 cmdi;
2393 4331 2517 4386 etin
2543 4331 2643 4384 hac
2670 4329 2776 4384 vita
2804 4331 3134 4400 vapulamus,
3164 4341 3219 4386 et
3245 4340 3350 4385 tota
3379 4332 3486 4386 ista

1898 4423 2002 4475 vita
2034 4421 2273 4475 mortalis
2317 4422 2469 4491 plaga
2519 4429 2696 4475 nostra
2729 4429 2830 4474 est.
2877 4420 3010 4474 Audi
3040 4436 3222 4474 vocem
3252 4421 3435 4490 psalmi
3465 4438 3486 4476 ι

1903 4513 2006 4568 Pro
2051 4514 2311 4583 iniquitate
2357 4513 2568 4568 erudisti
2617 4513 2907 4577 hominem;
2947 4522 2994 4566 et
3040 4513 3285 4568 tabescere
3321 4513 3491 4584 fecisti

1899 4605 2026 4658 sicut
2041 4621 2278 4657 araneam
2296 4604 2518 4657 animum
2534 4620 2694 4657 meam
2714 4601 2883 4677 (Psal.
2903 4620 2933 4657 ιε
2944 4619 3138 4671 xxvm,
3153 4605 3260 4675 12).
3291 4606 3330 4658 Α
3343 4614 3488 4684 ιιοηίι

1900 4697 2024 4761 dite,
2049 4697 2256 4763 fratres,
2285 4712 2440 4766 (piam
2465 4696 2638 4751 tabida
2659 4707 2740 4751 est
2760 4711 2976 4761 aranea,
3000 4706 3054 4750 ut
3077 4698 3175 4751 levi
3197 4708 3334 4751 tactu
3361 4713 3490 4752 conv

1900 4798 2178 4859 quassetur
2206 4797 2260 4844 et
2287 4790 2561 4844 moriatur.
2595 4789 2661 4842 Et
2693 4805 2759 4843 ne
2789 4790 2937 4858 quasi
2961 4803 3174 4842 carnem
3205 4791 3372 4844 solam
3400 4791 3495 4844 in-r

1905 4881 2152 4935 firmitate
2187 4880 2524 4934 mortalitatis
2552 4889 2856 4947 putaremus
2884 4893 2981 4932 nos
3011 4879 3207 4934 habere
3229 4880 3492 4939 tabidum;

1903 4986 2006 5023 non
2029 4970 2181 5035 dixit,
2201 4969 2500 5024 Tabescere
2527 4983 2612 5022 me
2640 4968 2836 5034 fecisti;
2871 4984 2935 5024 ne
2956 4971 3246 5024 secundum
3269 4982 3487 5025 carnem

1904 5062 2315 5132 iutelligercmus
2340 5079 2352 5114 ε
2381 5061 2474 5116 sed
2499 5061 2592 5125 ait,
2615 5059 2887 5115 Tabescere
2906 5062 3068 5132 fecisti
3091 5063 3219 5115 sicut
3245 5078 3488 5115 araneam

1904 5155 2125 5206 annnam
2142 5170 2320 5204 meam.
2337 5152 2474 5206 Nihil
2490 5153 2631 5205 enim
2651 5151 2907 5205 infirmius
2924 5152 3099 5206 anima
3118 5163 3294 5205 nostra
3317 5153 3498 5220 posita

1908 5245 1957 5298 in
1985 5243 2172 5298 mediis
2194 5244 2572 5298 tentationibus
2603 5245 2801 5308 saeculi,
2832 5246 2880 5297 in
2910 5244 3098 5298 mediis
3125 5244 3402 5312 gemitibus
3432 5253 3494 5295 et'

1908 5337 2343 5407 parturitionihns
2375 5337 2767 5401 molestiarum;
2796 5337 2921 5390 nihil
2941 5353 3001 5389 ca
3026 5336 3282 5389 infirmius
3313 5336 3484 5390 donec

1909 5428 2106 5482 hmreat
2149 5428 2399 5482 soliditati
2427 5429 2650 5494 cmlesti,
2683 5439 2736 5483 et
2766 5430 2832 5482 sit
2858 5430 2907 5482 in
2941 5428 3134 5496 templo
3158 5428 3303 5492 Dei',
3349 5429 3493 5482 unde

1904 5519 2011 5588 jam
2042 5534 2145 5571 non
2179 5518 2333 5572 cadat
2361 5537 2372 5571 :
2406 5521 2525 5588 quia
2558 5521 2727 5587 primo
2757 5529 2812 5572 ut
2851 5521 3055 5574 veniret
3089 5519 3154 5572 ad
3183 5518 3319 5572 hanc
3346 5520 3488 5572 inlira

1909 5611 2144 5663 mitatem
2175 5619 2227 5663 ct
2259 5608 2686 5668 tablficationcm.
2719 5611 2854 5663 sicut
2893 5625 3080 5663 aranea
3115 5610 3316 5662 infirma
3355 5610 3488 5666 facta

1910 5711 2012 5765 est,
2042 5711 2094 5755 et
2127 5700 2195 5754 de
2223 5701 2466 5769 paradiso
2502 5701 2716 5769 expulsa
2762 5711 2860 5754 est.
2901 5699 3243 5770 Tttncjussus
3265 5709 3347 5755 est
3375 5715 3488 5754 ser-

1979 5815 1992 5844 '
2021 5811 2246 5875 Plerique
2269 5819 2395 5872 Mss,
2419 5811 2466 5862 in
2485 5818 2514 5861 ις
2532 5812 2710 5874 mplum
2739 5811 2840 5861 Dei.
