4032 6202
548 359 687 419 1655

541 489 643 530 vus
669 473 820 528 cedi.
856 470 1070 527 Fratres
1108 469 1234 539 mei,
1265 469 1441 525 videte
1466 485 1531 524 ex
1562 485 1666 540 quo
1694 468 2024 539 vapulamus.
2070 468 2126 522 In

545 565 790 620 omnibus
828 563 916 633 qui
972 563 1040 616 ab
1089 563 1238 616 initio
1269 563 1480 632 generis
1514 563 1726 616 humani
1762 563 1868 616 nati
1895 571 2037 626 sunt,
2076 561 2129 615 in

550 654 791 708 omnibus
817 652 908 721 qui
952 668 1090 707 nunc
1120 662 1263 719 sunt,
1313 654 1365 706 in
1399 653 1648 706 onmibus
1677 654 1765 722 qui
1805 662 1984 721 postea
2030 667 2127 706 na-

544 752 776 809 scentur,
815 742 980 796 Adam
1012 744 1245 811 vapulat.
1274 743 1498 812 Vapulat
1527 743 1717 810 Adam,
1750 743 1802 797 id
1828 752 1928 807 est,
1960 758 2130 812 genus

543 837 870 901 humanum;
909 846 961 890 et
991 836 1141 889 multi
1169 837 1247 889 sic
1276 835 1695 900 obduruerunt‘,
1741 843 1796 888 ut
1826 851 1922 889 nec
1949 835 2130 907 plagas

540 941 664 980 suas
685 927 932 981 sentiant.
981 927 1080 995 Qui
1106 944 1233 981 vero
1262 944 1326 981 ex
1351 928 1463 997 ipso
1488 943 1683 996 genere
1711 928 1803 981 lilii
1830 927 1950 981 facti
1981 938 2123 992 sunt,

541 1028 855 1087 receperunt
888 1033 1099 1072 sensum
1130 1018 1328 1071 doloris
1362 1036 1375 1071 :
1421 1020 1658 1072 sentiunt
1691 1033 1749 1072 se
1780 1019 2048 1087 vapulare,
2074 1028 2130 1075 et.

541 1118 801 1163 noverunt
821 1109 940 1178 quis
958 1111 1111 1178 jussit
1136 1120 1193 1163 ut
1218 1111 1500 1178 vapulent;
1530 1120 1583 1163 et
1607 1110 1916 1164 levaverunt
1944 1112 2127 1164 oculos

539 1213 664 1252 suos
698 1199 762 1253 ad
791 1215 911 1254 eum
948 1201 1035 1269 qui
1078 1201 1279 1253 habitat
1323 1202 1374 1254 in
1405 1201 1574 1264 cmlo;
1616 1210 1670 1254 et
1710 1201 1787 1254 sic
1825 1208 1949 1255 sunt
1987 1200 2125 1256 oculi

540 1305 723 1342 eorum
757 1289 807 1342 in
837 1304 1022 1343 manus
1049 1290 1255 1343 Dotnini
1283 1290 1385 1355 sui,
1424 1290 1767 1360 quoadusque
1791 1292 2120 1356 misereatur,

540 1379 672 1432 sicut
703 1381 844 1434 oculi
886 1396 1159 1435 servorum
1188 1382 1239 1434 in
1275 1396 1465 1436 manus
1508 1381 1844 1436 dominorum
1883 1397 2123 1448 suorum,

542 1478 595 1520 et
615 1468 753 1522 sicut
779 1471 918 1523 oculi
940 1471 1145 1524 ancilla:
1167 1472 1217 1524 in
1248 1486 1437 1525 manus
1463 1471 1692 1525 dominae
1713 1488 1843 1525 sum.
1872 1471 2031 1525 Vides
2051 1472 2128 1525 fe-

546 1560 674 1613 lices
700 1561 903 1630 aliquos
924 1562 975 1615 in
1004 1563 1104 1616 isto
1125 1563 1322 1617 sacculo
1338 1561 1594 1624 ridentes.
1613 1564 1875 1633 jactantes
1896 1578 1988 1628 se;
2017 1578 2124 1619 non

545 1652 791 1719 vapulant
823 1671 836 1707 :
876 1654 981 1708 imo
1005 1654 1155 1723 pejus
1186 1655 1473 1724 vapulant;
1509 1655 1610 1709 hoc
1638 1656 1753 1724 ipso
1779 1655 1989 1725 gravius
2015 1669 2123 1709 ca:-

542 1740 757 1809 duntur,
795 1756 899 1812 quo
943 1757 1156 1799 sensum
1190 1744 1300 1813 jam
1337 1744 1704 1814 perdiderunt.
1752 1744 2029 1814 Evigilent,
2071 1755 2125 1799 et

542 1829 819 1899 vapulent;
851 1834 1082 1887 sentiant
1097 1834 1218 1903 quia
1238 1836 1507 1903 vapulant,
1527 1835 1692 1887 sciant
1715 1834 1833 1903 quia
1851 1834 2121 1903 vapulaut,

542 1926 840 1980 ttdoleant
861 1928 983 1997 quia
1013 1928 1283 1997 vapulant.
1314 1928 1572 1993 Quoniam
1600 1928 1684 1993 qui
1724 1928 1933 1996 apponit
1958 1930 2122 1980 scien-

541 2017 684 2082 tiam,
716 2019 927 2087 apponit
957 2018 1179 2071 dolorem
1213 2034 1230 2070 :
1275 2017 1375 2070 hoc
1401 2016 1672 2087 Scriptura
1697 2016 1829 2070 dixit
1857 2016 2050 2088 (Eccle.
2082 2033 2120 2081 ι,

545 2104 656 2175 18).
690 2108 811 2161 ldco
841 2110 1091 2162 Dominus
1124 2110 1174 2161 in
1201 2108 1526 2177 Evangelio:
1553 2107 1695 2161 Beati
1727 2108 1972 2178 lugentes,
2000 2122 2123 2177 quo-

544 2198 676 2250 niam
702 2199 799 2266 ipsi
824 2199 1214 2252 consolabuntur
1243 2198 1457 2269 (Matt/1.
1491 2215 1542 2265 ν,
1572 2199 1649 2269 5).

614 2310 665 2362 7.
690 2309 978 2364 Audiamus
1018 2324 1205 2364 vocem
1248 2309 1480 2364 hominis
1520 2309 1609 2379 qui
1647 2308 1883 2378 vapulat,
1923 2316 1979 2363 et
2015 2307 2123 2362 sint

541 2399 652 2452 ista:
692 2398 1101 2469 uniuscujusque
1149 2410 1389 2454 nostrum
1434 2415 1591 2454 voces
1626 2409 1682 2455 et
1717 2399 1928 2469 quando
1967 2399 2122 2453 nobis

538 2491 673 2546 bene
696 2503 797 2546 est.
825 2491 954 2545 Nam
981 2491 1100 2561 quis
1129 2507 1231 2545 non
1257 2491 1517 2561 intelligat
1547 2490 1796 2559 vapulare
1822 2505 1879 2543 se
1904 2488 2120 2559 quando

536 2592 775 2652 agrotat,
815 2582 1027 2653 quando
1054 2583 1105 2635 in
1145 2597 1362 2636 carcere
1387 2590 1491 2648 cst,
1531 2581 1745 2651 quando
1774 2580 1909 2635 forte
1949 2582 1998 2633 in
2030 2595 2121 2634 ca-

537 2684 676 2739 tena,
703 2674 914 2743 quando
938 2673 1071 2727 ferte
1102 2673 1338 2727 latrones
1377 2668 1609 2741 patit'ur?
1652 2671 1873 2739 Quando
1909 2672 1977 2726 ab
2021 2671 2119 2725 ali-

533 2764 723 2833 quibus
751 2764 1005 2833 improbis
1031 2762 1078 2818 ei
1100 2764 1289 2832 aliquae
1317 2762 1575 2817 molestiae
1606 2763 1926 2833 irrogantur,
1954 2763 2117 2817 sentit

532 2857 780 2924 vapulare
808 2871 866 2910 se
886 2857 927 2909 ⁸.
958 2856 1176 2925 Magnus
1202 2869 1390 2910 sensus
1418 2864 1519 2921 est,
1549 2854 1733 2910 videre
1758 2855 1880 2925 quia
1903 2856 2115 2925 vapulat

529 2956 580 3001 et
607 2947 817 3016 quando
839 2947 909 2999 illi
930 2947 1063 3000 bene
1087 2955 1188 3001 est.
1217 2945 1330 2999 Non
1353 2946 1495 2999 enim
1517 2946 1589 3000 ait
1610 2945 1886 3015 Scriptura
1915 2946 1968 3000 in
1987 2946 2108 3012 Job,

530 3036 929 3092 'l'entationibus
950 3035 1179 3090 abundat
1198 3036 1303 3089 vita
1324 3036 1586 3101 humana;
1615 3035 1709 3091 sed
1730 3037 1823 3100 ait,
1845 3035 2109 3108 Numquid

525 3144 624 3180 non
654 3128 858 3181 tetttatio
885 3136 954 3180 est
984 3128 1082 3181 vita
1107 3126 1329 3179 humana
1348 3143 1497 3196 super
1524 3135 1707 3180 terram
1751 3125 1868 3197 (Job
1889 3144 1978 3194 vtt,
2014 3130 2106 3197 1)?

524 3220 708 3273 Totam
756 3222 921 3288 ipsam
966 3221 1124 3274 vitam
1172 3220 1515 3274 tentationcm
1554 3219 1706 3273 dixit.
1755 3219 1941 3274 Omnis
1978 3236 2107 3290 ergo

524 3313 626 3363 vita
660 3322 744 3363 tua
769 3326 929 3379 super
953 3321 1170 3374 terram,
1196 3310 1361 3379 plaga:
1390 3318 1492 3363 tua:
1521 3318 1664 3363 sunt.
1696 3309 1889 3380 Plange
1914 3326 2105 3379 quam-

522 3401 611 3454 diu
638 3402 769 3455 vivis
796 3403 847 3454 in
891 3410 1029 3455 terra
1059 3417 1071 3452 :
1118 3402 1229 3454 sive
1265 3401 1486 3455 feliciter
1511 3402 1677 3465 vivas,
1709 3400 1821 3455 sive
1851 3402 1902 3455 iu
1928 3403 2102 3473 aliqua

524 3492 859 3547 tribulatione
884 3492 1198 3546 constitutus
1231 3492 1325 3558 sis,
1357 3491 1551 3557 clama,
1581 3491 1660 3544 Ad
1682 3502 1728 3545 te
1755 3490 1909 3546 ιιιυιιυί
1930 3494 2103 3547 oculos

520 3602 674 3649 meos,
713 3586 798 3653 qui
829 3585 1024 3638 habitas
1067 3585 1119 3637 iu
1147 3584 1291 3636 ca'lo.
1332 3583 1410 3638 Ad
1442 3600 1631 3637 manus
1660 3583 1889 3648 Domini,
1932 3584 2022 3652 qui
2053 3594 2104 3639 te

516 3678 671 3744 jussit
696 3676 848 3739 Caedi,
874 3675 961 3729 cui
991 3675 1123 3729 dicis
1151 3676 1200 3728 in
1223 3674 1328 3727 alio
1356 3674 1579 3742 psalmo,
1607 3672 1826 3742 Propter
1860 3675 2100 3744 iniquita-

517 3780 613 3818 trnt
642 3766 847 3818 erudisti
870 3766 1153 3827 hominem;
1194 3774 1238 3816 et
1260 3763 1507 3817 tabescere
1529 3764 1690 3832 fecisti
1716 3765 1841 3818 sicut
1863 3781 2101 3818 araueam

515 3860 737 3911 animum
794 3873 993 3921 meum;
1049 3858 1216 3911 clama
1254 3855 1321 3909 ad
1362 3870 1548 3909 manus
1587 3855 1862 3921 csedentis,
1902 3865 1956 3910 ct
1993 3857 2098 3923 dic,

517 3949 755 4002 .iliserere
795 3948 972 4013 nostri,
1003 3946 1237 4010 Domine,
1277 3946 1509 3997 miserere
1549 3946 1725 3998 nostri.
1764 3945 1950 4000 Nonne
1977 3956 2102 4001 sunt
2162 4016 2167 4019 _

515 4043 627 4096 i~tze
658 4052 813 4095 voces
851 4039 1150 4109 vapulantis
1188 4053 1203 4089 :
1251 4034 1491 4089 Miserere
1516 4037 1692 4102 nostri,
1725 4035 1957 4101 Domine,
2003 4040 2100 4090 mi-

513 4149 674 4186 serere
700 4132 855 4185 nostri
879 4133 904 4183 ?

582 4247 633 4300 8.
668 4244 918 4311 Quoniam
954 4241 1165 4294 multum
1216 4240 1392 4309 repleti
1436 4257 1610 4293 sumus
1650 4240 1979 4310 deSpectione.
2034 4241 2099 4295 In

512 4337 783 4403 plurimum
813 4333 1001 4402 repleta
1033 4341 1101 4384 est
1129 4331 1300 4383 anima
1328 4339 1540 4393 nostra;
1568 4332 1892 4401 opprobrium
1914 4333 1985 4385 eis
2014 4334 2101 4399 qni

512 4424 785 4488 tbnndant,
828 4433 874 4474 et
901 4420 1148 4488 despectio
1187 4419 1429 4487 superbis.
1482 4421 1581 4485 Qui
1630 4420 1939 4489 despicitur,
1971 4438 2099 4476 con-

512 4517 787 4569 temnitur.
839 4514 1037 4567 Omnes
1066 4512 1155 4581 qui
1192 4509 1480 4564 secundum
1510 4511 1775 4565 Christum
1807 4514 1890 4581 pie
1917 4515 2099 4567 volunt

424 4625 438 4641 ι
513 4609 711 4669 vivere,
753 4618 970 4658 necesse
997 4613 1078 4656 cst
1123 4601 1389 4670 patiantur
1414 4602 1717 4668 opprobria,
1772 4601 1988 4657 necesse
2018 4615 2099 4658 est.

512 4706 924 4753 (totitemnantur
961 4694 1037 4763 (ll
1073 4692 1204 4746 Tim.
1236 4709 1311 4758 tu,
1346 4693 1434 4762 1'2)
1473 4692 1539 4744 ab
1577 4692 1658 4745 his
1685 4694 1771 4762 qui
1802 4695 1983 4747 nolunt
2015 4697 2097 4763 pie

513 4793 713 4853 vivere,
734 4803 956 4860 quorum
976 4786 1198 4841 felicitas
1223 4794 1326 4838 tota
1350 4793 1557 4838 tcrrcna
1579 4792 1677 4837 est.
1707 4785 1996 4839 lrridentur
2024 4788 2095 4841 illi

507 4883 597 4950 qui
621 4880 921 4933 felicitatem
944 4885 1306 4946 voeantquam
1333 4876 1501 4929 oculis
1519 4874 1698 4929 \idere
1721 4891 1824 4929 non
1855 4888 2091 4945 possunt,

508 4987 560 5030 et
592 4975 785 5028 dieitur
813 4974 887 5027 eis
915 4989 926 5025 :
959 4970 1096 5038 Quid
1126 4970 1318 5035 credis,
1364 4969 1583 5022 insane?
1622 4969 1777 5022 Vides
1807 4970 1944 5039 quod
1979 4986 2098 5024 crc-

507 5072 626 5125 dis‘?
654 5070 917 5123 Reversus
938 5077 1019 5120 est
1040 5064 1231 5134 aliquis
1260 5062 1327 5117 ab
1347 5062 1550 5126 inferis,
1576 5071 1627 5116 et
1650 5061 1831 5116 retulit
1858 5062 2093 5132 tibiquid

571 5227 586 5257 ¹
615 5233 718 5273 Am.
743 5232 817 5272 Fr.
847 5230 898 5271 et
917 5237 926 5284 ι
948 5220 1082 5270 lures
1104 5227 1233 5279 Mss,
1255 5218 1626 5284 obduraeernnt.

565 5289 585 5318 ³
612 5292 656 5333 tn
679 5278 971 5333 editiouilms
986 5284 1169 5346 aliquot
1195 5278 1557 5346 t’arisiensibas,
1576 5278 1849 5346 post,sentit
1869 5278 2093 5346 reputare

501 5361 568 5403 se,
596 5347 783 5396 additur
811 5361 822 5394 :
852 5366 873 5390 (Α
901 5342 1093 5403 Magnus
1135 5345 1430 5391 inimicorum
1454 5342 1620 5389 :iln‘isti
1656 5349 1830 5403 metus,
1854 5342 1939 5389 sed
1959 5343 2093 5402 quasi

506 5429 527 5453 ιι
556 5422 712 5456 annus
736 5422 904 5457 eorum
930 5415 1090 5455 terror
1117 5404 1381 5454 evaneScit.
1410 5411 1520 5451 nam
1556 5403 1665 5463 quis
1688 5402 1879 5451 dubitet
1911 5416 2092 5463 tmper-

506 5488 526 5513 α
552 5472 693 5523 rime.
721 5472 844 5518 sicut
869 5469 1137 5516 auditionis
1170 5480 1195 5513 a
1234 5465 1478 5521 fratribus,
1519 5465 1599 5523 qui
1642 5464 1985 5521 interfuerunt,
2010 5480 2092 5510 eo-

504 5548 525 5574 ι
556 5530 1013 5591 υτὶδυοτιὶδιιοςιιείς,
1046 5529 1321 5591 damnatum
1362 5525 1495 5591 illum
1538 5526 1779 5591 ltqetietun
1826 5526 2085 5591 inimicum,

504 5607 528 5634 ι
551 5585 734 5638 contra"
764 5593 1013 5638 Dominum
1053 5589 1324 5643 latrantem,
1371 5588 1521 5648 digne
1572 5585 1865 5647 flagellatam
1903 5585 2094 5635 fuisse?

504 5669 525 5695 ι
550 5649 809 5703 t-‘lagellum
834 5659 996 5699 autem
1028 5649 1209 5697 Domini
1237 5663 1329 5696 non
1350 5647 1591 5707 cognovit.
1617 5648 1806 5707 quando
1829 5647 2095 5695 damnatio-

503 5729 527 5756 ι
551 5724 665 5771 ttz'ttt
687 5711 840 5767 magis
861 5725 1002 5771 quam
1028 5710 1330 5758 concordiam
1364 5710 1478 5770 elebr
1494 5718 1536 5757 't.
1554 5725 1574 5751 ι
1605 5718 1716 5765 (ειιω
1742 5709 1891 5756 verba
1917 5710 2091 5757 absunt

502 5779 564 5822 ab
591 5769 733 5819 editis
757 5780 855 5817 Ain.
877 5769 949 5818 iir.
975 5778 1083 5820 Lov.
1113 5780 1163 5823 et
1191 5782 1216 5821 a
1239 5777 1345 5818 Mss.

1778 356 1832 412 S.
1878 353 2243 412 AUGUSTINI
2284 356 2589 414 EPISCOPI

2237 466 2565 541 ibi'agitur?
2618 472 2756 529 Ecce
2787 490 2885 547 ego
2930 480 3072 550 quod
3118 497 3241 538 amo
3281 484 3455 552 video,
3508 497 3563 544 et
3606 488 3829 550 fruor‘.

2230 558 2554 650 Despiceris,
2584 563 2706 631 quia
2727 579 2912 635 speras
2936 570 3077 639 quod
3105 587 3209 627 non
3240 575 3418 642 vides;
3443 587 3497 633 et
3521 579 3750 650 despicit
3771 594 3830 641 te

2231 647 2339 713 ille,
2364 653 2452 721 qui
2474 654 2624 722 quasi
2658 662 2800 711 tenet
2821 661 2963 728 quod
2991 662 3151 717 videt.
3178 666 3408 723 Attende
3429 670 3474 724 si
3502 647 3787 741 ipse—tenet
3806 695 3824 730 :

2232 742 2338 794 noli
2370 744 2598 811 turbari;
2632 748 2753 804 vide
2778 751 2820 804 si
2853 750 2966 821 ipse
2998 764 3163 825 tenet,
3209 767 3263 814 et
3291 776 3398 815 non
3442 764 3535 818 tibi
3562 766 3821 833 insultet;

2232 844 2298 882 ne
2327 846 2447 885 cum
2480 845 2632 901 putas
2658 851 2778 891 eum
2802 840 3004 896 felicem
3024 845 3074 897 in
3106 850 3374 916 praesenti,
3403 854 3615 909 amittas
3636 872 3820 911 veram

2228 918 2536 977 felicitatem
2577 927 2839 982 futuram:
2882 932 2990 985 noli
3038 938 3274 1002 turbari;
3324 944 3537 997 attende
3573 947 3620 999 si
3649 954 3820 1002 tenet.

2225 1007 2449 1065 Labitur
2479 1013 2580 1067 hoc
2607 1016 2676 1070 ab
2702 1018 2791 1072 illo
2829 1022 2971 1090 quod
3011 1034 3174 1093 tenet,
3225 1030 3307 1083 vel
3338 1031 3451 1099 ipse
3478 1033 3546 1087 ab
3579 1051 3645 1090 eo
3673 1039 3821 1107 quod

2232 1107 2370 1154 tenet
2395 1123 2411 1166 ,-
2443 1117 2661 1159 necesse
2687 1117 2768 1161 est
2800 1119 3033 1167 transeat
3056 1126 3146 1169 aut
3174 1118 3286 1186 ipse
3324 1137 3418 1189 per
3439 1139 3525 1177 res
3548 1139 3697 1191 suas,
3728 1140 3824 1183 aut

2228 1206 2315 1250 res
2344 1193 2508 1261 ipsius
2548 1212 2639 1265 per
2678 1200 2844 1254 illum.
2894 1203 2995 1258 Per
3028 1223 3186 1276 quem
3227 1227 3313 1266 res
3345 1222 3622 1271 tranSeuitt
3662 1222 3821 1273 sua}!

2228 1283 2329 1351 Qui
2356 1288 2503 1342 vivus
2534 1289 2820 1347 labefactus
2859 1296 3016 1349 erit'.
3049 1298 3179 1364 Quis
3216 1306 3404 1359 transit
3428 1322 3523 1375 per
3544 1324 3631 1364 res
3649 1311 3822 1365 suas?

2228 1374 2327 1440 Qui
2370 1376 2421 1430 in
2464 1376 2662 1433 divitiis
2691 1384 2949 1449 moritur;
2993 1389 3114 1455 quia
3153 1405 3275 1446 cum
3312 1374 3555 1462 moritur,
3587 1415 3694 1452 non
3725 1416 3822 1457 eas

2223 1479 2409 1559 secum
2434 1467 2605 1559 aufert
2631 1471 2697 1524 ad
2719 1472 2936 1528 inferos.
2962 1477 3189 1534 Domum
3220 1497 3391 1538 meam
3424 1486 3616 1554 habeo,
3638 1490 3819 1559 jacta-

2225 1555 2302 1607 vit
2328 1571 2404 1610 se.
2450 1558 2672 1626 Qureris,
2719 1562 2887 1629 Quam
2916 1566 3133 1624 domum
3167 1576 3349 1629 tuam?
3375 1576 3543 1644 Quam
3571 1555 3703 1637 mihi
3729 1585 3822 1638 di—

2226 1647 2369 1700 misit
2410 1659 2557 1717 pater
2583 1668 2756 1708 meus.
2790 1654 2859 1709 Et
2887 1657 2977 1712 ille
3008 1660 3149 1717 unde
3182 1663 3364 1719 habuit
3390 1668 3528 1725 hanc
3551 1671 3773 1728 domum
3795 1677 3822 1731 2

2226 1735 2371 1790 Avus
2399 1747 2579 1793 noster
2600 1740 2675 1795 illi
2697 1757 2813 1798 eam
2840 1745 3060 1803 dimisit.
3103 1750 3338 1810 Reeurre
3368 1766 3419 1811 et
3439 1760 3506 1813 ad
3533 1776 3819 1830 proavum,

2229 1825 2351 1881 inde
2390 1828 2453 1882 ad
2486 1842 2719 1898 atavum,
2752 1844 2805 1889 ct
2834 1836 2944 1906 jam
2975 1842 3192 1897 nomina
3225 1861 3329 1901 non
3356 1825 3571 1917 potest8
3608 1825 3819 1914 dicere;

2226 1918 2340 1973 Non
2364 1920 2487 1976 inde
2527 1925 2707 1993 potius
2732 1931 2970 1996 terreris,
3010 1934 3133 2003 quia
3164 1938 3359 1994 multos
3391 1944 3621 2001 attendis
3663 1957 3817 2003 tran-

2226 2010 2360 2102 sisse
2396 2028 2491 2081 per
2518 2014 2656 2069 illam
2687 2016 2926 2088 domum,
2959 2033 3013 2078 et
3050 2029 3319 2084 nemiuem
3355 2032 3589 2102 ipsorum
3627 2053 3819 2096 secum

2227 2099 2368 2155 illam
2401 2103 2584 2159 tulis‘se
2609 2105 2676 2160 ad
2698 2117 2953 2165 alternam
2977 2112 3227 2171 domum?
3254 2099 3412 2176 Pater
3438 2131 3558 2180 tuus
3589 2126 3674 2182 hic
3692 2145 3818 2185 eam

2228 2192 2470 2260 dimisit;
2529 2200 2737 2254 transiit
2786 2216 2880 2269 per
2907 2204 3089 2259 illam:
3135 2209 3212 2264 sic
3259 2221 3312 2264 et
3355 2221 3408 2266 tu
3445 2218 3718 2274 transibis.
3757 2221 3817 2276 Si

2225 2299 2352 2355 ergo
2382 2290 2662 2343 transitum
2694 2291 2897 2348 habetis
2939 2296 2990 2349 in
3022 2297 3182 2354 domo
3204 2312 3403 2368 Vestra,
3428 2307 3697 2364 stabulum
3730 2322 3815 2368 cst

2228 2380 2668 2448 transeuntium“,
2717 2398 2821 2437 non
2850 2385 3105 2442 habitatio
3136 2398 3606 2452 commanentium.
3641 2401 3712 2455 Et
3737 2412 3816 2456 tas

2226 2485 2345 2523 men
2374 2472 2494 2540 quia
2523 2489 2621 2527 nos
2645 2490 2707 2528 ea
2733 2491 2852 2546 quae
2880 2476 3056 2534 futura
3080 2492 3204 2538 sunt
3235 2499 3533 2558 speramus,
3565 2491 3698 2546 etin
3729 2492 3815 2548 fu—

2224 2568 2393 2652 turam
2440 2562 2748 2620 felicitatem
2801 2569 3150 2638 suspiramus,
3197 2584 3252 2629 et
3294 2577 3527 2634 nondum
3562 2587 3815 2652 apparuit

2222 2650 2361 2720 quod
2392 2653 2610 2717 erimus,
2640 2658 2880 2724 quamvis
2904 2660 3014 2727 jam
3043 2662 3135 2715 lilii
3162 2663 3250 2718 Dei
3279 2665 3447 2721 simus
3477 2650 3708 2740 (lloan.
3729 2690 3815 2739 in,

2220 2742 2317 2813 2);
2352 2744 2472 2813 quia
2512 2742 2615 2798 vita
2665 2759 2842 2802 nostra
2885 2749 3197 2807 abscondita
3235 2765 3317 2811 est
3350 2772 3472 2813 cum
3513 2760 3730 2819 Christo
3758 2767 3815 2820 in

2228 2839 2336 2894 Deo
2368 2858 2383 2894 :
2412 2844 2589 2912 repleti
2615 2862 2789 2900 stunus
2816 2848 3157 2917 despectione,
3186 2852 3236 2905 id
3258 2862 3342 2909 est
3367 2866 3697 2927 contemptu,
3743 2859 3819 2914 ab

2230 2930 2310 2984 his
2340 2936 2428 3003 qui
2458 2935 2760 2992 felicitatem
2791 2936 3033 3009 quaerunt
3059 2944 3143 2998 vel
3167 2945 3433 3002 habentin
3456 2949 3557 3004 isto
3584 2954 3813 3008 seculo.

2288 3022 2340 3076 9.
2371 3021 2437 3076 In
2464 3028 2736 3095 plurimum
2763 3031 2954 3100 repleta
2974 3043 3047 3085 est
3063 3034 3233 3087 anima
3248 3047 3458 3105 nostra;
3478 3042 3814 3112 opprobrium
3890 3075 3901 3082 -

2212 3112 2283 3166 eis
2319 3116 2403 3182 qui
2447 3116 2739 3183 abundant;
2771 3129 2817 3172 et
2856 3121 3108 3191 despectio
3141 3127 3385 3197 superbis.
3423 3131 3813 3198 Qumrebamus

2213 3203 2300 3296 qui
2329 3215 2451 3296 sunt
2474 3205 2561 3296 qui
2585 3208 2887 3276 abundant;
2916 3216 3164 3281 exposuit
3189 3217 3280 3271 tibi
3306 3235 3428 3274 cum
3450 3222 3602 3285 dixit.
3623 3242 3815 3296 super-

2212 3291 2304 3342 bis.
2339 3292 2491 3359 Quod
2516 3305 2598 3349 est
2626 3307 2824 3363 autem,
2853 3303 3219 3372 approbrium;
3245 3306 3348 3364 hoc
3374 3323 3476 3373 est,
3505 3291 3811 3384 despectus:

2213 3385 2432 3483 etquod
2461 3397 2559 3447 cst,
2594 3389 2680 3457 qui
2704 3389 3000 3456 abundant;
3047 3394 3147 3450 hoe
3172 3408 3273 3462 est,
3306 3405 3549 3470 superbis.
3584 3405 3811 3475 Repeti-

2212 3478 2283 3525 tio
2329 3478 2609 3530 sentcutite
2654 3489 2755 3545 est,
2806 3485 3130 3552 opprobrium
3178 3489 3248 3543 eis
3295 3493 3381 3560 qui
3431 3495 3707 3559 abundant,
3757 3511 3808 3552 et

2211 3564 2461 3633 despectio
2485 3572 2731 3637 superbis.
2760 3573 2937 3639 Quare
2965 3578 3238 3634 abundant
3262 3584 3516 3653 superbi?
3545 3586 3675 3653 Quia
3714 3589 3807 3646 hic

2209 3657 2391 3713 volunt
2420 3674 2537 3713 esse
2562 3660 2761 3717 felices.
2792 3665 2967 3733 Quid?
2994 3669 3205 3736 quando
3234 3682 3288 3726 et
3318 3674 3415 3742 ipsi
3441 3677 3617 3731 miseri
3647 3694 3802 3745 sunt,

2210 3750 2462 3818 nmnquid
2509 3751 2819 3807 abundant?
2865 3756 2969 3811 Sed
3001 3758 3137 3816 forte
3182 3764 3395 3831 quando
3435 3767 3614 3822 miseri
3645 3783 3799 3835 sunt,

2209 3855 2314 3894 non
2360 3842 2513 3897 nobis
2556 3844 2830 3899 insultant.
2867 3848 3107 3904 Intendat
3135 3852 3380 3910 Charitas
3422 3868 3613 3913 vestra.
3642 3860 3801 3916 Tune

2210 3932 2460 3987 insultant
2487 3934 2618 3988 forte
2642 3938 2854 4005 quando
2877 3940 3058 3995 felices
3087 3955 3230 4008 sunt,
3273 3948 3486 4015 quando
3512 3963 3570 4003 se
3588 3951 3801 4017 jactaut

2209 4024 2259 4077 in
2308 4042 2497 4096 potnpa
2537 4028 2838 4084 divitiarum
2874 4046 3109 4100 suarum,
3147 4038 3360 4105 quando
3408 4055 3469 4094 se
3494 4041 3701 4110 jactant
3742 4047 3799 4101 in

2208 4117 2521 4171 ventositatc
2553 4116 2803 4173 falsorum
2836 4120 3096 4177 honorum
3123 4143 3136 4189 ;
3171 4136 3300 4181 tunc
3337 4130 3590 4185 insultant
3611 4134 3795 4200 nobis,

2206 4215 2260 4260 et
2287 4209 2435 4276 quasi
2470 4208 2651 4262 dicunt
2681 4228 2693 4263 :
2727 4212 2862 4266 Ecce
2884 4214 3010 4267 mihi
3040 4216 3176 4271 bene
3204 4229 3305 4284 est,
3332 4219 3478 4275 fruor
3502 4238 3603 4291 ego
3627 4225 3800 4279 rebus

2206 4298 2575 4364 ptarseutibus,
2610 4301 2860 4356 recedant
2884 4319 2912 4357 a
2940 4321 3025 4358 me
3054 4308 3140 4376 qui
3173 4312 3482 4376 promittunt
3508 4315 3646 4383 quod
3680 4333 3801 4374 non

2205 4391 2524 4456 ostendunt;
2555 4393 2695 4459 quod
2724 4395 2874 4449 video
2900 4407 3074 4465 teneo,
3102 4401 3242 4469 quod
3270 4402 3422 4456 video
3451 4404 3623 4471 fruor;
3649 4406 3801 4464 bene

2206 4479 2331 4531 mihi
2359 4481 2425 4533 sit
2455 4482 2504 4533 in
2531 4482 2627 4536 hac
2650 4485 2771 4537 vita.
2795 4485 2870 4539 Tn
2894 4491 3132 4543 securior
3161 4501 3276 4545 esto
3301 4508 3316 4556 ;
3348 4495 3467 4562 quia
3492 4499 3801 4553 resurrexit

2203 4570 2467 4636 Christus,
2510 4585 2563 4627 et
2607 4574 2786 4630 docuit
2818 4580 3018 4648 tequid
3059 4582 3108 4635 iu
3144 4583 3245 4635 alia
3275 4585 3377 4637 vita
3417 4585 3637 4640 daturus
3662 4589 3736 4643 sit
3769 4605 3795 4645 :

2204 4673 2381 4717 certus
2424 4676 2539 4717 esto
2578 4668 2698 4735 quia
2740 4669 2850 4722 dat.
2892 4671 2997 4725 Sed
3047 4673 3263 4726 insultat
3308 4675 3414 4741 ille,
3452 4678 3570 4745 quia
3615 4689 3789 4736 tenet.

2204 4753 2362 4807 Ferto
2400 4756 2757 4819 insultantem,
2784 4772 2836 4813 et
2859 4760 3051 4823 ridi-bis
3070 4775 3366 4832 gementem
3395 4786 3407 4820 :
3433 4780 3612 4835 postea
3637 4775 3795 4829 enim

2203 4848 2377 4900 veniet
2417 4858 2621 4917 tempus
2650 4852 2860 4919 quando
2890 4853 3079 4907 dicturi
3133 4865 3256 4909 sunt
3286 4858 3359 4911 illi
3401 4859 3520 4927 ipsi,
3561 4861 3633 4915 lli
3664 4875 3793 4918 sum

2201 4956 2324 5007 quos
2353 4940 2625 5008 aliquando
2665 4942 2931 4997 habuimus
2976 4945 3026 4996 in
3070 4948 3249 5000 risum.
3294 4948 3460 5003 Verba
3493 4961 3618 5006 sunt
3662 4953 3795 5010 libri

2201 5031 2517 5100 Sapientiae;
2546 5033 2665 5101 quia
2698 5035 2924 5102 prodidit
2956 5038 3108 5091 nobis
3136 5038 3404 5109 Scriptura
3435 5058 3552 5111 qua:
3589 5045 3795 5103 dit-turi

2200 5133 2322 5175 sunt
2356 5121 2426 5175 illi
2450 5123 2545 5191 ipsi
2569 5124 2654 5191 qui
2688 5140 2784 5177 nos
2814 5125 2974 5177 modo
3003 5127 3243 5193 irrident,
3274 5141 3329 5183 et
3357 5132 3443 5199 qui
3474 5147 3569 5187 nos
3597 5133 3793 5205 despi-

2201 5214 2363 5276 ciunt,
2397 5222 2452 5266 ct
2482 5214 2725 5282 aquibus
2756 5216 2956 5284 impleti
2984 5232 3169 5272 sumus
3200 5222 3487 5288 opprobrio
3511 5236 3563 5277 et
3584 5225 3795 5296 despe-

2201 5307 2375 5361 ctione
2404 5324 2415 5357 :
2447 5324 2564 5377 qua:
2596 5309 2752 5363 verba
2785 5307 3053 5364 habebunt
3086 5320 3230 5377 tunc,
3264 5315 3476 5382 quando
3504 5332 3534 5370 a
3558 5319 3796 5377 veritate

2264 5461 2279 5490 ¹
2306 5460 2377 5507 sic
2397 5465 2468 5505 Fx.
2493 5457 2639 5519 Lugd.
2661 5466 2831 5508 Venet.
2852 5466 2961 5507 Lov.
2986 5467 3037 5509 In
3059 5465 3107 5507 Β.
3126 5460 3283 5519 deest,
3309 5470 3371 5511 et.
3472 5469 3527 5512 ω.

2262 5522 2283 5551 ²
2306 5522 2376 5587 sic
2407 5519 2574 5587 plures
2596 5528 2699 5587 Mss.
2716 5581 2725 5587 _
2745 5520 2827 5571 Alii
2855 5535 2964 5570 cum
2990 5531 3089 5571 Am.
3117 5530 3169 5573 et
3192 5530 3286 5583 Er.,
3327 5522 3710 5587 urbefartaveril.
3748 5538 3804 5582 st

2198 5589 2325 5637 I.0\‘.,
2354 5581 2613 5642 labefactus
2636 5581 2762 5631 ierit.

2264 5645 2283 5674 ³
2308 5650 2398 5691 Ιλίικε
2432 5649 2884 5714 necurret..._potes.
2910 5643 3053 5708 Lugd.
3078 5651 3270 5695 Venet:
3302 5654 3585 5701 Recurret...
3609 5656 3800 5714 potest.

2198 5714 2327 5754 Inv;
2359 5714 2619 5753 accurre...
2647 5712 2793 5766 potes.
2862 5714 2914 5753 M.

2263 5769 2282 5797 ³
2303 5766 2435 5824 l-;dd.,
2455 5766 2777 5816 itineruntiam
2812 5775 2866 5817 At
2890 5775 3015 5831 Mss,
3040 5769 3405 5820 transetmtium.
