3984 6200
151 361 307 413 9637.

143 472 532 542 despicientur.
582 472 846 529 Videbunt
896 473 1038 528 enim
1093 471 1159 526 ad
1199 473 1473 527 dexteram
1528 470 1729 540 fulgere

145 581 283 632 quos
310 578 493 619 secum
532 564 847 619 commixtos
890 571 1339 631 contempserant,
1388 576 1508 614 eum
1536 559 1730 613 factum

147 657 311 712 fuerit
341 656 395 710 in
427 656 533 709 illis
560 654 701 725 quod
729 654 861 709 dixit
889 655 1192 724 Apostolus,
1228 652 1354 707 Cum
1380 652 1608 706 Christus
1633 668 1730 721 ap-

148 748 375 816 paruerit
400 748 501 799 vita
525 756 704 810 vestra,
732 756 850 799 tunc
886 755 932 799 et
955 762 1040 799 vos
1066 761 1179 798 cum
1218 744 1307 798 illo
1349 743 1651 813 apparebitis
1680 743 1732 794 in

145 838 311 907 gloria
336 835 550 907 (Coloss.
580 851 657 901 nl,
685 835 740 901 ὅ,
769 835 826 905 4)
850 851 865 900 ;
921 844 976 890 et
1001 834 1215 889 dicent:
1251 833 1321 887 Hi
1348 842 1462 886 sunt
1491 849 1612 903 quos
1637 833 1735 885 ali-

146 930 353 999 quando
380 928 647 985 habuimus
671 929 724 981 in
752 928 929 993 risum,
971 936 1019 982 et
1053 928 1107 980 in
1138 926 1515 981 similitudinem
1543 928 1734 995 impro—

148 1021 292 1088 perii.
319 1018 431 1072 Nos
452 1019 691 1073 insensati
703 1019 852 1072 vitam
864 1018 1064 1071 illorum
1081 1019 1450 1071 wstimabamus
1461 1016 1730 1079 insaniam,

149 1122 193 1165 et
224 1112 381 1180 finem
417 1112 622 1165 illorum
649 1112 758 1165 sine
780 1111 969 1165 honore
995 1126 1014 1163 :
1039 1108 1290 1180 quomodo
1315 1109 1591 1179 computati
1617 1116 1734 1162 sunt

148 1204 277 1255 inter
297 1202 434 1271 ﬁlios
458 1201 571 1266 Dei,
605 1210 650 1256 et
677 1202 804 1255 inter
830 1209 1026 1255 sanctos
1049 1217 1158 1254 sors
1182 1199 1386 1254 illorum
1413 1209 1486 1253 est
1508 1200 1534 1251 Σ)
1555 1198 1624 1252 Ει
1646 1212 1735 1251 se-

150 1303 382 1362 quentur
402 1293 453 1345 in
475 1307 540 1347 eo
560 1306 828 1358 sermone,
856 1302 911 1348 et
931 1292 1182 1362 adjicient
1204 1310 1218 1345 :
1250 1291 1389 1362 Ergo
1410 1293 1684 1345 erravimus
1704 1306 1737 1343 a

147 1384 229 1435 via
254 1383 504 1449 veritatis,
556 1393 600 1436 et
636 1383 852 1455 justitia:
889 1384 1058 1437 lumen
1086 1399 1187 1437 non
1220 1382 1350 1436 luxit
1382 1382 1544 1445 nobis,
1585 1390 1633 1435 et
1660 1379 1737 1434 sol

154 1491 251 1528 non
275 1483 420 1528 ortus
440 1482 512 1527 est
534 1473 692 1528 nobis.
728 1473 864 1540 Quid
884 1474 1025 1528 nobis
1055 1474 1243 1544 profuit
1269 1471 1499 1543 superbia
1517 1472 1543 1525 ?
1589 1480 1632 1524 et
1658 1470 1738 1523 di-

152 1568 388 1621 vitiarum
407 1565 622 1636 jactatio
646 1566 769 1637 quid
795 1565 1005 1619 contulit
1030 1564 1170 1618 nobis
1200 1563 1358 1633 (Sap.
1389 1579 1445 1628 v,
1468 1559 1626 1632 5-8)?
1662 1560 1736 1614 lbi

157 1668 210 1712 tu
235 1673 346 1712 non
373 1659 454 1713 eis
474 1656 717 1722 insultas,
748 1657 869 1726 quia
891 1656 1001 1726 jam
1022 1655 1123 1725 ipsi
1146 1654 1243 1709 sibi
1272 1653 1545 1708 insultant.
1583 1650 1738 1719 Quod

156 1751 328 1806 donec
353 1749 467 1815 ﬁat,
496 1748 708 1815 fratres,
741 1748 979 1803 levemus
1004 1747 1188 1802 oculos
1217 1745 1283 1799 ad
1316 1760 1437 1800 eum
1467 1744 1555 1813 qui
1582 1742 1741 1798 babi-

154 1850 228 1894 tat
249 1841 303 1895 in
334 1839 476 1895 caelo
499 1857 514 1905 ;
541 1849 594 1894 et
615 1853 719 1894 non
748 1837 816 1893 ab
843 1837 934 1892 illo
967 1837 1211 1891 tollamus
1239 1836 1443 1900 oculos,
1474 1834 1743 1904 quoadus-

156 1948 258 2003 que
288 1933 607 1986 misereatur
637 1930 827 2000 nostri,
870 1938 926 1985 et
952 1929 1141 1984 liberet
1169 1926 1236 1981 ab
1274 1927 1419 1982 omni
1451 1925 1740 1981 tentatione

157 2032 212 2078 et
236 2021 529 2093 opprobrio
554 2030 608 2077 et
631 2020 905 2091 despectu.

224 2114 318 2169 10.
358 2113 473 2167 Iluc
498 2111 703 2167 accedit
728 2110 870 2180 quod
899 2107 1181 2179 aliquando
1210 2115 1265 2162 et
1289 2107 1386 2178 ipsi
1417 2106 1505 2177 qui
1533 2114 1655 2161 sunt
1684 2106 1735 2160 in

158 2204 369 2276 ﬂagello
398 2202 719 2257 infelicitatis
749 2200 1071 2270 temporalis,
1102 2198 1356 2253 insultant
1384 2196 1559 2251 nobis.
1594 2196 1743 2250 Inve-

159 2297 239 2350 nis
261 2294 496 2365 aliquem
530 2307 624 2363 pro
652 2292 846 2347 merito
882 2290 1216 2359 iuiquitatum
1247 2302 1483 2351 suarum,
1510 2287 1623 2342 sive
1647 2301 1740 2341 oc-

156 2388 298 2441 culto
321 2385 525 2455 judicio
558 2384 684 2449 Dei,
725 2384 838 2437 sive
876 2380 1157 2436 manifesta
1186 2380 1559 2446 damnatione,
1605 2378 1741 2434 mitti

158 2482 208 2535 in
236 2495 510 2536 carcerem
530 2521 546 2546 ,
593 2487 809 2549 portare
836 2485 1078 2532 catenam
1108 2495 1121 2531 :
1152 2485 1206 2531 et
1251 2477 1363 2544 ipse
1405 2474 1643 2529 insultat.
1676 2473 1745 2527 Et

158 2587 280 2626 cum
311 2571 364 2626 ei
398 2570 597 2625 dictum
628 2569 816 2634 fuerit,
847 2568 1022 2636 Quare
1053 2583 1157 2622 non
1186 2568 1326 2623 bene
1351 2567 1572 2622 vixisti?
1617 2581 1744 2621 ecce

158 2680 264 2735 quo
294 2663 489 2719 venisti
532 2663 668 2717 male
696 2662 920 2717 vivendo
949 2678 963 2714 :
995 2661 1085 2715 ille
1109 2660 1425 2732 respondet,
1453 2659 1629 2727 Quare
1667 2659 1741 2712 illi

160 2758 249 2827 qui
278 2756 420 2811 bene
449 2756 664 2820 vivunt,
711 2755 811 2809 ista
854 2752 1163 2822 patiuntur?
1205 2751 1308 2806 Sed
1354 2751 1431 2805 illi
1463 2759 1744 2820 propterea

161 2848 452 2917 patiuntur,
480 2855 537 2899 ut
561 2846 866 2915 probentur,
894 2852 950 2897 ut
974 2842 1349 2897 tentationibus
1373 2848 1742 2905 exerceantur,

159 2944 219 2990 ut
264 2935 490 3005 ﬂagellis
534 2933 854 3004 proﬁciant;
906 2933 1027 3003 quia
1071 2931 1302 3002 ﬂagellat
1349 2932 1488 2985 Deus
1532 2944 1745 2984 omnem

163 3026 332 3080 ﬁlium
356 3040 514 3095 quem
545 3024 730 3092 recipit
763 3022 945 3095 (Hebr.
976 3038 1068 3088 xn,
1097 3022 1185 3093 6).
1218 3023 1283 3076 Et
1308 3021 1351 3075 si
1376 3020 1601 3076 Unicum
1632 3021 1747 3074 sine

165 3124 387 3187 peccato
410 3114 711 3186 ﬂagellavit,
735 3122 788 3169 et
808 3128 903 3183 pro
923 3114 1168 3169 omnibus
1190 3112 1403 3167 tradidit
1423 3128 1543 3167 eum
1570 3110 1744 3175 (Rom.

164 3227 278 3273 \‘lll,
310 3208 450 3278 '52),
479 3207 745 3277 quomodo
770 3207 1029 3261 debemus
1055 3220 1153 3259 nos
1190 3204 1477 3273 ﬂagellari,
1507 3203 1595 3272 qui
1622 3202 1748 3257 feci-

166 3316 286 3355 mus
319 3315 483 3370 quare
512 3298 877 3368 ﬂagellamur?
908 3297 1037 3367 Cum
1078 3296 1176 3351 ista
1211 3296 1497 3350 dixerimus
1517 3336 1531 3360 ,
1577 3294 1653 3348 illi
1696 3304 1750 3348 et

164 3392 232 3447 de
260 3390 571 3445 infelicitate
598 3388 914 3457 superbiant
955 3386 1163 3453 adhuc,
1189 3394 1243 3441 et
1271 3384 1449 3439 alﬂicti
1471 3427 1485 3448 ,
1515 3384 1748 3437 nondum

166 3481 452 3546 ltumiliati,
499 3478 841 3547 respondent,
886 3486 939 3531 et
986 3476 1171 3531 dicunt
1218 3493 1230 3527 :
1280 3475 1377 3529 Ista
1419 3484 1543 3529 sunt
1586 3473 1748 3528 verba

164 3572 595 3627 Christianorum
623 3583 898 3631 vanorum,
944 3568 1032 3637 qui
1071 3565 1295 3621 credunt
1333 3565 1476 3636 quod
1516 3580 1622 3618 non
1665 3564 1747 3617 vi-

163 3666 315 3722 dent.
365 3663 422 3719 Si
460 3662 554 3717 et‘
586 3662 682 3730 ipsi
730 3661 1020 3724 insultant,
1052 3659 1177 3728 quid
1222 3668 1466 3728 putamus
1490 3698 1503 3722 ,
1534 3656 1746 3719 fratres,

165 3754 322 3825 quasi
369 3769 475 3807 non
519 3766 613 3806 eos
642 3759 1088 3817 commemoratos
1132 3749 1185 3802 in
1227 3749 1328 3802 lioc
1362 3748 1599 3817 psalmo,
1630 3764 1749 3801 cum

165 3846 413 3907 diceret,
442 3841 781 3914 Opprobrinm
832 3841 900 3895 eis
947 3842 1029 3909 qui
1078 3838 1358 3899 abundant,
1409 3848 1455 3891 et
1501 3838 1749 3908 despcctio

165 3936 398 4005 superbis
428 3951 446 3988 :
475 3932 901 4004 quandoquidem
944 3932 1223 3984 insultatur
1252 3928 1564 3983 Christianis
1604 3937 1658 3983 et
1683 3928 1750 3983 ab

164 4031 245 4084 eis
286 4029 381 4098 qui
424 4043 527 4080 non
566 4025 879 4088 abundant;
925 4022 1017 4076 scd
1049 4037 1167 4076 cum
1197 4023 1303 4076 sint
1347 4022 1397 4075 in
1440 4031 1673 4091 egestate
1699 4030 1753 4076 et

160 4121 446 4184 aerumnis,
476 4133 574 4173 nec
596 4118 694 4188 ipsi
721 4124 932 4171 cessant
962 4115 1257 4170 insultare?
1284 4116 1437 4169 Certe
1465 4129 1613 4184 ergo,
1646 4113 1754 4185 0p-

164 4214 431 4282 probrium
455 4212 526 4266 eis
566 4212 650 4280 qui
687 4208 989 4263 abundant:
1018 4224 1087 4263 an
1117 4209 1251 4261 forte
1283 4208 1457 4260 nullus
1488 4208 1752 4261 invenitur

163 4306 254 4375 qui
300 4305 463 4359 etiam
505 4304 707 4371 positus
749 4301 799 4355 in
827 4300 1126 4355 calamitate
1157 4299 1417 4354 insultet?
1454 4299 1507 4355 Si
1537 4315 1639 4353 non
1671 4301 1751 4353 in-

163 4395 391 4450 sultavit
420 4395 556 4447 latro
576 4435 589 4457 ,
626 4392 715 4463 qui
746 4406 865 4445 cum
915 4390 1168 4445 cruciﬁxo
1198 4390 1421 4445 Domino
1464 4390 1750 4444 cruciﬁxus

163 4498 284 4542 emt
310 4486 462 4556 (Luc.
488 4502 634 4550 χχιιι,
661 4484 797 4554 59)?
828 4484 968 4552 Ergo
998 4483 1039 4536 si
1072 4483 1325 4537 insultant
1346 4492 1397 4538 et
1421 4483 1498 4536 illi
1527 4484 1614 4553 qui
1646 4499 1749 4537 non

159 4579 463 4641 abundant,
487 4592 650 4647 quare
672 4577 905 4645 psalmus
927 4574 1018 4640 ait,
1042 4573 1380 4643 Opprobrium
1402 4575 1471 4627 eis
1492 4576 1577 4643 qui
1601 4575 1754 4627 abun-

162 4675 292 4727 dant
319 4673 345 4725 ?
388 4671 445 4725 Si
490 4670 773 4739 diligenter
816 4668 1195 4731 discutiamus,
1226 4675 1280 4719 et
1321 4667 1420 4735 ipsi
1458 4666 1749 4719 abundant.

168 4764 326 4820 Unde
354 4760 670 4817 abundant?
709 4759 839 4813 Nam
869 4758 972 4813 nisi
1007 4757 1371 4824 abundarent,
1402 4758 1615 4826 superbi
1647 4773 1751 4811 non

162 4863 375 4910 essent.
404 4854 557 4907 Alius
586 4852 726 4906 enim
767 4850 1001 4905 abundat
1043 4850 1263 4919 pecunia
1283 4891 1297 4916 ,
1326 4859 1380 4904 et
1410 4849 1533 4905 inde
1561 4865 1753 4918 super-

167 4951 271 5003 bus
299 4957 421 5008 est;
464 4947 597 5000 alius
624 4943 857 4999 abundat
896 4943 1187 4999 honoribus
1207 4984 1222 5005 ,
1254 4951 1308 4995 et
1337 4943 1460 4997 inde
1493 4943 1751 5013 superbus

162 5050 250 5093 est
279 5055 295 5102 ;
339 5037 474 5091 alius
504 5034 772 5090 abundare
803 5049 861 5088 se
897 5034 1094 5103 justitia
1130 5041 1295 5101 putat,
1328 5044 1378 5087 et
1407 5034 1528 5087 inde
1558 5048 1761 5103 super--

162 5132 266 5195 bit,
296 5133 439 5199 quod
471 5131 620 5198 pejus
643 5138 744 5181 est.
776 5128 876 5193 Qui
904 5126 1147 5181 videntur
1174 5142 1275 5179 non
1298 5126 1570 5180 abundare
1596 5142 1753 5196 pecu-

161 5222 280 5281 nia,
319 5218 523 5288 justitia
552 5218 650 5272 sibi
678 5217 924 5271 videntur
947 5216 1216 5271 abundare
1253 5217 1510 5272 adversus
1543 5220 1707 5272 Deum
1735 5236 1749 5284 ;

160 5321 218 5365 et
256 5307 417 5379 positi
448 5309 499 5361 in
528 5308 917 5362 calamitatibus
945 5322 1001 5361 se
1037 5306 1327 5375 justiﬁcant
1348 5349 1360 5368 ,
1396 5309 1560 5362 Deum
1592 5325 1752 5361 accu-

162 5412 324 5465 sant,
356 5408 411 5453 et
437 5400 621 5454 dicunt
649 5416 661 5451 :
690 5398 826 5465 Quid
870 5399 1096 5462 admisi,
1124 5409 1213 5455 aut
1255 5400 1378 5469 quid
1412 5400 1551 5454 feci?
1602 5401 1668 5454 Et
1699 5410 1752 5455 tu

163 5491 310 5544 dicis
336 5506 348 5540 :
375 5489 620 5559 Respice,
645 5489 929 5544 recordare
958 5500 1169 5557 peccata
1200 5499 1306 5556 tua,
1331 5491 1373 5543 si
1404 5491 1751 5546 niliil'fecisti.

165 5579 447 5634 'l'itillatur
490 5578 813 5646 aliquantum
861 5578 1217 5640 conscientia,
1250 5588 1302 5634 et
1328 5578 1470 5634 redit
1490 5580 1555 5635 ad
1584 5597 1640 5636 se
1661 5624 1674 5648 ,
1704 5591 1757 5637 et

164 5670 376 5737 cogitat
405 5668 543 5722 facta
568 5684 659 5721 sua
701 5668 874 5733 mala;
921 5678 973 5722 et
1001 5685 1121 5722 cum
1154 5670 1464 5739 cogitaverit
1494 5672 1628 5728 facta
1661 5688 1752 5728 sua

238 5782 257 5811 ι
287 5778 528 5843 Er.L:tgd.
556 5786 670 5829 ven.
690 5786 743 5829 et
762 5786 890 5841 t.ov.,
912 5778 996 5829 sed
1014 5783 1076 5830 cl.
1172 5787 1229 5828 ut.

1214 357 1605 414 ENARRATIO
1644 356 1709 412 IN
1749 356 2069 413 PSALMUM
2107 358 2316 416 CXXII.

3275 375 3410 433 1638

1841 470 2003 534 mala,
2044 486 2143 526 nec
2171 473 2250 527 sic
2281 474 2390 528 vult
2428 477 2669 532 confiteri
2708 481 2828 549 quia
2868 480 3024 552 digna
3056 485 3250 553 patitur
3277 505 3291 542 :
3318 493 3413 545 sed

1839 560 1997 628 dicit,
2030 564 2168 619 Ecce
2198 566 2475 622 manifeste
2519 568 2619 623 feci
2662 572 2866 639 multa;
2909 574 3003 629 sed
3040 577 3235 632 multos
3261 578 3417 635 video

1839 652 2020 721 pejora
2052 654 2274 723 fecisse,
2301 666 2356 710 et
2397 657 2528 712 nihil
2568 661 2690 714 mali
2730 664 2858 732 pati.
2888 664 3070 720 Justus
3108 676 3190 721 est
3227 680 3418 723 contra

1839 744 2027 799 Deum.
2061 746 2309 803 Abundat
2352 764 2478 819 ergo
2523 760 2577 807 et
2619 752 2766 821 ipse,
2799 757 3010 824 plenum
3042 758 3203 814 liabet
3231 772 3420 830 pectus

1834 834 2076 903 justitia;
2109 839 2535 909 quandoquidem
2568 843 2645 897 illi
2674 846 2811 899 Deus
2838 848 3047 904 videtur
3079 852 3416 909 malefacere.

1839 935 1892 980 et
1916 929 2028 997 ipse
2056 929 2158 983 sibi
2187 930 2392 986 videtur
2422 933 2617 1002 injuste
2640 937 2766 1004 pali.
2799 938 2863 991 Et
2882 940 2924 993 si
2950 940 3106 996 dares
3135 943 3207 997 illi
3238 920 3419 999 navim

1838 1017 2260 1088 gubernandum,
2296 1022 2348 1075 in
2373 1023 2703 1094 naufragium
2736 1025 2834 1080 iret
2872 1043 2990 1083 cum
3022 1030 3109 1084 illa
3139 1050 3154 1086 :
3186 1035 3297 1087 vult
3320 1049 3417 1087 an-

1842 1116 1948 1162 tem
1977 1109 2144 1164 Deum
2173 1120 2424 1167 excutere
2449 1113 2516 1168 de
2540 1115 2924 1184 gubernatione
2954 1117 3109 1189 hujus
3137 1124 3337 1189 mundi,
3367 1135 3422 1180 et

1841 1197 1954 1266 ipse
2008 1208 2189 1254 tenere
2241 1201 2596 1270 gubernacula
2644 1219 2902 1262 creaturis
2930 1251 2946 1276 ,
2996 1221 3051 1264 et
3098 1211 3420 1269 distribuere

1840 1288 2086 1343 omnibus
2110 1291 2324 1346 dolores
2347 1303 2400 1347 et
2424 1294 2654 1361 lzntitias,
2684 1312 2871 1365 poenas
2894 1308 2947 1352 et
2968 1301 3203 1369 praemia.
3236 1302 3420 1359 Infelix

1841 1379 2014 1456 anima
2041 1382 2053 1435 ε
2094 1391 2149 1435 et
2168 1383 2313 1457 'quid
2371 1385 2636 1440 miramini
2664 1388 2720 1441 ‘?
2746 1390 2979 1446 abundat
3005 1434 3019 1459 ,
3045 1393 3139 1448 sed
3186 1395 3423 1451 abundat

1842 1473 2098 1541 nequitia,
2131 1472 2361 1530 abundat
2390 1480 2586 1532 malitia
2611 1497 2626 1546 ;
2656 1488 2711 1535 et
2739 1498 2803 1537 eo
2834 1485 2950 1553 plus
2976 1485 3209 1542 abundat
3238 1491 3425 1559 nequi-

1845 1563 1936 1629 tia,
1965 1580 2069 1634 quo
2096 1567 2196 1621 sibi
2225 1567 2440 1624 videtur
2467 1571 2738 1627 abundare
2773 1574 2999 1643 justitia.

1914 1657 2005 1712 il.
2033 1659 2103 1712 At
2122 1674 2260 1715 ivero
2282 1660 2606 1718 cbristianus
2628 1667 2791 1723 homo
2817 1684 2921 1724 non
2950 1671 3110 1726 debet
3131 1674 3422 1743 abundare,

1844 1747 1935 1801 sed
1963 1764 2247 1818 pauperem
2279 1766 2337 1807 se
2367 1753 2528 1810 debet
2551 1772 2877 1827 cognoscere
2903 1778 2917 1827 ;
2945 1771 3001 1817 et
3028 1764 3072 1818 si
3108 1764 3265 1821 habet
3288 1767 3425 1822 divi-

1844 1837 1945 1892 tias
1965 1881 1979 1906 ,
2010 1840 2148 1894 scire
2177 1841 2337 1898 debet
2366 1846 2487 1914 quia
2519 1862 2625 1927 non
2657 1859 2781 1903 sunt
2808 1851 2914 1904 illa:
2947 1868 3084 1907 vera:
3109 1854 3338 1925 divitiae,
3369 1868 3426 1913 ut

1845 1930 1975 1986 alias
2020 1932 2308 1990 desideret.
2342 1936 2444 2005 Qui
2488 1941 2630 2001 enim
2681 1942 2888 1997 divitias
2931 1944 3089 2001 falsas
3136 1948 3425 2019 desiderat,

1845 2038 2000 2079 veras
2043 2042 2150 2080 non
2197 2030 2388 2097 quaerit
2416 2049 2429 2083 :
2460 2033 2547 2100 qui
2579 2044 2755 2089 autem
2781 2030 2936 2093 veras
2976 2040 3205 2109 quierit,
3254 2043 3429 2099 adhuc

1845 2129 2043 2184 pauper
2075 2128 2193 2183 est;
2237 2129 2290 2173 et
2318 2130 2465 2175 recte
2489 2122 2653 2189 dicit,
2687 2124 2895 2196 Pauper
2919 2138 2965 2182 et
2995 2131 3169 2185 dolens
3199 2149 3287 2202 ego
3316 2151 3430 2187 sum

1851 2204 2033 2275 (Psal.
2058 2223 2220 2262 vam
2239 2250 2254 2276 ,
2282 2210 2351 2266 50
2376 2213 2414 2280 ).
2447 2212 2651 2269 Rursus
2682 2216 2768 2270 ille
2794 2219 2882 2287 qui
2914 2229 2967 2273 et
2998 2236 3199 2291 pauper
3225 2234 3308 2279 est
3328 2267 3341 2285 .
3374 2235 3430 2280 et

1847 2297 2080 2367 nequitia
2127 2300 2317 2368 plenus
2362 2312 2478 2369 est,
2521 2305 2659 2360 unde
2703 2307 2897 2363 dicitur
2940 2311 3254 2369 abundare?
3297 2316 3429 2383 Quia

1847 2387 2096 2458 displicet
2126 2391 2202 2445 illi
2243 2394 2366 2463 quia
2400 2410 2601 2466 pauper
2625 2407 2707 2453 est
2728 2442 2743 2465 ,
2773 2409 2827 2456 et
2851 2402 3052 2470 justitia
3085 2405 3195 2473 ipsa
3221 2408 3430 2463 videtur

1847 2479 2120 2536 abundare
2146 2482 2217 2551 ,in
2258 2485 2421 2540 corde
2466 2502 2564 2542 suo
2592 2489 2872 2544 adversum
2909 2492 3167 2562 justitiam
3198 2496 3312 2552 Dei.
3364 2499 3428 2553 Et

1849 2585 1966 2638 quin
1993 2571 2314 2629 abundantia
2341 2575 2560 2645 justitia:
2588 2581 2829 2635 nostrae?
2867 2582 3304 2657 Quantacumque
3342 2590 3432 2657 jn-

1848 2660 1990 2714 stitia
2026 2662 2076 2716 in
2123 2665 2276 2719 nobis
2320 2665 2502 2733 fuerit,
2536 2684 2629 2723 ros
2672 2679 2752 2725 est
2794 2674 2976 2728 nescio
3016 2676 3137 2745 quis
3175 2677 3240 2731 ad
3287 2679 3431 2733 illum

1852 2750 2048 2807 fontem
2074 2770 2089 2818 ;
2117 2754 2183 2809 ad
2213 2758 2451 2826 saginam
2477 2759 2620 2814 illam
2652 2770 2849 2817 tantam
2888 2764 3157 2821 stillicidia
3182 2770 3428 2838 qua-dam

1851 2854 1995 2909 sunt,
2028 2861 2146 2915 qua:
2174 2847 2333 2901 vitam
2362 2858 2597 2905 nostram
2629 2854 2906 2921 molliant,
2933 2865 2986 2910 et
3012 2857 3198 2912 duram
3240 2861 3434 2931 iniqui-
3508 2896 3519 2901 -

1852 2944 2013 2990 tatem
2062 2940 2292 2994 solvant.
2342 2941 2500 2997 Modo
2551 2944 2917 3004 desideremus
2969 2952 3036 3006 de
3084 2954 3242 3023 pleno
3287 2954 3435 3013 fonte

1846 3030 2070 3098 justitia:
2107 3033 2375 3102 saginari,
2405 3035 2778 3095 desideremus
2817 3041 3062 3099 ubertate
3104 3046 3189 3100 illa
3217 3051 3434 3113 satiari,

1853 3120 1919 3174 de
1953 3136 2056 3191 qua
2097 3123 2291 3178 dicitur
2332 3125 2384 3178 in
2429 3127 2633 3195 psalmo
2667 3146 2680 3182 :
2712 3129 3102 3188 Incbriabuntur
3130 3136 3191 3189 ab
3216 3138 3436 3193 ubertate

1854 3209 2033 3264 domus
2060 3220 2176 3278 tute,
2207 3223 2252 3265 et
2279 3223 2498 3270 torrente
2521 3217 2795 3290 voluptatis
2820 3231 2919 3276 tua:
2938 3225 3132 3288 potabis
3158 3244 3240 3282 eos
3265 3229 3433 3301 (l’sal.

1855 3319 2016 3367 xxxv,
2050 3304 2138 3374 9).
2174 3306 2270 3361 llic
2307 3317 2484 3363 autem
2530 3326 2650 3365 cum
2699 3329 2919 3382 sumus,
2952 3317 3135 3387 inopes
3177 3337 3273 3376 nos
3319 3339 3435 3377 esse

1856 3396 2208 3466 intelligamus
2236 3409 2289 3453 et
2318 3411 2556 3469 egentes,
2585 3419 2689 3457 non
2716 3406 2889 3461 solum
2922 3408 3107 3464 barum
3134 3412 3434 3469 divitiarum

1856 3504 1975 3557 qua:
2000 3507 2103 3544 nan
2133 3501 2260 3545 sunt
2286 3508 2425 3548 vera:
2456 3496 2674 3563 divitiae,
2705 3498 2799 3552 sed
2838 3509 2890 3553 et
2937 3501 3101 3569 ipsius
3143 3506 3346 3560 salutis.
3379 3509 3439 3562 lit

1856 3580 2067 3648 quando
2111 3584 2227 3635 sani
2273 3597 2479 3647 sumus,
2527 3587 2880 3656 intelligamus
2919 3594 3041 3660 quia
3086 3595 3436 3653 iuﬁrmamnr.

1857 3672 2116 3739 Quamdiu
2147 3674 2289 3728 enim
2329 3690 2524 3743 corpus
2569 3678 2670 3732 lioc
2710 3681 2874 3733 esurit
2920 3692 2973 3736 et
3016 3684 3145 3747 sitit,
3189 3690 3438 3754 quamdiu

1859 3763 1960 3818 hoc
1983 3778 2179 3832 corpus
2205 3765 2474 3832 vigilando
2506 3767 2777 3835 fatigatur,
2806 3771 2997 3825 stando
3023 3773 3297 3844 fatigatur,
3330 3795 3439 3831 am-

1859 3854 2093 3909 bulando
2139 3855 2410 3925 fatigatur,
2458 3858 2694 3918 sedendo
2744 3860 3025 3931 fatigatur,
3072 3868 3439 3926 manducando

1860 3945 2144 4016 fatigatur;
2186 3962 2521 4017 quocumque
2562 3964 2620 4004 se
2650 3951 2870 4005 verterit
2897 3952 2962 4006 ad
2992 3955 3284 4012 subsidium
3317 3960 3437 4014 fati-

1857 4036 2109 4105 gationis,
2138 4036 2209 4090 ibi
2238 4038 2440 4091 invenit
2464 4039 2621 4093 aliam
2645 4039 3007 4110 fatigationem
3038 4062 3053 4098 :
3083 4063 3184 4100 non
3210 4059 3439 4119 estergo

1861 4125 2092 4195 perfecta
2121 4127 2324 4181 sanitas
2345 4169 2359 4192 ,
2390 4143 2487 4182 nec
2516 4129 2566 4182 in
2610 4130 2725 4198 ipso
2754 4146 2995 4202 corpore.
3025 4134 3141 4191 Non
3168 4149 3290 4192 sunt
3315 4156 3440 4211 ergo

1861 4219 1967 4273 illae
2019 4219 2256 4287 divitiae,
2306 4220 2400 4274 sed
2452 4221 2808 4283 mendicitas:
2861 4228 2981 4295 quia
3025 4241 3224 4298 quanto
3274 4239 3440 4306 magis

1861 4311 2150 4377 abundant,
2204 4320 2350 4365 tanto
2395 4315 2588 4368 crescit
2633 4315 2808 4385 inopia
2851 4327 2903 4372 et
2945 4322 3184 4375 avaritia.
3216 4324 3329 4379 Non
3361 4340 3441 4382 est

1862 4402 1959 4457 ista
2000 4402 2142 4456 salus
2170 4404 2431 4471 corporis,
2478 4404 2570 4458 sed
2616 4405 2913 4462 inﬁrmitas.
2964 4410 3441 4482 Paregorizamnr'

1861 4493 2096 4563 quotidie
2151 4493 2555 4547 medicamentis
2603 4495 2736 4563 Dei,
2786 4499 2907 4567 quia
2958 4502 3340 4565 manducamus
3388 4520 3442 4563 et

1862 4586 2092 4641 bibimus
2121 4603 2133 4637 :
2165 4585 2552 4642 medicamenta
2602 4588 2710 4656 ipsa
2742 4602 2885 4657 sunt,
2934 4607 3051 4661 qua:
3091 4595 3245 4649 nobis
3277 4614 3443 4666 appo-

1861 4687 2076 4733 nuntur.
2110 4677 2347 4743 Fratres,
2391 4679 2436 4733 si
2468 4680 2625 4733 vultis
2654 4680 2833 4735 vidcre
2874 4683 3046 4751 qualis
3085 4688 3300 4741 morbus
3345 4706 3442 4745 nos

1863 4770 2085 4835 habeat;
2113 4771 2200 4840 qui
2224 4770 2428 4840 jejuuat
2457 4780 2660 4839 septem
2686 4771 2895 4837 diebus,
2925 4774 3063 4830 fame
3086 4782 3443 4835 consumitur.

1864 4863 2002 4932 Ergo
2031 4862 2117 4915 illa
2149 4861 2315 4915 fames
2347 4861 2421 4914 ibi
2464 4869 2584 4925 est;
2633 4862 2726 4915 sed
2774 4862 2893 4916 idco
2935 4864 3074 4918 illam
3119 4884 3223 4922 non
3251 4874 3441 4939 sinitis,

1864 4955 1984 5023 quia
2029 4953 2266 5023 quotidie
2315 4953 2462 5006 illam
2510 4966 2665 5006 curas
2705 4970 2718 5005 ε
2761 4969 2888 5025 ergo
2932 4971 3033 5013 nec
3079 4959 3192 5027 ipsa
3241 4964 3441 5019 sanitas

1861 5049 2014 5103 nobis
2040 5055 2119 5101 est
2144 5047 2400 5117 perfecta.

1934 5139 2023 5194 4'2.
2065 5136 2309 5192 lntendat
2338 5134 2580 5191 Charitas
2609 5146 2781 5191 vestra
2808 5140 3075 5208 quomodo
3111 5156 3207 5195 nos
3249 5142 3441 5198 intelli-

1843 5283 1848 5287 ’
1926 5294 1940 5324 ¹
1968 5298 2040 5339 Er.
2056 5288 2203 5353 Lugd.
2224 5296 2341 5336 ven.
2360 5293 2410 5336 et
2426 5294 2565 5338 t.ov.:
2584 5294 2638 5338 Et
2654 5288 2770 5352 quid
2788 5289 3070 5340 miramini?
3088 5293 3177 5353 mf.
3193 5290 3265 5340 lix.
3280 5291 3441 5344 aniiuo

1862 5354 2090 5418 abundat,
2114 5351 2217 5408 sed,
2239 5357 2332 5398 etc.
2368 5408 2377 5418 .
2430 5357 2487 5396 Μ.

1927 5418 1945 5446 ³
1969 5416 2109 5474 bdd.,
2152 5412 2563 5479 puraqqrizmnur.
2599 5418 2706 5479 ayss.
2742 5412 2938 5479 plures,
2994 5413 3389 5479 pqncgorizanmr
3421 5431 3439 5467 :

1864 5477 1942 5526 alii
1963 5490 2095 5540 vero,
2116 5474 2504 5540 purcgorizuntur
2535 5486 2551 5520 :
2576 5474 2632 5521 ad
2653 5474 2780 5536 quod
2807 5474 3008 5524 verbum
3032 5474 3442 5540 iiicbristinaeanp

1866 5548 1944 5587 his.
1971 5533 2175 5602 additur,
2200 5533 2250 5602 id
2271 5540 2341 5602 est
2378 5533 2878 5602 mulcentur.'_Nempe
2914 5535 3283 5602 aparégorein,
3306 5533 3443 5602 quod

1866 5610 1960 5658 est,
1984 5596 2235 5662 coitiolui‘i,
2261 5596 2506 5643 duxerunt
2524 5596 2714 5653 medici,
2736 5596 3129 5662 ρηγεσρνὶέαγεζι
3147 5612 3219 5657 ro,
3248 5596 3441 5662 mitiga-

1865 5676 1935 5716 re,
1955 5659 2102 5711 lenire
2126 5664 2473 5722 “temperare.
2497 5666 2765 5722 AllOll}lllUS
2784 5659 2998 5722 medicus
3016 5674 3042 5706 ιι
3062 5659 3178 5708 νέα.
3196 5659 3371 5722 ('angio
3390 5666 3441 5713 in

1859 5724 2095 5773 Glossario
2119 5719 2320 5787 relatus,
2353 5737 2375 5764 α
2393 5719 2690 5780 t=aregorica,
2712 5736 2733 5761 ν
2758 5721 2888 5780 ait”
2908 5728 3036 5785 sunt,
3065 5736 3174 5784 qutr
3192 5719 3444 5787 paregOti-
3502 5728 3511 5745 ‘

1880 5803 1902 5832 ι
1924 5793 2029 5833 zant
2054 5798 2114 5832 nc
2140 5778 2311 5831 multum
2327 5778 2531 5843 crescat,
2561 5795 2653 5830 non
2673 5778 2857 5831 sanant.
2884 5798 2907 5827 ν
