4032 6202
575 319 715 389 1639
730 368 761 389 ς

570 464 755 520 gamus
797 447 1014 514 inopes,
1048 449 1105 496 ιιι
1149 441 1470 510 gaudeamus
1516 438 1581 493 ad
1627 453 1779 502 eum,
1818 447 1871 492 et
1904 439 2137 492 levemus

573 539 758 594 oculos
788 535 853 590 ad
896 548 1017 589 eum
1062 533 1150 602 qui
1199 531 1401 585 habitat
1430 530 1481 603 in
1512 529 1669 583 coelo.
1712 527 1828 582 Non
1870 538 1992 581 sunt
2035 527 2141 581 ilhc

567 646 707 686 vene
735 628 969 694 divitiae;
1010 627 1127 697 plus
1171 634 1362 694 augent
1406 620 1749 691 cupiditatem
1791 619 1869 674 eis
1911 620 2002 689 qui
2049 634 2142 673 eas

565 723 861 793 possident.
903 719 1019 775 Non
1060 729 1144 774 est
1172 719 1257 773 illa
1290 732 1411 772 vera
1458 715 1701 784 corporis
1738 715 1974 779 sanitas;
2020 714 2140 781 quia

567 822 811 884 portatur
840 811 1121 866 infirmitas
1162 810 1353 877 ubique
1390 807 1647 863 defectiva
1680 826 1693 861 :
1722 821 2054 877 quocumque
2084 820 2143 860 se

568 903 805 969 verterit,
853 902 1054 956 deficit.
1100 900 1157 953 1n
1190 900 1305 969 ipso
1334 898 1596 968 adjutorio
1633 913 1736 950 non
1771 897 2011 951 invenies
2054 896 2142 947 fir—

566 1002 901 1047 mamentum
928 1007 943 1044 :
973 991 1201 1045 lass:ttur
1228 988 1457 1051 stando;
1494 986 1682 1043 sedere
1710 985 1856 1050 vult;
1888 984 2140 1056 nttmquid

572 1086 655 1139 vel
689 1082 926 1140 sedendo
947 1082 1200 1137 durabit?
1226 1081 1374 1147 Quod
1405 1080 1501 1134 sibi
1541 1079 1701 1148 elegit
1736 1087 1793 1132 ut
1823 1092 1926 1131 non
1958 1076 2145 1144 fatiga—

568 1186 743 1242 retur,
789 1175 860 1229 ibi
914 1174 1076 1228 habet
1120 1172 1370 1227 deficere.
1424 1171 1677 1224 Lassatus
1726 1179 1809 1223 est
1853 1166 2136 1238 vigilando,

565 1267 895 1320 dormiturus
920 1274 1002 1319 est
1029 1282 1045 1317 :
1074 1262 1325 1333 numquid
1348 1261 1467 1332 quia
1491 1260 1762 1323 dormivit,
1793 1275 1898 1314 non
1925 1258 2141 1313 deflcit!

573 1360 820 1411 Lassatus
849 1365 932 1410 est
949 1356 1248 1425 jejunando
1268 1398 1282 1418 ,
1312 1354 1609 1408 refecturus
1634 1363 1716 1407 est
1744 1368 1758 1404 :
1789 1352 1831 1404 si
1863 1350 1979 1419 plus
2006 1350 2144 1425 refe-

568 1450 722 1513 cerit,
753 1449 875 1503 inde
899 1448 1096 1502 deﬁcit.
1129 1448 1183 1502 in
1213 1448 1355 1501 nulla
1385 1461 1445 1501 re
1471 1454 1646 1515 potest
1677 1459 2017 1513 perseverare
2045 1443 2141 1496 ista

572 1538 873 1592 infirmitas.
917 1539 1125 1593 Justitia
1174 1538 1345 1608 quid?
1388 1536 1592 1603 Quanta
1633 1535 1837 1606 jUStitia
1882 1543 1965 1588 est
2007 1535 2146 1589 inter

572 1638 743 1682 tantas
773 1629 1134 1683 tentationes?
1174 1630 1460 1683 Possumus
1499 1628 1774 1681 continere
1817 1625 1884 1678 ab
1924 1624 2145 1679 homici-

568 1721 687 1784 dio,
719 1720 785 1774 ab
811 1720 1072 1775 adulterio
1099 1761 1114 1785 ,
1140 1736 1169 1774 a
1199 1719 1347 1772 furtis
1366 1760 1382 1783 ,
1410 1734 1438 1771 a
1469 1717 1712 1787 perjuriis
1731 1759 1746 1783 ,
1775 1733 1805 1772 a
1832 1716 2103 1770 fraudibus
2127 1730 2142 1769 :

566 1810 819 1879 numquid
864 1810 930 1864 ab
975 1810 1170 1879 iniquis
1223 1805 1674 1879 cogitationibus?
1722 1805 1977 1876 numquid
2018 1814 2074 1860 et
2113 1821 2142 1859 a

564 1901 993 1970 suggestionibns
1027 1897 1289 1954 htalarum
1321 1899 1716 1969 cupiditatum?
1751 1898 1882 1964 Quae
1907 1908 1990 1952 est
2015 1914 2145 1968 ergo

561 1992 764 2061 justitia
796 1992 1019 2046 nostra?
1057 1991 1246 2045 Totum
1273 2005 1401 2060 ergo
1423 1990 1754 2054 esuriamus,
1784 1996 1951 2043 totum
1990 1989 2141 2042 sitia-

568 2095 706 2146 mus,
740 2089 792 2136 et
821 2097 972 2135 veras
996 2081 1237 2146 divitias,
1265 2091 1318 2137 et
1341 2092 1521 2136 'veram
1547 2080 1826 2135 sanitatem
1845 2124 1858 2147 ,
1887 2090 1940 2134 et
1962 2095 2140 2135 veram

564 2170 846 2239 justitiam.
878 2170 1006 2238 Qua:
1036 2180 1161 2225 sunt
1181 2185 1322 2226 vera:
1343 2170 1580 2225 divitiae?
1608 2169 1853 2225 Caelestis
1874 2169 1961 2224 illa
1990 2186 2146 2225 man-

565 2265 646 2315 sio
693 2262 746 2316 in
789 2261 1104 2316 Jerusalem.
1154 2262 1282 2329 Quis
1328 2262 1470 2316 enim
1515 2261 1710 2316 dicitur
1750 2261 1900 2316 dives
1944 2261 1997 2315 in
2042 2259 2144 2316 hac

566 2351 750 2404 terra?
787 2350 1009 2423 Quando
1038 2351 1287 2406 laudatur
1311 2352 1481 2414 dives,
1509 2352 1633 2421 quid
1656 2352 1885 2405 dicitur?
1924 2350 2140 2406 Multum

569 2442 718 2496 dives
741 2451 858 2506 est;
905 2442 1038 2496 nihil
1081 2442 1156 2497 illi
1199 2442 1366 2498 deest.
1399 2442 1537 2497 Laus
1562 2454 1707 2499 certa
1752 2444 2012 2500 laudantis
2051 2444 2143 2498 illa

567 2545 649 2587 est
674 2551 688 2587 :
718 2548 837 2586 nam
877 2534 975 2588 ista
1014 2549 1119 2587 non
1164 2541 1265 2597 est,
1306 2548 1427 2587 cum
1464 2533 1675 2598 dicitur,
1699 2530 1838 2586 Nihil
1868 2532 1945 2586 illi
1970 2531 2142 2587 deest.

567 2622 795 2677 Attende
821 2623 864 2674 si
898 2622 1027 2676 nihil
1055 2623 1223 2677 deest.
1251 2622 1305 2677 Si
1333 2623 1460 2676 nihil
1487 2625 1652 2691 cupit,
1686 2623 1816 2677 nihil
1846 2623 1921 2676 illi
1951 2623 2103 2678 deest
2126 2640 2141 2676 :

566 2716 610 2767 si
653 2723 827 2768 autem
855 2713 1029 2768 adhuc
1065 2714 1209 2782 cupit
1238 2712 1458 2783 majora,
1501 2728 1657 2782 quam
1688 2727 1807 2783 quae
1847 2711 2026 2778 habet,
2069 2710 2137 2765 ad

568 2807 668 2858 hoc
692 2813 1032 2859 accesserunt
1055 2803 1285 2868 divitiae,
1315 2813 1371 2857 ut
1404 2814 1612 2874 egestas
1650 2811 1934 2858 cresceret.
1966 2803 2022 2858 In
2052 2803 2140 2857 illa

569 2909 695 2949 vero
719 2896 929 2949 civitate
964 2911 1102 2950 verae
1129 2907 1283 2950 erunt
1314 2896 1541 2961 divitite,
1573 2897 1694 2966 quia
1720 2895 1791 2951 ibi
1831 2896 1961 2949 nihil
1988 2895 2142 2951 nobis

564 2987 775 3051 deerit;
809 2986 931 3057 quia
960 3000 1058 3040 nec
1085 2985 1439 3056 indigebimus
1464 2986 1640 3055 aliqua
1663 3001 1742 3053 re,
1774 2994 1828 3040 et
1846 3001 1973 3040 vera
2000 2986 2142 3040 sani-

530 3138 535 3144 ί
568 3087 648 3129 tas
676 3076 796 3130 erit.
826 3075 955 3143 Quae
984 3085 1066 3131 est
1102 3091 1226 3130 vera
1257 3076 1455 3130 sanitas
1475 3077 1500 3129 ?
1538 3075 1671 3130 Cum
1701 3075 1949 3145 absorpta
1987 3076 2141 3130 fuerit

568 3182 713 3220 mors
736 3167 790 3220 in
816 3167 1115 3232 victoriam,
1159 3175 1214 3221 et
1245 3182 1365 3221 cum
1406 3168 1749 3237 corruptibile
1784 3166 1885 3223 hoc
1912 3168 2141 3223 induerit

564 3256 1039 3323 incorruptionem,
1067 3264 1122 3310 et
1162 3256 1383 3309 mortale
1410 3255 1511 3310 hoc
1550 3256 1776 3311 induerit
1819 3257 2137 3311 immortali-

563 3349 725 3397 tatem
765 3343 786 3414 (
808 3343 825 3396 Ι
849 3343 967 3399 Cor.
992 3360 1091 3409 xv,
1121 3346 1223 3407 53,
1255 3345 1401 3413 54);
1446 3353 1571 3399 tunc
1608 3345 1710 3401 erit
1752 3361 1876 3401 vera
1917 3347 2136 3413 sanitas,

564 3442 688 3486 tunc
726 3434 826 3487 erit
865 3448 988 3487 vera
1026 3441 1081 3487 et
1119 3431 1349 3502 perfecta
1375 3433 1598 3502 iustitia,
1625 3444 1680 3488 ut
1707 3434 1839 3489 nihil
1865 3436 1991 3490 mali
2030 3451 2138 3492 non

561 3522 731 3577 solum
758 3525 950 3588 facere,
978 3523 1070 3577 scd
1098 3538 1196 3577 nec
1215 3523 1450 3592 cogitare
1472 3522 1757 3592 possimus.
1780 3521 1936 3578 Modo
1959 3535 2138 3581 autem

560 3614 768 3683 inopes,
797 3626 1076 3682 pauperes,
1103 3621 1351 3682 egentes,
1378 3612 1621 3667 dolentes
1659 3614 2019 3683 suSpiramus,
2041 3630 2137 3686 ge-

563 3703 774 3768 mimus,
802 3717 1038 3769 oramus,
1063 3702 1301 3756 levamus
1340 3702 1522 3756 oculos
1559 3702 1625 3755 ad
1654 3703 1815 3757 Deum
1846 3722 1861 3759 :
1886 3706 2137 3774 quoniam

560 3802 614 3845 et
640 3793 712 3846 illi
738 3793 828 3862 qui
855 3792 1036 3847 felices
1063 3800 1189 3846 sunt
1221 3792 1280 3845 in
1312 3792 1413 3846 hoc
1438 3792 1657 3860 mundo,
1681 3792 1979 3863 deSpieiunt
1999 3812 2095 3852 nos
2120 3815 2135 3863 ;

557 3883 829 3937 abundant
860 3883 1005 3937 enim
1036 3892 1128 3937 :et
1165 3883 1241 3936 illi
1266 3883 1355 3953 qui
1383 3881 1620 3938 infelices
1656 3894 1780 3939 sunt
1812 3885 1866 3938 in
1904 3886 2005 3942 hoc
2028 3902 2137 3943 sae-

556 3973 700 4040 culo,
742 3973 1076 4044 despiciunt;
1115 3974 1237 4044 quia
1277 3981 1333 4027 et
1374 3972 1474 4042 ipsi
1508 3973 1804 4037 abundant,
1844 3984 1899 4029 et
1930 3974 2134 4045 iustitia

558 4072 643 4118 est
669 4064 719 4117 in
741 4063 901 4117 corde
930 4063 1190 4133 ipsorum,
1216 4063 1309 4117 sed
1339 4061 1489 4117 falsa.
1523 4061 1647 4117 Ideo
1681 4079 1786 4117 non
1825 4065 2136 4131 perveniunt

558 4155 626 4209 ad
652 4171 853 4218 veram,
880 4156 1003 4225 quia
1040 4155 1226 4224 repleti
1267 4162 1390 4208 sunt
1429 4154 1579 4209 falsa.
1611 4154 1691 4208 Tu
1715 4163 1891 4209 autem
1923 4166 1977 4209 ut
2011 4172 2133 4224 per-

559 4247 744 4301 venias
765 4247 829 4301 ad
855 4262 1057 4311 veram,
1080 4255 1198 4300 esto
1218 4260 1381 4315 egens
1405 4256 1459 4300 et
1488 4238 1761 4300 mendicus
1788 4246 1952 4315 ipsius
1974 4247 2134 4316 justi-

562 4340 647 4390 ti-.c
673 4354 685 4401 ;
721 4347 774 4391 et
797 4337 919 4392 audi
945 4337 1290 4406 Evangeliutn
1317 4354 1331 4390 ;
1358 4327 1505 4389 Beati
1532 4339 1616 4403 qui
1642 4338 1863 4392 esuriant
1890 4348 1936 4390 et
1961 4339 2134 4392 sitiunt

554 4429 823 4496 iustitiam,
851 4430 1087 4497 quoniam
1116 4429 1215 4497 ipsi
1243 4428 1600 4481 saturabuntur
1624 4427 1836 4498 (Matth.
1862 4444 1913 4494 v,
1944 4428 2024 4499 6).

939 4638 1018 4698 ΙΝ
1064 4633 1441 4698 PSALMUM
1483 4635 1745 4696 CXXII]

1134 4734 1551 4791 ENARRATIO.

1076 4843 1247 4883 SERHO
1276 4843 1339 4881 AD
1363 4840 1619 4882 POPULUI.

623 4927 675 4980 Ι.
706 4920 872 4998 [rem
899 4921 1042 4996 i-5.]
1071 4921 1214 4974 Bene
1237 4919 1344 4989 jam
1376 4919 1564 4981 nostis,
1589 4918 1778 4972 fratres
1803 4918 2122 4986 cbarissimi,

555 5017 820 5074 canticum
843 5012 1100 5085 graduum
1128 5025 1246 5065 esse
1267 5010 1528 5063 canticum
1554 5008 1883 5063 ascensionis
1907 5018 2122 5075 nostrze,

545 5109 899 5176 eamdemque
936 5103 1299 5158 ascensionem
1330 5117 1434 5155 non
1467 5101 1707 5169 corporis
1734 5100 1956 5169 pedibus
1985 5098 2119 5166 licrl,

546 5204 643 5259 sed
681 5200 862 5256 cordis
904 5196 1200 5252 affectibus.
1249 5194 1361 5248 Hoc
1403 5194 1698 5262 smpissime
1740 5193 2122 5247 insirmavimus

547 5296 734 5358 vobis;
784 5307 883 5347 nec
930 5289 1115 5344 eadem
1165 5289 1361 5355 saepius
1405 5285 1691 5355 repetenda
1739 5295 1899 5348 sunt,
1949 5294 2007 5338 ιιι
2052 5285 2122 5337 sit

547 5386 693 5440 locus
722 5381 934 5439 dicendi
978 5396 1095 5451 quae
1133 5377 1365 5433 nondum
1405 5376 1544 5431 dicta
1586 5384 1728 5429 sunt.
1772 5376 1835 5429 Et
1866 5376 1963 5430 iste
1993 5390 2119 5445 ergo

546 5475 779 5538 psalmus
800 5516 814 5540 ,
842 5488 999 5543 quem
1031 5485 1173 5526 nunc
1200 5468 1349 5522 vobis
1374 5477 1645 5521 cantatum
1675 5467 1913 5529 audistis,
1941 5465 2116 5520 Canti-

543 5579 655 5613 rum
696 5564 947 5631 graduum
991 5560 1422 5632 superscribitur.
1470 5557 1588 5628 Ipse
1631 5567 1714 5612 est
1756 5558 1937 5612 titulus
1978 5557 2114 5626 ejus.

538 5652 804 5706 Cantant‘
832 5668 959 5722 ergo
987 5653 1341 5708 ascendentes
1380 5669 1394 5705 :
1441 5659 1496 5705 et
1538 5650 1824 5720 aliquando
1866 5658 2115 5718 tanquam

604 5761 620 5790 ι
647 5765 777 5807 t.ov..
793 5767 977 5810 cantate
999 5774 1015 5810 :
1040 5761 1440 5811 dissentientibus
1460 5759 1571 5810 ωδ.
1610 5759 1717 5809 aliis
1740 5766 1793 5810 et
1816 5767 1917 5808 Mss.

1801 314 1857 376 S.
1902 317 2264 376 AUGUSTINI
2306 314 2605 378 EPISCOPI

3685 324 3810 385 1550

2259 452 2394 492 unus
2422 448 2625 505 cantat,
2654 438 2939 508 aliquando
2959 447 3209 511 tanquam
3231 441 3384 498 multi
3408 458 3424 507 ;
3454 442 3578 515 quia
3597 453 3651 499 et
3672 446 3808 501 multi

2245 542 2400 591 unus,
2433 529 2554 598 quia
2584 538 2639 582 et
2666 545 2805 584 unus
2830 528 3098 597 Christus,
3141 540 3196 586 et
3235 534 3288 587 in
3329 531 3545 601 Christo
3584 536 3809 590 membra

2246 616 2442 672 Christi
2470 635 2591 673 cum
2615 621 2833 676 Christo
2857 638 3018 676 unum
3049 622 3268 688 faciunt,
3294 632 3349 679 et
3373 625 3562 680 borum
3585 626 3811 681 omnium

2248 708 2610 763 membrorum
2634 719 2794 780 caput
2819 711 2871 765 in
2899 711 3036 767 coeio
3056 720 3160 767 est.
3184 711 3389 783 Corpus
3408 725 3592 770 autem
3614 716 3812 771 etiamsi

2246 799 2453 854 laborat
2499 801 2555 855 in
2595 811 2734 858 terra
2759 845 2772 867 ,
2816 819 2922 858 non
2968 813 3050 859 est
3096 807 3376 874 prtccisum
3416 823 3445 861 a
3485 809 3660 877 capite
3700 824 3808 863 suo.

2249 890 2487 960 Desuper
2530 893 2671 947 enim
2715 903 2873 963 caput
2912 897 3206 966 prospicit,
3250 906 3305 952 et
3332 899 3561 952 consulit
3590 901 3808 969 corpori.

2245 979 2376 1034 Nam
2412 982 2456 1035 si
2489 997 2593 1035 non
2620 984 2964 1052 consuleret,
2997 1001 3100 1039 non
3145 986 3345 1042 diceret
3383 987 3457 1042 illi
3497 992 3812 1057 persecutori

2246 1073 2420 1128 adhuc
2441 1074 2623 1139 Saulo,
2651 1076 2888 1131 nondum
2916 1077 3083 1132 Paulo
3110 1096 3123 1132 :
3151 1078 3340 1143 Saule,
3371 1080 3563 1147 Saule,
3602 1083 3721 1153 quid
3742 1100 3815 1138 me

2248 1167 2556 1236 persequeris
2584 1167 2603 1238 (
2628 1167 2740 1222 Act.
2766 1183 2815 1222 ιι
2838 1210 2853 1233 ,
2881 1170 2916 1223 4
2936 1168 3002 1241 )?
3044 1169 3108 1224 Et
3139 1169 3254 1225 haec
3297 1172 3497 1240 optime
3535 1173 3700 1228 nostis
3722 1215 3735 1239 ,
3764 1180 3817 1227 et

2216 1328 2219 1329 ν
2249 1257 2441 1312 usitata
2471 1268 2595 1312 sunt
2630 1260 2802 1313 vobis.
2842 1259 2958 1314 Non
2986 1270 3163 1315 autem
3206 1276 3327 1316 eum
3359 1261 3571 1317 fastidio
3593 1278 3819 1318 comme-

2247 1360 2523 1402 morentur
2547 1349 2626 1403 eis
2665 1349 2857 1420 quibus
2897 1366 3000 1405 non
3040 1352 3391 1419 exciderunt,
3422 1364 3481 1408 ut
3507 1368 3604 1423 per
3638 1370 3816 1409 eorum

2248 1439 2554 1507 patientiam
2583 1441 2803 1496 redeant
2835 1443 2886 1496 in
2922 1458 3018 1497 cor
3053 1445 3212 1498 etiam
3253 1458 3436 1499 eorum
3460 1446 3654 1516 quibus
3676 1448 3818 1501 exci-

2248 1526 2474 1593 derant;
2508 1530 2737 1585 salubria
2763 1540 2889 1586 sunt
2915 1534 3078 1600 enim,
3118 1543 3172 1589 et
3195 1536 3390 1604 saepius
3416 1536 3662 1592 dicenda.
3700 1538 3822 1594 Sive

2250 1633 2376 1688 ergo
2400 1634 2539 1675 unus
2564 1631 2775 1688 cantet,
2803 1625 2915 1679 sive
2941 1624 3093 1679 multi
3121 1634 3372 1693 cantent;
3406 1636 3460 1682 et
3484 1628 3630 1683 multi
3657 1629 3824 1684 homi-

2249 1722 2345 1763 nes
2386 1726 2523 1763 nnns
2568 1711 2731 1766 homo
2769 1722 2875 1779 est,
2916 1714 3039 1783 quia
3087 1717 3261 1771 unitas
3299 1724 3419 1782 est;
3465 1727 3521 1772 et
3559 1716 3823 1790 Christus,

2249 1800 2387 1853 sicut
2406 1800 2660 1865 diximus,
2692 1817 2827 1858 unus
2850 1812 2952 1869 est,
2984 1812 3039 1859 et
3064 1820 3251 1861 omnes
3274 1805 3559 1862 Christiani
3591 1809 3820 1863 membra

2250 1901 2371 1946 Sunt
2408 1890 2627 1945 Christi.

2318 1986 2373 2041 2.
2414 1987 2547 2056 Quid
2596 2000 2723 2057 ergo
2769 1989 2850 2042 isti
2896 1990 3150 2045 cantant?
3179 1991 3293 2047 htcc
3344 1994 3582 2049 membra
3625 1992 3824 2049 Christi

2249 2080 2374 2149 quid
2404 2081 2658 2136 cantant?
2682 2083 2877 2136 Amant
2898 2084 3059 2144 enim.
3083 2093 3135 2138 et
3158 2085 3386 2140 amando
3408 2096 3625 2141 cantant
3642 2128 3656 2149 ,
3687 2086 3828 2141 desi-

2249 2169 2483 2243 derando
2502 2181 2738 2226 cantant.
2765 2172 3062 2243 Aliquando
3087 2188 3205 2229 cum
3231 2174 3569 2231 tribulatione
3589 2186 3822 2245 cantant,

2249 2270 2304 2315 ct
2332 2260 2617 2330 aliquando
2637 2263 2951 2318 exsultando
2977 2275 3214 2329 cantant,
3235 2280 3357 2320 cum
3390 2266 3441 2320 in
3470 2281 3563 2336 spe
3587 2277 3820 2323 cantant.

2248 2348 2543 2408 Tribulatio
2569 2355 2710 2408 enim
2740 2364 2919 2410 nostra
2945 2356 2997 2409 in
3022 2357 3272 2426 praesenti
3296 2358 3494 2412 saeculo
3512 2399 3527 2423 ,
3550 2374 3673 2429 spes
3700 2370 3826 2413 vero

2249 2457 2430 2500 nostra
2459 2446 2527 2502 de
2554 2446 2731 2503 futuro
2755 2450 2951 2504 saeclo
2984 2468 2998 2504 :
3026 2459 3080 2504 et
3106 2451 3205 2505 nisi
3233 2451 3286 2505 in
3326 2451 3665 2506 tribulatione
3690 2467 3825 2520 pra:-

2249 2538 2415 2592 sentis
2444 2539 2625 2594 szccnli
2651 2541 2958 2595 consoletur
2988 2556 3088 2595 nos
3111 2555 3234 2611 Spes
3265 2540 3424 2596 futuri
3450 2542 3650 2609 smcnli,
3682 2543 3826 2611 peri-

2247 2641 2388 2681 mus.
2416 2627 2677 2683 Gaudium
2708 2643 2837 2701 ergo
2864 2639 3103 2685 nostrum
3131 2672 3145 2696 ,
3170 2630 3379 2695 fratres,
3411 2628 3646 2687 nondum
3671 2642 3754 2686 cst
3777 2634 3828 2688 in

2247 2732 2328 2781 re,
2362 2716 2456 2773 sed
2480 2717 2589 2788 jam
2620 2719 2670 2773 in
2701 2735 2817 2789 spe.
2850 2720 2985 2789 Spes
3006 2730 3182 2775 autem
3215 2732 3393 2775 nostra
3423 2731 3527 2775 tam
3554 2731 3701 2777 certa
3722 2732 3828 2787 est,

2246 2808 2396 2878 quasi
2420 2808 2526 2877 jam
2554 2823 2641 2863 res
2665 2809 2897 2879 perfecta
2924 2811 2993 2864 sit
3025 2828 3038 2864 :
3074 2825 3246 2881 neque
3272 2812 3412 2865 enim
3442 2811 3687 2865 timemus
3717 2826 3831 2881 pro-

2247 2900 2493 2955 mittente
2519 2899 2772 2956 Veritate.
2804 2901 3012 2955 Veritas
3042 2901 3185 2956 enim
3220 2917 3318 2957 nec
3357 2902 3463 2955 falli
3492 2911 3702 2971 potest,
3731 2917 3832 2957 nec

2249 2988 2433 3044 fallere
2467 3008 2480 3043 :
2509 2990 2705 3044 bonum
2736 3001 2818 3045 est
2845 2999 2901 3045 ut
2926 2991 3221 3046 hzcreamus
3249 2991 3346 3058 illi;
3373 2992 3459 3046 illa
3490 3008 3588 3046 nos
3613 2992 3829 3055 liberat,

2246 3082 2343 3137 sed
2385 3084 2429 3136 si
2460 3083 2812 3138 manserimus
2847 3084 2898 3137 in
2927 3083 3094 3138 verbo
3131 3084 3268 3154 ejus.
3297 3084 3449 3139 Modo
3476 3085 3618 3140 enim
3648 3086 3833 3140 credi-

2247 3189 2385 3238 mus,
2419 3183 2545 3229 tunc
2568 3174 2864 3231 videbimus
2898 3193 2911 3228 :
2941 3190 3061 3231 cum
3090 3176 3377 3240 credimus,
3401 3191 3525 3245 spes
3543 3177 3700 3232 estin
3726 3178 3834 3231 isto

2246 3266 2463 3332 smenlo;
2488 3282 2608 3321 cum
2636 3268 2952 3331 videbimus,
2977 3282 3062 3321 res
3090 3268 3191 3321 erit
3218 3268 3268 3321 in
3298 3265 3474 3342 futuro
3498 3269 3716 3321 sarculo.
3742 3268 3836 3320 Vi-

2245 3355 2490 3411 debimus
2515 3367 2690 3413 autem
2718 3358 2851 3413 facie
2872 3357 2937 3411 ad
2968 3357 3153 3411 faciem
3185 3356 3224 3429 (Ι
3249 3355 3367 3412 Cor.
3394 3372 3509 3417 xm,
3533 3355 3622 3427 12)
3659 3375 3675 3408 :
3702 3365 3835 3411 tunc

2244 3455 2419 3500 autem
2450 3446 2746 3502 videbimus
2794 3447 2926 3502 facie
2966 3446 3031 3500 ad
3079 3446 3264 3504 faciem
3285 3484 3301 3513 ,
3331 3461 3453 3501 cum
3483 3444 3833 3501 habuerimus

2245 3538 2405 3593 corda
2454 3538 2725 3593 mundata.
2755 3539 2901 3594 Beati
2943 3539 3085 3593 enim
3117 3537 3317 3592 mundo
3343 3537 3541 3604 corde,
3572 3539 3830 3608 quoniam

2245 3629 2345 3699 ipsi
2377 3631 2541 3685 Deum
2569 3629 2821 3685 videbunt
2847 3629 3059 3699 (Matth.
3089 3645 3136 3693 v,
3164 3630 3241 3700 8).
3279 3628 3430 3685 Unde
3454 3640 3630 3686 autem
3662 3630 3830 3684 corda

2242 3720 2586 3787 mandantur,
2614 3720 2712 3774 nisi
2745 3735 2840 3790 per
2864 3721 3041 3785 fidem,
3064 3720 3197 3775 sicut
3228 3721 3414 3774 Petrus
3432 3721 3507 3774 ait
3527 3721 3581 3774 in
3601 3722 3830 3775 Actibus

2242 3812 2617 3883 Apostolorum
2646 3830 2661 3867 :
2686 3811 2943 3866 Mundam
2964 3813 3066 3881 ﬁde
3083 3811 3238 3866 corda
3262 3825 3436 3865 eorum
3461 3812 3595 3882 (Act.
3622 3827 3714 3878 xv,
3736 3811 3798 3882 9)

2240 3904 2562 3958 Mundantur
2584 3914 2761 3959 autem
2790 3904 2953 3959 corda
2983 3912 3161 3957 nostra
3191 3920 3285 3973 per
3314 3903 3503 3967 iidem,
3534 3912 3593 3958 ut
3617 3905 3833 3974 possint

2240 4008 2360 4048 esse
2390 3994 2578 4048 idonea
2617 4009 2810 4063 capere
2850 3994 3105 4064 Speciem.
3137 3982 3487 4049 Ambulamus
3512 3995 3654 4048 enim
3683 4010 3834 4049 nunc

2241 4100 2336 4154 per
2356 4086 2532 4152 fidem,
2553 4085 2785 4140 nondum
2812 4101 2909 4155 per
2930 4087 3183 4154 speciem;
3207 4085 3346 4139 sicut
3366 4084 3651 4154 Apostolus
3672 4085 3832 4148 dicit,

2243 4178 2497 4243 Quamdiu
2539 4193 2712 4231 sanius
2741 4178 2795 4230 in
2831 4192 3040 4245 corpore
3060 4217 3076 4240 ,
3107 4176 3489 4245 peregrinantur
3513 4191 3547 4227 a
3575 4173 3834 4229 Domino.

2241 4271 2305 4324 Et
2332 4271 2455 4339 quid
2473 4281 2575 4334 est,
2596 4270 2973 4340 peregrinamnr
2991 4270 3017 4323 .7
3037 4267 3141 4322 Per
3154 4267 3304 4337 [idem
3322 4268 3459 4321 enim
3478 4267 3833 4332 ambulamus.

2240 4361 2425 4431 inquit,
2454 4379 2552 4415 non
2575 4377 2663 4430 per
2686 4363 2900 4432 speciem
2916 4360 2983 4430 (ll
3004 4360 3122 4415 Cor.
3144 4376 3196 4426 v,
3219 4358 3273 4422 ϐ,
3298 4360 3369 4427 7).
3396 4359 3495 4426 Qui
3524 4374 3656 4429 ergo
3678 4374 3839 4429 [δαΐου

2236 4455 2505 4523 grinatnr,
2535 4465 2588 4509 et
2611 4468 2707 4524 per
2734 4454 2889 4508 (idem
2933 4452 3204 4519 ambulat,
3232 4451 3464 4505 nondum
3511 4461 3595 4506 est
3636 4452 3692 4505 in
3726 4467 3833 4521 pa-

2238 4545 2357 4609 tria,
2382 4545 2473 4599 sed
2492 4546 2601 4615 jam
2626 4555 2708 4600 est
2733 4545 2784 4599 in
2814 4546 2918 4608 via;
2950 4545 3040 4614 qni
3070 4553 3245 4599 autem
3268 4558 3374 4597 non
3404 4543 3578 4598 credit
3598 4585 3613 4610 ,
3644 4559 3749 4597 nec
3773 4545 3832 4598 in

2238 4637 2404 4705 patt'ia
2434 4647 2538 4703 est,
2571 4651 2669 4690 nec
2694 4635 2746 4689 in
2777 4637 2879 4689 via.
2910 4636 3001 4691 Sic
3021 4650 3147 4706 ergo
3175 4634 3528 4697 ambulemus,
3564 4642 3831 4703 tauquam

2234 4731 2288 4780 in
2320 4726 2400 4780 via
2429 4727 2615 4790 simus;
2642 4728 2763 4796 quia
2787 4728 2897 4797 ipse
2921 4726 3031 4781 Rex
3058 4726 3242 4796 patriae
3269 4725 3437 4779 factus
3459 4733 3541 4779 est
3569 4726 3679 4779 via.
3705 4725 3829 4779 Rex

2234 4820 2417 4887 patria:
2443 4828 2654 4882 nostrai,
2683 4821 2934 4873 Dominus
2957 4818 3112 4874 Jesus
3131 4818 3391 4881 Christus;
3416 4828 3469 4872 et
3496 4817 3568 4873 ibi
3596 4817 3830 4882 vetitas,

2233 4912 2319 4965 hic
2356 4921 2532 4966 autent
2566 4913 2668 4967 via.
2699 4913 2815 4980 Quo
2845 4913 3023 4967 imus?
3054 4912 3134 4967 Ad
3159 4914 3456 4968 veritatem.
3487 4914 3603 4978 Qua
3635 4913 3788 4967 imus
3808 4916 3836 4966 ἲ

2232 5003 2334 5057 Per
2361 5004 2536 5057 iidem.
2565 5005 2680 5071 Quo
2720 5005 2898 5058 imus?
2928 5004 3008 5058 Ad
3035 5005 3326 5059 Christum.
3357 5004 3470 5070 Qua
3498 5006 3640 5059 intus
3660 5004 3687 5057 ?
3719 5005 3838 5059 Per

2230 5095 2518 5151 Cbrismm.
2549 5097 2663 5166 ipse
2692 5099 2832 5152 enim
2857 5097 2988 5151 dixit
3013 5096 3157 5167 :Ego
3180 5113 3289 5150 sum
3311 5098 3411 5161 via,
3436 5096 3618 5149 veritas
3644 5104 3700 5149 et
3722 5096 3839 5149 rita

2230 5186 2404 5258 (Joan.
2439 5204 2527 5242 λιν
2553 5230 2566 5253 ,
2600 5186 2677 5259 6).
2710 5187 2927 5241 Dixerat
2948 5197 3123 5241 autem
3153 5186 3441 5256 aliquando
3468 5185 3838 5240 credentibus

2228 5279 2281 5331 in
2320 5295 2378 5332 se
2410 5297 2421 5332 :
2455 5279 2515 5334 Si
2562 5279 2842 5357 inuaseritis
2871 5280 2923 5332 in
2953 5277 3097 5332 verbo
3134 5294 3245 5331 meo
3264 5319 3279 5343 ,
3312 5293 3423 5331 vere
3446 5272 3693 5346 discipuli
3721 5278 3841 5328 mei

2227 5372 2383 5437 estis;
2409 5381 2453 5424 et
2500 5371 2806 5440 cognoscetis
2846 5371 3101 5424 veritatem
3123 5411 3138 5435 ,
3170 5379 3216 5423 et
3245 5369 3424 5422 veritas
3466 5367 3702 5421 liberabit
3732 5383 3842 5421 vos

2227 5464 2340 5534 (Id.
2376 5482 2496 5531 vni,
2526 5467 2584 5521 5|
2617 5478 2665 5519 et
2691 5463 2804 5533 59.).
2836 5464 2900 5518 Et
2930 5463 3254 5534 cognoscetis,
3288 5462 3494 5532 inquit,
3525 5462 3838 5525 veritatem,

2225 5558 2318 5612 sed
2346 5559 2390 5611 si
2424 5558 2708 5611 manseritis
2740 5558 2795 5610 in
2838 5557 2984 5610 verba
3023 5572 3153 5609 meo.
3194 5554 3247 5608 In
3296 5568 3402 5623 quo
3432 5552 3635 5606 verbo?
3665 5551 3846 5607 Sicut

2223 5650 2349 5703 dicit
2375 5650 2660 5719 Apostolus
2683 5691 2699 5715 ,
2738 5647 2847 5701 Hoc
2873 5657 2947 5703 est
2986 5650 3192 5701 verbum
3219 5647 3337 5715 ﬁdei
3380 5646 3517 5715 quod
3554 5644 3844 5715 pradica-

2223 5763 2335 5799 ιιιιω
2362 5744 2534 5817 (Rom.
2563 5760 2616 5809 ι,
2644 5743 2720 5814 8).
2744 5743 2925 5799 Primo
2948 5756 3075 5811 ergo
3102 5742 3321 5797 verbum
3352 5738 3474 5794 fidei
3499 5749 3604 5797 est;
3628 5739 3688 5793 in
3712 5751 3846 5806 quo
