4032 6202
279 345 402 397 itit“

281 458 439 508 verbo
469 453 584 508 ﬁdei
616 453 659 508 si
690 455 1035 509 manserimus
1060 497 1073 518 ,
1107 471 1483 526 cognoscemus
1524 459 1794 511 veritatem
1820 498 1835 515 .

279 557 330 601 et
357 547 552 600 veritas
582 547 823 600 liberabit
852 562 964 600 nos.
999 548 1204 602 Veritas
1231 551 1545 603 inunortalis
1567 560 1667 612 est,
1700 549 1840 602 veri-

280 649 356 691 tas
401 639 839 693 incommutabilis
865 651 946 692 est
975 658 986 691 :
1017 643 1208 694 veritas
1245 643 1368 696 illud
1401 642 1627 696 Verbum
1656 651 1737 696 est
1777 643 1843 696 de

279 745 382 799 quo
407 729 620 791 dicitur,
650 728 712 782 In
741 731 987 800 principio
1014 742 1118 783 erat
1156 731 1387 794 Verbum,
1417 743 1461 784 et
1505 732 1712 785 Verbum
1739 742 1844 785 erat

278 820 415 890 apud
442 819 625 884 Deum,
655 831 701 874 et
737 821 866 873 Deus
890 833 994 873 erat
1035 822 1261 875 Verbum.
1300 825 1362 877 Et
1389 825 1506 893 quis
1539 825 1636 878 hoc
1664 824 1841 887 videt,

280 911 375 962 nisi
404 911 564 964 corde
591 911 870 965 mandato?
898 911 1047 967 Unde
1074 914 1389 969 mundantur
1417 915 1609 970 corda?
1636 915 1694 968 Et
1725 915 1846 968 Ver-

278 1001 393 1055 bum
419 1018 538 1054 caro
565 1005 753 1070 factum
778 1013 870 1067 est,
898 1013 942 1055 et
972 1003 1207 1057 habitavit
1235 1006 1286 1057 in
1317 1005 1456 1058 nobis
1481 1005 1658 1073 (Joan.
1685 1022 1701 1059 ι
1730 1047 1745 1070 ,
1780 1007 1798 1058 Ι
1823 1045 1840 1068 ,

284 1090 389 1161 1-4).
413 1090 564 1157 Quod
591 1106 719 1160 ergo
764 1102 940 1145 manet
971 1093 1198 1148 Verbum
1232 1097 1282 1148 in
1309 1111 1366 1150 se
1391 1137 1405 1156 ,
1437 1098 1630 1151 veritas
1657 1106 1738 1150 est
1779 1097 1845 1150 ad

276 1197 430 1250 quam
460 1181 700 1234 venimus
720 1223 733 1240 .
757 1192 810 1236 et
829 1199 945 1252 qua:
968 1199 1064 1239 nos
1088 1186 1272 1239 liberal.
1296 1205 1308 1238 :
1337 1187 1474 1256 quod
1502 1199 1675 1240 autent
1707 1202 1846 1256 prte-

277 1271 482 1326 dicatur
510 1273 724 1326 verbum
758 1274 913 1338 ﬁdei,
943 1275 994 1329 iu
1026 1293 1129 1346 quo
1160 1294 1254 1331 nos
1283 1279 1395 1331 vult
1437 1279 1685 1333 Dominus
1723 1293 1844 1347 per-

279 1382 495 1421 manere
514 1408 526 1428 ,
557 1376 613 1419 ut
636 1381 1015 1436 cognoscamus
1045 1371 1317 1424 veritatem
1340 1370 1475 1436 ;hoc
1498 1381 1600 1435 est,
1633 1369 1848 1424 Verbum

278 1475 395 1510 caro
424 1459 614 1526 factum
639 1471 740 1526 est,
764 1472 808 1513 et
831 1460 1068 1515 habitavit
1088 1463 1139 1514 in
1167 1462 1324 1516 nobis.
1355 1463 1538 1516 Credis
1563 1465 1578 1494 ί
1607 1463 1656 1516 in
1685 1462 1843 1516 Chri-

277 1563 416 1602 smm
445 1564 620 1604 natum
645 1553 694 1605 in
719 1567 896 1611 carne.
917 1547 1264 1622 et'pervenics
1285 1555 1348 1608 ad
1375 1554 1644 1609 Christum
1670 1565 1846 1609 natum

276 1643 344 1695 de
379 1644 505 1707 Deo,
539 1644 699 1698 Deum
730 1645 866 1713 apud
903 1648 1083 1700 Deum.

349 1733 398 1787 3.
425 1732 763 1789 Exsultantes
791 1746 1000 1790 cantant
1033 1739 1116 1792 isti
1144 1753 1275 1805 quos
1295 1741 1316 1770 ¹
1345 1737 1581 1808 legimus;
1615 1740 1848 1793 membra

278 1823 376 1874 ista
407 1824 606 1877 Christi
645 1827 958 1880 exsultautia
1003 1837 1217 1882 cantant
1266 1830 1523 1896 psalnnun
1579 1831 1756 1883 istum.
1784 1829 1852 1884 Et

274 1916 395 1983 quis
417 1916 501 1970 bic
517 1917 762 1978 exsultat,
787 1918 882 1972 nisi
916 1920 964 1971 iu
987 1935 1099 1987 spe,
1123 1920 1257 1973 sicut
1283 1920 1427 1973 dixi?
1445 1922 1508 1974 Et
1530 1922 1680 1976 nobis
1708 1931 1849 1976 certa

275 2008 340 2058 sit
367 2007 477 2074 ipsa
514 2021 656 2074 spes,
683 2017 736 2061 et
763 2009 1070 2062 exsultando
1095 2019 1366 2064 cantemus
1389 2011 1428 2062 ³.
1459 2010 1572 2064 Non
1595 2013 1733 2066 enim
1764 2012 1849 2081 qui

275 2106 490 2150 cantant
517 2099 673 2151 alicui
702 2108 826 2152 sunt
849 2115 877 2152 a
906 2100 1074 2163 nobis,
1099 2110 1187 2153 aut
1207 2117 1308 2154 non
1339 2103 1388 2154 in
1417 2101 1515 2154 hoc
1537 2102 1736 2171 psalmo
1753 2117 1853 2156 vox

276 2198 455 2242 nostra
472 2200 570 2244 cst.
587 2179 674 2245 Sic
689 2191 885 2255 audite,
903 2203 948 2245 ta
958 2209 1020 2260 nq
1030 2209 1145 2246 nam
1161 2209 1254 2248 vos
1271 2194 1412 2264 ipsos
1425 2194 1666 2256 audiatis;
1681 2196 1756 2247 sic
1771 2210 1854 2247 au-

275 2279 459 2341 dite,ta
468 2296 656 2349 nquam
677 2281 726 2333 in
741 2281 951 2350 Speculo
965 2283 1350 2351 Scripturarum
1366 2298 1456 2337 vos
1474 2283 1616 2353 ipsos
1629 2285 1858 2338 attenda-

278 2367 514 2422 tis.Cnm
541 2371 676 2423 enim
705 2383 945 2439 tanquam
978 2371 1242 2440 speculum
1265 2375 1492 2427 attcudis
1522 2375 1851 2444 Scripturas,

276 2458 600 2513 exhilaratur
628 2459 784 2515 facies
812 2472 896 2514 tua
919 2479 931 2513 :
951 2477 1069 2516 cum
1090 2464 1312 2518 similem
1343 2475 1391 2518 te
1420 2465 1654 2521 invenies
1673 2468 1854 2522 exsul-

278 2549 476 2603 talione
498 2551 635 2618 spei,
653 2553 902 2605 membris
922 2554 1229 2622 quibusdam
1249 2553 1465 2621 Christi,
1483 2572 1599 2626 qua:
1619 2559 1854 2613 membra

280 2640 378 2695 ista
403 2652 706 2702 cantarunt;
736 2643 841 2697 cris
862 2653 913 2697 ct
938 2656 988 2698 tu
1021 2647 1070 2697 in
1099 2645 1226 2713 ipsis
1251 2647 1521 2710 membris,
1546 2657 1592 2699 et
1619 2651 1856 2705 cantabis
1903 2697 1912 2704 ,

281 2731 404 2785 ista.
436 2730 542 2785 Cur
580 2747 705 2802 ergo
732 2733 816 2786 isti
839 2743 1054 2788 cantant
1075 2736 1171 2790 ista
1199 2737 1550 2792 exsultando?
1580 2739 1707 2806 Quia
1735 2756 1858 2796 eva-

281 2829 490 2875 serunt.
525 2822 662 2891 Ergo
692 2838 812 2892 spes
839 2834 921 2878 est
965 2824 1015 2878 in
1042 2842 1140 2894 qua
1179 2836 1410 2881 cantant.
1443 2830 1573 2882 Ctuu
1603 2829 1742 2883 enim
1773 2830 1858 2886 hic

283 2926 469 2966 sumus
503 2921 554 2965 et
583 2915 1012 2983 peregrinamur,
1048 2917 1278 2970 nondum
1307 2920 1592 2974 evasimus.
1623 2921 1858 2978 Prreces-

283 3005 694 3073 sernntquidcm
715 3007 946 3060 membra
974 3008 1209 3076 quaedam
1232 3008 1297 3062 de
1324 3024 1542 3078 corpore
1564 3011 1654 3064 illo
1670 3011 1734 3066 de
1753 3026 1859 3082 quo

285 3105 340 3150 et
378 3112 476 3150 nos
510 3112 691 3150 sumus
713 3139 729 3161 ,
761 3114 876 3166 qua:
925 3109 1142 3167 possunt
1189 3101 1239 3153 in
1279 3101 1499 3155 veritate
1525 3112 1758 3157 cantare.
1790 3101 1860 3158 Ει

287 3187 390 3240 hoc
417 3196 692 3242 cantarunt
721 3199 979 3261 martyres
1001 3192 1166 3244 sancti
1203 3209 1215 3244 :
1241 3191 1348 3260 jam
1373 3192 1512 3245 enim
1537 3203 1817 3248 evaserunt
1841 3235 1856 3259 ,

287 3286 344 3330 et
387 3277 438 3331 in
487 3279 834 3333 exsultatione
879 3296 993 3333 ειιηί
1024 3280 1233 3335 Christo
1262 3290 1384 3336 sunt
1407 3324 1421 3348 ,
1453 3287 1714 3354 recepturi
1740 3300 1861 3341 cor-

287 3383 419 3438 pora
443 3369 551 3438 jam
577 3370 876 3439 incorrupta
904 3372 1130 3434 ,catlcm
1180 3372 1290 3441 ipsa
1335 3389 1451 3440 qua:
1495 3375 1666 3442 primo
1710 3384 1862 3432 erant

289 3462 652 3530 eorruptibilia
679 3505 693 3522 ,
727 3463 776 3516 in
804 3464 991 3532 quibus
1021 3465 1160 3533 passi
1206 3473 1332 3519 sunt
1360 3479 1578 3532 pmuas;
1612 3465 1733 3521 inde
1759 3468 1863 3523 illis

293 3553 742 3608 ﬁentornamcnta
760 3554 999 3623 justitize.
1021 3555 1182 3626 Ergo,
1203 3557 1314 3612 sive
1340 3557 1414 3610 illi
1439 3555 1548 3625 jam
1571 3556 1622 3610 in
1647 3573 1722 3623 re,
1752 3559 1864 3614 sive

294 3660 390 3699 nos
418 3646 468 3699 in
501 3660 595 3714 Spe
621 3647 998 3718 conjungentes
1044 3649 1286 3704 affectum
1314 3649 1526 3704 coronis
1556 3666 1737 3704 eorum
1763 3693 1778 3717 ,
1810 3664 1864 3709 et

291 3734 657 3790 desiderantes
689 3737 842 3790 talem
875 3740 1032 3792 vitam
1069 3741 1276 3808 qualem
1309 3741 1393 3797 hic
1426 3759 1530 3798 non
1564 3745 1820 3801 habemus
1845 3787 1861 3813 ,

293 3827 386 3879 sed
418 3827 612 3881 habere
635 3843 737 3880 non
765 3829 1052 3896 poterimus
1090 3831 1186 3885 nisi
1219 3846 1336 3885 eam
1369 3833 1452 3888 bic
1476 3833 1862 3890 desideraveri-

297 3932 433 3980 ums,
467 3927 739 3972 cantemus
765 3919 916 3972 siu'tnl
948 3936 1134 3974 omnes
1155 3962 1169 3984 ,
1203 3930 1256 3976 ct
1281 3923 1519 3979 dicamus
1553 3946 1566 3980 :
1603 3926 1722 3982 Nisi
1749 3929 1866 3998 quia

303 4006 548 4062 Dominus
595 4020 698 4062 erat
739 4011 790 4062 in
821 4011 978 4063 nobis.
1015 4010 1382 4078 Respexerunt
1422 4015 1560 4068 enim
1611 4018 1864 4086 quasdam

299 4097 669 4152 tribulatioues
707 4115 835 4168 quas
869 4100 1005 4168 passi
1033 4109 1152 4154 sant
1178 4142 1192 4165 ,
1221 4110 1272 4155 et
1303 4103 1772 4159 considerat-erunt
1815 4109 1866 4161 in

298 4206 364 4241 eo
388 4191 499 4259 jam
539 4191 654 4244 loco
679 4202 731 4245 ct
762 4193 812 4244 in
842 4192 1164 4247 beatitudine
1191 4205 1240 4247 et
1270 4193 1318 4247 in
1354 4197 1635 4252 securitate
1675 4200 1870 4253 consti-

301 4282 426 4340 tuti,
460 4297 559 4346 qua
609 4283 948 4349 transierint,
981 4298 1084 4352 quo
1130 4285 1400 4353 venerint;
1427 4295 1480 4340 et
1505 4289 1622 4356 quia
1659 4288 1870 4345 difﬁcile

298 4380 415 4423 erat
453 4370 574 4424 inde
601 4371 842 4434 liberari,
873 4373 968 4426 nisi
1013 4373 1220 4429 achsct
1249 4392 1434 4432 manus
1473 4378 1745 4433 liberantis
1773 4420 1787 4443 ,
1819 4381 1868 4434 in

299 4459 494 4530 gaudio
532 4465 814 4527 dixerunt,
849 4463 964 4516 Nisi
1006 4465 1122 4534 quia
1164 4463 1416 4522 Dominus
1464 4478 1568 4520 erat
1608 4469 1660 4522 in
1708 4471 1868 4524 nobis.

303 4552 391 4603 Sic
422 4562 701 4619 cmperuut
726 4563 939 4608 cantare
973 4541 1249 4626 {nondum
1276 4557 1523 4610 dixerunt
1569 4560 1708 4612 unde
1753 4576 1874 4613 eva-

305 4642 491 4704 serint;
527 4653 668 4695 tanta
693 4645 971 4698 exsultatio
995 4653 1078 4698 cst
1105 4662 1115 4696 ε
1148 4643 1263 4698 Nisi
1282 4647 1396 4714 quia
1421 4645 1669 4702 Dominus
1691 4660 1796 4702 erat
1823 4652 1876 4703 iu

307 4734 467 4786 nobis.

379 4830 432 4880 4.
457 4825 607 4880 Dicat
645 4843 780 4880 nunc
825 4826 990 4881 Israel
1019 4843 1037 4881 :
1070 4827 1184 4881 Nisi
1227 4829 1343 4897 quia
1394 4828 1641 4883 Dominus
1691 4841 1796 4883 erat
1825 4832 1877 4884 in

309 4919 468 4972 nobis.
509 4919 658 4972 Nunc
687 4919 861 4982 dicat,
893 4923 1010 4989 quia
1036 4919 1144 4988 jam
1171 4921 1358 4975 evasit.
1389 4921 1686 4976 Evadcntes
1712 4923 1874 4985 enim,

310 5010 362 5064 id
387 5019 508 5076 est,
537 5025 631 5064 eos
655 5050 670 5072 ,
697 5011 784 5079 qui
811 5011 917 5078 jam
943 5019 1262 5077 evaserunt,
1295 5012 1568 5065 constituit
1599 5013 1879 5066 intuendus

312 5105 548 5172 psalmus
577 5104 693 5156 iste.
721 5104 1112 5158 Constituamus
1143 5104 1258 5158 illos
1299 5114 1350 5158 et
1377 5120 1472 5158 nos
1503 5105 1552 5157 in
1589 5105 1748 5160 corde
1771 5105 1874 5174 jan‘.

312 5196 739 5264 triumphantes;
773 5205 824 5249 et
854 5204 1100 5264 tanquam
1130 5195 1196 5250 ibi
1226 5206 1277 5248 et
1304 5210 1401 5248 nos
1429 5197 1593 5248 simus
1619 5236 1632 5261 ,
1667 5195 1802 5248 sicut
1828 5195 1878 5249 in

313 5288 590 5356 Superiore
618 5288 817 5354 psalmo
845 5286 1038 5340 dictum
1065 5295 1146 5338 est
1172 5328 1186 5349 ,
1217 5285 1421 5339 Stantes
1451 5297 1591 5339 erant
1619 5285 1765 5354 pedes
1791 5304 1882 5337 no-

312 5381 408 5432 stri
445 5381 498 5431 in
531 5380 672 5431 atriis
711 5376 992 5432 Jerusalem
1023 5377 1041 5448 (
1069 5377 1205 5430 Psal.
1236 5393 1356 5432 CXXI
1376 5419 1391 5445 ,
1418 5378 1452 5431 9.
1473 5380 1512 5448 ).
1540 5378 1780 5432 Nondum
1815 5380 1881 5432 ibi

313 5480 510 5534 erant,
543 5469 633 5524 sed
689 5471 738 5522 in
785 5471 864 5522 via
907 5479 1058 5523 erant
1090 5487 1102 5522 :
1138 5479 1279 5523 tanta
1322 5479 1498 5524 autem
1543 5469 1718 5523 lartitia
1771 5480 1885 5523 erat

380 5605 397 5636 ί
420 5611 550 5661 tom,
569 5603 728 5654 crede.
753 5604 923 5652 caeteri
951 5609 1110 5651 autem
1134 5601 1260 5659 libri.
1286 5599 1461 5651 credis.

380 5667 491 5731 fﬂr.
515 5665 659 5731 Lugd.
689 5672 803 5713 ven.
824 5671 954 5719 Lov.,
981 5664 1185 5731 psaltrias
1205 5677 1338 5731 quos.
1357 5723 1368 5731 .
1434 5669 1502 5731 at.
1585 5721 1594 5731 ι
1644 5723 1652 5730 _

380 5727 401 5758 ³
421 5729 494 5779 Sic
517 5723 740 5791 plerique
758 5733 860 5774 Mss.
888 5733 944 5774 At.
957 5723 1088 5774 edd;
1117 5731 1169 5774 Et
1196 5723 1244 5774 ut
1261 5723 1392 5774 nobis
1407 5730 1536 5774 certa
1554 5723 1613 5774 sit
1637 5723 1739 5786 ipsa
1758 5737 1882 5787 spes,

318 5790 601 5848 exsultando
623 5794 894 5838 cautam»

517 5868 785 5933 Pyrum“
833 5871 1154 5932 XXXV”.

1300 341 1690 399 ENAlll’tATlG
1729 342 1794 397 ΙΝ
1835 337 2149 400 PSALMUM
2191 344 2419 400 CXXI".

3366 363 3500 416 tota

1955 457 2307 513 festinantium
2331 502 2342 522 ,
2371 471 2423 515 et
2452 472 2587 516 tanta
2622 469 2954 533 perveniendi
2993 487 3112 540 spes
3133 513 3146 535 ,
3177 484 3229 526 ut
3260 475 3428 529 adltue
3456 479 3507 530 in

1949 550 2026 601 via
2055 553 2205 618 positi
2235 562 2285 606 et
2314 553 2644 618 laborantes,
2673 559 2778 626 jam
2811 561 2906 613 sibi
2938 563 3040 617 illic
3063 567 3327 619 constituti
3363 569 3510 623 vide-

1949 653 2146 696 rentur.
2174 643 2260 698 Sic
2285 656 2337 699 et
2365 661 2502 699 nunc
2528 663 2783 716 ponamus
2812 667 2904 704 nos
2931 653 2978 704 in
3013 655 3103 707 illo
3134 657 3396 726 triumpho
3421 663 3511 728 qui

1948 734 2046 784 erit
2071 733 2119 784 in
2154 734 2323 787 futuro
2353 737 2566 801 srrculo,
2600 739 2808 806 quando
2837 742 3200 799 iusultabimus
3229 748 3382 800 morti
3403 750 3510 818 jaut

1947 821 2126 886 ﬁnitur,
2142 824 2247 891 jam
2269 839 2611 894 consumptze;
2632 830 2838 898 quando
2859 831 3109 899 dicemus,
3131 834 3226 888 Ubi
3243 847 3330 900 est,
3357 855 3509 899 utors,

1947 917 2190 969 contentio
2217 918 2342 970 tua?
2369 918 2452 970 ubi
2497 930 2567 972 est
2586 963 2598 984 ,
2627 938 2758 974 mors
2778 963 2791 986 ,
2822 925 3024 978 aculeus
3050 936 3161 982 tuus
3191 928 3228 998 (Ι
3257 927 3372 983 Cor.
3403 947 3470 984 xv
3497 976 3509 992 ,

1949 1005 2037 1073 55)
2058 1005 2080 1057 ?
2103 1005 2210 1074 jam
2237 1007 2500 1076 conjuncti
2531 1011 2765 1080 Angelis,
2795 1023 2845 1065 et
2875 1017 3194 1071 exsultantes
3217 1034 3334 1072 cum
3369 1020 3512 1090 Rege

1949 1104 2163 1162 nostro,
2191 1098 2279 1165 qui
2312 1100 2510 1167 primus
2556 1117 2829 1172 resurgere
2867 1106 3057 1170 voluit,
3087 1111 3324 1176 quamvis
3372 1113 3514 1178 prior

1950 1189 2079 1240 mori
2109 1189 2352 1243 noluerit.
2381 1190 2521 1243 Multi
2547 1193 2684 1245 enim
2716 1202 2835 1246 ante
2869 1196 3012 1248 illum
3041 1198 3227 1250 mortui
3257 1213 3395 1264 sunt,
3419 1205 3512 1254 sed

1952 1294 2106 1332 nemo
2132 1290 2251 1333 ante
2284 1281 2425 1333 illtmt
2469 1285 2753 1337 resurrexit
2784 1286 2832 1338 in
2874 1289 3148 1340 a-tcruum.
3182 1289 3516 1345 Exsultantes

1950 1379 2120 1421 autem
2151 1386 2269 1423 cum
2318 1371 2407 1425 illo
2430 1413 2444 1436 ,
2475 1374 2629 1426 etiam
2661 1375 2727 1427 ibi
2773 1391 2865 1442 spe
2909 1387 2960 1428 et
3005 1379 3163 1432 corde
3205 1383 3514 1448 constituti,

1951 1459 2068 1526 quia
2099 1461 2364 1514 evasimus
2384 1504 2397 1525 ,
2429 1464 2714 1532 Cogitemus
2741 1467 2861 1533 quid
2895 1469 3156 1522 evasimus
3179 1512 3193 1534 ,
3225 1487 3341 1540 qum
3365 1487 3519 1527 scan—

1950 1549 2066 1601 dala
2099 1591 2112 1611 ,
2145 1565 2274 1618 quas
2307 1552 2666 1606 tribulationes
2713 1557 2925 1619 mundi,
2961 1573 3090 1624 quas
3120 1563 3515 1626 persecutiones

1953 1644 2186 1691 omnium
2235 1640 2558 1709 Paganorum
2583 1685 2595 1705 ,
2625 1659 2758 1712 quos
2785 1646 2935 1697 dolos
2979 1649 3210 1699 omnium
3243 1649 3518 1704 han-elicu-

1955 1745 2066 1780 rum
2095 1761 2111 1791 ,
2141 1745 2269 1798 quas
2321 1734 2680 1801 suggestiones
2731 1736 2922 1789 diaboli
2954 1779 2966 1798 ,
3002 1753 3130 1806 quas
3179 1739 3519 1807 cupiditatum

1955 1821 2382 1876 couﬁictatioucs.
2413 1823 2597 1876 Omnia
2647 1825 2743 1876 ista
2796 1827 2911 1894 quis
2959 1830 3237 1890 evaderet.
3276 1832 3370 1884 nisi
3407 1833 3522 1895 quia

1958 1909 2198 1963 Dominus
2239 1924 2343 1964 erat
2382 1914 2432 1964 in
2477 1915 2656 1967 nobis?
2704 1915 2846 1968 Dicat
2893 1935 3021 1970 nunc
3068 1917 3264 1984 Israel;
3305 1937 3522 1976 securus

1955 2001 2092 2052 enim
2142 2001 2266 2054 dicit
2309 2002 2466 2055 Israel
2493 2044 2507 2066 ,
2542 2002 2659 2057 Nisi
2705 2008 2823 2070 quia
2872 2007 3113 2062 Dominus
3137 2012 3324 2064 eratin
3364 2013 3520 2066 nobis.

1955 2089 2212 2153 Quando?
2242 2089 2363 2143 Cum
2390 2093 2696 2162 insurgerent
2714 2097 2934 2150 homines
2955 2115 3104 2166 super
3121 2117 3228 2154 nos.
3255 2101 3370 2155 Noli
3399 2117 3524 2172 ergo

1961 2183 2134 2234 mirari
2169 2184 2326 2235 :victi
2371 2195 2530 2247 sunt;
2576 2187 2816 2241 homines
2859 2189 2998 2243 enim
3047 2201 3199 2244 erant
3229 2210 3242 2244 :
3276 2192 3548 2246 Dominus,

1957 2279 2129 2323 autem
2184 2281 2297 2325 erat
2338 2274 2388 2324 in
2442 2276 2624 2339 nobis,
2657 2293 2756 2330 non
2791 2279 2946 2330 homo
2974 2291 3083 2333 erat
3124 2283 3174 2333 in
3205 2282 3393 2346 nobis;
3429 2283 3516 2334 ho~

1958 2360 2127 2413 mines
2150 2370 2325 2415 autem
2354 2363 2746 2418 insurrexerunt
2766 2383 2925 2434 super
2952 2384 3066 2420 nos.
3101 2370 3203 2423 Sed
3231 2379 3405 2424 tamen
3434 2386 3522 2438 op.

1958 2450 2247 2519 primorem
2277 2456 2512 2509 homines
2533 2457 2662 2510 alios
2692 2457 2948 2523 homines,
2987 2463 3081 2514 nisi
3115 2463 3163 2515 in
3192 2462 3274 2516 his
3301 2463 3524 2517 homini-

1958 2549 2054 2603 bus
2079 2549 2166 2618 qui
2197 2565 2300 2603 non
2329 2559 2607 2619 potuerunt
2631 2553 2875 2622 opprimi,
2909 2570 3010 2608 non
3042 2557 3195 2611 homo
3225 2568 3401 2625 esset,
3433 2559 3524 2617 sed

1963 2639 2231 2693 Dominus.

2032 2732 2082 2783 5.
2115 2732 2283 2800 Ergo.
2319 2732 2434 2784 Nisi
2475 2721 2590 2802 quin
2624 2731 2866 2788 Dominus
2907 2746 3011 2791 erat
3039 2737 3089 2788 in
3117 2737 3287 2801 nobis,
3317 2755 3425 2792 cum
3453 2740 3526 2791 ina

1961 2832 2216 2889 surgerent
2236 2822 2456 2876 homines
2482 2842 2628 2890 super
2654 2843 2760 2878 nos.
2792 2828 2923 2888 Ouid
2953 2829 3090 2880 enim
3123 2828 3353 2884 facerent
3382 2832 3526 2886 vultis

1962 2910 2202 2965 homines
2222 2952 2237 2977 ,
2269 2913 2649 2968 exsultantibus
2692 2925 2744 2970 ct
2772 2920 3127 2978 cantantibus.
3155 2930 3206 2974 et
3236 2936 3417 2975 secure
3449 2933 3529 2976 te-

1962 3000 2207 3054 nentibus
2227 3002 2244 3031 ¹
2268 3003 2636 3057 beatitudinem
2655 3007 3059 3074 sempiternam?
3077 3010 3200 3077 quid
3226 3012 3370 3065 vobis
3394 3013 3530 3065 iaceo

1962 3104 2080 3149 rent
2108 3095 2345 3151 homines
2373 3098 2702 3164 insurgentes
2733 3101 2781 3152 in
2816 3116 2908 3154 vos
2931 3143 2944 3165 ,
2979 3101 3076 3155 nisi
3110 3103 3359 3158 Dominus
3389 3115 3530 3160 esset

1963 3185 2016 3239 in
2045 3187 2192 3240 vobis
2219 3187 2243 3240 ‘t
2272 3189 2394 3256 quid
2426 3188 2693 3243 facerent?
2721 3189 2957 3244 Forsitan
2996 3193 3125 3247 vivos
3170 3195 3532 3249 absorbuissettl

1964 3293 2073 3330 nos.
2113 3277 2255 3331 Vives
2279 3278 2665 3344 absorbuisseut;
2694 3295 2794 3333 non
2829 3283 2973 3350 prius
2999 3283 3312 3338 occidissent
3336 3328 3348 3347 ,
3378 3297 3429 3339 et
3457 3273 3532 3340 sic

1964 3369 2376 3424 absorbuisseut.
2401 3370 2442 3423 Ο
2459 3371 2741 3426 immanes!
2766 3387 2798 3427 o
2820 3373 3092 3429 crudeles!
3122 3375 3233 3429 Non
3255 3378 3331 3431 sic
3352 3379 3532 3432 absor-

1965 3459 2052 3513 bet
2079 3460 2309 3515 Ecclesia
2344 3478 2356 3514 :
2391 3460 2545 3515 Petro
2569 3504 2583 3526 ,
2611 3461 2780 3515 Macta
2806 3474 2851 3517 et
2883 3465 3132 3518 manduca
3161 3467 3292 3533 (Art.
3325 3484 3352 3519 κ
3372 3508 3386 3530 ,
3418 3469 3529 3536 15).

1964 3550 2157 3604 dictum
2177 3561 2274 3616 est;
2294 3567 2421 3618 non,
2446 3552 2602 3605 Vivos
2623 3553 2863 3607 absorbe.
2881 3553 3157 3621 Quomodo
3177 3571 3303 3625 ergo
3326 3557 3532 3622 Petrus,

1967 3641 2016 3695 id
2042 3651 2123 3696 est
2151 3643 2405 3706 Ecclesia,
2437 3651 2648 3706 mactat,
2677 3652 2729 3696 et
2749 3643 2824 3696 sic
2851 3644 3166 3698 manducat?
3195 3656 3246 3697 et
3271 3649 3536 3713 quomodo

1966 3731 2050 3784 isti
2081 3732 2170 3800 qui
2202 3740 2614 3785 exsurrexerunt
2639 3746 2796 3799 super
2825 3747 2950 3797 nos,
2981 3734 3189 3802 forsitan
3213 3736 3345 3786 vivos
3365 3737 3537 3788 absor-

1968 3823 2182 3875 buissent
2205 3839 2293 3875 nos
2316 3862 2331 3886 ,
2360 3822 2454 3874 nisi
2477 3823 2594 3890 quia
2622 3821 2866 3874 Dominus
2892 3832 2996 3874 erat
3029 3824 3079 3875 in
3110 3823 3246 3876 nobis
3267 3824 3293 3875 ?
3323 3825 3452 3891 Quia
3485 3828 3536 3881 in

1970 3912 2217 3969 Ecclesiae
2241 3927 2430 3981 corpus
2453 3927 2607 3966 nemo
2632 3911 2808 3972 intrat,
2834 3913 2930 3965 nisi
2961 3913 3102 3981 prius
3125 3914 3351 3968 occisus.
3383 3915 3539 3969 Mori-

1969 4014 2054 4060 tur
2077 4005 2215 4075 quod
2243 4004 2358 4068 luit,
2391 4014 2444 4058 ut
2469 4005 2535 4057 sit
2558 3997 2694 4072 quod
2725 4020 2827 4058 non
2856 4004 2969 4058 fuit.
3001 4007 3241 4076 Alioquin
3266 4048 3282 4074 ,
3313 4010 3402 4078 qui
3433 4026 3539 4065 non

1970 4096 2224 4149 occiditur
2249 4105 2300 4148 et
2328 4109 2428 4146 non
2459 4095 2804 4148 manducatur
2833 4094 2897 4146 ab
2927 4094 3152 4148 Ecclesia
3173 4139 3186 4154 ,
3212 4112 3330 4152 esse
3359 4099 3408 4151 in
3438 4116 3539 4151 uu-

1975 4204 2118 4240 mero
2162 4188 2336 4256 p0puli
2387 4194 2556 4254 potest
2579 4225 2592 4248 ,
2622 4186 2708 4254 qui
2742 4185 2944 4238 videtur
2983 4186 3149 4240 oculis
3180 4187 3454 4252 luuuanis;
3489 4191 3539 4242 in

1975 4295 2193 4332 numero
2233 4289 2403 4346 autem
2451 4277 2623 4345 populi
2668 4279 2751 4344 qui
2783 4278 3022 4346 cognitus
3049 4279 3155 4332 Deo
3198 4289 3279 4333 est
3301 4321 3315 4341 ,
3344 4281 3409 4334 de
3437 4297 3542 4350 quo

1975 4367 2100 4421 dicit
2129 4367 2407 4436 Apostolus
2430 4408 2445 4431 ,
2483 4367 2630 4419 Novit
2661 4365 2901 4420 Dominus
2930 4367 3013 4435 qui
3040 4379 3153 4422 sunt
3181 4372 3288 4437 ejus
3315 4370 3377 4442 (ll
3410 4371 3540 4426 Tim.

1977 4475 2032 4521 tt,
2060 4458 2169 4526 l9);
2201 4473 2303 4510 non
2335 4465 2505 4526 potest
2531 4472 2651 4512 esse
2677 4459 2774 4512 nisi
2803 4460 3165 4523 mandUCatus,
3199 4476 3295 4514 nec
3323 4463 3544 4515 mmidu-

1977 4549 2082 4602 cari
2115 4547 2321 4616 poterit,
2355 4547 2450 4599 nisi
2485 4547 2651 4614 priu'to
2678 4557 2952 4600 mactatus.
2987 4547 3138 4601 Venit
3165 4563 3413 4618 paganus,
3449 4555 3544 4603 ad-

1979 4639 2080 4692 huc
2121 4638 2168 4691 in
2203 4639 2290 4691 illo
2321 4638 2615 4692 idr=lolatria
2645 4638 2805 4700 vivit;
2838 4638 3144 4691 inserendas
3181 4650 3260 4692 est
3292 4641 3546 4694 membris

1973 4733 2170 4786 Christi
2207 4750 2217 4784 :
2251 4741 2304 4784 ιιι
2337 4732 2598 4784 inseratur
2622 4771 2634 4793 ,
2670 4745 2885 4784 necesse
2929 4738 3010 4782 est
3039 4731 3422 4795 manducetur;
3455 4735 3546 4787 sed

1980 4841 2081 4877 non
2110 4833 2281 4893 potest
2307 4822 2608 4876 manducari
2637 4822 2702 4874 ab
2731 4821 2982 4885 Ecclesia,
3017 4823 3112 4876 nisi
3147 4825 3318 4891 primo
3348 4837 3549 4881 macta-

1985 4929 2084 4968 tus.
2105 4915 2615 4974 Reuuutictsmcnlo,
2645 4923 3057 4979 tuncmactatnr;
3076 4915 3256 4969 credat
3282 4917 3333 4970 in
3365 4918 3546 4977 Deum,

1984 5017 2104 5062 tunc
2136 5006 2498 5060 manducatur.
2529 5003 2804 5070 Quomodo
2833 5019 2958 5072 ergo
2997 5005 3068 5057 illi
3109 5007 3240 5058 vivos
3284 5005 3549 5059 absarbuis-

1986 5110 2086 5153 sent
2114 5117 2222 5163 nos,
2255 5099 2348 5152 nisi
2372 5099 2487 5169 quia
2518 5095 2757 5147 Dominus
2787 5107 2888 5147 erat
2917 5100 2968 5148 in
2995 5096 3175 5149 nobis?
3200 5097 3554 5154 Surrexetuut

1986 5193 2124 5246 enim
2155 5191 2300 5243 multi
2336 5200 2702 5258 persecutores
2725 5188 3006 5256 aliquando
3030 5230 3042 5250 ,
3077 5198 3131 5241 et
3158 5204 3297 5242 nunc
3326 5204 3429 5241 non
3459 5190 3554 5242 de-

1985 5291 2125 5336 sunt.
2155 5280 2466 5348 Singillatim
2501 5281 2793 5348 insurgunt,
2823 5291 2874 5333 et
2903 5280 3180 5349 aliquando
3203 5280 3348 5333 vivos
3375 5281 3556 5333 absor-

1987 5373 2129 5436 bent,
2150 5371 2240 5425 sed
2270 5371 2318 5422 in
2339 5371 2527 5439 quibus
2549 5383 2648 5423 u0n
2679 5378 2759 5423 est
2785 5370 3054 5422 Dominus.
3089 5369 3207 5422 Ideo
3231 5381 3350 5424 ante
3381 5373 3556 5426 omnia

1989 5463 2059 5515 illi
2107 5462 2388 5524 dixerunt,
2422 5460 2536 5512 Nisi
2578 5460 2696 5527 quia
2737 5458 2980 5512 Dominus
3009 5470 3113 5511 erat
3141 5460 3192 5510 in
3238 5459 3411 5523 nobis;
3438 5464 3558 5530 quia

1989 5552 2138 5606 inulti
2185 5551 2572 5612 absorbentur,
2608 5550 2658 5603 in
2703 5550 2892 5619 quibus
2924 5566 3025 5602 non
3070 5559 3151 5603 est
3194 5549 3464 5605 Dominus.
3497 5554 3558 5607 lli

1990 5655 2111 5701 sunt
2136 5645 2221 5715 qui
2255 5644 2353 5696 vivi
2386 5643 2754 5707 absorbentur,
2783 5642 2870 5710 qui
2903 5642 3074 5694 sciunt
3104 5643 3296 5695 malum
3326 5658 3478 5710 esse,
3506 5653 3560 5699 et

2058 5783 2072 5812 ²
2100 5778 2322 5842 Plerique
2341 5787 2426 5829 Mss
2450 5793 2462 5828 :
2491 5776 2763 5834 L‘xsultatis,
2788 5783 2831 5825 et
2855 5777 3069 5835 cantatis,
3090 5783 3135 5826 et
3156 5775 3316 5826 securi
3335 5779 3521 5830 tenetis.

2717 5857 3363 5938 (aequante-deum.)
