4032 6202
497 217 666 309 Illi/l5

523 331 700 404 lingua
731 329 1080 384 consentiunt.
1109 325 1459 379 Surrexcrunt
1483 322 1620 377 enlm
1655 322 1862 391 quidam
1903 336 2084 391 perse-

523 432 733 475 cutores
754 461 768 483 ,
800 433 851 473 et
878 417 1120 471 dixerunt
1145 413 1443 467 hominibus
1473 432 1486 468 :
1517 412 1874 476 Thurilicate;
1906 414 1948 466 si
1981 428 2083 467 non

516 512 752 567 feceritis
775 551 791 574 ,
823 508 1108 562 occidimus
1134 521 1247 559 vos.
1278 505 1356 558 llli
1381 515 1685 559 amaverunt
1717 505 1850 558 hanc
1888 505 2042 558 vitam
2064 546 2079 570 ,

479 600 492 609 '
517 612 569 657 et
600 598 821 653 dulcedo
849 599 969 651 vita:
993 595 1150 665 hujus
1170 597 1336 649 tenuit
1363 609 1474 650 eos.
1502 593 1614 648 Non
1647 594 1764 664 plus
1787 594 2084 649 dilexerunt

513 695 572 747 ea
603 707 718 761 quae
747 689 988 759 promisit
1013 689 1167 750 Deus,
1188 703 1343 757 quam
1365 701 1424 741 ea
1447 702 1561 754 qua:
1585 685 1827 739 videbant
1848 688 1896 738 in
1921 695 2077 738 terra.

514 783 600 834 llla
630 781 769 834 enim
790 779 1009 834 credere
1025 777 1339 848 jubebantur
1359 776 1398 840 ί,
1421 791 1538 845 quae
1559 774 1788 829 nondum
1811 775 2075 841 videbant,

514 871 607 923 ista
654 885 772 939 qua:
813 869 1056 923 amabant
1101 866 1363 920 videbant.
1393 865 1518 919 Plus
1547 865 1830 918 retinentes
1857 880 1916 919 ea
1961 881 2077 934 qnte

505 959 758 1016 videbant
777 1001 791 1023 ,
822 959 1158 1014 excluserunt
1180 956 1245 1009 de
1269 955 1512 1011 cordibus
1544 955 1851 1019 Dominum;
1878 965 1931 1009 et
1956 956 2077 1024 quia

512 1068 618 1106 non
649 1062 762 1106 erat
787 1049 838 1104 in
865 1051 942 1103 eis
966 1049 1241 1113 Dominus,
1270 1047 1370 1100 vivi
1397 1047 1632 1116 absorpti
1657 1059 1797 1101 sunt.
1822 1046 1953 1114 Quid
1975 1056 2073 1111 est,

509 1143 616 1197 vivi
646 1141 877 1210 absorpti
908 1140 1066 1194 sunt?
1090 1136 1460 1192 Thurilicaudo
1489 1137 1643 1193 idolis
1661 1178 1675 1199 ,
1701 1138 1930 1190 scientes
1957 1138 2077 1207 quia

514 1233 644 1288 nihil
669 1242 750 1286 est
776 1231 988 1285 idolum.
1014 1229 1142 1283 Nam
1169 1229 1211 1282 si
1237 1228 1428 1298 aliquid
1454 1235 1694 1296 putarent
1714 1241 1832 1281 esse
1857 1226 2073 1292 idolum,

513 1327 703 1380 mortui
722 1325 1265 1378 absorberenturzcum
1283 1333 1456 1377 autem
1477 1330 1661 1392 putant
1679 1319 1808 1374 nihil
1827 1335 1944 1375 esse
1965 1320 2079 1374 ido-

513 1417 640 1476 lum,
658 1426 710 1470 et
728 1426 983 1469 noverunt
999 1414 1170 1468 omnia
1191 1414 1274 1468 illa
1292 1412 1570 1467 Gentilium
1589 1426 1716 1464 vana
1731 1411 2073 1477 essc,vivunt;

509 1519 563 1562 et
604 1519 773 1560 tamen
801 1521 920 1558 cum
947 1504 1139 1558 iaciunt
1171 1503 1307 1572 quod
1339 1503 1520 1556 volunt
1549 1510 1908 1571 persecutores
1930 1541 1946 1566 ,
1972 1501 2074 1554 vivi

515 1601 884 1655 absorbentur.
912 1598 1015 1655 Sed
1047 1598 1162 1652 ideo
1191 1598 1289 1650 vivi
1323 1596 1702 1658 absorbentur,
1737 1593 1856 1663 quia
1888 1607 1990 1646 non
2021 1592 2073 1646 in

502 1696 590 1747 eis
615 1703 695 1748 est
723 1694 989 1747 Dominus.
1026 1691 1081 1745 ln
1107 1691 1294 1760 quibus
1319 1699 1492 1743 autem
1520 1690 1656 1742 inest
1685 1688 1954 1749 Dominus,
1983 1699 2074 1739 oc-

503 1785 753 1840 vciduntur
783 1795 837 1838 et
866 1801 967 1837 non
995 1783 1310 1836 moriuntur.
1338 1779 1434 1845 Qui
1464 1788 1639 1832 autem
1667 1777 2000 1831 consentiunt
2022 1783 2075 1829 et

513 1877 716 1942 vivunt,
738 1875 840 1929 vivi
867 1873 1232 1936 absorbentur,
1266 1871 1500 1939 absorpti
1524 1869 1838 1925 moriuntur.
1870 1866 1956 1920 lsti
1981 1883 2076 1922 au-

503 1980 617 2021 tem
643 1969 732 2037 qui
767 1967 904 2036 passi
930 1976 1071 2032 sunt,
1103 1975 1155 2020 et
1185 1979 1290 2019 nou
1319 1969 1596 2018 cesserunt
1624 1959 2071 2023 tribulationibus,

508 2059 773 2113 exsultant
795 2065 848 2113 ct
866 2058 1063 2120 dicunt,
1092 2055 1238 2109 Dicat
1257 2071 1388 2108 nunc
1412 2051 1598 2115 Israel;
1625 2051 1763 2107 dicat
1781 2051 2071 2119 exsultans,

508 2152 648 2206 dicat
671 2164 907 2214 securus,
934 2149 1048 2203 Nisi
1070 2148 1185 2218 quia
1212 2146 1453 2200 Dominus
1473 2153 1574 2198 erat
1601 2143 1653 2196 in
1679 2143 1839 2207 nobis,
1862 2157 1974 2196 cum
1995 2141 2074 2194 in-

512 2251 768 2312 surgerent
783 2241 1007 2295 Itomines
1026 2255 1174 2310 super
1193 2253 1304 2303 nos,
1323 2235 1536 2308 forsitan
1558 2234 1692 2289 vivos
1710 2224 2073 2287 absorbuissent

456 2395 459 2400 η
510 2350 620 2388 nos.

579 2424 632 2479 6.
663 2422 788 2479 Cum
828 2422 1120 2476 irasceretur
1147 2420 1286 2490 furor
1327 2434 1498 2473 eorum
1538 2433 1689 2486 super
1713 2431 1824 2469 nos.
1852 2413 2030 2469 Nostis
2051 2453 2068 2479 ,

511 2513 699 2568 fratres
721 2553 737 2577 ,
769 2512 820 2566 in
849 2510 1022 2581 aliquo
1065 2509 1130 2564 de
1169 2507 1528 2578 superioribus
1573 2505 1789 2575 psalmis
1812 2545 1828 2570 ,
1861 2503 1912 2556 in
1957 2502 2072 2572 ipso

511 2603 659 2657 initio
684 2601 1004 2656 canticorum
1033 2597 1285 2668 graduum
1313 2606 1498 2652 contra
1533 2595 1760 2664 linguam
1789 2592 2068 2648 subdolam

503 2693 706 2762 petisse
743 2690 992 2747 auxilium
1017 2690 1296 2761 quemdam
1319 2729 1338 2757 ,
1367 2689 1455 2759 qui
1481 2687 1640 2759 erepit
1663 2684 1988 2751 ascendere;
2019 2693 2073 2740 et

509 2784 709 2839 dixisse
729 2825 746 2848 ,
773 2782 985 2836 Domine
1004 2825 1017 2847 ,
1050 2798 1164 2836 erue
1189 2781 1410 2834 animam
1434 2793 1593 2835 meam
1621 2796 1652 2834 a
1681 2779 1823 2834 labiis
1851 2778 2069 2850 injustis,

512 2884 559 2929 et
585 2893 617 2929 a
647 2874 819 2947 lingua
864 2875 1055 2930 dolosa.
1087 2874 1266 2930 Primo
1309 2874 1451 2930 enim
1494 2889 1610 2929 cum
1653 2872 1872 2942 coeperit
1914 2871 2073 2925 homo

507 2967 797 3024 ascendere
822 2977 877 3024 et
919 2968 1172 3038 prolicere
1193 3009 1210 3035 ,
1239 2967 1291 3022 in
1322 2969 1437 3037 ipso
1463 2964 1683 3022 exordio
1707 2961 2030 3020 ascensionis
2052 3001 2068 3026 ,

504 3059 714 3131 linguas
738 3058 950 3116 dolosas
974 3060 1167 3128 patitur
1189 3098 1205 3124 ,
1237 3057 1454 3112 blandas
1478 3055 1542 3109 ad
1569 3053 1852 3124 perniciem
1877 3093 1892 3118 ,
1923 3051 2073 3106 blan-

500 3151 606 3206 das
631 3151 694 3204 ad
726 3152 913 3207 malam
942 3152 1241 3205 suasionem
1276 3167 1288 3203 :
1321 3147 1456 3216 Quid
1485 3147 1654 3201 facis?
1682 3160 1843 3213 quare
1865 3143 1966 3198 hoc
1998 3143 2074 3197 l'a-

500 3241 632 3295 cis?
663 3241 828 3296 Aliter
868 3241 1008 3296 enim
1035 3241 1138 3292 vivi
1183 3254 1286 3292 non
1315 3238 1527 3307 potest?
1557 3235 1742 3290 serviri
1786 3234 1939 3289 aliter
1964 3233 2073 3288 Deo

503 3348 616 3386 .non
663 3331 919 3401 potest‘?
949 3331 1026 3385 Tu
1052 3330 1195 3384 solus
1220 3344 1279 3384 es
1316 3329 1405 3399 qui
1431 3329 1510 3383 vis
1551 3327 1652 3381 hoc
1678 3339 1797 3381 esse
1821 3324 1959 3394 quod
1985 3324 2072 3380 alii

512 3438 616 3477 non
659 3424 816 3477 sunt!
845 3420 914 3477 Et
951 3422 996 3477 si
1039 3422 1302 3477 inveneris
1326 3421 1457 3475 alios
1481 3419 1567 3490 qui
1599 3428 1770 3473 tecum
1798 3423 1955 3482 sunt,
1987 3415 2071 3470 illa

501 3514 701 3569 blanda
727 3523 782 3569 et
796 3514 977 3570 dolosa
1003 3514 1177 3584 lingua
1195 3511 1320 3583 quid
1337 3511 1495 3566 dicit?
1518 3511 1654 3566 Ecce
1677 3510 1750 3565 illi
1771 3516 2072 3580 potuerunt;

510 3606 646 3660 forte
673 3615 725 3658 tu
755 3621 855 3659 non
881 3605 1100 3675 poteris.
1127 3603 1443 3674 Aggrederis
1463 3601 1513 3667 ³;
1537 3600 1752 3657 dellcies
1775 3618 1789 3653 :
1811 3610 1864 3655 et
1888 3600 2075 3654 melius

501 3710 624 3751 erat
651 3711 753 3750 non
780 3695 1029 3765 incipere,
1054 3709 1209 3764 quam
1235 3695 1461 3764 crepisse
1492 3700 1546 3747 et
1570 3690 2074 3760 deiecisse..Lingua

509 3788 692 3842 dolosa
735 3789 906 3843 adhuc
935 3788 1216 3842 blanditur.
1259 3785 1316 3842 Si
1364 3786 1781 3855 perseveraveris
1805 3825 1819 3848 ,
1849 3784 2077 3838 vincitur

505 3881 682 3950 lingua
704 3880 884 3934 dolosa
909 3887 964 3934 et
983 3878 1276 3940 blandiens,
1297 3878 1608 3948 incipitesse
1622 3885 1802 3946 aperte
1827 3875 2072 3939 saeviens;

510 3982 564 4026 et
590 3987 706 4042 qua:
733 3969 1093 4027 blandiebatur
1120 3981 1175 4024 ut
1203 3969 1498 4035 scduccret,
1523 3967 1748 4022 minatur
1774 3974 1831 4021 ut
1859 3963 2072 4020 terreat.

500 4062 614 4120 Sed
641 4063 685 4118 si
717 4063 966 4118 Dominus
984 4072 1073 4117 est
1099 4062 1149 4116 in
1179 4071 1229 4116 te
1255 4103 1269 4122 ,
1307 4071 1361 4114 et
1386 4076 1487 4114 non
1516 4058 1788 4128 reliqueris
1813 4056 1879 4111 de
1913 4055 2076 4111 corde

512 4166 602 4210 tuo
629 4154 896 4210 Cbristum
923 4170 936 4214 ;
968 4151 1231 4222 quomodo
1256 4167 1349 4220 per
1375 4152 1587 4222 sagittas
1611 4159 1788 4204 acutas
1813 4157 1867 4203 et
1891 4147 2077 4202 carbo-

513 4261 608 4306 nes
637 4245 982 4298 desolatorios
1008 4243 1176 4296 vicisti
1202 4243 1405 4311 linguas
1429 4242 1638 4296 dolosas
1659 4239 1824 4310 (Psal.
1855 4253 1995 4302 cxtx,
2013 4235 2074 4289 2-

503 4337 564 4403 4)
592 4379 606 4400 ,
637 4335 686 4388 id
713 4345 794 4390 est
816 4375 832 4400 ,
879 4349 971 4402 per
995 4334 1150 4386 verba
1182 4333 1273 4385 Dei
1302 4333 1489 4400 quibus
1515 4332 1818 4386 transﬁxum
1844 4339 1959 4385 erat
1985 4343 2077 4383 cor

511 4438 656 4482 tuum
683 4467 699 4494 ,
726 4435 780 4483 et
803 4441 898 4497 per
922 4425 1162 4495 exempla
1200 4424 1459 4493 justorum
1487 4423 1576 4492 qui
1605 4423 1670 4476 de
1699 4422 1918 4476 mortuis
1943 4421 2074 4474 vivi-

511 4519 652 4575 licati
684 4529 828 4585 sunt,
856 4517 922 4572 de
950 4515 1314 4587 peccatoribus
1342 4512 1464 4568 facti
1493 4523 1612 4567 sunt
1637 4513 1783 4583 justi,
1811 4511 2076 4583 quomodo

505 4612 767 4667 carbones
791 4611 857 4666 de
887 4619 1054 4664 morte
1094 4609 1422 4662 revivescunt
1453 4622 1468 4660 :
1499 4605 1762 4675 quomodo
1803 4621 1927 4674 ergo
1957 4605 2076 4658 illos

511 4704 680 4758 vicisti
705 4703 908 4771 sagittis
933 4708 986 4755 et
1011 4698 1325 4754 carbonibus
1348 4696 1700 4763 desolatoriis,
1720 4695 1904 4749 dolose
1925 4694 2074 4747 blan-

507 4797 715 4852 dientes
739 4802 793 4848 et
819 4790 1131 4847 blandiendo
1155 4788 1494 4854 seducentes;
1518 4788 1596 4842 sic
1621 4788 1747 4842 istos
1771 4787 1949 4841 vinces
1965 4785 2074 4855 jam

510 4885 786 4943 irascendo
814 4882 1217 4946 comminantes,
1236 4881 1353 4949 quia
1384 4879 1696 4934 blandiendo
1715 4877 2075 4932 seducerene-

508 4980 809 5049 quiverunt.
842 4975 879 5026 ιι
888 4974 974 5029 icti
1001 4980 1122 5026 sunt
1148 4985 1266 5024 cum
1293 4970 1651 5024 blandireutur
1673 5011 1688 5034 ,
1720 4969 1994 5021 vincantur
2022 4977 2076 5021 ct

508 5086 628 5124 cum
657 5068 944 5123 minantur.
989 5062 1092 5118 Sed
1127 5063 1406 5116 vincuntur
1426 5102 1442 5127 ,
1490 5061 1752 5132 quomodo
1775 5101 1790 5126 ,
1819 5060 1915 5113 nisi
1956 5061 2075 5130 quia

507 5159 754 5214 Dominus
778 5165 884 5213 erat
907 5157 959 5209 in
986 5152 1500 5208 nobisnlanifcstum
1519 5163 1598 5206 est
1630 5153 1750 5221 quia
1778 5167 1880 5205 non
1905 5151 2076 5206 vicisti

497 5263 583 5320 ιιι,
601 5253 694 5309 sed
721 5252 847 5309 vicit
873 5251 959 5305 ille
982 5249 1070 5321 qui
1094 5247 1248 5302 estin
1276 5255 1346 5301 te.
1367 5247 1740 5316 Imperatorem
1775 5247 1927 5300 talem
1955 5261 2075 5317 por-

569 5397 586 5426 ί
620 5394 679 5426 sli

569 5397 586 5426 ί
617 5393 800 5455 Aliquot
823 5400 948 5448 Mss,
971 5393 1265 5440 ridebantur.

542 5455 588 5524 _'
611 5453 826 5524 Er_.'l_.ugd
862 5461 981 5502 Ven.
1006 5449 1431 5524 ιοιιηαέὶιεζςηιὺη
1465 5449 1620 5501 vivere
1654 5464 1747 5502 non
1773 5450 1942 5514 potes?
1975 5465 2077 5503 scr-

499 5512 608 5575 sire
629 5510 887 5575 aiiter'Deo
908 5526 1000 5562 non
1025 5510 1193 5575 potes?
1285 5519 1339 5560 Μ.

499 5572 596 5688 ri;
630 5574 906 5682 Itrh‘mgd.
945 5571 1091 5635 ναι..
1129 5573 1172 5625 si
1210 5571 1504 5636 aggrederis.
1566 5581 1674 5626 ων.
1697 5613 1712 5637 ,
1751 5573 1794 5625 si
1829 5575 2078 5641 aggredie-

683 5399 800 5455 quot
812 5400 948 5455 Mss,
971 5387 1265 5455 ridebantur.

1739 217 1794 265 S.
1837 216 1874 266 Α
1889 211 2197 268 UGUSTINI
2238 215 2530 272 EPISCOPI

3612 233 3753 289 16“

2193 332 2271 376 tas
2293 365 2308 390 ,
2339 336 2392 380 et
2419 329 2684 384 vinceris?
2709 330 2890 387 Nonne
2920 332 3004 388 ille
3027 343 3108 388 est
3134 350 3286 404 quem
3312 347 3491 405 portas
3515 379 3528 402 ,
3560 343 3645 410 qui
3674 342 3761 396 dio

2190 416 2301 478 xit,
2334 416 2448 487 Ego
2483 420 2578 472 vici
2601 423 2837 475 sarculum
2865 422 3039 494 (Joan.
3073 441 3159 479 xvi
3181 466 3197 491 ,
3228 426 3363 496 35)?
3393 444 3566 482 nonne
3607 434 3756 500 prior
3807 453 3815 462 λ

2188 507 2416 560 moriens
2443 509 2566 562 vicit
2591 510 2875 574 diabolum,
2905 529 3023 566 cum
3051 530 3260 583 semper
3280 526 3422 570 esset
3445 532 3603 587 super
3629 537 3716 575 om
3733 549 3755 560 -

2187 610 2304 647 nem
2331 606 2623 652 creaturam
2652 641 2664 662 ,
2696 602 2816 669 quia
2849 602 3071 656 Verbum
3100 603 3240 659 Deus
3267 613 3350 660 est
3375 607 3511 676 apud
3539 609 3702 664 Deum
3727 611 3756 665 τ

2185 687 2358 754 Quare
2383 690 2504 744 vicit
2528 731 2541 754 ,
2573 693 2670 746 nisi
2694 703 2748 747 ut
2771 703 2820 748 te
2843 694 3057 751 doceret
3080 713 3198 752 cum
3226 699 3436 754 diabolo
3457 701 3706 756 dimicare
3727 704 3756 756 ἶ

2185 779 2246 832 Et
2275 787 2446 834 tamen
2472 783 2578 850 jam
2606 785 2790 839 doctus
2813 827 2828 850 ,
2865 788 2960 841 nisi
2990 789 3039 842 in
3069 799 3120 843 te
3160 791 3230 845 sit
3257 792 3342 846 ille
3369 793 3457 862 qui
3485 795 3630 862 prior
3656 797 3752 850 tibi

2182 869 2307 923 vicit
2329 913 2343 937 ,
2374 872 2615 928 vinceris.
2648 874 2762 929 Nisi
2784 879 2899 947 quia
2922 877 3172 934 Dominus
3198 884 3377 936 eratin
3417 885 3555 938 nobis
3576 927 3593 948 ,
3623 887 3752 940 dum

2179 962 2489 1033 insurgerent
2513 966 2732 1024 homines
2760 986 2908 1036 super
2931 987 3038 1034 nos,
3068 973 3278 1042 forsitan
3304 975 3434 1028 vivos
3460 977 3752 1031 absorbuis~

2177 1065 2285 1107 seut
2310 1072 2419 1110 nos.
2438 1055 2571 1110 Dum
2594 1060 2889 1114 irasceretur
2916 1064 3056 1133 furor
3079 1065 3298 1129 ipsorum
3319 1083 3469 1134 super
3496 1084 3586 1120 nos
3601 1085 3620 1121 :
3631 1068 3746 1136 jam

2178 1144 2493 1210 irascuntur,
2518 1148 2624 1216 jam
2655 1160 2836 1218 aperte
2860 1155 3082 1205 Stcviunt
3113 1169 3127 1204 :
3161 1155 3370 1220 forsitan
3396 1173 3524 1225 aqua
3551 1159 3750 1211 demer-

2177 1237 2319 1290 sisset
2346 1255 2456 1291 nos.
2487 1241 2686 1309 Aquam
2713 1240 2840 1296 dicit
2866 1243 3089 1312 populos
3112 1255 3445 1314 peccatores;
3468 1257 3521 1300 et
3545 1249 3746 1303 videbi-

2178 1343 2293 1381 mus
2309 1329 2515 1398 qualem
2533 1346 2721 1400 aquam
2751 1333 2801 1386 in
2818 1336 3280 1404 consequentibus.
3297 1336 3622 1409 Quicumque
3647 1326 3710 1396 a'u
3724 1369 3745 1379 -

2179 1427 2282 1472 tem
2299 1421 2653 1475 consensisset
2670 1423 2790 1488 illis,
2811 1438 2941 1492 aqua
2963 1425 3106 1478 illum
3125 1427 3435 1494 operuissct.
3455 1428 3748 1484 Morcretur

2175 1508 2315 1560 enim
2335 1519 2503 1563 morte
2524 1511 2910 1581 {Egyptiorunu
2933 1528 3033 1567 non
3054 1516 3300 1569 transiret
3325 1519 3567 1586 exemplo
3584 1520 3746 1573 lsrae-

2178 1596 2406 1651 litorum.
2428 1597 2609 1671 .Nostis
2631 1601 3155 1673 enim,l'ratres,quia
3184 1619 3276 1673 per
3305 1621 3490 1674 aquam
3517 1610 3747 1676 populus

2177 1686 2528 1742 lsraelitarum
2549 1692 2774 1758 transiit,
2792 1703 2844 1745 et
2861 1693 2969 1761 ipsa
2986 1708 3121 1762 aqua
3140 1695 3360 1765 populus
3376 1695 3743 1766 :Egyptiorum

2174 1790 2455 1848 coopertus
2479 1792 2560 1838 est
2592 1781 2781 1853 (Exod.
2814 1800 2918 1850 xtv,
2935 1784 3138 1856 22-29).
3164 1788 3322 1857 Aqua,
3344 1789 3531 1859 inquit,
3551 1790 3746 1845 demer-

2172 1883 2314 1926 818881
2339 1890 2447 1928 nos.

2246 1964 2298 2018 7.
2329 1963 2431 2019 Sed
2457 1965 2627 2034 qualis
2649 1973 2729 2020 est
2754 1966 2853 2021 ista
2875 1969 3050 2037 aqua?
3077 1968 3307 2024 Torrens
3332 1977 3413 2024 est
3436 2012 3451 2035 ,
3485 1969 3599 2024 tluit
3620 1987 3743 2027 cum

2173 2055 2373 2125 impetu
2395 2097 2410 2122 ,
2439 2057 2534 2112 sed
2570 2058 2850 2113 transitura
2875 2067 2974 2112 est.
3017 2059 3303 2114 Torrentes
3329 2061 3467 2115 enim
3493 2061 3744 2116 dicuntur

2174 2144 2318 2200 ﬂuvii
2339 2147 2428 2216 qui
2460 2148 2746 2217 repentinis
2770 2148 3028 2205 imbribus
3054 2160 3295 2206 crescnmt
3326 2169 3340 2206 :
3371 2167 3615 2222 magnum
3645 2153 3745 2205 Ita-

2173 2235 2302 2291 bent
2327 2236 2600 2306 impetum;
2622 2239 2856 2308 quisquis
2883 2239 3158 2294 incurrerit
3186 2243 3422 2307 trahitur,
3448 2242 3541 2297 sed
3571 2244 3745 2312 inquo

2174 2327 2429 2382 Dominus
2454 2343 2558 2382 non
2584 2337 2665 2383 est
2687 2346 2702 2394 ;
2736 2331 2786 2384 in
2814 2345 2919 2400 quo
2943 2341 3116 2385 autem
3148 2333 3396 2386 Dominus
3422 2343 3525 2400 est,
3555 2337 3745 2388 transit

2173 2429 2460 2477 torrentem
2487 2423 2658 2478 anima
2686 2423 2868 2494 ipsius.
2895 2423 3082 2480 Adhuc
3107 2423 3219 2479 ﬂuit
3247 2437 3448 2480 torrens
3471 2468 3485 2492 ,
3515 2427 3607 2482 sed
3631 2428 3743 2497 jam

2173 2514 2566 2570 transiitanima
2585 2511 3099 2587 martyrum.Adhuc
3113 2517 3359 2586 quamdiu
3377 2517 3623 2571 szeculum
3645 2521 3746 2573 hoc

2174 2607 2438 2662 nascendo
2463 2618 2517 2664 et
2545 2609 2818 2664 moriendo
2846 2609 3046 2674 currit,
3076 2622 3282 2664 torrens
3309 2621 3390 2665 est
3423 2631 3437 2664 :
3470 2611 3593 2666 hinc
3618 2628 3746 2680 per-

2173 2697 2493 2765 secutiones,
2511 2698 2578 2753 de
2603 2699 2704 2753 isto
2732 2708 2982 2753 torrente.
3014 2699 3144 2753 llinc
3170 2697 3300 2752 bibit
3325 2698 3413 2754 ille
3438 2699 3636 2769 primus
3656 2715 3746 2754 ca~

2175 2795 2267 2856 put
2308 2797 2545 2842 nostrum
2569 2829 2582 2851 ,
2611 2787 2676 2842 de
2713 2803 2817 2856 quo
2841 2788 3034 2842 dictum
3065 2789 3221 2842 estin
3253 2788 3454 2857 psalmo
3489 2805 3500 2841 :
3533 2787 3608 2841 De
3634 2799 3743 2841 tor-

2173 2888 2312 2931 rente
2335 2879 2386 2931 in
2411 2879 2488 2932 via
2517 2877 2652 2932 bibit.
2683 2877 2757 2932 De
2784 2887 3035 2945 torrente,
3068 2894 3200 2948 aqua
3231 2878 3314 2932 illa
3339 2894 3456 2948 quae
3481 2879 3745 2948 signiﬁcat

2174 2961 2425 3040 populum
2456 2977 2872 3037 persecutorem,
2901 2968 3023 3023 inde
3048 2967 3180 3023 bibit
3204 2967 3293 3021 ille
3316 2968 3402 3036 qui
3431 2967 3562 3021 dixit
3585 2967 3746 3021 disci-

2175 3060 2313 3132 pulis
2344 3079 2357 3112 :
2388 3059 2604 3114 Potestis
2641 3059 2804 3113 bibere
2830 3061 3033 3114 calicem
3061 3077 3204 3131 quem
3231 3073 3321 3130 ego
3350 3058 3591 3112 bibiturus
3631 3076 3745 3111 sum

2179 3151 2388 3224 (Matth.
2421 3167 2509 3216 xx,
2541 3150 2677 3222 22)?
2707 3150 2782 3204 De
2809 3161 3024 3204 torrente
3046 3151 3097 3203 in
3127 3153 3204 3204 via
3232 3149 3370 3204 bibit.
3399 3148 3537 3217 Quid
3564 3158 3663 3210 est,
3693 3149 3746 3201 in

2173 3243 2254 3297 via
2275 3241 2729 3296 bibit?Transiens
2755 3241 2905 3307 bibit,
2926 3256 3028 3294 non
3061 3240 3230 3294 hmslt.
3256 3239 3312 3294 In
3338 3239 3419 3292 via
3446 3237 3602 3302 bibit;
3621 3238 3742 3306 quia

2174 3333 2242 3389 de
2266 3333 2355 3388 illo
2377 3332 2513 3387 forte
2536 3331 2735 3387 dictum
2761 3340 2862 3396 est,
2885 3329 2947 3384 Et
2976 3331 3027 3383 in
3054 3331 3132 3382 via
3160 3337 3588 3399 peccatarumnon
3611 3329 3748 3379 stetit

2180 3423 2346 3496 (Psal.
2375 3438 2412 3490 ι,
2434 3423 2508 3493 1).
2531 3417 2819 3476 Transiens
2839 3420 2988 3475 bibit.
3013 3420 3079 3474 Et
3104 3419 3226 3489 quid
3253 3418 3375 3473 inde
3397 3417 3594 3472 dictum
3620 3417 3746 3470 est?

2178 3517 2452 3587 PrOpterea
2486 3517 2722 3571 exaltabit
2749 3525 2899 3585 caput
2928 3513 3098 3584 (Psal.
3129 3527 3214 3568 Ctx
3236 3552 3250 3578 ,
3281 3511 3360 3581 9).
3389 3511 3463 3564 De
3487 3518 3704 3563 torrente
3725 3550 3742 3573 ,

2178 3609 2363 3680 inquit,
2383 3609 2432 3662 in
2461 3610 2537 3662 via
2567 3607 2702 3671 bibit,
2723 3614 2982 3677 prapterea
2998 3602 3231 3658 exaltabit
3257 3611 3424 3670 caput.
3445 3600 3746 3654 Exaltatum

2176 3697 2423 3756 esti'enim
2448 3703 2554 3769 jam
2583 3708 2741 3768 caput
2770 3707 3008 3752 nostrum
3033 3736 3049 3762 ,
3076 3695 3196 3764 quia
3225 3693 3291 3748 de
3321 3702 3555 3746 torrente
3583 3691 3632 3744 in
3663 3689 3745 3744 via

2177 3791 2344 3858 bibit;
2375 3804 2558 3860 passus
2583 3800 2665 3844 est
2705 3789 2846 3842 enim
2875 3787 3128 3840 Dominus
3172 3791 3370 3838 noster.
3397 3781 3450 3837 Si
3477 3797 3602 3850 ergo
3637 3781 3745 3850 jam

2178 3883 2462 3938 exaltatum
2489 3890 2570 3935 est
2598 3889 2755 3948 caput
2785 3886 3019 3932 nostrum
3044 3917 3060 3941 ,
3088 3873 3212 3945 quid
3243 3874 3392 3927 timet
3415 3885 3608 3942 corpus
3639 3881 3748 3924 tor-

2177 3973 2416 4031 rentem?
2437 3973 2562 4030 Sine
2589 3972 2768 4033 dubio,
2789 3970 2908 4040 quia
2936 3977 3092 4038 caput
3116 3967 3403 4022 exaltatum
3431 3975 3529 4030 est,
3551 3973 3603 4017 et
3629 3977 3747 4016 cor-

2178 4083 2277 4138 pus
2304 4067 2440 4123 dicet
2469 4075 2646 4136 postea
2673 4107 2687 4130 ,
2718 4062 3008 4116 Torrentem
3032 4060 3317 4132 pertransiit
3340 4058 3508 4111 aninta
3534 4065 3705 4108 nostra
3725 4070 3744 4108 :

2177 4165 2388 4230 fortasse
2418 4157 2703 4229 pertransiit
2730 4155 2897 4208 anima
2919 4165 3085 4208 nostra
3110 4169 3289 4221 aquam
3317 4153 3424 4205 siue
3452 4149 3746 4203 substantia.

2180 4254 2314 4309 Ecce
2339 4252 2546 4323 qualem
2573 4265 2761 4320 aquam
2787 4249 3013 4312 dicebat,
3037 4246 3270 4300 Forsitan
3295 4261 3424 4315 aqua
3439 4243 3748 4297 demersisset

2178 4363 2286 4401 nos.
2317 4345 2498 4414 Qualis
2525 4351 2699 4398 autem
2727 4356 2860 4412 aqua
2887 4349 2966 4393 cst
2992 4339 3109 4393 sine
3136 4336 3460 4390 substantia?
3481 4333 3616 4400 Quid
3644 4343 3748 4397 est,

2176 4438 2283 4493 sine
2309 4433 2630 4489 substantia?

2247 4527 2299 4583 8.
2321 4527 2497 4581 Primo
2522 4523 2648 4595 quid
2669 4533 2770 4588 est,
2792 4522 3028 4578 Forsitan
3052 4519 3338 4592 pertransiit
3353 4518 3522 4573 anima
3553 4515 3752 4570 nostra?

2178 4620 2452 4688 Quomodo
2482 4626 2768 4690 potuerunt
2793 4617 2930 4670 enim
2956 4657 2971 4682 ,
3000 4613 3168 4669 Latini
3207 4619 3583 4683 expresserunt
3607 4608 3752 4680 quod

2179 4713 2347 4768 Graeci
2375 4713 2558 4767 dicunt
2582 4717 2696 4781 ἄρα.
2719 4709 2808 4764 Sic
2832 4708 2971 4762 enim
2993 4720 3160 4773 graeca
3187 4704 3381 4758 habent
3404 4701 3751 4771 exemplaria,

2175 4815 2277 4877 ἄρα
2307 4823 2320 4858 :
2353 4807 2473 4874 quia
2503 4801 2791 4857 dubitantis
2816 4797 3033 4854 verbum
3057 4806 3139 4851 est
3159 4835 3175 4859 ,
3203 4807 3511 4864 expressum
3535 4791 3754 4860 estqui-

2177 4898 2296 4952 dem
2337 4893 2680 4949 dubitationis
2723 4890 2884 4944 verbo
2909 4931 2923 4953 ,
2953 4886 3093 4958 quod
3121 4897 3203 4941 est
3229 4890 3480 4954 fortasse;
3509 4881 3602 4936 sed
3648 4897 3752 4936 non

2178 4989 2396 5041 omnino
2423 4985 2524 5040 hoc
2549 4993 2650 5038 est.
2697 4983 2984 5036 Possumus
3013 4977 3136 5032 illud
3167 4977 3329 5029 verbo
3370 4974 3550 5028 dicere
3580 4974 3756 5027 minus

2179 5081 2387 5149 quidem
2418 5077 2574 5132 latine
2601 5073 2902 5143 conjuncto.
2922 5072 3012 5127 sed
3039 5079 3163 5140 apto
3189 5069 3253 5123 ad
3282 5068 3658 5135 intelligentias
3673 5081 3756 5120 ve-

2179 5183 2333 5228 stras.
2364 5170 2512 5239 Quod
2541 5169 2719 5225 Punici
2749 5168 2948 5230 dicunt,
2972 5166 3068 5230 iar,
3089 5181 3190 5217 non
3221 5163 3440 5232 lignum,
3466 5161 3560 5216 sed
3585 5176 3753 5228 quau-

2179 5262 2250 5317 do
2277 5262 2554 5323 dubitant;
2586 5259 2685 5312 hoc
2715 5256 2906 5320 Grzcci,
2937 5261 3030 5324 ἄρα
3056 5273 3068 5307 :
3095 5255 3193 5308 hoc
3220 5253 3388 5308 Latini
3418 5261 3642 5319 possunt
3672 5249 3754 5303 vel

2180 5357 2354 5412 Solznt
2374 5356 2569 5420 dicere,
2602 5354 2778 5415 Putas,
2811 5366 2928 5404 cum
2961 5349 3028 5402 ita
3058 5349 3376 5415 loquuntur:
3406 5345 3585 5403 le‘utas,
3611 5341 3755 5395 evasi

2182 5447 2282 5501 hoc
2303 5447 2325 5501 ?
2349 5447 2402 5500 Si
2431 5461 2558 5516 ergo
2581 5445 2803 5502 dicatur,
2829 5439 3069 5494 Forsitan
3101 5437 3263 5502 evasi,
3289 5425 3476 5488 videtis
3502 5435 3626 5502 quia
3651 5448 3758 5484 non

2183 5538 2283 5591 hoc
2311 5546 2464 5588 sonat
2496 5552 2508 5587 :
2542 5535 2632 5587 sed
2664 5532 2801 5602 quod
2830 5531 2957 5590 dixi,
2989 5529 3166 5587 Putas,
3199 5529 3388 5580 usitate
3419 5525 3650 5582 dicitur;
3685 5523 3757 5573 la-

2183 5628 2289 5682 tine
2318 5641 2422 5680 non
2450 5626 2517 5679 ita
2543 5623 2755 5679 dicitur.
2787 5621 2852 5677 Et
2883 5621 3026 5691 potui
3060 5618 3183 5673 illud
3211 5618 3408 5680 dicet",
3438 5631 3560 5669 cum
3591 5625 3760 5666 tracti:
