3984 6200
302 219 438 274 1635

298 333 486 392 vobis;
514 344 654 397 saepe
679 331 817 384 enim
846 341 895 384 ct
921 329 1077 383 verba
1105 343 1206 381 non
1239 330 1395 383 latina
1417 331 1554 395 dico,
1583 341 1637 384 ut
1664 346 1756 385 vos
1782 333 1853 388 ἱιιε-

296 420 562 489 telligatis.
583 418 638 474 In
657 415 922 488 Scriptura
942 429 1115 473 autem
1135 434 1236 472 non
1257 420 1421 488 potuit
1439 420 1538 474 hoc
1555 421 1696 488 poni,
1714 421 1854 490 quod

295 511 514 563 latinum
560 525 660 563 non
689 521 865 576 esset;
895 519 947 563 et
989 509 1263 563 deficiente
1308 510 1562 564 latinitate
1584 550 1599 573 ,
1631 512 1854 578 positum

293 610 378 654 est
399 617 595 671 proeo,
613 601 751 668 quod
782 615 882 652 non
911 599 1010 652 hoc
1033 610 1263 653 Sonaret.
1284 600 1370 653 Sic
1394 611 1562 651 tamen
1587 600 1855 670 intelligite

292 696 397 748 dici
432 713 443 746 :
478 694 635 747 Putas
659 732 673 756 ,
703 693 990 756 pertransiit
1015 695 1182 744 anima
1211 702 1376 744 nostra
1399 708 1579 758 aquam
1604 692 1709 744 sine
1732 701 1850 743 sue-

291 785 477 837 stuntia
499 786 522 837 ?
551 783 616 836 Et
643 798 805 852 quare
832 782 1031 844 dicunt,
1057 782 1212 835 Putas
1233 781 1256 834 ?
1281 783 1410 846 Quia
1441 782 1740 850 magnitudo
1767 797 1856 851 pe-

293 876 444 929 riculi
474 876 554 928 vix
595 874 715 928 facit
739 874 989 928 credibile
1015 872 1154 942 quod
1181 872 1365 926 evasit.
1393 872 1629 942 Magnam
1671 889 1852 927 necem

291 967 641 1036 pertulerunt,
666 965 716 1018 in
741 964 943 1033 magnis
965 963 1353 1017 discriminibus
1382 963 1616 1026 fuerunt;
1639 964 1855 1016 omnino

290 1058 371 1112 sic
396 1058 560 1125 pressi
589 1067 728 1120 sunt,
753 1065 810 1110 ut
833 1070 964 1124 pene
992 1055 1092 1108 vivi
1120 1055 1497 1120 consentirent,
1522 1064 1577 1107 ιιι
1604 1069 1735 1122 pene
1753 1053 1852 1106 vivi

292 1146 703 1200 absorberentur
725 1161 737 1196 :
757 1145 862 1213 jam
893 1159 1020 1212 ergo
1047 1142 1347 1204 evadentes,
1375 1142 1482 1212 jam
1522 1143 1688 1196 securi
1712 1181 1730 1209 ,
1759 1141 1852 1195 sed

294 1236 461 1306 ipsius
503 1234 716 1304 periculi
770 1233 1180 1303 magnitudinem
1230 1232 1602 1298 recordantes,
1654 1233 1848 1294 Putas,

293 1329 586 1398 inquiunt,
630 1327 917 1395 pertransiit
951 1328 1120 1380 anima
1158 1335 1326 1379 nostra
1370 1340 1548 1394 aquam
1586 1325 1694 1378 sine
1732 1324 1851 1378 sub-

293 1422 478 1474 stantia
498 1420 523 1473 ?

369 1512 423 1566 9.
453 1512 582 1579 Quae
607 1518 688 1566 est
709 1523 840 1580 aqua
867 1509 981 1565 sine
1016 1509 1302 1563 substantia
1329 1550 1344 1572 ,
1376 1509 1473 1561 nisi
1501 1523 1631 1576 aqua
1663 1522 1851 1576 pecca-

298 1610 470 1654 torum
499 1601 610 1654 sine
635 1598 956 1653 substantia?
977 1598 1191 1651 Pcccata
1215 1597 1353 1650 enim
1385 1613 1484 1649 non
1518 1596 1710 1650 habent
1729 1596 1854 1650 sub-

297 1693 542 1746 stantiam
575 1709 588 1742 :
621 1689 848 1758 inopiam
878 1688 1090 1749 habent,
1115 1704 1217 1742 non
1248 1687 1629 1751 substantiam;
1660 1694 1856 1755 egesta-

300 1792 408 1835 tem
433 1780 659 1843 habent,
704 1795 805 1832 non
832 1778 1198 1832 substantiam.
1228 1777 1280 1830 In
1309 1781 1402 1831 ista
1431 1792 1562 1845 aqua
1589 1777 1703 1830 sine
1727 1776 1852 1830 sub-

299 1871 490 1924 stantia
514 1911 528 1935 ,
559 1868 783 1938 perdidit
824 1868 911 1922 ille
948 1869 1119 1922 minor
1162 1868 1296 1921 filius
1324 1877 1482 1921 totam
1508 1867 1853 1921 substantiam

299 1978 470 2015 suam.
500 1960 676 2014 Nostis
703 1960 841 2014 enim
868 1959 986 2026 quia
1011 1959 1182 2012 minor
1208 1959 1345 2012 filius
1369 1959 1726 2027 peregrinatus
1749 1967 1851 2024 est,

299 2062 352 2106 et
365 2051 496 2104 dixit
517 2051 647 2118 patri
665 2066 678 2102 :
700 2049 780 2102 Da
795 2050 917 2102 mihi
931 2050 1202 2118 portionem
1223 2047 1506 2101 substantia:
1523 2064 1632 2116 qum
1649 2064 1724 2101 me
1743 2064 1855 2101 con-

299 2143 462 2212 tingit.
495 2140 629 2207 Quid
677 2141 765 2194 tibi
796 2138 916 2192 vis?
958 2138 1142 2193 Melius
1171 2139 1307 2206 apud
1351 2148 1548 2207 patrem
1577 2146 1849 2202 servatur;

301 2243 388 2286 tua
427 2242 510 2286 est
540 2250 552 2284 :
584 2231 869 2300 dilapidare
895 2231 1031 2283 illam
1074 2230 1187 2293 vis;
1220 2230 1477 2299 proficisci
1521 2231 1599 2284 vis
1628 2230 1848 2299 longius.

301 2323 383 2377 Da
411 2323 570 2387 mihi;
596 2322 686 2376 sed
727 2322 792 2374 da
820 2323 958 2373 mihi.
992 2321 1142 2375 Dedit
1183 2321 1276 2374 illi.
1307 2321 1576 2375 Profectus
1601 2322 1649 2375 in
1680 2322 1850 2390 regio-

299 2430 422 2468 nem
464 2414 794 2483 longinquam
823 2413 1004 2466 viVens
1045 2412 1259 2482 prodige
1297 2428 1415 2466 cum
1450 2413 1848 2479 meretricibus,

301 2505 526 2574 perdidit
552 2513 711 2557 totam
740 2502 1086 2556 substantiam
1121 2519 1132 2554 :
1163 2516 1323 2570 egens
1351 2502 1638 2566 remansit,
1667 2517 1851 2570 porcos

300 2596 442 2662 pavit
465 2609 480 2657 ;
513 2594 563 2647 in
589 2602 820 2663 egestate
845 2607 935 2645 sua
964 2591 1124 2660 patris
1145 2590 1353 2644 divitias
1378 2591 1677 2644 recordatur
1699 2589 1847 2660 (an.

297 2700 363 2738 xv
386 2725 403 2750 ,
437 2683 638 2752 12-17).
670 2682 773 2736 Nisi
805 2698 923 2736 eum
967 2691 1169 2750 egestas
1201 2682 1456 2749 pulsasset
1480 2722 1495 2744 ,
1523 2681 1664 2734 illam
1689 2681 1848 2736 satie-

299 2785 456 2829 tatem
489 2789 595 2827 non
622 2772 956 2827 desideraret.
990 2771 1333 2826 Considerent
1361 2785 1487 2839 ergo
1517 2785 1698 2824 ninnes
1730 2787 1851 2838 pec-

298 2876 410 2919 cata
437 2880 552 2929 sua,
577 2865 785 2918 videant
812 2863 856 2917 si
888 2863 1081 2916 habent
1104 2861 1444 2915 substantiam
1473 2861 1583 2930 ipsa
1614 2872 1844 2930 peccata.

299 2957 520 3026 Propter
546 2954 669 3024 quid
696 2955 921 3008 irritavit
949 2953 1109 3006 Deum
1136 2961 1376 3021 peccator
1398 2950 1564 3020 (Paul.
1592 2967 1644 3005 tx
1668 2992 1682 3016 ,
1715 2952 1801 3020 15)
1825 2951 1848 3003 ?

296 3048 348 3104 Si
376 3065 482 3102 non
501 3047 646 3102 vides
672 3056 938 3116 peccatum
967 3056 1109 3098 tutun
1135 3054 1411 3114 antequam
1439 3043 1619 3110 facias,
1641 3043 1724 3098 vel
1739 3043 1846 3111 jam

295 3155 413 3192 cum
443 3137 609 3192 fecisti
650 3137 940 3191 considera.
972 3134 1202 3190 Dulcedo
1229 3133 1381 3203 hujus
1406 3134 1582 3187 saeculi
1606 3133 1672 3187 ad
1713 3144 1846 3188 tem-

297 3246 392 3300 pus
421 3232 596 3283 fauces
621 3229 880 3291 indulcat;
900 3228 949 3281 in
977 3241 1213 3296 magnam
1238 3225 1638 3278 amaritudinem
1667 3232 1846 3292 postea

297 3330 645 3377 convertetur.
676 3321 810 3374 Ecce
853 3319 1113 3388 peccasti,
1147 3328 1199 3371 et
1237 3317 1436 3370 lucrum
1480 3315 1645 3369 fecisti
1677 3331 1692 3368 :
1723 3315 1846 3385 quid

296 3423 376 3468 est
399 3455 413 3476 ,
443 3411 581 3481 quod
611 3409 778 3465 fecisti
806 3410 1002 3464 lucrum
1024 3406 1139 3488 ?_Ut
1166 3407 1367 3461 lucrum
1410 3405 1612 3460 faceres
1633 3443 1650 3470 ,
1684 3405 1846 3458 Deum

295 3504 556 3560 offendisti
581 3545 595 3568 ,
625 3514 681 3556 ut
702 3516 919 3572 augeres
942 3499 1210 3569 pecuniam
1236 3539 1250 3562 ,
1280 3497 1409 3552 fides
1433 3497 1700 3551 deminuta
1727 3505 1807 3550 est
1829 3536 1844 3560 ,

295 3605 348 3650 et
387 3609 574 3649 aurum
599 3594 784 3648 crevit.
807 3590 939 3657 Quid
966 3589 1278 3659 perdidisti,
1310 3598 1363 3641 et
1389 3587 1512 3657 quid
1541 3587 1847 3657 acquisisti?

295 3685 444 3751 Quod
472 3683 760 3754 acquisisti,
781 3696 966 3735 aurum
995 3688 1227 3740 vocatur,
1247 3678 1387 3747 quod
1407 3677 1697 3745 perdidisti,
1720 3676 1848 3729 fides

294 3787 546 3831 vocatur:
571 3788 815 3842 compara
841 3773 992 3826 fidem
1014 3786 1171 3835 auro;
1189 3772 1233 3823 si
1261 3770 1460 3824 venalis
1485 3779 1624 3822 esset
1649 3770 1700 3821 in
1718 3784 1850 3838 nun-

290 3867 432 3923 dinis
455 3865 604 3928 fides,
629 3864 840 3918 haberet
871 3863 1090 3930 pretium
1113 3860 1137 3914 ?
1165 3859 1329 3914 Lucra
1355 3869 1442 3914 tua
1464 3859 1681 3928 cogitas,
1704 3857 1850 3912 dam-

293 3971 360 4011 na
384 3965 470 4010 tua
488 3970 592 4009 non
611 3953 840 4024 cogitas?
861 3954 930 4006 De
950 3966 1068 4006 arca
1091 3951 1305 4021 gaudes,
1324 3948 1390 4003 de
1407 3949 1565 4003 corde
1590 3964 1693 4002 non
1712 3948 1850 4016 plan-

289 4045 418 4117 gis?
445 4043 689 4099 Abundat
714 4041 890 4098 nescio
918 4040 1042 4112 quid
1085 4041 1136 4094 in
1162 4055 1282 4094 arca
1310 4049 1394 4092 tua
1419 4055 1434 4102 ;
1462 4038 1553 4093 sed
1583 4038 1698 4091 vide
1724 4037 1849 4107 quid

288 4137 627 4193 imminutum
655 4136 724 4189 sit
751 4134 802 4188 in
832 4133 991 4187 corde
1018 4143 1123 4186 tuo.
1165 4131 1296 4185 Cum
1323 4129 1594 4199 aperueris
1631 4143 1805 4182 arcam
1830 4169 1846 4193 ,

287 4230 536 4286 invenies
561 4227 757 4282 solidos
803 4225 891 4294 qui
923 4239 1023 4278 non
1071 4233 1224 4277 erant
1253 4239 1266 4274 :
1299 4221 1434 4275 bene
1457 4259 1474 4284 ,
1506 4221 1628 4290 qpia
1655 4219 1850 4290 gaudes

286 4336 416 4379 esse
443 4320 512 4374 ibi
528 4318 666 4390 quod
692 4317 762 4372 ibi
791 4331 893 4371 non
921 4324 1053 4370 erat.
1074 4313 1298 4368 Attende
1324 4327 1496 4366 arcam
1512 4311 1715 4375 cordis;
1739 4319 1852 4365 erat

287 4413 362 4467 ibi
397 4409 524 4464 fides
547 4450 563 4473 ,
595 4418 648 4462 et
684 4422 786 4461 non
827 4415 924 4460 est.
955 4403 1008 4458 Si
1035 4403 1133 4457 hac
1174 4401 1370 4473 gaudes
1391 4442 1408 4468 ,
1439 4417 1598 4471 quare
1625 4400 1721 4454 hac
1747 4415 1850 4453 non

285 4500 540 4572 plangis?
570 4497 692 4552 Plus
735 4495 1004 4566 perdidisti
1030 4509 1184 4562 quam
1227 4493 1513 4561 acquisisti.
1558 4489 1650 4544 Vis
1677 4489 1852 4544 videre

287 4591 418 4660 quid
439 4587 761 4659 perdideris?
779 4585 886 4640 Nec
910 4583 1177 4652 naufragio
1196 4582 1284 4636 tibi
1303 4591 1478 4650 posset
1497 4579 1706 4633 auferri.
1724 4579 1853 4632 Nam

288 4678 580 4749 aliquando
611 4675 834 4746 perdunt
860 4675 1035 4729 omnia
1063 4673 1112 4726 in
1137 4672 1288 4736 mari,
1317 4671 1444 4725 nudi
1475 4677 1684 4724 exeunt.
1710 4670 1852 4724 Multi

290 4770 738 4839 naufragaverunt
765 4781 883 4820 cum
908 4763 1068 4818 Paulo
1097 4764 1228 4833 (Act.
1264 4777 1419 4824 xxvn,
1443 4759 1529 4827 Μ)
1558 4776 1570 4810 :
1593 4769 1854 4813 amatores

289 4860 453 4927 hujus
477 4857 653 4912 saeculi
697 4856 834 4926 passi
861 4864 985 4908 sunt
1030 4851 1351 4920 naufragium
1376 4892 1392 4915 ,
1422 4859 1475 4902 ct
1502 4849 1626 4903 nudi
1669 4862 1854 4902 onmes

289 4952 569 5012 exierunt;
593 4947 668 5001 illi
693 4954 748 5000 et
767 4944 905 5015 quod
936 4943 1062 4997 foris
1088 4941 1348 4995 habebant
1373 4942 1682 5002 amiserunt,
1701 4946 1754 4991 et
1769 4936 1856 4990 do-

290 5057 440 5096 mum
471 5037 648 5093 cordis
672 5037 750 5090 sui
783 5037 1094 5088 invenerunt
1118 5032 1324 5084 inanem
1353 5027 1578 5083 :Paulus
1605 5035 1779 5079 autem
1804 5027 1856 5078 in

290 5129 457 5186 corde
487 5127 687 5182 ferebat
706 5122 1074 5195 patrimonium
1102 5119 1220 5173 fidei
1250 5133 1388 5181 suae;
1416 5117 1569 5170 nullis
1593 5116 1852 5180 fluctibus,

295 5223 460 5278 nullis
488 5218 885 5287 tempestatibus
910 5213 1076 5283 potuit
1104 5209 1332 5274 auferri;
1358 5208 1528 5262 nudus
1553 5208 1700 5272 exiit,
1717 5217 1769 5261 et
1787 5206 1859 5260 di-

295 5327 394 5366 ves
417 5309 565 5365 exiit.
583 5307 736 5360 Tales
749 5304 957 5358 divitias
976 5315 1210 5370 quazrere
1227 5297 1497 5352 debemus.
1519 5295 1621 5351 Sed
1646 5310 1750 5350 non
1769 5309 1860 5349 eas

298 5403 479 5463 video,
511 5400 640 5453 dicis
667 5397 817 5451 mihi.
850 5392 1022 5449 Stulta
1050 5392 1244 5454 anima,
1275 5405 1379 5444 non
1408 5403 1498 5442 eas
1522 5387 1668 5441 vides
1694 5386 1860 5440 oculis

298 5495 481 5550 carnis
507 5501 608 5544 tua:
631 5505 646 5552 ;
677 5486 868 5541 habeto
893 5483 1103 5538 oculum
1127 5480 1301 5536 cordis
1323 5526 1338 5544 ,
1371 5488 1424 5532 ct
1448 5477 1592 5530 vides
1618 5491 1726 5531 eas.
1757 5474 1860 5529 Sed

303 5600 408 5638 non
436 5581 577 5634 vides
604 5577 781 5631 fidem.
806 5575 980 5642 Quare
1021 5572 1160 5626 illam
1203 5569 1348 5622 vides
1377 5569 1427 5621 in
1458 5566 1663 5620 altero?
1691 5565 1863 5634 Quare

302 5675 504 5728 clamas
528 5667 739 5739 quando
765 5667 853 5720 tibi
883 5664 1153 5732 frangitur,
1173 5663 1214 5714 si
1241 5675 1344 5714 non
1370 5674 1484 5712 eam
1513 5656 1688 5711 vides?
1707 5653 1861 5708 Fran-

1354 215 1741 272 ENAIKRATIO
1778 215 1840 271 IN
1883 217 2196 274 PSALMUM
2235 219 2460 275 CXXIII.

2157 231 2195 306 it
2235 231 2460 275 uuln.
3379 231 3513 286 1646

1965 343 2048 402 gat
2074 332 2163 386 tibi
2190 333 2375 402 aliquis
2404 333 2590 398 fidem;
2623 336 2835 390 clamas.
2866 337 2953 392 Vis
2983 354 3106 409 ergo
3137 341 3228 395 tibi
3255 343 3511 410 exhiberi,

1963 433 2016 476 et
2036 433 2158 477 tunc
2187 423 2360 483 vides;
2384 439 2502 476 cum
2531 426 2742 493 petitur,
2770 438 2826 479 ut
2856 429 3121 494 exhibeas,
3154 442 3278 484 tunc
3305 449 3407 488 non
3436 449 3512 485 vt-

1959 510 2094 565 des?
2135 510 2281 576 Quod
2307 513 2500 564 clamas
2523 513 2681 566 alium
2709 531 2810 568 non
2841 517 3034 572 habere
3061 535 3180 589 erga
3207 531 3257 573 te
3278 561 3293 585 ,
3328 522 3513 591 plunge

1961 610 2011 653 te
2038 618 2138 654 non
2169 601 2363 655 habere
2383 618 2502 672 erga
2526 604 2705 656 alium.
2729 605 2792 658 Et
2811 606 2926 660 vide
2942 611 3060 675 quia
3089 621 3356 677 peccatum
3373 617 3511 682 quod

1959 690 2106 757 facis,
2124 694 2238 747 sine
2255 693 2542 746 substantia
2561 704 2660 747 est.
2681 697 2829 762 Quod
2847 698 2983 750 enim
3010 701 3297 769 acquiritur
3317 703 3381 755 de
3404 720 3512 772 pec-

1956 789 2094 843 cato,
2116 782 2322 868 videtur
2348 797 2465 836 esse
2493 784 2805 839 substantia.
2835 784 2938 841 Sed
2963 799 3016 842 et
3044 790 3139 843 hoc
3167 807 3269 846 non
3294 796 3510 862 acquiri-

1959 881 2061 925 tur.
2089 870 2178 925 Ille
2200 872 2340 926 enim
2367 872 2523 927 habet
2546 889 2751 938 aurum,
2771 877 2857 944 qui
2886 879 3029 931 novit
3051 881 3121 932 ιιιί
3149 885 3521 952 aurozquiau-

1958 971 2062 1016 teut
2091 979 2220 1017 auro
2247 965 2320 1017 uti
2349 981 2452 1018 non
2482 967 2660 1031 novit,
2692 967 2911 1021 habetur
2933 1009 2947 1032 ,
2977 985 3078 1023 non
3122 973 3308 1035 habet;
3342 978 3508 1042 possi-

1955 1054 2126 1119 detur,
2161 1072 2262 1110 non
2290 1056 2544 1125 possidet.
2577 1057 2756 1112 Estote
2785 1059 2983 1113 domini
3009 1064 3140 1122 auri.
3163 1074 3215 1117 et
3243 1080 3344 1116 non
3373 1068 3507 1120 servi

1955 1145 2064 1198 auri
2097 1163 2112 1198 :
2142 1145 2262 1214 quia
2292 1153 2347 1199 et
2388 1161 2570 1200 aurum
2602 1148 2736 1202 Deus
2780 1149 2904 1203 fecit
2926 1192 2938 1208 .
2971 1163 3022 1204 et
3064 1163 3112 1204 te
3141 1169 3298 1222 super
3326 1171 3508 1208 aurum

1955 1236 2067 1303 ipse
2095 1235 2252 1301 fecit;
2284 1250 2468 1289 aurum
2497 1236 2616 1291 fetit
2655 1239 2720 1292 ad
2749 1239 3036 1293 subsidium
3064 1254 3204 1296 tuum
3231 1284 3244 1308 ,
3287 1256 3340 1298 et
3370 1257 3419 1298 te
3445 1246 3509 1300 ad

1955 1323 2230 1393 imaginem
2257 1339 2425 1378 suam.
2454 1325 2583 1380 Vide
2609 1327 2750 1396 quod
2777 1344 2933 1397 supra
2961 1340 3011 1384 te
3051 1341 3131 1384 est
3153 1372 3167 1395 ,
3195 1340 3250 1386 et
3288 1334 3458 1388 calcas
3490 1337 3508 1366 ι

1955 1415 2092 1483 quod
2111 1413 2240 1468 infra
2265 1425 2314 1470 te
2327 1425 2424 1470 est.
2445 1416 2578 1484 Quid
2597 1434 2722 1487 ergo
2738 1421 3040 1489 acquisisti?
3059 1422 3145 1476 Vis
3160 1424 3338 1478 videre
3354 1441 3508 1494 quam

1956 1524 2086 1577 aqua
2113 1510 2226 1564 sine
2250 1509 2537 1565 substantia
2564 1512 2663 1565 sit?
2685 1512 2831 1568 Tolle
2861 1525 3029 1569 tecum
3052 1517 3116 1569 ad
3149 1516 3344 1572 inferos
3369 1520 3509 1588 quod

1955 1601 2219 1668 acquisisti
2250 1616 2265 1652 :
2298 1601 2422 1671 quid
2450 1602 2679 1658 facturus
2707 1606 2807 1658 es?
2833 1607 3113 1675 Acquisisti
3142 1623 3325 1662 aurum
3352 1652 3365 1673 ,
3398 1626 3510 1681 per-

1953 1686 2129 1741 didisti
2158 1689 2309 1742 fidem
2343 1707 2358 1743 :
2392 1701 2508 1760 post
2533 1707 2724 1760 paucos
2747 1694 2858 1748 dies
2885 1695 2998 1750 exis
3027 1696 3091 1750 de
3117 1695 3216 1752 hac
3242 1699 3344 1752 vita
3369 1741 3384 1765 ,
3413 1717 3508 1755 auo

1956 1793 2069 1830 rum
2095 1779 2232 1848 quod
2257 1781 2524 1850 acquisisti
2551 1785 2750 1851 perdita
2793 1784 2896 1838 fide
2921 1827 2936 1851 ,
2967 1785 3174 1841 auferre
3203 1797 3370 1843 tecum
3403 1808 3508 1845 non

1958 1881 2123 1939 potes;
2146 1886 2239 1926 cor
2270 1884 2413 1926 tuum
2441 1874 2594 1929 inane
2622 1875 2760 1942 fidei,
2787 1876 2850 1930 ad
2883 1891 3065 1946 punias
3092 1879 3216 1944 exit,
3251 1882 3388 1949 quod
3411 1884 3510 1951 ple-

1956 1976 2078 2013 num
2098 1960 2199 2016 fide
2215 1962 2276 2016 ad
2294 1979 2540 2018 coronam
2556 1967 2744 2020 exiret.
2763 1966 2899 2021 Ecce
2924 1968 3048 2022 nihil
3067 1979 3149 2024 est
3165 1973 3301 2040 quod
3322 1973 3508 2040 fecisti,

1954 2061 2007 2105 et
2030 2063 2243 2122 propter
2270 2054 2398 2109 nihil
2425 2057 2586 2110 Deum
2608 2057 2890 2113 offendisti.
2916 2062 3062 2130 Aqua
3087 2063 3202 2116 sine
3225 2065 3509 2120 substantia

1953 2152 2036 2196 est
2061 2159 2174 2212 quae
2196 2154 2248 2199 te
2267 2144 2538 2200 demersit.
2570 2147 2789 2216 Propter
2812 2150 2936 2218 quid
2958 2151 3180 2206 irritavit
3207 2153 3368 2208 Deum
3399 2171 3494 2224 pec

1952 2235 2129 2287 calor?
2148 2234 2541 2289 Confundantur
2560 2236 2737 2306 inique
2767 2238 3017 2296 facientes
3034 2257 3164 2296 vane
3180 2242 3346 2313 (Paul.
3368 2261 3506 2308 xxiv,

1952 2323 2028 2392 4).
2047 2323 2208 2378 Nemo
2225 2325 2361 2378 enim
2379 2341 2484 2379 non
2503 2327 2724 2380 inaniter
2739 2327 2914 2398 inique
2935 2327 3084 2394 facit;
3108 2331 3199 2385 sed
3220 2347 3374 2386 nemo
3389 2347 3508 2387 con-

1953 2414 2165 2468 siderat.

2025 2504 2110 2560 iO.
2142 2506 2278 2560 Eunt
2302 2506 2540 2560 homines
2560 2548 2575 2572 ,
2603 2499 2842 2560 audiunt
2863 2509 3194 2576 proverbium
3229 2510 3355 2565 illud
3389 2513 3507 2569 vul-

1951 2611 2103 2665 gare;
2131 2606 2184 2650 et
2219 2597 2494 2664 proverbia
2527 2594 2617 2650 Dei
2643 2596 2927 2651 dormitant
2953 2597 3006 2652 in
3035 2599 3114 2654 eis
3132 2601 3174 2652 ’.
3201 2599 3351 2668 Quod
3380 2617 3506 2672 pro-

1953 2687 2222 2741 verbium?
2247 2687 2382 2741 Malo
2403 2687 2543 2756 quod
2570 2697 2745 2752 teneo,
2771 2704 2924 2758 quam
2947 2689 3087 2758 quod
3113 2705 3287 2760 spero.
3310 2692 3354 2748 Ο
3377 2693 3509 2748 infe-

1953 2778 2056 2841 lix,
2089 2777 2210 2846 quid
2253 2779 2435 2832 tenes?
2474 2777 2611 2831 Ecce
2645 2777 2775 2833 dicis
2796 2820 2810 2842 ,
2842 2779 2976 2833 Malo
3004 2779 3142 2848 quod
3171 2791 3357 2848 teneo;
3390 2795 3508 2839 tene

1950 2868 2030 2922 sic
2056 2878 2108 2920 ut
2135 2882 2239 2922 non
2264 2869 2490 2932 amittas,
2517 2877 2571 2922 et
2597 2869 2698 2932 dic,
2727 2869 2861 2923 Malo
2885 2869 3020 2939 quod
3049 2884 3220 2927 teneo.
3249 2873 3302 2929 Si
3332 2886 3507 2929 autem

1951 2972 2055 3011 non
2085 2969 2250 3022 tenes,
2275 2974 2434 3027 quare
2460 2973 2563 3012 non
2587 2958 2710 3014 illud
2734 2969 2880 3015 tenes
2901 2961 3036 3030 quod
3063 2978 3165 3017 non
3189 2976 3338 3034 potes
3363 2969 3508 3020 amit-

1952 3051 2096 3104 tere?
2120 3049 2252 3116 Quid
2283 3064 2409 3120 ergo
2436 3051 2617 3104 tenes?
2645 3055 2860 3105 Aurum.
2891 3052 3035 3107 Tene
3065 3069 3220 3124 ergo;
3253 3056 3295 3108 si
3323 3064 3468 3111 tenes
3487 3099 3502 3121 ,

1953 3154 2053 3192 non
2081 3139 2168 3192 tibi
2199 3139 2462 3193 auferatur
2489 3140 2668 3194 invito.
2699 3140 2751 3194 Si
2781 3151 2953 3194 autem
2982 3152 3034 3196 et
3062 3159 3152 3210 per
3177 3160 3358 3198 aurqu
3397 3156 3504 3198 tra-

1951 3227 2093 3281 heris
2113 3242 2216 3296 quo
2238 3243 2338 3280 non
2364 3228 2457 3292 vis,
2479 3239 2533 3282 et
2561 3228 2676 3282 ideo
2699 3239 2749 3282 te
2769 3230 2954 3298 quierit
2977 3233 3144 3300 major
3169 3243 3361 3301 raptor,
3384 3237 3504 3304 quia

1951 3321 2149 3372 invenit
2195 3321 2450 3373 minorem
2500 3330 2802 3389 raptorem;
2851 3321 2968 3375 ideo
3013 3331 3064 3376 te
3106 3324 3295 3392 quaerit.
3341 3325 3508 3393 major

1951 3412 2141 3480 aquila,
2167 3411 2285 3480 quia
2312 3411 2456 3481 prior
2479 3411 2660 3479 cepisti
2687 3412 2916 3481 leporem
2943 3430 2956 3466 :
2981 3415 3152 3481 prarda
3177 3415 3266 3468 tibi
3294 3415 3388 3468 fuit
3413 3420 3509 3468 mi-

1951 3515 2080 3561 nor,
2115 3499 2286 3567 praeda
2317 3500 2424 3553 eris
2457 3500 2661 3566 majori.
2694 3499 2812 3554 H.rc
2847 3518 2948 3554 non
2985 3504 3160 3555 vident
3191 3505 3428 3558 homines
3455 3506 3505 3558 in

1952 3591 2108 3642 rebus
2149 3588 2423 3651 humanis;
2460 3596 2601 3642 tanta
2639 3589 2922 3659 cupiditate
2957 3605 3236 3646 cmcantur.
3266 3594 3392 3646 Mira
3421 3611 3507 3647 res

1951 3691 2062 3737 est.
2094 3679 2307 3739 fratres;
2338 3679 2552 3732 horrent
2588 3679 2675 3747 qui
2716 3679 3067 3733 considerant.
3102 3682 3300 3747 QUiBI‘Il
3325 3695 3508 3752 poten-

1952 3772 2054 3822 tior
2091 3768 2428 3823 infirmiorem
2452 3811 2467 3833 ,
2499 3778 2548 3823 et
2578 3769 2764 3839 quaerit
2793 3785 2910 3823 eum
2939 3771 3265 3838 Opprimere,
3298 3788 3402 3826 non
3437 3776 3505 3828 ob

1951 3859 2123 3926 aliud,
2156 3860 2252 3913 nisi
2280 3861 2399 3928 quia
2437 3859 2759 3930 habet-quod
2799 3861 2870 3913 illi
2907 3859 3110 3915 adferat
3139 3880 3151 3915 :
3186 3862 3323 3916 videt
3360 3863 3504 3919 illum

1953 3951 2057 4019 pati
2085 3950 2181 4004 sub
2209 3965 2268 4004 se
2295 3950 2712 4016 tribulationem,
2741 3967 2842 4003 non
2870 3951 2938 4004 ob
2965 3950 3105 4004 aliud
3125 3993 3139 4014 ,
3168 3953 3265 4006 nisi
3296 3965 3507 4022 propter

1952 4040 2090 4108 quod
2129 4039 2316 4103 habet;
2354 4048 2409 4094 et
2447 4041 2546 4094 hoc
2585 4041 2731 4108 ipse,
2768 4052 2982 4110 propter
3016 4043 3154 4110 qttod
3194 4043 3276 4096 ille
3315 4046 3510 4112 patitur

1955 4135 2361 4194 tribulationem,
2391 4131 2458 4185 ad
2487 4148 2543 4186 se
2571 4133 2823 4202 congerit.
2852 4131 2962 4185 Non
2993 4133 3314 4200 attendebat,
3341 4151 3504 4204 quan-

1953 4226 2021 4278 do
2049 4225 2192 4278 illum
2222 4224 2664 4294 persequebatur;
2699 4223 2782 4278 ille
2823 4223 3074 4292 fugiebat,
3107 4227 3193 4280 ille
3227 4229 3506 4296 torqueba—

1953 4311 2068 4383 tur,
2097 4317 2187 4371 ille
2222 4316 2472 4380 timebat,
2506 4315 2592 4369 ille
2617 4315 2702 4369 ubi
2732 4329 2790 4368 se
2824 4316 3168 4370 absconderet
3198 4319 3459 4384 quaerebat
3491 4337 3506 4374 :

1955 4409 2093 4464 unde
2129 4416 2397 4479 pateretur
2431 4408 2526 4460 ista
2563 4406 2730 4471 mala,
2760 4407 2856 4460 nisi
2894 4408 3013 4477 quia
3055 4407 3308 4463 habebat?
3336 4408 3428 4464 Vel
3456 4410 3508 4464 in

1956 4499 2045 4552 illo
2071 4497 2212 4552 disce
2241 4495 2363 4566 quid
2393 4494 2558 4564 fugias
2590 4511 2604 4548 :
2632 4495 2750 4564 quia
2782 4510 2866 4554 res
2893 4512 3008 4564 qua:
3035 4496 3181 4548 illum
3216 4498 3507 4566 torquebat,

1957 4598 2008 4642 te
2033 4597 2399 4658 persequente,
2423 4602 2488 4640 ne
2510 4588 2803 4640 auferretur
2824 4601 2852 4638 a
2880 4595 2949 4647 te,
2974 4596 3025 4640 et
3047 4596 3095 4641 te
3118 4588 3194 4642 sic
3223 4587 3380 4643 habet
3405 4599 3512 4642 tor-

1955 4695 2118 4749 quere
2145 4680 2249 4732 alio
2277 4684 2637 4747 persequente.
2667 4675 2906 4729 Attendis
2932 4677 3050 4745 quia
3084 4678 3288 4746 pinguis
3316 4689 3397 4732 est
3422 4696 3436 4733 :
3467 4679 3511 4734 si

1957 4781 2231 4841 prOpterea
2266 4769 2413 4824 illum
2450 4767 2675 4836 qumvis,
2707 4768 2825 4836 quia
2864 4768 3066 4836 pinguis
3093 4777 3207 4834 est;
3241 4771 3362 4823 time
3395 4772 3510 4836 pitt-

1956 4877 2227 4932 guescere,
2256 4876 2321 4914 ne
2344 4860 2479 4914 alter
2500 4868 2548 4911 te
2568 4849 2788 4927 quaerat.
2812 4859 2875 4911 Et
2899 4860 3072 4912 omnia
3100 4861 3321 4913 inaniter
3344 4862 3509 4915 fiunt:

1957 4970 2133 5025 qu:ere
2159 4954 2347 5018 finem;
2372 4950 2600 5006 tenebrae
2621 4960 2901 5003 occurrunt
2926 4969 2938 5003 :
2962 4966 3138 5020 qurere
3163 4967 3357 5019 quare;
3381 4953 3511 5005 nihil

1959 5044 2201 5099 occurrit.

2032 5136 2115 5189 Η.
2143 5130 2292 5205 [vet-3.
2320 5127 2397 5202 6.]
2424 5129 2558 5198 Ergo
2587 5128 2844 5182 exsultent
2867 5138 2920 5184 et
2949 5129 3188 5183 lzetentur
3215 5131 3264 5183 in
3298 5123 3530 5184 Demiano

1961 5226 2048 5297 qui
2073 5225 2284 5289 dicunt,
2315 5220 2610 5274 Pertramiit
2648 5220 2816 5272 anima
2852 5232 3020 5274 nostra
3048 5237 3227 5288 aquam
3255 5224 3360 5275 sine
3395 5224 3517 5275 sub-

1961 5315 2176 5380 stantia,
2206 5322 2260 5367 et
2300 5309 2553 5380 recipiant
2589 5309 2932 5364 substantiam
2969 5323 3137 5362 suam.
3176 5310 3520 5392 Perdiderunt

2026 5471 2044 5503 ι
2071 5477 2196 5526 (.01.,
2216 5464 2347 5516 calca
2371 5477 2387 5514 :
2415 5461 2811 5512 dissentientibus
2828 5459 2938 5509 add:
2965 5457 3072 5526 aliis
3098 5467 3148 5510 et
3164 5469 3268 5526 Mss.

2026 5535 2047 5564 ⁸
2070 5520 2259 5592 sic
2287 5536 2330 5592 et
2361 5533 2464 5574 MSS.
2489 5531 2544 5592 _At
2566 5531 2639 5592 Er.
2678 5530 2731 5592 et
2763 5528 2891 5592 tot,
2926 5520 3125 5592 audiunt
3156 5525 3347 5573 verbum
3375 5528 3457 5592 ne;
3480 5529 3525 5572 et

1965 5590 2214 5658 proverbia
2247 5586 2358 5644 Dei,
2379 5582 2910 5658 getottgrntitunt‘irt‘eis
2941 5595 2957 5658 .'
2992 5582 3190 5658 audiunt
3228 5585 3523 5658 proverbium

1971 5643 2090 5706 illud
2115 5651 2322 5715 vulgare,
2345 5643 2388 5698 et
2409 5645 2597 5709 vigilant
2616 5643 2663 5692 in
2687 5655 2758 5693 eo.
2779 5645 2906 5704 Qttod
2925 5643 3256 5708 proverbium?
3272 5647 3410 5710 ueto,
3430 5653 3523 5697 etc.
