  <div class='ocr_page' id='page_1' title='image "/cluster/home/n/w/nwhite01/storage/ocr_20150623/37/hvd.32044096580592/319.png"; bbox 0 0 4032 6202; ppageno 0'>
   <div class='ocr_carea' id='block_1_1' title="bbox 479 375 612 430">
    <p class='ocr_par' dir='ltr' id='par_1_1' title="bbox 479 375 612 430">
     <span class='ocr_line' id='line_1_1' title="bbox 479 375 612 430; baseline -0.023 0"><span class='ocrx_word' id='word_1_1' title='bbox 479 375 612 430; x_wconf 70' lang='lat' dir='ltr'><strong>liii?</strong></span> 
     </span>
    </p>
   </div>
   <div class='ocr_carea' id='block_1_2' title="bbox 475 466 2033 548">
    <p class='ocr_par' dir='ltr' id='par_1_2' title="bbox 475 466 2033 548">
     <span class='ocr_line' id='line_1_2' title="bbox 475 466 2033 548; baseline -0.017 -7"><span class='ocrx_word' id='word_1_2' title='bbox 475 488 617 541; x_wconf 81' lang='lat' dir='ltr'><strong>illam</strong></span> <span class='ocrx_word' id='word_1_3' title='bbox 655 480 887 537; x_wconf 86' lang='lat' dir='ltr'><strong>viventes</strong></span> <span class='ocrx_word' id='word_1_4' title='bbox 928 475 1170 548; x_wconf 81' lang='lat' dir='ltr'><strong>prodige;</strong></span> <span class='ocrx_word' id='word_1_5' title='bbox 1214 471 1305 527; x_wconf 84' lang='lat' dir='ltr'><strong>sed</strong></span> <span class='ocrx_word' id='word_1_6' title='bbox 1347 484 1469 525; x_wconf 87' lang='lat' dir='ltr'><strong>num</strong></span> <span class='ocrx_word' id='word_1_7' title='bbox 1513 483 1707 537; x_wconf 89' lang='lat' dir='ltr'><strong>panper</strong></span> <span class='ocrx_word' id='word_1_8' title='bbox 1750 466 1912 519; x_wconf 82' lang='lat' dir='ltr'><strong>factus</strong></span> <span class='ocrx_word' id='word_1_9' title='bbox 1952 472 2033 516; x_wconf 87' lang='lat' dir='ltr'><strong>est</strong></span> 
     </span>
    </p>
   </div>
   <div class='ocr_carea' id='block_1_3' title="bbox 476 554 2034 636">
    <p class='ocr_par' dir='ltr' id='par_1_3' title="bbox 476 554 2034 636">
     <span class='ocr_line' id='line_1_3' title="bbox 476 554 2034 636; baseline -0.016 -5"><span class='ocrx_word' id='word_1_10' title='bbox 476 575 669 631; x_wconf 76' lang='lat' dir='ltr'><strong>Pater?</strong></span> <span class='ocrx_word' id='word_1_11' title='bbox 699 573 951 636; x_wconf 78' lang='lat' dir='ltr'><strong>ltedeant,</strong></span> <span class='ocrx_word' id='word_1_12' title='bbox 977 577 1031 621; x_wconf 90' lang='lat' dir='ltr'><strong>et</strong></span> <span class='ocrx_word' id='word_1_13' title='bbox 1060 564 1324 619; x_wconf 89' lang='lat' dir='ltr'><strong>invenient</strong></span> <span class='ocrx_word' id='word_1_14' title='bbox 1355 562 1421 615; x_wconf 92' lang='lat' dir='ltr'><strong>ibi</strong></span> <span class='ocrx_word' id='word_1_15' title='bbox 1449 559 1656 614; x_wconf 76' lang='lat' dir='ltr'><strong>divitias</strong></span> <span class='ocrx_word' id='word_1_16' title='bbox 1680 571 1809 627; x_wconf 87' lang='lat' dir='ltr'><strong>quas</strong></span> <span class='ocrx_word' id='word_1_17' title='bbox 1840 556 1891 609; x_wconf 93' lang='lat' dir='ltr'><strong>in</strong></span> <span class='ocrx_word' id='word_1_18' title='bbox 1919 554 2034 608; x_wconf 83' lang='lat' dir='ltr'><strong>lon-</strong></span> 
     </span>
    </p>
   </div>
   <div class='ocr_carea' id='block_1_4' title="bbox 472 652 2033 738">
    <p class='ocr_par' dir='ltr' id='par_1_4' title="bbox 472 652 2033 738">
     <span class='ocr_line' id='line_1_4' title="bbox 472 652 2033 738; baseline -0.016 -15"><span class='ocrx_word' id='word_1_19' title='bbox 472 670 664 738; x_wconf 69' lang='lat' dir='ltr'><strong>ginqua</strong></span> <span class='ocrx_word' id='word_1_20' title='bbox 697 660 1110 733; x_wconf 82' lang='lat' dir='ltr'><strong>peregrinatione</strong></span> <span class='ocrx_word' id='word_1_21' title='bbox 1139 672 1259 712; x_wconf 90' lang='lat' dir='ltr'><strong>cum</strong></span> <span class='ocrx_word' id='word_1_22' title='bbox 1296 652 1657 708; x_wconf 78' lang='lat' dir='ltr'><strong>meretricibus</strong></span> <span class='ocrx_word' id='word_1_23' title='bbox 1689 663 2033 738; x_wconf 79' lang='lat' dir='ltr'><strong>consumpse-</strong></span> 
     </span>
    </p>
   </div>
   <div class='ocr_carea' id='block_1_5' title="bbox 479 737 2037 821">
    <p class='ocr_par' dir='ltr' id='par_1_5' title="bbox 479 737 2037 821">
     <span class='ocr_line' id='line_1_5' title="bbox 479 737 2037 821; baseline -0.015 -8"><span class='ocrx_word' id='word_1_24' title='bbox 479 737 630 820; x_wconf 82' lang='lat' dir='ltr'><strong>runt;</strong></span> <span class='ocrx_word' id='word_1_25' title='bbox 658 754 881 811; x_wconf 90' lang='lat' dir='ltr'><strong>evadant</strong></span> <span class='ocrx_word' id='word_1_26' title='bbox 906 767 1091 821; x_wconf 89' lang='lat' dir='ltr'><strong>aquam</strong></span> <span class='ocrx_word' id='word_1_27' title='bbox 1118 750 1234 803; x_wconf 87' lang='lat' dir='ltr'><strong>sine</strong></span> <span class='ocrx_word' id='word_1_28' title='bbox 1262 745 1552 800; x_wconf 74' lang='lat' dir='ltr'><strong>substantia</strong></span> <span class='ocrx_word' id='word_1_29' title='bbox 1571 785 1587 809; x_wconf 96' lang='lat'><strong>,</strong></span> <span class='ocrx_word' id='word_1_30' title='bbox 1618 750 1672 796; x_wconf 91' lang='lat' dir='ltr'><strong>et</strong></span> <span class='ocrx_word' id='word_1_31' title='bbox 1697 741 1873 795; x_wconf 78' lang='lat' dir='ltr'><strong>dicant</strong></span> <span class='ocrx_word' id='word_1_32' title='bbox 1901 758 1913 791; x_wconf 91' lang='lat'>:</span> <span class='ocrx_word' id='word_1_33' title='bbox 1944 737 2037 791; x_wconf 83' lang='lat' dir='ltr'><strong>Be-</strong></span> 
     </span>
    </p>
   </div>
   <div class='ocr_carea' id='block_1_6' title="bbox 477 832 2035 913">
    <p class='ocr_par' dir='ltr' id='par_1_6' title="bbox 477 832 2035 913">
     <span class='ocr_line' id='line_1_6' title="bbox 477 832 2035 913; baseline -0.012 -13"><span class='ocrx_word' id='word_1_34' title='bbox 477 849 698 902; x_wconf 83' lang='lat' dir='ltr'><strong>nedictus</strong></span> <span class='ocrx_word' id='word_1_35' title='bbox 741 844 1014 907; x_wconf 84' lang='lat' dir='ltr'><strong>Dominus,</strong></span> <span class='ocrx_word' id='word_1_36' title='bbox 1059 842 1148 913; x_wconf 87' lang='lat' dir='ltr'><strong>qui</strong></span> <span class='ocrx_word' id='word_1_37' title='bbox 1189 856 1289 893; x_wconf 91' lang='lat' dir='ltr'><strong>non</strong></span> <span class='ocrx_word' id='word_1_38' title='bbox 1333 838 1467 890; x_wconf 84' lang='lat' dir='ltr'><strong>dedit</strong></span> <span class='ocrx_word' id='word_1_39' title='bbox 1509 850 1597 888; x_wconf 85' lang='lat' dir='ltr'><strong>nos</strong></span> <span class='ocrx_word' id='word_1_40' title='bbox 1637 835 1689 887; x_wconf 88' lang='lat' dir='ltr'><strong>in</strong></span> <span class='ocrx_word' id='word_1_41' title='bbox 1733 832 2035 886; x_wconf 84' lang='lat' dir='ltr'><strong>venationem</strong></span> 
     </span>
    </p>
   </div>
   <div class='ocr_carea' id='block_1_7' title="bbox 475 929 2040 994">
    <p class='ocr_par' dir='ltr' id='par_1_7' title="bbox 475 929 2040 994">
     <span class='ocr_line' id='line_1_7' title="bbox 475 929 2040 994; baseline -0.012 -3"><span class='ocrx_word' id='word_1_42' title='bbox 475 936 699 990; x_wconf 77' lang='lat' dir='ltr'><strong>dentibus</strong></span> <span class='ocrx_word' id='word_1_43' title='bbox 721 952 910 990; x_wconf 86' lang='lat' dir='ltr'><strong>eorum.</strong></span> <span class='ocrx_word' id='word_1_44' title='bbox 940 932 1204 986; x_wconf 84' lang='lat' dir='ltr'><strong>Venantes</strong></span> <span class='ocrx_word' id='word_1_45' title='bbox 1224 929 1361 983; x_wconf 87' lang='lat' dir='ltr'><strong>enim</strong></span> <span class='ocrx_word' id='word_1_46' title='bbox 1389 936 1537 981; x_wconf 89' lang='lat' dir='ltr'><strong>erant</strong></span> <span class='ocrx_word' id='word_1_47' title='bbox 1564 932 1956 994; x_wconf 77' lang='lat' dir='ltr'><strong>persequentes,</strong></span> <span class='ocrx_word' id='word_1_48' title='bbox 1986 933 2040 974; x_wconf 83' lang='lat' dir='ltr'><strong>et</strong></span> 
     </span>
    </p>
   </div>
   <div class='ocr_carea' id='block_1_8' title="bbox 479 1012 2039 1095">
    <p class='ocr_par' dir='ltr' id='par_1_8' title="bbox 479 1012 2039 1095">
     <span class='ocr_line' id='line_1_8' title="bbox 479 1012 2039 1095; baseline -0.008 -18"><span class='ocrx_word' id='word_1_49' title='bbox 479 1036 759 1095; x_wconf 84' lang='lat' dir='ltr'><strong>posuerunt</strong></span> <span class='ocrx_word' id='word_1_50' title='bbox 791 1040 965 1080; x_wconf 86' lang='lat' dir='ltr'><strong>escam</strong></span> <span class='ocrx_word' id='word_1_51' title='bbox 995 1024 1046 1077; x_wconf 91' lang='lat' dir='ltr'><strong>in</strong></span> <span class='ocrx_word' id='word_1_52' title='bbox 1084 1019 1389 1088; x_wconf 81' lang='lat' dir='ltr'><strong>tnuscipnla.</strong></span> <span class='ocrx_word' id='word_1_53' title='bbox 1417 1017 1581 1085; x_wconf 83' lang='lat' dir='ltr'><strong>Quam</strong></span> <span class='ocrx_word' id='word_1_54' title='bbox 1612 1017 1821 1069; x_wconf 76' lang='lat' dir='ltr'><strong>escam?</strong></span> <span class='ocrx_word' id='word_1_55' title='bbox 1846 1012 2039 1067; x_wconf 82' lang='lat' dir='ltr'><strong>Dulce-</strong></span> 
     </span>
    </p>
   </div>
   <div class='ocr_carea' id='block_1_9' title="bbox 477 1103 2036 1182">
    <p class='ocr_par' dir='ltr' id='par_1_9' title="bbox 477 1103 2036 1182">
     <span class='ocr_line' id='line_1_9' title="bbox 477 1103 2036 1182; baseline -0.011 -13"><span class='ocrx_word' id='word_1_56' title='bbox 477 1117 653 1170; x_wconf 90' lang='lat' dir='ltr'><strong>dinem</strong></span> <span class='ocrx_word' id='word_1_57' title='bbox 680 1116 799 1169; x_wconf 74' lang='lat' dir='ltr'><strong>vita:</strong></span> <span class='ocrx_word' id='word_1_58' title='bbox 826 1114 999 1182; x_wconf 80' lang='lat' dir='ltr'><strong>hujus,</strong></span> <span class='ocrx_word' id='word_1_59' title='bbox 1026 1119 1082 1166; x_wconf 91' lang='lat' dir='ltr'><strong>nt</strong></span> <span class='ocrx_word' id='word_1_60' title='bbox 1102 1108 1455 1178; x_wconf 88' lang='lat' dir='ltr'><strong>unusquisque</strong></span> <span class='ocrx_word' id='word_1_61' title='bbox 1483 1114 1692 1175; x_wconf 80' lang='lat' dir='ltr'><strong>propter</strong></span> <span class='ocrx_word' id='word_1_62' title='bbox 1711 1103 2036 1157; x_wconf 79' lang='lat' dir='ltr'><strong>dulcedinem</strong></span> 
     </span>
    </p>
   </div>
   <div class='ocr_carea' id='block_1_10' title="bbox 445 1195 2039 1280">
    <p class='ocr_par' dir='ltr' id='par_1_10' title="bbox 445 1195 2039 1280">
     <span class='ocr_line' id='line_1_10' title="bbox 445 1195 2039 1280; baseline -0.01 -18"><span class='ocrx_word' id='word_1_63' title='bbox 445 1234 448 1238; x_wconf 59' lang='grc' dir='ltr'>λ</span> <span class='ocrx_word' id='word_1_64' title='bbox 480 1210 635 1280; x_wconf 82' lang='lat' dir='ltr'><strong>hujus</strong></span> <span class='ocrx_word' id='word_1_65' title='bbox 662 1209 781 1262; x_wconf 66' lang='lat' dir='ltr'><strong>vitae</strong></span> <span class='ocrx_word' id='word_1_66' title='bbox 816 1208 986 1260; x_wconf 90' lang='lat' dir='ltr'><strong>mittat</strong></span> <span class='ocrx_word' id='word_1_67' title='bbox 1023 1215 1179 1275; x_wconf 86' lang='lat' dir='ltr'><strong>caput</strong></span> <span class='ocrx_word' id='word_1_68' title='bbox 1217 1203 1268 1257; x_wconf 91' lang='lat' dir='ltr'><strong>in</strong></span> <span class='ocrx_word' id='word_1_69' title='bbox 1310 1199 1590 1271; x_wconf 78' lang='lat' dir='ltr'><strong>nequitiam</strong></span> <span class='ocrx_word' id='word_1_70' title='bbox 1615 1239 1630 1264; x_wconf 94' lang='lat'><strong>,</strong></span> <span class='ocrx_word' id='word_1_71' title='bbox 1663 1205 1716 1252; x_wconf 90' lang='lat' dir='ltr'><strong>et</strong></span> <span class='ocrx_word' id='word_1_72' title='bbox 1751 1195 2039 1265; x_wconf 84' lang='lat' dir='ltr'><strong>muscipula</strong></span> 
     </span>
    </p>
   </div>
   <div class='ocr_carea' id='block_1_11' title="bbox 479 1287 2038 1369">
    <p class='ocr_par' dir='ltr' id='par_1_11' title="bbox 479 1287 2038 1369">
     <span class='ocr_line' id='line_1_11' title="bbox 479 1287 2038 1369; baseline -0.011 -14"><span class='ocrx_word' id='word_1_73' title='bbox 479 1301 875 1369; x_wconf 83' lang='lat' dir='ltr'><strong>comprimatur.</strong></span> <span class='ocrx_word' id='word_1_74' title='bbox 913 1296 1027 1351; x_wconf 83' lang='lat' dir='ltr'><strong>Non</strong></span> <span class='ocrx_word' id='word_1_75' title='bbox 1064 1296 1133 1349; x_wconf 86' lang='lat' dir='ltr'><strong>illi</strong></span> <span class='ocrx_word' id='word_1_76' title='bbox 1158 1297 1174 1327; x_wconf 83' lang='grc'>¹</span> <span class='ocrx_word' id='word_1_77' title='bbox 1205 1296 1255 1347; x_wconf 93' lang='lat' dir='ltr'><strong>in</strong></span> <span class='ocrx_word' id='word_1_78' title='bbox 1287 1292 1475 1362; x_wconf 81' lang='lat' dir='ltr'><strong>quibus</strong></span> <span class='ocrx_word' id='word_1_79' title='bbox 1506 1300 1617 1345; x_wconf 88' lang='lat' dir='ltr'><strong>erat</strong></span> <span class='ocrx_word' id='word_1_80' title='bbox 1658 1288 1937 1353; x_wconf 86' lang='lat' dir='ltr'><strong>Dominus,</strong></span> <span class='ocrx_word' id='word_1_81' title='bbox 1969 1287 2038 1339; x_wconf 91' lang='lat' dir='ltr'><strong>illi</strong></span> 
     </span>
    </p>
   </div>
   <div class='ocr_carea' id='block_1_12' title="bbox 479 1376 2042 1461">
    <p class='ocr_par' dir='ltr' id='par_1_12' title="bbox 479 1376 2042 1461">
     <span class='ocr_line' id='line_1_12' title="bbox 479 1376 2042 1461; baseline -0.009 -18"><span class='ocrx_word' id='word_1_82' title='bbox 479 1393 567 1461; x_wconf 83' lang='lat' dir='ltr'><strong>qui</strong></span> <span class='ocrx_word' id='word_1_83' title='bbox 596 1391 794 1452; x_wconf 87' lang='lat' dir='ltr'><strong>dicunt,</strong></span> <span class='ocrx_word' id='word_1_84' title='bbox 824 1388 936 1441; x_wconf 83' lang='lat' dir='ltr'><strong>Nisi</strong></span> <span class='ocrx_word' id='word_1_85' title='bbox 956 1387 1071 1455; x_wconf 84' lang='lat' dir='ltr'><strong>quia</strong></span> <span class='ocrx_word' id='word_1_86' title='bbox 1098 1383 1342 1438; x_wconf 76' lang='lat' dir='ltr'><strong>Dominus</strong></span> <span class='ocrx_word' id='word_1_87' title='bbox 1365 1391 1469 1437; x_wconf 80' lang='lat' dir='ltr'><strong>erat</strong></span> <span class='ocrx_word' id='word_1_88' title='bbox 1495 1382 1545 1433; x_wconf 87' lang='lat' dir='ltr'><strong>in</strong></span> <span class='ocrx_word' id='word_1_89' title='bbox 1576 1380 1749 1442; x_wconf 85' lang='lat' dir='ltr'><strong>nobis;</strong></span> <span class='ocrx_word' id='word_1_90' title='bbox 1776 1392 1876 1431; x_wconf 93' lang='lat' dir='ltr'><strong>non</strong></span> <span class='ocrx_word' id='word_1_91' title='bbox 1903 1376 2042 1445; x_wconf 82' lang='lat' dir='ltr'><strong>capti</strong></span> 
     </span>
    </p>
   </div>
   <div class='ocr_carea' id='block_1_13' title="bbox 482 1471 2042 1545">
    <p class='ocr_par' dir='ltr' id='par_1_13' title="bbox 482 1471 2042 1545">
     <span class='ocr_line' id='line_1_13' title="bbox 482 1471 2042 1545; baseline -0.01 -10"><span class='ocrx_word' id='word_1_92' title='bbox 482 1490 605 1536; x_wconf 85' lang='lat' dir='ltr'><strong>sunt</strong></span> <span class='ocrx_word' id='word_1_93' title='bbox 635 1481 684 1534; x_wconf 92' lang='lat' dir='ltr'><strong>in</strong></span> <span class='ocrx_word' id='word_1_94' title='bbox 712 1479 1023 1545; x_wconf 87' lang='lat' dir='ltr'><strong>muscipula.</strong></span> <span class='ocrx_word' id='word_1_95' title='bbox 1055 1476 1135 1530; x_wconf 87' lang='lat' dir='ltr'><strong>Sit</strong></span> <span class='ocrx_word' id='word_1_96' title='bbox 1172 1475 1222 1528; x_wconf 91' lang='lat' dir='ltr'><strong>in</strong></span> <span class='ocrx_word' id='word_1_97' title='bbox 1259 1482 1310 1528; x_wconf 90' lang='lat' dir='ltr'><strong>te</strong></span> <span class='ocrx_word' id='word_1_98' title='bbox 1352 1471 1603 1525; x_wconf 84' lang='lat' dir='ltr'><strong>Dominus</strong></span> <span class='ocrx_word' id='word_1_99' title='bbox 1624 1511 1637 1533; x_wconf 91' lang='lat'><strong>,</strong></span> <span class='ocrx_word' id='word_1_100' title='bbox 1664 1478 1717 1523; x_wconf 84' lang='lat' dir='ltr'><strong>et</strong></span> <span class='ocrx_word' id='word_1_101' title='bbox 1746 1483 1842 1522; x_wconf 89' lang='lat' dir='ltr'><strong>nec</strong></span> <span class='ocrx_word' id='word_1_102' title='bbox 1873 1478 1927 1522; x_wconf 89' lang='lat' dir='ltr'><strong>tu</strong></span> <span class='ocrx_word' id='word_1_103' title='bbox 1950 1481 2042 1521; x_wconf 85' lang='lat' dir='ltr'><strong>ca-</strong></span> 
     </span>
    </p>
   </div>
   <div class='ocr_carea' id='block_1_14' title="bbox 485 1558 2045 1642">
    <p class='ocr_par' dir='ltr' id='par_1_14' title="bbox 485 1558 2045 1642">
     <span class='ocr_line' id='line_1_14' title="bbox 485 1558 2045 1642; baseline -0.011 -15"><span class='ocrx_word' id='word_1_104' title='bbox 485 1574 643 1642; x_wconf 87' lang='lat' dir='ltr'><strong>pieris</strong></span> <span class='ocrx_word' id='word_1_105' title='bbox 677 1572 726 1624; x_wconf 92' lang='lat' dir='ltr'><strong>in</strong></span> <span class='ocrx_word' id='word_1_106' title='bbox 763 1568 1085 1638; x_wconf 86' lang='lat' dir='ltr'><strong>muscipula;</strong></span> <span class='ocrx_word' id='word_1_107' title='bbox 1112 1568 1277 1621; x_wconf 87' lang='lat' dir='ltr'><strong>clama</strong></span> <span class='ocrx_word' id='word_1_108' title='bbox 1295 1607 1309 1630; x_wconf 90' lang='lat'><strong>,</strong></span> <span class='ocrx_word' id='word_1_109' title='bbox 1338 1563 1631 1617; x_wconf 72' lang='lat' dir='ltr'><strong>Benedictus</strong></span> <span class='ocrx_word' id='word_1_110' title='bbox 1658 1560 1902 1614; x_wconf 88' lang='lat' dir='ltr'><strong>Dominus</strong></span> <span class='ocrx_word' id='word_1_111' title='bbox 1920 1600 1934 1625; x_wconf 93' lang='lat'><strong>,</strong></span> <span class='ocrx_word' id='word_1_112' title='bbox 1960 1558 2045 1629; x_wconf 85' lang='lat' dir='ltr'><strong>qui</strong></span> 
     </span>
    </p>
   </div>
   <div class='ocr_carea' id='block_1_15' title="bbox 486 1654 1739 1718">
    <p class='ocr_par' dir='ltr' id='par_1_15' title="bbox 486 1654 1739 1718">
     <span class='ocr_line' id='line_1_15' title="bbox 486 1654 1739 1718; baseline -0.011 -1"><span class='ocrx_word' id='word_1_113' title='bbox 486 1680 582 1718; x_wconf 84' lang='lat' dir='ltr'><strong>non</strong></span> <span class='ocrx_word' id='word_1_114' title='bbox 609 1663 742 1716; x_wconf 80' lang='lat' dir='ltr'><strong>dedit</strong></span> <span class='ocrx_word' id='word_1_115' title='bbox 771 1678 860 1715; x_wconf 90' lang='lat' dir='ltr'><strong>nos</strong></span> <span class='ocrx_word' id='word_1_116' title='bbox 889 1662 939 1713; x_wconf 90' lang='lat' dir='ltr'><strong>in</strong></span> <span class='ocrx_word' id='word_1_117' title='bbox 966 1659 1270 1713; x_wconf 83' lang='lat' dir='ltr'><strong>venationem</strong></span> <span class='ocrx_word' id='word_1_118' title='bbox 1298 1654 1525 1709; x_wconf 78' lang='lat' dir='ltr'><strong>dentibus</strong></span> <span class='ocrx_word' id='word_1_119' title='bbox 1551 1668 1739 1706; x_wconf 84' lang='lat' dir='ltr'><strong>eorum.</strong></span> 
     </span>
    </p>
   </div>
   <div class='ocr_carea' id='block_1_16' title="bbox 558 1738 2048 1825">
    <p class='ocr_par' dir='ltr' id='par_1_16' title="bbox 558 1738 2048 1825">
     <span class='ocr_line' id='line_1_16' title="bbox 558 1738 2048 1825; baseline -0.011 -19"><span class='ocrx_word' id='word_1_120' title='bbox 558 1753 641 1807; x_wconf 74' lang='grc'><strong>12.</strong></span> <span class='ocrx_word' id='word_1_121' title='bbox 677 1752 822 1825; x_wconf 71' lang='grc' dir='ltr'><strong>[υενε.</strong></span> <span class='ocrx_word' id='word_1_122' title='bbox 851 1748 929 1823; x_wconf 87' lang='grc'><strong>7.]</strong></span> <span class='ocrx_word' id='word_1_123' title='bbox 964 1750 1143 1804; x_wconf 84' lang='lat' dir='ltr'><strong>Anima</strong></span> <span class='ocrx_word' id='word_1_124' title='bbox 1166 1756 1338 1802; x_wconf 85' lang='lat' dir='ltr'><strong>nostra</strong></span> <span class='ocrx_word' id='word_1_125' title='bbox 1361 1747 1488 1800; x_wconf 84' lang='lat' dir='ltr'><strong>sicut</strong></span> <span class='ocrx_word' id='word_1_126' title='bbox 1515 1758 1685 1813; x_wconf 83' lang='lat' dir='ltr'><strong>passer</strong></span> <span class='ocrx_word' id='word_1_127' title='bbox 1716 1750 1858 1796; x_wconf 85' lang='lat' dir='ltr'><strong>eruta</strong></span> <span class='ocrx_word' id='word_1_128' title='bbox 1889 1747 1957 1792; x_wconf 87' lang='lat' dir='ltr'><strong>est</strong></span> <span class='ocrx_word' id='word_1_129' title='bbox 1986 1738 2048 1790; x_wconf 86' lang='lat' dir='ltr'><strong>de</strong></span> 
     </span>
    </p>
   </div>
   <div class='ocr_carea' id='block_1_17' title="bbox 485 1830 2047 1913">
    <p class='ocr_par' dir='ltr' id='par_1_17' title="bbox 485 1830 2047 1913">
     <span class='ocr_line' id='line_1_17' title="bbox 485 1830 2047 1913; baseline -0.01 -16"><span class='ocrx_word' id='word_1_130' title='bbox 485 1844 762 1913; x_wconf 76' lang='lat' dir='ltr'><strong>muscipula</strong></span> <span class='ocrx_word' id='word_1_131' title='bbox 804 1841 1105 1896; x_wconf 83' lang='lat' dir='ltr'><strong>venantium.</strong></span> <span class='ocrx_word' id='word_1_132' title='bbox 1154 1839 1285 1905; x_wconf 80' lang='lat' dir='ltr'><strong>Quia</strong></span> <span class='ocrx_word' id='word_1_133' title='bbox 1326 1837 1378 1891; x_wconf 91' lang='lat' dir='ltr'><strong>in</strong></span> <span class='ocrx_word' id='word_1_134' title='bbox 1423 1836 1533 1905; x_wconf 88' lang='lat' dir='ltr'><strong>ipsa</strong></span> <span class='ocrx_word' id='word_1_135' title='bbox 1577 1833 1750 1895; x_wconf 85' lang='lat' dir='ltr'><strong>anima</strong></span> <span class='ocrx_word' id='word_1_136' title='bbox 1796 1830 2047 1884; x_wconf 89' lang='lat' dir='ltr'><strong>Dominus</strong></span> 
     </span>
    </p>
   </div>
   <div class='ocr_carea' id='block_1_18' title="bbox 483 1919 2046 2001">
    <p class='ocr_par' dir='ltr' id='par_1_18' title="bbox 483 1919 2046 2001">
     <span class='ocr_line' id='line_1_18' title="bbox 483 1919 2046 2001; baseline -0.013 -11"><span class='ocrx_word' id='word_1_137' title='bbox 483 1945 631 1999; x_wconf 86' lang='lat' dir='ltr'><strong>erat,</strong></span> <span class='ocrx_word' id='word_1_138' title='bbox 661 1935 779 1989; x_wconf 84' lang='lat' dir='ltr'><strong>ideo</strong></span> <span class='ocrx_word' id='word_1_139' title='bbox 806 1934 940 1988; x_wconf 89' lang='lat' dir='ltr'><strong>sicut</strong></span> <span class='ocrx_word' id='word_1_140' title='bbox 967 1944 1149 2001; x_wconf 86' lang='lat' dir='ltr'><strong>passer</strong></span> <span class='ocrx_word' id='word_1_141' title='bbox 1181 1937 1327 1983; x_wconf 88' lang='lat' dir='ltr'><strong>eruta</strong></span> <span class='ocrx_word' id='word_1_142' title='bbox 1356 1934 1437 1981; x_wconf 89' lang='lat' dir='ltr'><strong>est</strong></span> <span class='ocrx_word' id='word_1_143' title='bbox 1465 1925 1639 1979; x_wconf 88' lang='lat' dir='ltr'><strong>anima</strong></span> <span class='ocrx_word' id='word_1_144' title='bbox 1666 1922 1734 1977; x_wconf 88' lang='lat' dir='ltr'><strong>de</strong></span> <span class='ocrx_word' id='word_1_145' title='bbox 1762 1919 2046 1985; x_wconf 68' lang='lat' dir='ltr'><strong>muscipula</strong></span> 
     </span>
    </p>
   </div>
   <div class='ocr_carea' id='block_1_19' title="bbox 486 2003 2048 2091">
    <p class='ocr_par' dir='ltr' id='par_1_19' title="bbox 486 2003 2048 2091">
     <span class='ocr_line' id='line_1_19' title="bbox 486 2003 2048 2091; baseline -0.012 -12"><span class='ocrx_word' id='word_1_146' title='bbox 486 2026 808 2080; x_wconf 83' lang='lat' dir='ltr'><strong>venantium.</strong></span> <span class='ocrx_word' id='word_1_147' title='bbox 835 2023 1010 2091; x_wconf 84' lang='lat' dir='ltr'><strong>Quare</strong></span> <span class='ocrx_word' id='word_1_148' title='bbox 1037 2022 1173 2075; x_wconf 86' lang='lat' dir='ltr'><strong>sicut</strong></span> <span class='ocrx_word' id='word_1_149' title='bbox 1209 2017 1424 2088; x_wconf 86' lang='lat' dir='ltr'><strong>passer?</strong></span> <span class='ocrx_word' id='word_1_150' title='bbox 1452 2015 1584 2081; x_wconf 84' lang='lat' dir='ltr'><strong>Quia</strong></span> <span class='ocrx_word' id='word_1_151' title='bbox 1611 2003 1817 2067; x_wconf 69' lang='lat' dir='ltr'><strong>incabta</strong></span> <span class='ocrx_word' id='word_1_152' title='bbox 1842 2008 2048 2064; x_wconf 64' lang='lat' dir='ltr'><strong>cecide-</strong></span> 
     </span>
    </p>
   </div>
   <div class='ocr_carea' id='block_1_20' title="bbox 488 2103 2048 2188">
    <p class='ocr_par' dir='ltr' id='par_1_20' title="bbox 488 2103 2048 2188">
     <span class='ocr_line' id='line_1_20' title="bbox 488 2103 2048 2188; baseline -0.013 -14"><span class='ocrx_word' id='word_1_153' title='bbox 488 2131 567 2174; x_wconf 86' lang='lat' dir='ltr'><strong>rat</strong></span> <span class='ocrx_word' id='word_1_154' title='bbox 586 2120 731 2173; x_wconf 86' lang='lat' dir='ltr'><strong>sicut</strong></span> <span class='ocrx_word' id='word_1_155' title='bbox 757 2132 975 2188; x_wconf 81' lang='lat' dir='ltr'><strong>passer;</strong></span> <span class='ocrx_word' id='word_1_156' title='bbox 1003 2125 1056 2170; x_wconf 87' lang='lat' dir='ltr'><strong>et</strong></span> <span class='ocrx_word' id='word_1_157' title='bbox 1085 2120 1290 2184; x_wconf 79' lang='lat' dir='ltr'><strong>poterat</strong></span> <span class='ocrx_word' id='word_1_158' title='bbox 1316 2110 1494 2165; x_wconf 87' lang='lat' dir='ltr'><strong>dicere</strong></span> <span class='ocrx_word' id='word_1_159' title='bbox 1525 2115 1739 2177; x_wconf 85' lang='lat' dir='ltr'><strong>postea,</strong></span> <span class='ocrx_word' id='word_1_160' title='bbox 1773 2103 2048 2174; x_wconf 72' lang='lat' dir='ltr'><strong>Ignoscet’</strong></span> 
     </span>
    </p>
   </div>
   <div class='ocr_carea' id='block_1_21' title="bbox 486 2195 2048 2277">
    <p class='ocr_par' dir='ltr' id='par_1_21' title="bbox 486 2195 2048 2277">
     <span class='ocr_line' id='line_1_21' title="bbox 486 2195 2048 2277; baseline -0.013 -12"><span class='ocrx_word' id='word_1_161' title='bbox 486 2211 615 2265; x_wconf 80' lang='lat' dir='ltr'><strong>mihi</strong></span> <span class='ocrx_word' id='word_1_162' title='bbox 646 2210 802 2264; x_wconf 88' lang='lat' dir='ltr'><strong>Dens.</strong></span> <span class='ocrx_word' id='word_1_163' title='bbox 833 2208 875 2264; x_wconf 92' lang='grc' dir='ltr'>Ο</span> <span class='ocrx_word' id='word_1_164' title='bbox 904 2221 1083 2277; x_wconf 86' lang='lat' dir='ltr'><strong>passer</strong></span> <span class='ocrx_word' id='word_1_165' title='bbox 1111 2203 1403 2269; x_wconf 84' lang='lat' dir='ltr'><strong>instabilis,</strong></span> <span class='ocrx_word' id='word_1_166' title='bbox 1437 2202 1535 2271; x_wconf 82' lang='lat' dir='ltr'><strong>tige</strong></span> <span class='ocrx_word' id='word_1_167' title='bbox 1565 2198 1739 2269; x_wconf 89' lang='lat' dir='ltr'><strong>potius</strong></span> <span class='ocrx_word' id='word_1_168' title='bbox 1767 2196 1928 2266; x_wconf 88' lang='lat' dir='ltr'><strong>pedes</strong></span> <span class='ocrx_word' id='word_1_169' title='bbox 1947 2195 1967 2225; x_wconf 86' lang='grc'>³</span> <span class='ocrx_word' id='word_1_170' title='bbox 1998 2195 2048 2247; x_wconf 92' lang='lat' dir='ltr'><strong>in</strong></span> 
     </span>
    </p>
   </div>
   <div class='ocr_carea' id='block_1_22' title="bbox 489 2284 2048 2371">
    <p class='ocr_par' dir='ltr' id='par_1_22' title="bbox 489 2284 2048 2371">
     <span class='ocr_line' id='line_1_22' title="bbox 489 2284 2048 2371; baseline -0.014 -14"><span class='ocrx_word' id='word_1_171' title='bbox 489 2312 655 2371; x_wconf 84' lang='lat' dir='ltr'><strong>petra,</strong></span> <span class='ocrx_word' id='word_1_172' title='bbox 686 2301 788 2355; x_wconf 91' lang='lat' dir='ltr'><strong>noli</strong></span> <span class='ocrx_word' id='word_1_173' title='bbox 816 2299 893 2354; x_wconf 89' lang='lat' dir='ltr'><strong>ire</strong></span> <span class='ocrx_word' id='word_1_174' title='bbox 916 2297 980 2353; x_wconf 88' lang='lat' dir='ltr'><strong>ad</strong></span> <span class='ocrx_word' id='word_1_175' title='bbox 1008 2294 1371 2365; x_wconf 89' lang='lat' dir='ltr'><strong>muscipulam.</strong></span> <span class='ocrx_word' id='word_1_176' title='bbox 1392 2290 1616 2362; x_wconf 82' lang='lat' dir='ltr'><strong>Caperis</strong></span> <span class='ocrx_word' id='word_1_177' title='bbox 1633 2288 1675 2352; x_wconf 68' lang='grc'><strong>⁸,</strong></span> <span class='ocrx_word' id='word_1_178' title='bbox 1703 2284 2048 2343; x_wconf 83' lang='lat' dir='ltr'><strong>consumeris,</strong></span> 
     </span>
    </p>
   </div>
   <div class='ocr_carea' id='block_1_23' title="bbox 486 2376 2053 2451">
    <p class='ocr_par' dir='ltr' id='par_1_23' title="bbox 486 2376 2053 2451">
     <span class='ocr_line' id='line_1_23' title="bbox 486 2376 2053 2451; baseline -0.017 -1"><span class='ocrx_word' id='word_1_179' title='bbox 486 2393 743 2449; x_wconf 86' lang='lat' dir='ltr'><strong>ohtereris</strong></span> <span class='ocrx_word' id='word_1_180' title='bbox 758 2392 801 2447; x_wconf 88' lang='grc'><strong>⁸.</strong></span> <span class='ocrx_word' id='word_1_181' title='bbox 827 2391 907 2447; x_wconf 89' lang='lat' dir='ltr'><strong>Sit</strong></span> <span class='ocrx_word' id='word_1_182' title='bbox 941 2391 991 2444; x_wconf 92' lang='lat' dir='ltr'><strong>in</strong></span> <span class='ocrx_word' id='word_1_183' title='bbox 1024 2399 1072 2445; x_wconf 93' lang='lat' dir='ltr'><strong>te</strong></span> <span class='ocrx_word' id='word_1_184' title='bbox 1098 2389 1378 2451; x_wconf 87' lang='lat' dir='ltr'><strong>Dominus,</strong></span> <span class='ocrx_word' id='word_1_185' title='bbox 1407 2392 1463 2438; x_wconf 89' lang='lat' dir='ltr'><strong>et</strong></span> <span class='ocrx_word' id='word_1_186' title='bbox 1485 2382 1550 2437; x_wconf 90' lang='lat' dir='ltr'><strong>de</strong></span> <span class='ocrx_word' id='word_1_187' title='bbox 1587 2377 1873 2449; x_wconf 77' lang='lat' dir='ltr'><strong>majoribus</strong></span> <span class='ocrx_word' id='word_1_188' title='bbox 1896 2376 2053 2429; x_wconf 85' lang='lat' dir='ltr'><strong>minis</strong></span> 
     </span>
    </p>
   </div>
   <div class='ocr_carea' id='block_1_24' title="bbox 486 2467 2053 2553">
    <p class='ocr_par' dir='ltr' id='par_1_24' title="bbox 486 2467 2053 2553">
     <span class='ocr_line' id='line_1_24' title="bbox 486 2467 2053 2553; baseline -0.017 -10"><span class='ocrx_word' id='word_1_189' title='bbox 486 2496 637 2543; x_wconf 88' lang='lat' dir='ltr'><strong>eruet</strong></span> <span class='ocrx_word' id='word_1_190' title='bbox 662 2496 731 2551; x_wconf 88' lang='lat' dir='ltr'><strong>te,</strong></span> <span class='ocrx_word' id='word_1_191' title='bbox 760 2485 828 2541; x_wconf 88' lang='lat' dir='ltr'><strong>de</strong></span> <span class='ocrx_word' id='word_1_192' title='bbox 851 2482 1142 2553; x_wconf 88' lang='lat' dir='ltr'><strong>muscipula</strong></span> <span class='ocrx_word' id='word_1_193' title='bbox 1168 2480 1489 2537; x_wconf 72' lang='lat' dir='ltr'><strong>venantium.</strong></span> <span class='ocrx_word' id='word_1_194' title='bbox 1515 2471 1788 2543; x_wconf 77' lang='lat' dir='ltr'><strong>Quomodo</strong></span> <span class='ocrx_word' id='word_1_195' title='bbox 1810 2469 1851 2524; x_wconf 90' lang='lat' dir='ltr'><strong>si</strong></span> <span class='ocrx_word' id='word_1_196' title='bbox 1875 2467 2053 2521; x_wconf 79' lang='lat' dir='ltr'><strong>videas</strong></span> 
     </span>
    </p>
   </div>
   <div class='ocr_carea' id='block_1_25' title="bbox 488 2561 2053 2649">
    <p class='ocr_par' dir='ltr' id='par_1_25' title="bbox 488 2561 2053 2649">
     <span class='ocr_line' id='line_1_25' title="bbox 488 2561 2053 2649; baseline -0.014 -15"><span class='ocrx_word' id='word_1_197' title='bbox 488 2599 635 2634; x_wconf 79' lang='lat' dir='ltr'><strong>nvem</strong></span> <span class='ocrx_word' id='word_1_198' title='bbox 657 2581 814 2635; x_wconf 84' lang='lat' dir='ltr'><strong>veluti</strong></span> <span class='ocrx_word' id='word_1_199' title='bbox 836 2579 943 2649; x_wconf 87' lang='lat' dir='ltr'><strong>jam</strong></span> <span class='ocrx_word' id='word_1_200' title='bbox 965 2578 1152 2632; x_wconf 83' lang='lat' dir='ltr'><strong>cadere</strong></span> <span class='ocrx_word' id='word_1_201' title='bbox 1179 2575 1228 2629; x_wconf 86' lang='lat' dir='ltr'><strong>in</strong></span> <span class='ocrx_word' id='word_1_202' title='bbox 1258 2571 1622 2641; x_wconf 75' lang='lat' dir='ltr'><strong>muscipulam,</strong></span> <span class='ocrx_word' id='word_1_203' title='bbox 1646 2563 1776 2621; x_wconf 78' lang='lat' dir='ltr'><strong>facis</strong></span> <span class='ocrx_word' id='word_1_204' title='bbox 1801 2561 2053 2628; x_wconf 83' lang='lat' dir='ltr'><strong>majorem</strong></span> 
     </span>
    </p>
   </div>
   <div class='ocr_carea' id='block_1_26' title="bbox 488 2651 2049 2744">
    <p class='ocr_par' dir='ltr' id='par_1_26' title="bbox 488 2651 2049 2744">
     <span class='ocr_line' id='line_1_26' title="bbox 488 2651 2049 2744; baseline -0.016 -15"><span class='ocrx_word' id='word_1_205' title='bbox 488 2674 760 2744; x_wconf 79' lang='lat' dir='ltr'><strong>strepitum</strong></span> <span class='ocrx_word' id='word_1_206' title='bbox 781 2714 795 2735; x_wconf 95' lang='lat'><strong>,</strong></span> <span class='ocrx_word' id='word_1_207' title='bbox 824 2680 881 2725; x_wconf 92' lang='lat' dir='ltr'><strong>ut</strong></span> <span class='ocrx_word' id='word_1_208' title='bbox 908 2671 1047 2725; x_wconf 86' lang='lat' dir='ltr'><strong>volet</strong></span> <span class='ocrx_word' id='word_1_209' title='bbox 1075 2669 1139 2722; x_wconf 88' lang='lat' dir='ltr'><strong>de</strong></span> <span class='ocrx_word' id='word_1_210' title='bbox 1165 2665 1452 2735; x_wconf 83' lang='lat' dir='ltr'><strong>muscipula</strong></span> <span class='ocrx_word' id='word_1_211' title='bbox 1484 2682 1496 2716; x_wconf 94' lang='lat'><strong>:</strong></span> <span class='ocrx_word' id='word_1_212' title='bbox 1530 2662 1606 2717; x_wconf 91' lang='lat' dir='ltr'><strong>sic</strong></span> <span class='ocrx_word' id='word_1_213' title='bbox 1633 2670 1683 2715; x_wconf 87' lang='lat' dir='ltr'><strong>et</strong></span> <span class='ocrx_word' id='word_1_214' title='bbox 1717 2651 2049 2744; x_wconf 68' lang='lat' dir='ltr'><strong>martyres‘,</strong></span> 
     </span>
    </p>
   </div>
   <div class='ocr_carea' id='block_1_27' title="bbox 487 2743 2054 2835">
    <p class='ocr_par' dir='ltr' id='par_1_27' title="bbox 487 2743 2054 2835">
     <span class='ocr_line' id='line_1_27' title="bbox 487 2743 2054 2835; baseline -0.017 -16"><span class='ocrx_word' id='word_1_215' title='bbox 487 2743 759 2835; x_wconf 83' lang='lat' dir='ltr'><strong>jamforte</strong></span> <span class='ocrx_word' id='word_1_216' title='bbox 787 2763 943 2832; x_wconf 82' lang='lat' dir='ltr'><strong>aliqui</strong></span> <span class='ocrx_word' id='word_1_217' title='bbox 975 2762 1206 2830; x_wconf 89' lang='lat' dir='ltr'><strong>ipsorum</strong></span> <span class='ocrx_word' id='word_1_218' title='bbox 1246 2755 1587 2812; x_wconf 83' lang='lat' dir='ltr'><strong>intendebant</strong></span> <span class='ocrx_word' id='word_1_219' title='bbox 1623 2752 1816 2807; x_wconf 89' lang='lat' dir='ltr'><strong>collum</strong></span> <span class='ocrx_word' id='word_1_220' title='bbox 1853 2745 1903 2798; x_wconf 94' lang='lat' dir='ltr'><strong>in</strong></span> <span class='ocrx_word' id='word_1_221' title='bbox 1938 2743 2054 2796; x_wconf 84' lang='lat' dir='ltr'><strong>dul-</strong></span> 
     </span>
    </p>
   </div>
   <div class='ocr_carea' id='block_1_28' title="bbox 486 2835 2056 2921">
    <p class='ocr_par' dir='ltr' id='par_1_28' title="bbox 486 2835 2056 2921">
     <span class='ocr_line' id='line_1_28' title="bbox 486 2835 2056 2921; baseline -0.015 -11"><span class='ocrx_word' id='word_1_222' title='bbox 486 2855 728 2910; x_wconf 89' lang='lat' dir='ltr'><strong>cedinem</strong></span> <span class='ocrx_word' id='word_1_223' title='bbox 765 2851 887 2905; x_wconf 79' lang='lat' dir='ltr'><strong>vine</strong></span> <span class='ocrx_word' id='word_1_224' title='bbox 924 2850 1105 2921; x_wconf 83' lang='lat' dir='ltr'><strong>hujus;</strong></span> <span class='ocrx_word' id='word_1_225' title='bbox 1136 2848 1388 2904; x_wconf 90' lang='lat' dir='ltr'><strong>Dominus</strong></span> <span class='ocrx_word' id='word_1_226' title='bbox 1414 2846 1501 2917; x_wconf 92' lang='lat' dir='ltr'><strong>qui</strong></span> <span class='ocrx_word' id='word_1_227' title='bbox 1535 2854 1645 2901; x_wconf 91' lang='lat' dir='ltr'><strong>erat</strong></span> <span class='ocrx_word' id='word_1_228' title='bbox 1675 2844 1727 2898; x_wconf 94' lang='lat' dir='ltr'><strong>in</strong></span> <span class='ocrx_word' id='word_1_229' title='bbox 1766 2839 1899 2896; x_wconf 80' lang='lat' dir='ltr'><strong>illis.</strong></span> <span class='ocrx_word' id='word_1_230' title='bbox 1934 2835 2056 2889; x_wconf 78' lang='lat' dir='ltr'><strong>fecit</strong></span> 
     </span>
    </p>
   </div>
   <div class='ocr_carea' id='block_1_29' title="bbox 490 2935 2055 3015">
    <p class='ocr_par' dir='ltr' id='par_1_29' title="bbox 490 2935 2055 3015">
     <span class='ocr_line' id='line_1_29' title="bbox 490 2935 2055 3015; baseline -0.007 -14"><span class='ocrx_word' id='word_1_231' title='bbox 490 2947 763 3015; x_wconf 88' lang='lat' dir='ltr'><strong>strepitum</strong></span> <span class='ocrx_word' id='word_1_232' title='bbox 794 2944 1149 3015; x_wconf 80' lang='lat' dir='ltr'><strong>gehennarum</strong></span> <span class='ocrx_word' id='word_1_233' title='bbox 1168 2984 1181 2999; x_wconf 93' lang='lat'><strong>.</strong></span> <span class='ocrx_word' id='word_1_234' title='bbox 1212 2949 1265 2997; x_wconf 91' lang='lat' dir='ltr'><strong>et</strong></span> <span class='ocrx_word' id='word_1_235' title='bbox 1301 2948 1482 2995; x_wconf 86' lang='lat' dir='ltr'><strong>erutus</strong></span> <span class='ocrx_word' id='word_1_236' title='bbox 1519 2947 1599 2994; x_wconf 89' lang='lat' dir='ltr'><strong>est</strong></span> <span class='ocrx_word' id='word_1_237' title='bbox 1631 2952 1811 3007; x_wconf 88' lang='lat' dir='ltr'><strong>passer</strong></span> <span class='ocrx_word' id='word_1_238' title='bbox 1843 2935 1909 2991; x_wconf 87' lang='lat' dir='ltr'><strong>de</strong></span> <span class='ocrx_word' id='word_1_239' title='bbox 1942 2945 2055 2983; x_wconf 83' lang='lat' dir='ltr'><strong>mu-</strong></span> 
     </span>
    </p>
   </div>
   <div class='ocr_carea' id='block_1_30' title="bbox 490 3027 2056 3104">
    <p class='ocr_par' dir='ltr' id='par_1_30' title="bbox 490 3027 2056 3104">
     <span class='ocr_line' id='line_1_30' title="bbox 490 3027 2056 3104; baseline -0.01 -13"><span class='ocrx_word' id='word_1_240' title='bbox 490 3036 686 3104; x_wconf 83' lang='lat' dir='ltr'><strong>scipula</strong></span> <span class='ocrx_word' id='word_1_241' title='bbox 712 3035 1013 3090; x_wconf 79' lang='lat' dir='ltr'><strong>venantium</strong></span> <span class='ocrx_word' id='word_1_242' title='bbox 1044 3052 1055 3088; x_wconf 88' lang='lat'><strong>:</strong></span> <span class='ocrx_word' id='word_1_243' title='bbox 1080 3031 1261 3086; x_wconf 82' lang='lat' dir='ltr'><strong>Anima</strong></span> <span class='ocrx_word' id='word_1_244' title='bbox 1287 3039 1454 3085; x_wconf 85' lang='lat' dir='ltr'><strong>nostra</strong></span> <span class='ocrx_word' id='word_1_245' title='bbox 1477 3030 1599 3083; x_wconf 86' lang='lat' dir='ltr'><strong>sicut</strong></span> <span class='ocrx_word' id='word_1_246' title='bbox 1625 3042 1794 3099; x_wconf 79' lang='lat' dir='ltr'><strong>passer</strong></span> <span class='ocrx_word' id='word_1_247' title='bbox 1817 3034 1956 3079; x_wconf 85' lang='lat' dir='ltr'><strong>eruta</strong></span> <span class='ocrx_word' id='word_1_248' title='bbox 1984 3027 2056 3072; x_wconf 70' lang='lat' dir='ltr'><strong>est</strong></span> 
     </span>
    </p>
   </div>
   <div class='ocr_carea' id='block_1_31' title="bbox 489 3115 2056 3196">
    <p class='ocr_par' dir='ltr' id='par_1_31' title="bbox 489 3115 2056 3196">
     <span class='ocr_line' id='line_1_31' title="bbox 489 3115 2056 3196; baseline -0.009 -15"><span class='ocrx_word' id='word_1_249' title='bbox 489 3129 551 3181; x_wconf 85' lang='lat' dir='ltr'><strong>de</strong></span> <span class='ocrx_word' id='word_1_250' title='bbox 573 3126 846 3196; x_wconf 82' lang='lat' dir='ltr'><strong>nmscipnla</strong></span> <span class='ocrx_word' id='word_1_251' title='bbox 871 3124 1169 3178; x_wconf 83' lang='lat' dir='ltr'><strong>venantium.</strong></span> <span class='ocrx_word' id='word_1_252' title='bbox 1198 3122 1264 3176; x_wconf 86' lang='lat' dir='ltr'><strong>Et</strong></span> <span class='ocrx_word' id='word_1_253' title='bbox 1287 3120 1444 3190; x_wconf 85' lang='lat' dir='ltr'><strong>quid?</strong></span> <span class='ocrx_word' id='word_1_254' title='bbox 1468 3134 1677 3188; x_wconf 87' lang='lat' dir='ltr'><strong>semper</strong></span> <span class='ocrx_word' id='word_1_255' title='bbox 1699 3117 1797 3170; x_wconf 87' lang='lat' dir='ltr'><strong>erit</strong></span> <span class='ocrx_word' id='word_1_256' title='bbox 1824 3115 1911 3169; x_wconf 87' lang='lat' dir='ltr'><strong>illa</strong></span> <span class='ocrx_word' id='word_1_257' title='bbox 1937 3130 2056 3169; x_wconf 38' lang='lat' dir='ltr'><strong>mue</strong></span> 
     </span>
    </p>
   </div>
   <div class='ocr_carea' id='block_1_32' title="bbox 485 3207 2049 3286">
    <p class='ocr_par' dir='ltr' id='par_1_32' title="bbox 485 3207 2049 3286">
     <span class='ocr_line' id='line_1_32' title="bbox 485 3207 2049 3286; baseline -0.008 -14"><span class='ocrx_word' id='word_1_258' title='bbox 485 3218 726 3286; x_wconf 83' lang='lat' dir='ltr'><strong>s&#39;cipnla?</strong></span> <span class='ocrx_word' id='word_1_259' title='bbox 762 3216 1046 3284; x_wconf 20' lang='lat' dir='ltr'><strong>Mu‘eipnla</strong></span> <span class='ocrx_word' id='word_1_260' title='bbox 1075 3224 1187 3268; x_wconf 89' lang='lat' dir='ltr'><strong>erat</strong></span> <span class='ocrx_word' id='word_1_261' title='bbox 1219 3212 1439 3267; x_wconf 85' lang='lat' dir='ltr'><strong>dulcedo</strong></span> <span class='ocrx_word' id='word_1_262' title='bbox 1468 3212 1585 3265; x_wconf 78' lang='lat' dir='ltr'><strong>vita:</strong></span> <span class='ocrx_word' id='word_1_263' title='bbox 1620 3210 1772 3278; x_wconf 91' lang='lat' dir='ltr'><strong>lmjus</strong></span> <span class='ocrx_word' id='word_1_264' title='bbox 1799 3226 1812 3260; x_wconf 89' lang='lat'>:</span> <span class='ocrx_word' id='word_1_265' title='bbox 1846 3207 1914 3260; x_wconf 86' lang='lat' dir='ltr'><strong>illi</strong></span> <span class='ocrx_word' id='word_1_266' title='bbox 1947 3221 2049 3261; x_wconf 90' lang='lat' dir='ltr'><strong>non</strong></span> 
     </span>
    </p>
   </div>
   <div class='ocr_carea' id='block_1_33' title="bbox 492 3294 2052 3372">
    <p class='ocr_par' dir='ltr' id='par_1_33' title="bbox 492 3294 2052 3372">
     <span class='ocr_line' id='line_1_33' title="bbox 492 3294 2052 3372; baseline -0.005 -15"><span class='ocrx_word' id='word_1_267' title='bbox 492 3308 756 3361; x_wconf 46' lang='lat' dir='ltr'><strong>ha‘sernnt</strong></span> <span class='ocrx_word' id='word_1_268' title='bbox 792 3305 845 3358; x_wconf 90' lang='lat' dir='ltr'><strong>in</strong></span> <span class='ocrx_word' id='word_1_269' title='bbox 885 3304 1205 3372; x_wconf 86' lang='lat' dir='ltr'><strong>muscipula,</strong></span> <span class='ocrx_word' id='word_1_270' title='bbox 1235 3310 1287 3355; x_wconf 87' lang='lat' dir='ltr'><strong>et</strong></span> <span class='ocrx_word' id='word_1_271' title='bbox 1329 3300 1486 3355; x_wconf 87' lang='lat' dir='ltr'><strong>occisi</strong></span> <span class='ocrx_word' id='word_1_272' title='bbox 1529 3307 1687 3362; x_wconf 89' lang='lat' dir='ltr'><strong>sunt;</strong></span> <span class='ocrx_word' id='word_1_273' title='bbox 1725 3297 1827 3350; x_wconf 90' lang='lat' dir='ltr'><strong>illis</strong></span> <span class='ocrx_word' id='word_1_274' title='bbox 1863 3294 2052 3349; x_wconf 85' lang='lat' dir='ltr'><strong>occisis</strong></span> 
     </span>
    </p>
   </div>
   <div class='ocr_carea' id='block_1_34' title="bbox 489 3385 2052 3463">
    <p class='ocr_par' dir='ltr' id='par_1_34' title="bbox 489 3385 2052 3463">
     <span class='ocr_line' id='line_1_34' title="bbox 489 3385 2052 3463; baseline -0.006 -14"><span class='ocrx_word' id='word_1_275' title='bbox 489 3394 778 3463; x_wconf 83' lang='lat' dir='ltr'><strong>muscipula</strong></span> <span class='ocrx_word' id='word_1_276' title='bbox 809 3393 970 3447; x_wconf 75' lang='lat' dir='ltr'><strong>fracta</strong></span> <span class='ocrx_word' id='word_1_277' title='bbox 997 3403 1107 3454; x_wconf 88' lang='lat' dir='ltr'><strong>est;</strong></span> <span class='ocrx_word' id='word_1_278' title='bbox 1134 3386 1240 3460; x_wconf 63' lang='lat' dir='ltr'><strong>ja&#39;m</strong></span> <span class='ocrx_word' id='word_1_279' title='bbox 1272 3406 1373 3445; x_wconf 92' lang='lat' dir='ltr'><strong>non</strong></span> <span class='ocrx_word' id='word_1_280' title='bbox 1404 3387 1654 3443; x_wconf 86' lang='lat' dir='ltr'><strong>remansit</strong></span> <span class='ocrx_word' id='word_1_281' title='bbox 1680 3385 1902 3441; x_wconf 84' lang='lat' dir='ltr'><strong>dulcedo</strong></span> <span class='ocrx_word' id='word_1_282' title='bbox 1931 3385 2052 3439; x_wconf 59' lang='lat' dir='ltr'><strong>vita:</strong></span> 
     </span>
    </p>
   </div>
   <div class='ocr_carea' id='block_1_35' title="bbox 491 3476 2051 3554">
    <p class='ocr_par' dir='ltr' id='par_1_35' title="bbox 491 3476 2051 3554">
     <span class='ocr_line' id='line_1_35' title="bbox 491 3476 2051 3554; baseline -0.004 -16"><span class='ocrx_word' id='word_1_283' title='bbox 491 3485 664 3554; x_wconf 80' lang='lat' dir='ltr'><strong>hujus,</strong></span> <span class='ocrx_word' id='word_1_284' title='bbox 693 3499 787 3554; x_wconf 87' lang='lat' dir='ltr'><strong>per</strong></span> <span class='ocrx_word' id='word_1_285' title='bbox 811 3499 965 3553; x_wconf 87' lang='lat' dir='ltr'><strong>quam</strong></span> <span class='ocrx_word' id='word_1_286' title='bbox 997 3483 1197 3551; x_wconf 88' lang='lat' dir='ltr'><strong>possint</strong></span> <span class='ocrx_word' id='word_1_287' title='bbox 1224 3482 1411 3534; x_wconf 88' lang='lat' dir='ltr'><strong>iterum</strong></span> <span class='ocrx_word' id='word_1_288' title='bbox 1441 3478 1577 3547; x_wconf 88' lang='lat' dir='ltr'><strong>capi,</strong></span> <span class='ocrx_word' id='word_1_289' title='bbox 1601 3476 1691 3531; x_wconf 90' lang='lat' dir='ltr'><strong>sed</strong></span> <span class='ocrx_word' id='word_1_290' title='bbox 1719 3477 1803 3530; x_wconf 88' lang='lat' dir='ltr'><strong>illa</strong></span> <span class='ocrx_word' id='word_1_291' title='bbox 1828 3476 2051 3531; x_wconf 87' lang='lat' dir='ltr'><strong>contrita</strong></span> 
     </span>
    </p>
   </div>
   <div class='ocr_carea' id='block_1_36' title="bbox 487 3569 2049 3645">
    <p class='ocr_par' dir='ltr' id='par_1_36' title="bbox 487 3569 2049 3645">
     <span class='ocr_line' id='line_1_36' title="bbox 487 3569 2049 3645; baseline -0.007 -14"><span class='ocrx_word' id='word_1_292' title='bbox 487 3586 612 3631; x_wconf 89' lang='lat' dir='ltr'><strong>est:</strong></span> <span class='ocrx_word' id='word_1_293' title='bbox 655 3574 902 3645; x_wconf 87' lang='lat' dir='ltr'><strong>ntunqnid</strong></span> <span class='ocrx_word' id='word_1_294' title='bbox 944 3583 997 3629; x_wconf 85' lang='lat' dir='ltr'><strong>et</strong></span> <span class='ocrx_word' id='word_1_295' title='bbox 1043 3588 1222 3642; x_wconf 76' lang='lat' dir='ltr'><strong>passer</strong></span> <span class='ocrx_word' id='word_1_296' title='bbox 1266 3572 1523 3623; x_wconf 84' lang='lat' dir='ltr'><strong>contritus</strong></span> <span class='ocrx_word' id='word_1_297' title='bbox 1555 3569 1671 3624; x_wconf 88' lang='lat' dir='ltr'><strong>est?</strong></span> <span class='ocrx_word' id='word_1_298' title='bbox 1707 3569 1891 3633; x_wconf 85' lang='lat' dir='ltr'><strong>Absit;</strong></span> <span class='ocrx_word' id='word_1_299' title='bbox 1931 3569 2049 3637; x_wconf 88' lang='lat' dir='ltr'><strong>quia</strong></span> 
     </span>
    </p>
   </div>
   <div class='ocr_carea' id='block_1_37' title="bbox 489 3660 2053 3735">
    <p class='ocr_par' dir='ltr' id='par_1_37' title="bbox 489 3660 2053 3735">
     <span class='ocr_line' id='line_1_37' title="bbox 489 3660 2053 3735; baseline -0.004 -14"><span class='ocrx_word' id='word_1_300' title='bbox 489 3684 592 3721; x_wconf 87' lang='lat' dir='ltr'><strong>non</strong></span> <span class='ocrx_word' id='word_1_301' title='bbox 618 3677 732 3722; x_wconf 89' lang='lat' dir='ltr'><strong>erat</strong></span> <span class='ocrx_word' id='word_1_302' title='bbox 760 3666 811 3720; x_wconf 89' lang='lat' dir='ltr'><strong>in</strong></span> <span class='ocrx_word' id='word_1_303' title='bbox 844 3666 1128 3735; x_wconf 84' lang='lat' dir='ltr'><strong>muscipula</strong></span> <span class='ocrx_word' id='word_1_304' title='bbox 1160 3683 1171 3713; x_wconf 91' lang='lat'><strong>:</strong></span> <span class='ocrx_word' id='word_1_305' title='bbox 1204 3663 1488 3732; x_wconf 79' lang='lat' dir='ltr'><strong>Muscipula</strong></span> <span class='ocrx_word' id='word_1_306' title='bbox 1519 3660 1729 3714; x_wconf 86' lang='lat' dir='ltr'><strong>contrita</strong></span> <span class='ocrx_word' id='word_1_307' title='bbox 1758 3669 1826 3713; x_wconf 79' lang='lat' dir='ltr'><strong>est</strong></span> <span class='ocrx_word' id='word_1_308' title='bbox 1845 3700 1861 3726; x_wconf 95' lang='lat'><strong>,</strong></span> <span class='ocrx_word' id='word_1_309' title='bbox 1889 3669 1934 3713; x_wconf 87' lang='lat' dir='ltr'><strong>et</strong></span> <span class='ocrx_word' id='word_1_310' title='bbox 1964 3676 2053 3714; x_wconf 84' lang='lat' dir='ltr'><strong>nos</strong></span> 
     </span>
    </p>
   </div>
   <div class='ocr_carea' id='block_1_38' title="bbox 488 3759 828 3812">
    <p class='ocr_par' dir='ltr' id='par_1_38' title="bbox 488 3759 828 3812">
     <span class='ocr_line' id='line_1_38' title="bbox 488 3759 828 3812; baseline -0.003 0"><span class='ocrx_word' id='word_1_311' title='bbox 488 3759 613 3812; x_wconf 81' lang='lat' dir='ltr'><strong>eruti</strong></span> <span class='ocrx_word' id='word_1_312' title='bbox 636 3774 828 3812; x_wconf 85' lang='lat' dir='ltr'><strong>sumus.</strong></span> 
     </span>
    </p>
   </div>
   <div class='ocr_carea' id='block_1_39' title="bbox 560 3842 2051 3921">
    <p class='ocr_par' dir='ltr' id='par_1_39' title="bbox 560 3842 2051 3921">
     <span class='ocr_line' id='line_1_39' title="bbox 560 3842 2051 3921; baseline -0.006 -16"><span class='ocrx_word' id='word_1_313' title='bbox 560 3851 645 3905; x_wconf 76' lang='grc'><strong>15.</strong></span> <span class='ocrx_word' id='word_1_314' title='bbox 675 3848 822 3921; x_wconf 75' lang='grc' dir='ltr'><strong>[νει-ε.</strong></span> <span class='ocrx_word' id='word_1_315' title='bbox 847 3845 923 3919; x_wconf 85' lang='grc'><strong>8.]</strong></span> <span class='ocrx_word' id='word_1_316' title='bbox 950 3844 1190 3902; x_wconf 89' lang='lat' dir='ltr'><strong>Clament</strong></span> <span class='ocrx_word' id='word_1_317' title='bbox 1214 3859 1360 3916; x_wconf 82' lang='lat' dir='ltr'><strong>ergo,</strong></span> <span class='ocrx_word' id='word_1_318' title='bbox 1384 3843 1503 3914; x_wconf 87' lang='lat' dir='ltr'><strong>quia</strong></span> <span class='ocrx_word' id='word_1_319' title='bbox 1531 3842 1665 3898; x_wconf 89' lang='lat' dir='ltr'><strong>eruti</strong></span> <span class='ocrx_word' id='word_1_320' title='bbox 1693 3850 1848 3909; x_wconf 88' lang='lat' dir='ltr'><strong>sunt;</strong></span> <span class='ocrx_word' id='word_1_321' title='bbox 1874 3844 2051 3897; x_wconf 87' lang='lat' dir='ltr'><strong>volent</strong></span> 
     </span>
    </p>
   </div>
   <div class='ocr_carea' id='block_1_40' title="bbox 489 3933 2051 4008">
    <p class='ocr_par' dir='ltr' id='par_1_40' title="bbox 489 3933 2051 4008">
     <span class='ocr_line' id='line_1_40' title="bbox 489 3933 2051 4008; baseline -0.004 -15"><span class='ocrx_word' id='word_1_322' title='bbox 489 3941 555 3995; x_wconf 83' lang='lat' dir='ltr'><strong>ad</strong></span> <span class='ocrx_word' id='word_1_323' title='bbox 584 3941 743 3995; x_wconf 87' lang='lat' dir='ltr'><strong>Deum</strong></span> <span class='ocrx_word' id='word_1_324' title='bbox 766 3981 780 4001; x_wconf 93' lang='lat'><strong>,</strong></span> <span class='ocrx_word' id='word_1_325' title='bbox 808 3938 1129 4008; x_wconf 87' lang='lat' dir='ltr'><strong>triumphent</strong></span> <span class='ocrx_word' id='word_1_326' title='bbox 1163 3938 1214 3991; x_wconf 93' lang='lat' dir='ltr'><strong>in</strong></span> <span class='ocrx_word' id='word_1_327' title='bbox 1247 3936 1382 4001; x_wconf 89' lang='lat' dir='ltr'><strong>Deo,</strong></span> <span class='ocrx_word' id='word_1_328' title='bbox 1412 3934 1531 4005; x_wconf 89' lang='lat' dir='ltr'><strong>quia</strong></span> <span class='ocrx_word' id='word_1_329' title='bbox 1560 3933 1697 3989; x_wconf 89' lang='lat' dir='ltr'><strong>eruti</strong></span> <span class='ocrx_word' id='word_1_330' title='bbox 1730 3942 1851 3988; x_wconf 90' lang='lat' dir='ltr'><strong>sunt</strong></span> <span class='ocrx_word' id='word_1_331' title='bbox 1882 3950 1895 3985; x_wconf 89' lang='lat'><strong>:</strong></span> <span class='ocrx_word' id='word_1_332' title='bbox 1923 3948 2051 4002; x_wconf 86' lang='lat' dir='ltr'><strong>quo-</strong></span> 
     </span>
    </p>
   </div>
   <div class='ocr_carea' id='block_1_41' title="bbox 492 4026 2045 4097">
    <p class='ocr_par' dir='ltr' id='par_1_41' title="bbox 492 4026 2045 4097">
     <span class='ocr_line' id='line_1_41' title="bbox 492 4026 2045 4097; baseline -0.005 -12"><span class='ocrx_word' id='word_1_333' title='bbox 492 4033 629 4086; x_wconf 82' lang='lat' dir='ltr'><strong>niam</strong></span> <span class='ocrx_word' id='word_1_334' title='bbox 659 4032 909 4085; x_wconf 91' lang='lat' dir='ltr'><strong>Dominus</strong></span> <span class='ocrx_word' id='word_1_335' title='bbox 933 4038 1047 4086; x_wconf 89' lang='lat' dir='ltr'><strong>erat</strong></span> <span class='ocrx_word' id='word_1_336' title='bbox 1071 4029 1123 4085; x_wconf 91' lang='lat' dir='ltr'><strong>in</strong></span> <span class='ocrx_word' id='word_1_337' title='bbox 1146 4029 1243 4092; x_wconf 89' lang='lat' dir='ltr'><strong>eis,</strong></span> <span class='ocrx_word' id='word_1_338' title='bbox 1266 4043 1332 4082; x_wconf 90' lang='lat' dir='ltr'><strong>ne</strong></span> <span class='ocrx_word' id='word_1_339' title='bbox 1351 4041 1381 4081; x_wconf 87' lang='lat' dir='ltr'><strong>a</strong></span> <span class='ocrx_word' id='word_1_340' title='bbox 1406 4026 1695 4097; x_wconf 89' lang='lat' dir='ltr'><strong>muscipula</strong></span> <span class='ocrx_word' id='word_1_341' title='bbox 1715 4035 2045 4094; x_wconf 86' lang='lat' dir='ltr'><strong>caperentur.</strong></span> 
     </span>
    </p>
   </div>
   <div class='ocr_carea' id='block_1_42' title="bbox 487 4115 2051 4191">
    <p class='ocr_par' dir='ltr' id='par_1_42' title="bbox 487 4115 2051 4191">
     <span class='ocr_line' id='line_1_42' title="bbox 487 4115 2051 4191; baseline -0.003 -17"><span class='ocrx_word' id='word_1_342' title='bbox 487 4123 660 4191; x_wconf 74' lang='lat' dir='ltr'><strong>Qtﬂll‘e</strong></span> <span class='ocrx_word' id='word_1_343' title='bbox 686 4122 968 4190; x_wconf 88' lang='lat' dir='ltr'><strong>muscipula</strong></span> <span class='ocrx_word' id='word_1_344' title='bbox 992 4121 1214 4176; x_wconf 88' lang='lat' dir='ltr'><strong>contrita</strong></span> <span class='ocrx_word' id='word_1_345' title='bbox 1242 4130 1343 4186; x_wconf 89' lang='lat' dir='ltr'><strong>est,</strong></span> <span class='ocrx_word' id='word_1_346' title='bbox 1364 4127 1418 4173; x_wconf 90' lang='lat' dir='ltr'><strong>et</strong></span> <span class='ocrx_word' id='word_1_347' title='bbox 1444 4131 1541 4171; x_wconf 91' lang='lat' dir='ltr'><strong>nos</strong></span> <span class='ocrx_word' id='word_1_348' title='bbox 1564 4116 1698 4171; x_wconf 88' lang='lat' dir='ltr'><strong>eruti</strong></span> <span class='ocrx_word' id='word_1_349' title='bbox 1725 4116 1937 4171; x_wconf 87' lang='lat' dir='ltr'><strong>sumus?</strong></span> <span class='ocrx_word' id='word_1_350' title='bbox 1962 4115 2051 4170; x_wconf 77' lang='lat' dir='ltr'><strong>Vis</strong></span> 
     </span>
    </p>
   </div>
   <div class='ocr_carea' id='block_1_43' title="bbox 490 4206 2047 4282">
    <p class='ocr_par' dir='ltr' id='par_1_43' title="bbox 490 4206 2047 4282">
     <span class='ocr_line' id='line_1_43' title="bbox 490 4206 2047 4282; baseline -0.006 -14"><span class='ocrx_word' id='word_1_351' title='bbox 490 4215 625 4268; x_wconf 84' lang='lat' dir='ltr'><strong>seire</strong></span> <span class='ocrx_word' id='word_1_352' title='bbox 664 4216 860 4282; x_wconf 80' lang='lat' dir='ltr'><strong>quare?</strong></span> <span class='ocrx_word' id='word_1_353' title='bbox 903 4211 1219 4282; x_wconf 80' lang='lat' dir='ltr'><strong>Adjutorium</strong></span> <span class='ocrx_word' id='word_1_354' title='bbox 1255 4220 1480 4264; x_wconf 85' lang='lat' dir='ltr'><strong>nostrum</strong></span> <span class='ocrx_word' id='word_1_355' title='bbox 1507 4209 1559 4263; x_wconf 84' lang='lat' dir='ltr'><strong>in</strong></span> <span class='ocrx_word' id='word_1_356' title='bbox 1592 4208 1790 4263; x_wconf 79' lang='lat' dir='ltr'><strong>nomine</strong></span> <span class='ocrx_word' id='word_1_357' title='bbox 1817 4206 2047 4275; x_wconf 79' lang='lat' dir='ltr'><strong>Domini,</strong></span> 
     </span>
    </p>
   </div>
   <div class='ocr_carea' id='block_1_44' title="bbox 485 4288 2047 4374">
    <p class='ocr_par' dir='ltr' id='par_1_44' title="bbox 485 4288 2047 4374">
     <span class='ocr_line' id='line_1_44' title="bbox 485 4288 2047 4374; baseline -0.003 -17"><span class='ocrx_word' id='word_1_358' title='bbox 485 4305 570 4372; x_wconf 76' lang='lat' dir='ltr'><strong>qui</strong></span> <span class='ocrx_word' id='word_1_359' title='bbox 596 4306 710 4374; x_wconf 79' lang='lat' dir='ltr'><strong>fecit</strong></span> <span class='ocrx_word' id='word_1_360' title='bbox 736 4288 917 4357; x_wconf 68' lang='lat' dir='ltr'><strong>enatum</strong></span> <span class='ocrx_word' id='word_1_361' title='bbox 936 4313 980 4355; x_wconf 85' lang='lat' dir='ltr'><strong>et</strong></span> <span class='ocrx_word' id='word_1_362' title='bbox 1010 4311 1211 4355; x_wconf 82' lang='lat' dir='ltr'><strong>terram.</strong></span> <span class='ocrx_word' id='word_1_363' title='bbox 1238 4300 1367 4355; x_wconf 87' lang='lat' dir='ltr'><strong>Nam</strong></span> <span class='ocrx_word' id='word_1_364' title='bbox 1394 4301 1437 4355; x_wconf 91' lang='lat' dir='ltr'><strong>si</strong></span> <span class='ocrx_word' id='word_1_365' title='bbox 1467 4299 1784 4369; x_wconf 88' lang='lat' dir='ltr'><strong>adjutorium</strong></span> <span class='ocrx_word' id='word_1_366' title='bbox 1815 4297 1916 4354; x_wconf 87' lang='lat' dir='ltr'><strong>hoc</strong></span> <span class='ocrx_word' id='word_1_367' title='bbox 1945 4315 2047 4352; x_wconf 91' lang='lat' dir='ltr'><strong>non</strong></span> 
     </span>
    </p>
   </div>
   <div class='ocr_carea' id='block_1_45' title="bbox 486 4388 2067 4462">
    <p class='ocr_par' dir='ltr' id='par_1_45' title="bbox 486 4388 2067 4462">
     <span class='ocr_line' id='line_1_45' title="bbox 486 4388 2067 4462; baseline -0.004 -14"><span class='ocrx_word' id='word_1_368' title='bbox 486 4402 654 4457; x_wconf 83' lang='lat' dir='ltr'><strong>esset,</strong></span> <span class='ocrx_word' id='word_1_369' title='bbox 687 4408 790 4446; x_wconf 91' lang='lat' dir='ltr'><strong>non</strong></span> <span class='ocrx_word' id='word_1_370' title='bbox 829 4392 1039 4462; x_wconf 87' lang='lat' dir='ltr'><strong>quidem</strong></span> <span class='ocrx_word' id='word_1_371' title='bbox 1081 4400 1275 4446; x_wconf 64' lang='lat' dir='ltr'><strong>aeterna</strong></span> <span class='ocrx_word' id='word_1_372' title='bbox 1318 4402 1553 4446; x_wconf 86' lang='lat' dir='ltr'><strong>maneret</strong></span> <span class='ocrx_word' id='word_1_373' title='bbox 1588 4390 1915 4459; x_wconf 86' lang='lat' dir='ltr'><strong>muscipula;</strong></span> <span class='ocrx_word' id='word_1_374' title='bbox 1955 4388 2067 4442; x_wconf 80' lang='lat' dir='ltr'><strong>sed-</strong></span> 
     </span>
    </p>
   </div>
   <div class='ocr_carea' id='block_1_46' title="bbox 490 4479 2049 4551">
    <p class='ocr_par' dir='ltr' id='par_1_46' title="bbox 490 4479 2049 4551">
     <span class='ocr_line' id='line_1_46' title="bbox 490 4479 2049 4551; baseline -0.003 -15"><span class='ocrx_word' id='word_1_375' title='bbox 490 4498 608 4536; x_wconf 91' lang='lat' dir='ltr'><strong>cum</strong></span> <span class='ocrx_word' id='word_1_376' title='bbox 639 4493 821 4551; x_wconf 90' lang='lat' dir='ltr'><strong>captus</strong></span> <span class='ocrx_word' id='word_1_377' title='bbox 845 4491 1016 4547; x_wconf 89' lang='lat' dir='ltr'><strong>esset,</strong></span> <span class='ocrx_word' id='word_1_378' title='bbox 1045 4490 1407 4536; x_wconf 85' lang='lat' dir='ltr'><strong>contereretur</strong></span> <span class='ocrx_word' id='word_1_379' title='bbox 1434 4495 1632 4550; x_wconf 87' lang='lat' dir='ltr'><strong>passer.</strong></span> <span class='ocrx_word' id='word_1_380' title='bbox 1660 4479 1791 4535; x_wconf 76' lang='lat' dir='ltr'><strong>Nam</strong></span> <span class='ocrx_word' id='word_1_381' title='bbox 1819 4480 1921 4533; x_wconf 90' lang='lat' dir='ltr'><strong>vita</strong></span> <span class='ocrx_word' id='word_1_382' title='bbox 1952 4479 2049 4532; x_wconf 89' lang='lat' dir='ltr'><strong>ista</strong></span> 
     </span>
    </p>
   </div>
   <div class='ocr_carea' id='block_1_47' title="bbox 488 4568 2051 4640">
    <p class='ocr_par' dir='ltr' id='par_1_47' title="bbox 488 4568 2051 4640">
     <span class='ocr_line' id='line_1_47' title="bbox 488 4568 2051 4640; baseline 0.002 -17"><span class='ocrx_word' id='word_1_383' title='bbox 488 4572 772 4626; x_wconf 86' lang='lat' dir='ltr'><strong>transitura</strong></span> <span class='ocrx_word' id='word_1_384' title='bbox 801 4579 912 4638; x_wconf 90' lang='lat' dir='ltr'><strong>est;</strong></span> <span class='ocrx_word' id='word_1_385' title='bbox 945 4578 1000 4627; x_wconf 85' lang='lat' dir='ltr'><strong>et</strong></span> <span class='ocrx_word' id='word_1_386' title='bbox 1026 4570 1115 4639; x_wconf 82' lang='lat' dir='ltr'><strong>qui</strong></span> <span class='ocrx_word' id='word_1_387' title='bbox 1144 4569 1421 4625; x_wconf 86' lang='lat' dir='ltr'><strong>dulcedine</strong></span> <span class='ocrx_word' id='word_1_388' title='bbox 1445 4568 1559 4639; x_wconf 83' lang='lat' dir='ltr'><strong>ejus</strong></span> <span class='ocrx_word' id='word_1_389' title='bbox 1582 4571 1720 4640; x_wconf 89' lang='lat' dir='ltr'><strong>capti</strong></span> <span class='ocrx_word' id='word_1_390' title='bbox 1744 4569 1968 4637; x_wconf 81' lang='lat' dir='ltr'><strong>fuerint,</strong></span> <span class='ocrx_word' id='word_1_391' title='bbox 1996 4580 2051 4626; x_wconf 87' lang='lat' dir='ltr'><strong>et</strong></span> 
     </span>
    </p>
   </div>
   <div class='ocr_carea' id='block_1_48' title="bbox 491 4659 2049 4729">
    <p class='ocr_par' dir='ltr' id='par_1_48' title="bbox 491 4659 2049 4729">
     <span class='ocr_line' id='line_1_48' title="bbox 491 4659 2049 4729; baseline 0.001 -16"><span class='ocrx_word' id='word_1_392' title='bbox 491 4677 583 4729; x_wconf 87' lang='lat' dir='ltr'><strong>per</strong></span> <span class='ocrx_word' id='word_1_393' title='bbox 610 4661 743 4716; x_wconf 88' lang='lat' dir='ltr'><strong>hanc</strong></span> <span class='ocrx_word' id='word_1_394' title='bbox 768 4661 1095 4717; x_wconf 87' lang='lat' dir='ltr'><strong>dulcedinem</strong></span> <span class='ocrx_word' id='word_1_395' title='bbox 1120 4659 1433 4717; x_wconf 69' lang='lat' dir='ltr'><strong>offenderint</strong></span> <span class='ocrx_word' id='word_1_396' title='bbox 1459 4661 1644 4727; x_wconf 89' lang='lat' dir='ltr'><strong>Deum,</strong></span> <span class='ocrx_word' id='word_1_397' title='bbox 1675 4676 1792 4716; x_wconf 90' lang='lat' dir='ltr'><strong>cum</strong></span> <span class='ocrx_word' id='word_1_398' title='bbox 1821 4661 1918 4715; x_wconf 86' lang='lat' dir='ltr'><strong>ista</strong></span> <span class='ocrx_word' id='word_1_399' title='bbox 1944 4663 2049 4715; x_wconf 85' lang='lat' dir='ltr'><strong>vita</strong></span> 
     </span>
    </p>
   </div>
   <div class='ocr_carea' id='block_1_49' title="bbox 488 4752 2043 4822">
    <p class='ocr_par' dir='ltr' id='par_1_49' title="bbox 488 4752 2043 4822">
     <span class='ocr_line' id='line_1_49' title="bbox 488 4752 2043 4822; baseline -0.001 -13"><span class='ocrx_word' id='word_1_400' title='bbox 488 4754 802 4810; x_wconf 87' lang='lat' dir='ltr'><strong>transibunt.</strong></span> <span class='ocrx_word' id='word_1_401' title='bbox 829 4753 958 4809; x_wconf 87' lang='lat' dir='ltr'><strong>Nam</strong></span> <span class='ocrx_word' id='word_1_402' title='bbox 983 4763 1282 4809; x_wconf 88' lang='lat' dir='ltr'><strong>conteretur</strong></span> <span class='ocrx_word' id='word_1_403' title='bbox 1319 4752 1645 4822; x_wconf 88' lang='lat' dir='ltr'><strong>muscipula;</strong></span> <span class='ocrx_word' id='word_1_404' title='bbox 1672 4752 1798 4807; x_wconf 90' lang='lat' dir='ltr'><strong>certi</strong></span> <span class='ocrx_word' id='word_1_405' title='bbox 1834 4761 2001 4806; x_wconf 88' lang='lat' dir='ltr'><strong>estote</strong></span> <span class='ocrx_word' id='word_1_406' title='bbox 2032 4772 2043 4807; x_wconf 92' lang='lat'>:</span> 
     </span>
    </p>
   </div>
   <div class='ocr_carea' id='block_1_50' title="bbox 486 4842 2046 4915">
    <p class='ocr_par' dir='ltr' id='par_1_50' title="bbox 486 4842 2046 4915">
     <span class='ocr_line' id='line_1_50' title="bbox 486 4842 2046 4915; baseline -0.001 -16"><span class='ocrx_word' id='word_1_407' title='bbox 486 4847 659 4901; x_wconf 89' lang='lat' dir='ltr'><strong>omnis</strong></span> <span class='ocrx_word' id='word_1_408' title='bbox 687 4845 907 4901; x_wconf 90' lang='lat' dir='ltr'><strong>dulcedo</strong></span> <span class='ocrx_word' id='word_1_409' title='bbox 933 4846 1052 4901; x_wconf 74' lang='lat' dir='ltr'><strong>vita:</strong></span> <span class='ocrx_word' id='word_1_410' title='bbox 1078 4845 1226 4901; x_wconf 86' lang='lat' dir='ltr'><strong>istius</strong></span> <span class='ocrx_word' id='word_1_411' title='bbox 1255 4844 1529 4915; x_wconf 70' lang='lat' dir='ltr'><strong>prmsentis</strong></span> <span class='ocrx_word' id='word_1_412' title='bbox 1555 4857 1660 4898; x_wconf 91' lang='lat' dir='ltr'><strong>non</strong></span> <span class='ocrx_word' id='word_1_413' title='bbox 1686 4844 1805 4910; x_wconf 87' lang='lat' dir='ltr'><strong>erit,</strong></span> <span class='ocrx_word' id='word_1_414' title='bbox 1835 4842 2046 4913; x_wconf 89' lang='lat' dir='ltr'><strong>impleta</strong></span> 
     </span>
    </p>
   </div>
   <div class='ocr_carea' id='block_1_51' title="bbox 486 4936 2047 5009">
    <p class='ocr_par' dir='ltr' id='par_1_51' title="bbox 486 4936 2047 5009">
     <span class='ocr_line' id='line_1_51' title="bbox 486 4936 2047 5009; baseline -0.006 -9"><span class='ocrx_word' id='word_1_415' title='bbox 486 4952 628 5000; x_wconf 70' lang='lat' dir='ltr'><strong>Sorte</strong></span> <span class='ocrx_word' id='word_1_416' title='bbox 656 4942 756 4998; x_wconf 89' lang='lat' dir='ltr'><strong>loci</strong></span> <span class='ocrx_word' id='word_1_417' title='bbox 783 4942 899 5008; x_wconf 89' lang='lat' dir='ltr'><strong>sui;</strong></span> <span class='ocrx_word' id='word_1_418' title='bbox 928 4941 1023 4997; x_wconf 87' lang='lat' dir='ltr'><strong>sed</strong></span> <span class='ocrx_word' id='word_1_419' title='bbox 1063 4955 1194 5009; x_wconf 89' lang='lat' dir='ltr'><strong>opus</strong></span> <span class='ocrx_word' id='word_1_420' title='bbox 1232 4948 1313 4994; x_wconf 90' lang='lat' dir='ltr'><strong>est</strong></span> <span class='ocrx_word' id='word_1_421' title='bbox 1347 4953 1451 4994; x_wconf 91' lang='lat' dir='ltr'><strong>non</strong></span> <span class='ocrx_word' id='word_1_422' title='bbox 1492 4937 1726 5003; x_wconf 73' lang='lat' dir='ltr'><strong>hmrcre,</strong></span> <span class='ocrx_word' id='word_1_423' title='bbox 1756 4936 1819 4991; x_wconf 68' lang='lat' dir='ltr'><strong>ut</strong></span> <span class='ocrx_word' id='word_1_424' title='bbox 1840 4938 2047 5006; x_wconf 90' lang='lat' dir='ltr'><strong>quando</strong></span> 
     </span>
    </p>
   </div>
   <div class='ocr_carea' id='block_1_52' title="bbox 486 5027 2045 5100">
    <p class='ocr_par' dir='ltr' id='par_1_52' title="bbox 486 5027 2045 5100">
     <span class='ocr_line' id='line_1_52' title="bbox 486 5027 2045 5100; baseline -0.004 -13"><span class='ocrx_word' id='word_1_425' title='bbox 486 5041 789 5088; x_wconf 88' lang='lat' dir='ltr'><strong>conteretur</strong></span> <span class='ocrx_word' id='word_1_426' title='bbox 815 5030 1099 5100; x_wconf 89' lang='lat' dir='ltr'><strong>muscipula</strong></span> <span class='ocrx_word' id='word_1_427' title='bbox 1117 5073 1132 5097; x_wconf 88' lang='lat'><strong>,</strong></span> <span class='ocrx_word' id='word_1_428' title='bbox 1163 5041 1285 5085; x_wconf 91' lang='lat' dir='ltr'><strong>tunc</strong></span> <span class='ocrx_word' id='word_1_429' title='bbox 1308 5029 1542 5084; x_wconf 83' lang='lat' dir='ltr'><strong>exsultes</strong></span> <span class='ocrx_word' id='word_1_430' title='bbox 1567 5039 1619 5084; x_wconf 88' lang='lat' dir='ltr'><strong>et</strong></span> <span class='ocrx_word' id='word_1_431' title='bbox 1643 5028 1785 5083; x_wconf 90' lang='lat' dir='ltr'><strong>dicas</strong></span> <span class='ocrx_word' id='word_1_432' title='bbox 1803 5070 1818 5093; x_wconf 92' lang='lat'><strong>,</strong></span> <span class='ocrx_word' id='word_1_433' title='bbox 1854 5027 2045 5082; x_wconf 78' lang='lat' dir='ltr'><strong>Musei-</strong></span> 
     </span>
    </p>
   </div>
   <div class='ocr_carea' id='block_1_53' title="bbox 488 5118 2046 5193">
    <p class='ocr_par' dir='ltr' id='par_1_53' title="bbox 488 5118 2046 5193">
     <span class='ocr_line' id='line_1_53' title="bbox 488 5118 2046 5193; baseline -0.001 -16"><span class='ocrx_word' id='word_1_434' title='bbox 488 5124 608 5193; x_wconf 82' lang='lat' dir='ltr'><strong>pnla</strong></span> <span class='ocrx_word' id='word_1_435' title='bbox 633 5123 844 5177; x_wconf 82' lang='lat' dir='ltr'><strong>contrita</strong></span> <span class='ocrx_word' id='word_1_436' title='bbox 865 5131 955 5184; x_wconf 81' lang='lat' dir='ltr'><strong>est,</strong></span> <span class='ocrx_word' id='word_1_437' title='bbox 983 5130 1028 5176; x_wconf 84' lang='lat' dir='ltr'><strong>et</strong></span> <span class='ocrx_word' id='word_1_438' title='bbox 1057 5138 1147 5176; x_wconf 86' lang='lat' dir='ltr'><strong>nos</strong></span> <span class='ocrx_word' id='word_1_439' title='bbox 1169 5122 1293 5174; x_wconf 85' lang='lat' dir='ltr'><strong>eruti</strong></span> <span class='ocrx_word' id='word_1_440' title='bbox 1316 5137 1506 5175; x_wconf 82' lang='lat' dir='ltr'><strong>sumus.</strong></span> <span class='ocrx_word' id='word_1_441' title='bbox 1536 5118 1639 5175; x_wconf 89' lang='lat' dir='ltr'><strong>Sed</strong></span> <span class='ocrx_word' id='word_1_442' title='bbox 1674 5136 1739 5176; x_wconf 87' lang='lat' dir='ltr'><strong>ne</strong></span> <span class='ocrx_word' id='word_1_443' title='bbox 1768 5130 1919 5189; x_wconf 84' lang='lat' dir='ltr'><strong>putes</strong></span> <span class='ocrx_word' id='word_1_444' title='bbox 1948 5121 2046 5175; x_wconf 90' lang='lat' dir='ltr'><strong>hoc</strong></span> 
     </span>
    </p>
   </div>
   <div class='ocr_carea' id='block_1_54' title="bbox 489 5211 2044 5282">
    <p class='ocr_par' dir='ltr' id='par_1_54' title="bbox 489 5211 2044 5282">
     <span class='ocr_line' id='line_1_54' title="bbox 489 5211 2044 5282; baseline -0.002 -14"><span class='ocrx_word' id='word_1_445' title='bbox 489 5214 685 5270; x_wconf 66' lang='lat' dir='ltr'><strong>viribus</strong></span> <span class='ocrx_word' id='word_1_446' title='bbox 715 5213 818 5270; x_wconf 83' lang='lat' dir='ltr'><strong>tuis</strong></span> <span class='ocrx_word' id='word_1_447' title='bbox 844 5226 896 5268; x_wconf 87' lang='lat' dir='ltr'><strong>te</strong></span> <span class='ocrx_word' id='word_1_448' title='bbox 922 5227 1095 5282; x_wconf 89' lang='lat' dir='ltr'><strong>posse,</strong></span> <span class='ocrx_word' id='word_1_449' title='bbox 1126 5211 1336 5267; x_wconf 86' lang='lat' dir='ltr'><strong>attende</strong></span> <span class='ocrx_word' id='word_1_450' title='bbox 1368 5211 1515 5280; x_wconf 85' lang='lat' dir='ltr'><strong>cujus</strong></span> <span class='ocrx_word' id='word_1_451' title='bbox 1542 5220 1621 5267; x_wconf 86' lang='lat' dir='ltr'><strong>est</strong></span> <span class='ocrx_word' id='word_1_452' title='bbox 1649 5227 1779 5281; x_wconf 90' lang='lat' dir='ltr'><strong>opus</strong></span> <span class='ocrx_word' id='word_1_453' title='bbox 1805 5220 1862 5266; x_wconf 90' lang='lat' dir='ltr'><strong>ut</strong></span> <span class='ocrx_word' id='word_1_454' title='bbox 1889 5228 2044 5267; x_wconf 90' lang='lat' dir='ltr'><strong>erua-</strong></span> 
     </span>
    </p>
   </div>
   <div class='ocr_carea' id='block_1_55' title="bbox 486 5299 2042 5374">
    <p class='ocr_par' dir='ltr' id='par_1_55' title="bbox 486 5299 2042 5374">
     <span class='ocr_line' id='line_1_55' title="bbox 486 5299 2042 5374; baseline 0.001 -19"><span class='ocrx_word' id='word_1_455' title='bbox 486 5305 560 5357; x_wconf 88' lang='lat' dir='ltr'><strong>ris</strong></span> <span class='ocrx_word' id='word_1_456' title='bbox 578 5305 598 5336; x_wconf 85' lang='lat'><strong><em>&quot;</em></strong></span> <span class='ocrx_word' id='word_1_457' title='bbox 622 5304 766 5374; x_wconf 90' lang='lat' dir='ltr'><strong>(nam</strong></span> <span class='ocrx_word' id='word_1_458' title='bbox 792 5302 836 5357; x_wconf 89' lang='lat' dir='ltr'><strong>si</strong></span> <span class='ocrx_word' id='word_1_459' title='bbox 858 5299 1199 5372; x_wconf 84' lang='lat' dir='ltr'><strong>superbieris,</strong></span> <span class='ocrx_word' id='word_1_460' title='bbox 1221 5300 1274 5355; x_wconf 91' lang='lat' dir='ltr'><strong>in</strong></span> <span class='ocrx_word' id='word_1_461' title='bbox 1296 5301 1637 5369; x_wconf 86' lang='lat' dir='ltr'><strong>muscipulam</strong></span> <span class='ocrx_word' id='word_1_462' title='bbox 1659 5299 1846 5373; x_wconf 82' lang='lat' dir='ltr'><strong>cadis),</strong></span> <span class='ocrx_word' id='word_1_463' title='bbox 1870 5311 1922 5356; x_wconf 90' lang='lat' dir='ltr'><strong>et</strong></span> <span class='ocrx_word' id='word_1_464' title='bbox 1942 5303 2042 5367; x_wconf 90' lang='lat' dir='ltr'><strong>dic,</strong></span> 
     </span>
    </p>
   </div>
   <div class='ocr_carea' id='block_1_56' title="bbox 548 5428 1119 5493">
    <p class='ocr_par' dir='ltr' id='par_1_56' title="bbox 548 5428 1119 5493">
     <span class='ocr_line' id='line_1_56' title="bbox 548 5428 1119 5493; baseline -0.009 -10"><span class='ocrx_word' id='word_1_465' title='bbox 548 5435 564 5464; x_wconf 85' lang='grc'><strong>²</strong></span> <span class='ocrx_word' id='word_1_466' title='bbox 587 5440 722 5493; x_wconf 83' lang='lat' dir='ltr'><strong>Lov.,</strong></span> <span class='ocrx_word' id='word_1_467' title='bbox 746 5444 858 5481; x_wconf 89' lang='lat' dir='ltr'><strong>nam</strong></span> <span class='ocrx_word' id='word_1_468' title='bbox 880 5428 968 5482; x_wconf 74' lang='lat' dir='ltr'><strong>iui.</strong></span> <span class='ocrx_word' id='word_1_469' title='bbox 1065 5438 1119 5478; x_wconf 83' lang='lat' dir='ltr'><strong>M.</strong></span> 
     </span>
    </p>
   </div>
   <div class='ocr_carea' id='block_1_57' title="bbox 548 5493 1098 5553">
    <p class='ocr_par' dir='ltr' id='par_1_57' title="bbox 548 5493 1098 5553">
     <span class='ocr_line' id='line_1_57' title="bbox 548 5493 1098 5553; baseline -0.002 -13"><span class='ocrx_word' id='word_1_470' title='bbox 548 5495 568 5523; x_wconf 71' lang='grc' dir='ltr'>ί</span> <span class='ocrx_word' id='word_1_471' title='bbox 593 5501 721 5552; x_wconf 80' lang='lat' dir='ltr'><strong>I.ov.,</strong></span> <span class='ocrx_word' id='word_1_472' title='bbox 1044 5499 1098 5540; x_wconf 83' lang='lat' dir='ltr'><strong>tn.</strong></span> 
     </span>
    </p>
   </div>
   <div class='ocr_carea' id='block_1_58' title="bbox 552 5546 1919 5617">
    <p class='ocr_par' dir='ltr' id='par_1_58' title="bbox 552 5546 1919 5617">
     <span class='ocr_line' id='line_1_58' title="bbox 552 5546 1919 5617; baseline 0.001 -16"><span class='ocrx_word' id='word_1_473' title='bbox 552 5555 573 5617; x_wconf 56' lang='grc' dir='ltr'><strong><em>ἒ</em></strong></span> <span class='ocrx_word' id='word_1_474' title='bbox 595 5546 722 5613; x_wconf 67' lang='lat' dir='ltr'><strong>I.ov.,</strong></span> <span class='ocrx_word' id='word_1_475' title='bbox 740 5546 857 5617; x_wconf 69' lang='lat' dir='ltr'><strong>ﬁdei</strong></span> <span class='ocrx_word' id='word_1_476' title='bbox 873 5555 1036 5617; x_wconf 81' lang='lat' dir='ltr'><strong>pedes.</strong></span> <span class='ocrx_word' id='word_1_477' title='bbox 1060 5561 1177 5615; x_wconf 66' lang='lat' dir='ltr'><strong>Vox,</strong></span> <span class='ocrx_word' id='word_1_478' title='bbox 1196 5551 1329 5617; x_wconf 80' lang='lat' dir='ltr'><strong>ﬁdei,</strong></span> <span class='ocrx_word' id='word_1_479' title='bbox 1355 5563 1383 5600; x_wconf 85' lang='lat' dir='ltr'><strong>a</strong></span> <span class='ocrx_word' id='word_1_480' title='bbox 1405 5552 1595 5601; x_wconf 63' lang='lat' dir='ltr'><strong>caeteris</strong></span> <span class='ocrx_word' id='word_1_481' title='bbox 1618 5550 1751 5602; x_wconf 84' lang='lat' dir='ltr'><strong>libris</strong></span> <span class='ocrx_word' id='word_1_482' title='bbox 1766 5553 1919 5604; x_wconf 87' lang='lat' dir='ltr'><strong>abest.</strong></span> 
     </span>
    </p>
   </div>
   <div class='ocr_carea' id='block_1_59' title="bbox 546 5615 1105 5674">
    <p class='ocr_par' dir='ltr' id='par_1_59' title="bbox 546 5615 1105 5674">
     <span class='ocr_line' id='line_1_59' title="bbox 546 5615 1105 5674; baseline 0.004 -13"><span class='ocrx_word' id='word_1_483' title='bbox 546 5615 569 5644; x_wconf 78' lang='grc'><strong>⁸</strong></span> <span class='ocrx_word' id='word_1_484' title='bbox 589 5621 716 5673; x_wconf 62' lang='grc' dir='ltr'><strong>ιον..</strong></span> <span class='ocrx_word' id='word_1_485' title='bbox 739 5615 954 5674; x_wconf 63' lang='lat' dir='ltr'><strong>capieris.</strong></span> <span class='ocrx_word' id='word_1_486' title='bbox 1051 5622 1105 5674; x_wconf 77' lang='grc' dir='ltr'><strong>Μ.</strong></span> 
     </span>
    </p>
   </div>
   <div class='ocr_carea' id='block_1_60' title="bbox 544 5673 1408 5736">
    <p class='ocr_par' dir='ltr' id='par_1_60' title="bbox 544 5673 1408 5736">
     <span class='ocr_line' id='line_1_60' title="bbox 544 5673 1408 5736; baseline 0.001 -14"><span class='ocrx_word' id='word_1_487' title='bbox 544 5675 567 5736; x_wconf 59' lang='grc' dir='ltr'>ξ</span> <span class='ocrx_word' id='word_1_488' title='bbox 591 5680 664 5722; x_wconf 75' lang='lat' dir='ltr'><strong>Er.</strong></span> <span class='ocrx_word' id='word_1_489' title='bbox 688 5673 830 5736; x_wconf 74' lang='lat' dir='ltr'><strong>Lugd.</strong></span> <span class='ocrx_word' id='word_1_490' title='bbox 854 5683 993 5735; x_wconf 76' lang='lat' dir='ltr'><strong>\‘en.,</strong></span> <span class='ocrx_word' id='word_1_491' title='bbox 1021 5673 1259 5727; x_wconf 78' lang='lat' dir='ltr'><strong>obtineris.</strong></span> <span class='ocrx_word' id='word_1_492' title='bbox 1355 5684 1408 5723; x_wconf 71' lang='lat' dir='ltr'><strong>at.</strong></span> 
     </span>
    </p>
   </div>
   <div class='ocr_carea' id='block_1_61' title="bbox 546 5734 1567 5795">
    <p class='ocr_par' dir='ltr' id='par_1_61' title="bbox 546 5734 1567 5795">
     <span class='ocr_line' id='line_1_61' title="bbox 546 5734 1567 5795; baseline 0.006 -16"><span class='ocrx_word' id='word_1_493' title='bbox 546 5734 568 5795; x_wconf 69' lang='grc' dir='ltr'><strong>ξ</strong></span> <span class='ocrx_word' id='word_1_494' title='bbox 593 5741 666 5780; x_wconf 77' lang='lat' dir='ltr'><strong>Er.</strong></span> <span class='ocrx_word' id='word_1_495' title='bbox 683 5734 827 5795; x_wconf 72' lang='lat' dir='ltr'><strong>Lugd.</strong></span> <span class='ocrx_word' id='word_1_496' title='bbox 852 5742 968 5784; x_wconf 81' lang='lat' dir='ltr'><strong>\‘en.</strong></span> <span class='ocrx_word' id='word_1_497' title='bbox 995 5743 1417 5795; x_wconf 80' lang='lat' dir='ltr'><strong>t.ov.,martyrum.</strong></span> <span class='ocrx_word' id='word_1_498' title='bbox 1515 5743 1567 5785; x_wconf 71' lang='lat' dir='ltr'><strong>tt.</strong></span> 
     </span>
    </p>
   </div>
   <div class='ocr_carea' id='block_1_62' title="bbox 508 5790 2042 5860">
    <p class='ocr_par' dir='ltr' id='par_1_62' title="bbox 508 5790 2042 5860">
     <span class='ocr_line' id='line_1_62' title="bbox 508 5790 2042 5860; baseline 0.005 -20"><span class='ocrx_word' id='word_1_499' title='bbox 508 5805 515 5812; x_wconf 73' lang='lat'><strong><em>&#39;</em></strong></span> <span class='ocrx_word' id='word_1_500' title='bbox 545 5793 568 5826; x_wconf 73' lang='lat'><strong>&#39;</strong></span> <span class='ocrx_word' id='word_1_501' title='bbox 593 5797 664 5844; x_wconf 82' lang='lat' dir='ltr'><strong>sic</strong></span> <span class='ocrx_word' id='word_1_502' title='bbox 685 5790 903 5856; x_wconf 70' lang='lat' dir='ltr'><strong>ple&#39;ﬁqne</strong></span> <span class='ocrx_word' id='word_1_503' title='bbox 928 5804 1029 5846; x_wconf 67' lang='lat' dir='ltr'><strong>MSS.</strong></span> <span class='ocrx_word' id='word_1_504' title='bbox 1051 5790 1132 5846; x_wconf 78' lang='lat' dir='ltr'><strong>Atii</strong></span> <span class='ocrx_word' id='word_1_505' title='bbox 1158 5790 1361 5860; x_wconf 73' lang='lat' dir='ltr'><strong>quidam,</strong></span> <span class='ocrx_word' id='word_1_506' title='bbox 1379 5798 1582 5858; x_wconf 76' lang='lat' dir='ltr'><strong>attende,</strong></span> <span class='ocrx_word' id='word_1_507' title='bbox 1599 5802 1697 5847; x_wconf 84' lang='lat' dir='ltr'><strong>esto</strong></span> <span class='ocrx_word' id='word_1_508' title='bbox 1717 5796 1823 5858; x_wconf 77' lang='lat' dir='ltr'><strong>pius</strong></span> <span class='ocrx_word' id='word_1_509' title='bbox 1838 5805 1886 5850; x_wconf 92' lang='lat' dir='ltr'><strong>ut</strong></span> <span class='ocrx_word' id='word_1_510' title='bbox 1900 5811 2042 5848; x_wconf 82' lang='lat' dir='ltr'><strong>erua-</strong></span> 
     </span>
    </p>
   </div>
   <div class='ocr_carea' id='block_1_63' title="bbox 1696 290 2489 408">
    <p class='ocr_par' dir='ltr' id='par_1_63' title="bbox 1696 290 2489 408">
     <span class='ocr_line' id='line_1_63' title="bbox 1696 290 2489 408; baseline 0 -2"><span class='ocrx_word' id='word_1_511' title='bbox 1696 355 1754 407; x_wconf 88' lang='lat' dir='ltr'><strong>S.</strong></span> <span class='ocrx_word' id='word_1_512' title='bbox 1797 290 2153 406; x_wconf 61' lang='lat' dir='ltr'><strong>AUGUSTINi</strong></span> <span class='ocrx_word' id='word_1_513' title='bbox 2196 349 2489 408; x_wconf 78' lang='lat' dir='ltr'><strong>EPISCOPI</strong></span> 
     </span>
    </p>
   </div>
   <div class='ocr_carea' id='block_1_64' title="bbox 3561 354 3697 413">
    <p class='ocr_par' dir='ltr' id='par_1_64' title="bbox 3561 354 3697 413">
     <span class='ocr_line' id='line_1_64' title="bbox 3561 354 3697 413; baseline -0.007 0"><span class='ocrx_word' id='word_1_514' title='bbox 3561 354 3697 413; x_wconf 62' lang='lat'><strong>{6&amp;3</strong></span> 
     </span>
    </p>
   </div>
   <div class='ocr_carea' id='block_1_65' title="bbox 2141 465 3702 542">
    <p class='ocr_par' dir='ltr' id='par_1_65' title="bbox 2141 465 3702 542">
     <span class='ocr_line' id='line_1_65' title="bbox 2141 465 3702 542; baseline 0.006 -26"><span class='ocrx_word' id='word_1_515' title='bbox 2141 465 2456 533; x_wconf 81' lang='lat' dir='ltr'><strong>Adjutorium</strong></span> <span class='ocrx_word' id='word_1_516' title='bbox 2482 476 2698 520; x_wconf 78' lang='lat' dir='ltr'><strong>nostrum</strong></span> <span class='ocrx_word' id='word_1_517' title='bbox 2725 469 2774 521; x_wconf 87' lang='lat' dir='ltr'><strong>in</strong></span> <span class='ocrx_word' id='word_1_518' title='bbox 2800 469 2996 523; x_wconf 82' lang='lat' dir='ltr'><strong>nomine</strong></span> <span class='ocrx_word' id='word_1_519' title='bbox 3025 467 3246 537; x_wconf 80' lang='lat' dir='ltr'><strong>Domini,</strong></span> <span class='ocrx_word' id='word_1_520' title='bbox 3274 472 3361 540; x_wconf 81' lang='lat' dir='ltr'><strong>qui</strong></span> <span class='ocrx_word' id='word_1_521' title='bbox 3385 470 3502 542; x_wconf 78' lang='lat' dir='ltr'><strong>fecit</strong></span> <span class='ocrx_word' id='word_1_522' title='bbox 3526 474 3702 527; x_wconf 64' lang='lat' dir='ltr'><strong>culum</strong></span> 
     </span>
    </p>
   </div>
   <div class='ocr_carea' id='block_1_66' title="bbox 2139 565 2411 611">
    <p class='ocr_par' dir='ltr' id='par_1_66' title="bbox 2139 565 2411 611">
     <span class='ocr_line' id='line_1_66' title="bbox 2139 565 2411 611; baseline 0.007 -2"><span class='ocrx_word' id='word_1_523' title='bbox 2139 566 2182 609; x_wconf 80' lang='grc' dir='ltr'><strong>ει</strong></span> <span class='ocrx_word' id='word_1_524' title='bbox 2209 565 2411 611; x_wconf 84' lang='lat' dir='ltr'><strong>terram.</strong></span> 
     </span>
    </p>
   </div>
   <div class='ocr_carea' id='block_1_67' title="bbox 2210 647 3706 729">
    <p class='ocr_par' dir='ltr' id='par_1_67' title="bbox 2210 647 3706 729">
     <span class='ocr_line' id='line_1_67' title="bbox 2210 647 3706 729; baseline 0.001 -28"><span class='ocrx_word' id='word_1_525' title='bbox 2210 647 2293 701; x_wconf 70' lang='grc'><strong>14.</strong></span> <span class='ocrx_word' id='word_1_526' title='bbox 2326 647 2565 703; x_wconf 81' lang='lat' dir='ltr'><strong>Psalmus</strong></span> <span class='ocrx_word' id='word_1_527' title='bbox 2593 658 2842 729; x_wconf 55' lang='lat' dir='ltr'><strong>tractatus</strong></span> <span class='ocrx_word' id='word_1_528' title='bbox 2866 659 2966 715; x_wconf 90' lang='lat' dir='ltr'><strong>est,</strong></span> <span class='ocrx_word' id='word_1_529' title='bbox 2991 660 3043 705; x_wconf 89' lang='lat' dir='ltr'><strong>et</strong></span> <span class='ocrx_word' id='word_1_530' title='bbox 3066 661 3315 721; x_wconf 87' lang='lat' dir='ltr'><strong>quantum</strong></span> <span class='ocrx_word' id='word_1_531' title='bbox 3342 651 3593 705; x_wconf 88' lang='lat' dir='ltr'><strong>Dominus</strong></span> <span class='ocrx_word' id='word_1_532' title='bbox 3612 649 3706 703; x_wconf 79' lang='lat' dir='ltr'><strong>ad-</strong></span> 
     </span>
    </p>
   </div>
   <div class='ocr_carea' id='block_1_68' title="bbox 2140 742 3707 814">
    <p class='ocr_par' dir='ltr' id='par_1_68' title="bbox 2140 742 3707 814">
     <span class='ocr_line' id='line_1_68' title="bbox 2140 742 3707 814; baseline 0 -19"><span class='ocrx_word' id='word_1_533' title='bbox 2140 742 2317 810; x_wconf 81' lang='lat' dir='ltr'><strong>juvare</strong></span> <span class='ocrx_word' id='word_1_534' title='bbox 2339 742 2579 812; x_wconf 77' lang='lat' dir='ltr'><strong>dignatus</strong></span> <span class='ocrx_word' id='word_1_535' title='bbox 2598 755 2696 809; x_wconf 90' lang='lat' dir='ltr'><strong>est,</strong></span> <span class='ocrx_word' id='word_1_536' title='bbox 2722 755 2776 797; x_wconf 90' lang='lat' dir='ltr'><strong>ut</strong></span> <span class='ocrx_word' id='word_1_537' title='bbox 2802 754 2944 813; x_wconf 83' lang='lat' dir='ltr'><strong>puto,</strong></span> <span class='ocrx_word' id='word_1_538' title='bbox 2968 746 3256 814; x_wconf 82' lang='lat' dir='ltr'><strong>expositus.</strong></span> <span class='ocrx_word' id='word_1_539' title='bbox 3280 744 3526 799; x_wconf 89' lang='lat' dir='ltr'><strong>Crastino</strong></span> <span class='ocrx_word' id='word_1_540' title='bbox 3547 743 3707 798; x_wconf 85' lang='lat' dir='ltr'><strong>etiam</strong></span> 
     </span>
    </p>
   </div>
   <div class='ocr_carea' id='block_1_69' title="bbox 2142 832 3707 904">
    <p class='ocr_par' dir='ltr' id='par_1_69' title="bbox 2142 832 3707 904">
     <span class='ocr_line' id='line_1_69' title="bbox 2142 832 3707 904; baseline 0.001 -19"><span class='ocrx_word' id='word_1_541' title='bbox 2142 832 2225 887; x_wconf 89' lang='lat' dir='ltr'><strong>die</strong></span> <span class='ocrx_word' id='word_1_542' title='bbox 2249 846 2548 888; x_wconf 88' lang='lat' dir='ltr'><strong>sermonem</strong></span> <span class='ocrx_word' id='word_1_543' title='bbox 2577 834 2755 889; x_wconf 89' lang='lat' dir='ltr'><strong>deberi</strong></span> <span class='ocrx_word' id='word_1_544' title='bbox 2784 835 3034 889; x_wconf 75' lang='lat' dir='ltr'><strong>(Zharitati</strong></span> <span class='ocrx_word' id='word_1_545' title='bbox 3064 846 3249 890; x_wconf 75' lang='lat' dir='ltr'><strong>vestne</strong></span> <span class='ocrx_word' id='word_1_546' title='bbox 3277 834 3475 904; x_wconf 87' lang='lat' dir='ltr'><strong>optime</strong></span> <span class='ocrx_word' id='word_1_547' title='bbox 3501 834 3707 897; x_wconf 87' lang='lat' dir='ltr'><strong>nostis;</strong></span> 
     </span>
    </p>
   </div>
   <div class='ocr_carea' id='block_1_70' title="bbox 2142 921 3713 992">
    <p class='ocr_par' dir='ltr' id='par_1_70' title="bbox 2142 921 3713 992">
     <span class='ocr_line' id='line_1_70' title="bbox 2142 921 3713 992; baseline 0 -17"><span class='ocrx_word' id='word_1_548' title='bbox 2142 921 2410 988; x_wconf 88' lang='lat' dir='ltr'><strong>adestote,</strong></span> <span class='ocrx_word' id='word_1_549' title='bbox 2437 934 2488 977; x_wconf 90' lang='lat' dir='ltr'><strong>et</strong></span> <span class='ocrx_word' id='word_1_550' title='bbox 2519 924 2762 992; x_wconf 81' lang='lat' dir='ltr'><strong>adjuvate</strong></span> <span class='ocrx_word' id='word_1_551' title='bbox 2788 939 2883 978; x_wconf 88' lang='lat' dir='ltr'><strong>nos</strong></span> <span class='ocrx_word' id='word_1_552' title='bbox 2907 926 3231 979; x_wconf 86' lang='lat' dir='ltr'><strong>orationibus</strong></span> <span class='ocrx_word' id='word_1_553' title='bbox 3260 925 3468 978; x_wconf 81' lang='lat' dir='ltr'><strong>vestris.</strong></span> <span class='ocrx_word' id='word_1_554' title='bbox 3497 923 3713 977; x_wconf 83' lang='lat' dir='ltr'><strong>Pollici-</strong></span> 
     </span>
    </p>
   </div>
   <div class='ocr_carea' id='block_1_71' title="bbox 2148 1000 3712 1080">
    <p class='ocr_par' dir='ltr' id='par_1_71' title="bbox 2148 1000 3712 1080">
     <span class='ocr_line' id='line_1_71' title="bbox 2148 1000 3712 1080; baseline 0.001 -15"><span class='ocrx_word' id='word_1_555' title='bbox 2148 1000 2353 1066; x_wconf 76' lang='lat' dir='ltr'><strong>tatioziis</strong></span> <span class='ocrx_word' id='word_1_556' title='bbox 2374 1015 2513 1067; x_wconf 86' lang='lat' dir='ltr'><strong>enim</strong></span> <span class='ocrx_word' id='word_1_557' title='bbox 2541 1023 2733 1069; x_wconf 85' lang='lat' dir='ltr'><strong>nostrae</strong></span> <span class='ocrx_word' id='word_1_558' title='bbox 2761 1016 3061 1070; x_wconf 90' lang='lat' dir='ltr'><strong>meminisse</strong></span> <span class='ocrx_word' id='word_1_559' title='bbox 3090 1014 3327 1080; x_wconf 89' lang='lat' dir='ltr'><strong>debetis;</strong></span> <span class='ocrx_word' id='word_1_560' title='bbox 3353 1029 3453 1069; x_wconf 89' lang='lat' dir='ltr'><strong>nec</strong></span> <span class='ocrx_word' id='word_1_561' title='bbox 3473 1014 3712 1069; x_wconf 82' lang='lat' dir='ltr'><strong>dicerem</strong></span> 
     </span>
    </p>
   </div>
   <div class='ocr_carea' id='block_1_72' title="bbox 2144 1103 3714 1174">
    <p class='ocr_par' dir='ltr' id='par_1_72' title="bbox 2144 1103 3714 1174">
     <span class='ocr_line' id='line_1_72' title="bbox 2144 1103 3714 1174; baseline 0.002 -21"><span class='ocrx_word' id='word_1_562' title='bbox 2144 1103 2264 1170; x_wconf 76' lang='lat' dir='ltr'><strong>quid</strong></span> <span class='ocrx_word' id='word_1_563' title='bbox 2296 1118 2466 1158; x_wconf 89' lang='lat' dir='ltr'><strong>essem</strong></span> <span class='ocrx_word' id='word_1_564' title='bbox 2508 1114 2855 1171; x_wconf 87' lang='lat' dir='ltr'><strong>tractaturus,</strong></span> <span class='ocrx_word' id='word_1_565' title='bbox 2899 1106 2996 1160; x_wconf 90' lang='lat' dir='ltr'><strong>nisi</strong></span> <span class='ocrx_word' id='word_1_566' title='bbox 3038 1105 3273 1174; x_wconf 83' lang='lat' dir='ltr'><strong>adjuvari</strong></span> <span class='ocrx_word' id='word_1_567' title='bbox 3316 1106 3495 1160; x_wconf 89' lang='lat' dir='ltr'><strong>volens</strong></span> <span class='ocrx_word' id='word_1_568' title='bbox 3532 1104 3714 1158; x_wconf 88' lang='lat' dir='ltr'><strong>studio</strong></span> 
     </span>
    </p>
   </div>
   <div class='ocr_carea' id='block_1_73' title="bbox 2144 1193 3716 1252">
    <p class='ocr_par' dir='ltr' id='par_1_73' title="bbox 2144 1193 3716 1252">
     <span class='ocr_line' id='line_1_73' title="bbox 2144 1193 3716 1252; baseline 0.003 -5"><span class='ocrx_word' id='word_1_569' title='bbox 2144 1193 2264 1249; x_wconf 82' lang='lat' dir='ltr'><strong>ﬁdei</strong></span> <span class='ocrx_word' id='word_1_570' title='bbox 2304 1204 2358 1249; x_wconf 86' lang='lat' dir='ltr'><strong>et</strong></span> <span class='ocrx_word' id='word_1_571' title='bbox 2397 1197 2691 1251; x_wconf 90' lang='lat' dir='ltr'><strong>orationum</strong></span> <span class='ocrx_word' id='word_1_572' title='bbox 2738 1206 3054 1252; x_wconf 88' lang='lat' dir='ltr'><strong>vestrarum.</strong></span> <span class='ocrx_word' id='word_1_573' title='bbox 3096 1196 3406 1251; x_wconf 78' lang='lat' dir='ltr'><strong>Meministis</strong></span> <span class='ocrx_word' id='word_1_574' title='bbox 3443 1198 3583 1251; x_wconf 89' lang='lat' dir='ltr'><strong>enim</strong></span> <span class='ocrx_word' id='word_1_575' title='bbox 3625 1210 3716 1251; x_wconf 87' lang='lat' dir='ltr'><strong>me</strong></span> 
     </span>
    </p>
   </div>
   <div class='ocr_carea' id='block_1_74' title="bbox 2145 1285 3716 1358">
    <p class='ocr_par' dir='ltr' id='par_1_74' title="bbox 2145 1285 3716 1358">
     <span class='ocr_line' id='line_1_74' title="bbox 2145 1285 3716 1358; baseline 0.001 -19"><span class='ocrx_word' id='word_1_576' title='bbox 2145 1285 2447 1357; x_wconf 73' lang='lat' dir='ltr'><strong>promisisse</strong></span> <span class='ocrx_word' id='word_1_577' title='bbox 2485 1289 2636 1342; x_wconf 89' lang='lat' dir='ltr'><strong>vobis</strong></span> <span class='ocrx_word' id='word_1_578' title='bbox 2673 1288 2737 1343; x_wconf 91' lang='lat' dir='ltr'><strong>de</strong></span> <span class='ocrx_word' id='word_1_579' title='bbox 2772 1289 2873 1342; x_wconf 87' lang='lat' dir='ltr'><strong>hoc</strong></span> <span class='ocrx_word' id='word_1_580' title='bbox 2907 1297 3130 1343; x_wconf 89' lang='lat' dir='ltr'><strong>tractare</strong></span> <span class='ocrx_word' id='word_1_581' title='bbox 3158 1288 3297 1358; x_wconf 89' lang='lat' dir='ltr'><strong>quod</strong></span> <span class='ocrx_word' id='word_1_582' title='bbox 3326 1288 3521 1343; x_wconf 89' lang='lat' dir='ltr'><strong>dictum</strong></span> <span class='ocrx_word' id='word_1_583' title='bbox 3547 1296 3632 1341; x_wconf 90' lang='lat' dir='ltr'><strong>est</strong></span> <span class='ocrx_word' id='word_1_584' title='bbox 3658 1287 3716 1341; x_wconf 91' lang='lat' dir='ltr'><strong>in</strong></span> 
     </span>
    </p>
   </div>
   <div class='ocr_carea' id='block_1_75' title="bbox 2149 1378 3717 1450">
    <p class='ocr_par' dir='ltr' id='par_1_75' title="bbox 2149 1378 3717 1450">
     <span class='ocr_line' id='line_1_75' title="bbox 2149 1378 3717 1450; baseline 0.001 -18"><span class='ocrx_word' id='word_1_585' title='bbox 2149 1380 2463 1449; x_wconf 78' lang='lat' dir='ltr'><strong>Evangelio,</strong></span> <span class='ocrx_word' id='word_1_586' title='bbox 2490 1379 2597 1434; x_wconf 69' lang='lat' dir='ltr'><strong>Lex</strong></span> <span class='ocrx_word' id='word_1_587' title='bbox 2622 1398 2707 1449; x_wconf 84' lang='lat' dir='ltr'><strong>per</strong></span> <span class='ocrx_word' id='word_1_588' title='bbox 2735 1380 2941 1450; x_wconf 79' lang='lat' dir='ltr'><strong>Moysen</strong></span> <span class='ocrx_word' id='word_1_589' title='bbox 2970 1380 3089 1433; x_wconf 84' lang='lat' dir='ltr'><strong>data</strong></span> <span class='ocrx_word' id='word_1_590' title='bbox 3122 1390 3231 1443; x_wconf 85' lang='lat' dir='ltr'><strong>est;</strong></span> <span class='ocrx_word' id='word_1_591' title='bbox 3259 1378 3433 1434; x_wconf 81' lang='lat' dir='ltr'><strong>Gratia</strong></span> <span class='ocrx_word' id='word_1_592' title='bbox 3458 1387 3502 1433; x_wconf 90' lang='lat' dir='ltr'><strong>et</strong></span> <span class='ocrx_word' id='word_1_593' title='bbox 3532 1379 3717 1433; x_wconf 80' lang='lat' dir='ltr'><strong>veritas</strong></span> 
     </span>
    </p>
   </div>
   <div class='ocr_carea' id='block_1_76' title="bbox 2147 1468 3718 1541">
    <p class='ocr_par' dir='ltr' id='par_1_76' title="bbox 2147 1468 3718 1541">
     <span class='ocr_line' id='line_1_76' title="bbox 2147 1468 3718 1541; baseline 0.001 -19"><span class='ocrx_word' id='word_1_594' title='bbox 2147 1486 2233 1538; x_wconf 86' lang='lat' dir='ltr'><strong>per</strong></span> <span class='ocrx_word' id='word_1_595' title='bbox 2255 1468 2427 1524; x_wconf 83' lang='lat' dir='ltr'><strong>Jesum</strong></span> <span class='ocrx_word' id='word_1_596' title='bbox 2452 1471 2699 1525; x_wconf 80' lang='lat' dir='ltr'><strong>Christum</strong></span> <span class='ocrx_word' id='word_1_597' title='bbox 2727 1476 2857 1541; x_wconf 79' lang='lat' dir='ltr'><strong>facta</strong></span> <span class='ocrx_word' id='word_1_598' title='bbox 2878 1482 2948 1525; x_wconf 88' lang='lat' dir='ltr'><strong>est</strong></span> <span class='ocrx_word' id='word_1_599' title='bbox 2973 1470 3145 1538; x_wconf 80' lang='lat' dir='ltr'><strong>(Iona.</strong></span> <span class='ocrx_word' id='word_1_600' title='bbox 3171 1478 3210 1535; x_wconf 75' lang='lat' dir='ltr'><strong>&#39;I,</strong></span> <span class='ocrx_word' id='word_1_601' title='bbox 3237 1471 3345 1541; x_wconf 79' lang='lat' dir='ltr'><strong>i7).</strong></span> <span class='ocrx_word' id='word_1_602' title='bbox 3366 1470 3549 1525; x_wconf 89' lang='lat' dir='ltr'><strong>Solent</strong></span> <span class='ocrx_word' id='word_1_603' title='bbox 3568 1471 3718 1524; x_wconf 89' lang='lat' dir='ltr'><strong>enim</strong></span> 
     </span>
    </p>
   </div>
   <div class='ocr_carea' id='block_1_77' title="bbox 2150 1559 3718 1628">
    <p class='ocr_par' dir='ltr' id='par_1_77' title="bbox 2150 1559 3718 1628">
     <span class='ocr_line' id='line_1_77' title="bbox 2150 1559 3718 1628; baseline 0.002 -17"><span class='ocrx_word' id='word_1_604' title='bbox 2150 1560 2386 1614; x_wconf 79' lang='lat' dir='ltr'><strong>homines</strong></span> <span class='ocrx_word' id='word_1_605' title='bbox 2415 1560 2646 1615; x_wconf 82' lang='lat' dir='ltr'><strong>haeretici</strong></span> <span class='ocrx_word' id='word_1_606' title='bbox 2672 1562 2710 1627; x_wconf 76' lang='lat'><strong>‘,</strong></span> <span class='ocrx_word' id='word_1_607' title='bbox 2739 1562 2965 1615; x_wconf 82' lang='lat' dir='ltr'><strong>maxime</strong></span> <span class='ocrx_word' id='word_1_608' title='bbox 3001 1559 3289 1624; x_wconf 72' lang='lat' dir='ltr'><strong>Manichzei,</strong></span> <span class='ocrx_word' id='word_1_609' title='bbox 3321 1559 3718 1628; x_wconf 81' lang='lat' dir='ltr'><strong>reprehendere</strong></span> 
     </span>
    </p>
   </div>
   <div class='ocr_carea' id='block_1_78' title="bbox 2150 1652 3720 1721">
    <p class='ocr_par' dir='ltr' id='par_1_78' title="bbox 2150 1652 3720 1721">
     <span class='ocr_line' id='line_1_78' title="bbox 2150 1652 3720 1721; baseline -0.004 -15"><span class='ocrx_word' id='word_1_610' title='bbox 2150 1653 2340 1721; x_wconf 84' lang='lat' dir='ltr'><strong>Legem</strong></span> <span class='ocrx_word' id='word_1_611' title='bbox 2366 1696 2379 1718; x_wconf 90' lang='lat'><strong>,</strong></span> <span class='ocrx_word' id='word_1_612' title='bbox 2408 1662 2460 1707; x_wconf 88' lang='lat' dir='ltr'><strong>et</strong></span> <span class='ocrx_word' id='word_1_613' title='bbox 2484 1653 2661 1708; x_wconf 87' lang='lat' dir='ltr'><strong>dicere</strong></span> <span class='ocrx_word' id='word_1_614' title='bbox 2687 1655 2804 1721; x_wconf 83' lang='lat' dir='ltr'><strong>quia</strong></span> <span class='ocrx_word' id='word_1_615' title='bbox 2849 1654 2984 1708; x_wconf 53' lang='lat' dir='ltr'><strong>Di-us</strong></span> <span class='ocrx_word' id='word_1_616' title='bbox 3026 1653 3162 1707; x_wconf 91' lang='lat' dir='ltr'><strong>illam</strong></span> <span class='ocrx_word' id='word_1_617' title='bbox 3192 1668 3296 1707; x_wconf 92' lang='lat' dir='ltr'><strong>non</strong></span> <span class='ocrx_word' id='word_1_618' title='bbox 3326 1652 3488 1706; x_wconf 88' lang='lat' dir='ltr'><strong>dedit.</strong></span> <span class='ocrx_word' id='word_1_619' title='bbox 3529 1652 3720 1720; x_wconf 77' lang='lat' dir='ltr'><strong>Expo-</strong></span> 
     </span>
    </p>
   </div>
   <div class='ocr_carea' id='block_1_79' title="bbox 2151 1742 3723 1812">
    <p class='ocr_par' dir='ltr' id='par_1_79' title="bbox 2151 1742 3723 1812">
     <span class='ocr_line' id='line_1_79' title="bbox 2151 1742 3723 1812; baseline 0.001 -18"><span class='ocrx_word' id='word_1_620' title='bbox 2151 1742 2351 1797; x_wconf 84' lang='lat' dir='ltr'><strong>nendus</strong></span> <span class='ocrx_word' id='word_1_621' title='bbox 2388 1753 2469 1798; x_wconf 87' lang='lat' dir='ltr'><strong>est</strong></span> <span class='ocrx_word' id='word_1_622' title='bbox 2510 1744 2649 1797; x_wconf 89' lang='lat' dir='ltr'><strong>enim</strong></span> <span class='ocrx_word' id='word_1_623' title='bbox 2674 1744 2839 1807; x_wconf 44' lang='lat' dir='ltr'><strong>,locus</strong></span> <span class='ocrx_word' id='word_1_624' title='bbox 2879 1744 3010 1808; x_wconf 89' lang='lat' dir='ltr'><strong>iste,</strong></span> <span class='ocrx_word' id='word_1_625' title='bbox 3052 1754 3108 1798; x_wconf 92' lang='lat' dir='ltr'><strong>ut</strong></span> <span class='ocrx_word' id='word_1_626' title='bbox 3141 1753 3488 1812; x_wconf 87' lang='lat' dir='ltr'><strong>cognoscatur</strong></span> <span class='ocrx_word' id='word_1_627' title='bbox 3513 1743 3638 1812; x_wconf 88' lang='lat' dir='ltr'><strong>quia</strong></span> <span class='ocrx_word' id='word_1_628' title='bbox 3667 1750 3723 1796; x_wconf 86' lang='lat' dir='ltr'><strong>et</strong></span> 
     </span>
    </p>
   </div>
   <div class='ocr_carea' id='block_1_80' title="bbox 2150 1833 3724 1905">
    <p class='ocr_par' dir='ltr' id='par_1_80' title="bbox 2150 1833 3724 1905">
     <span class='ocr_line' id='line_1_80' title="bbox 2150 1833 3724 1905; baseline -0.001 -16"><span class='ocrx_word' id='word_1_629' title='bbox 2150 1833 2342 1904; x_wconf 78' lang='lat' dir='ltr'><strong>Legem</strong></span> <span class='ocrx_word' id='word_1_630' title='bbox 2376 1834 2514 1889; x_wconf 90' lang='lat' dir='ltr'><strong>Dens</strong></span> <span class='ocrx_word' id='word_1_631' title='bbox 2540 1835 2714 1901; x_wconf 89' lang='lat' dir='ltr'><strong>dedit,</strong></span> <span class='ocrx_word' id='word_1_632' title='bbox 2741 1844 2795 1890; x_wconf 91' lang='lat' dir='ltr'><strong>et</strong></span> <span class='ocrx_word' id='word_1_633' title='bbox 2830 1834 2945 1891; x_wconf 76' lang='lat' dir='ltr'><strong>Lex</strong></span> <span class='ocrx_word' id='word_1_634' title='bbox 2987 1850 3079 1905; x_wconf 88' lang='lat' dir='ltr'><strong>per</strong></span> <span class='ocrx_word' id='word_1_635' title='bbox 3116 1835 3328 1905; x_wconf 83' lang='lat' dir='ltr'><strong>Moysen</strong></span> <span class='ocrx_word' id='word_1_636' title='bbox 3364 1833 3485 1887; x_wconf 73' lang='lat' dir='ltr'><strong>data</strong></span> <span class='ocrx_word' id='word_1_637' title='bbox 3514 1844 3635 1898; x_wconf 86' lang='lat' dir='ltr'><strong>est;</strong></span> <span class='ocrx_word' id='word_1_638' title='bbox 3666 1843 3724 1888; x_wconf 90' lang='lat' dir='ltr'><strong>ut</strong></span> 
     </span>
    </p>
   </div>
   <div class='ocr_carea' id='block_1_81' title="bbox 2153 1925 3725 1996">
    <p class='ocr_par' dir='ltr' id='par_1_81' title="bbox 2153 1925 3725 1996">
     <span class='ocr_line' id='line_1_81' title="bbox 2153 1925 3725 1996; baseline 0.003 -19"><span class='ocrx_word' id='word_1_639' title='bbox 2153 1939 2255 1978; x_wconf 92' lang='lat' dir='ltr'><strong>non</strong></span> <span class='ocrx_word' id='word_1_640' title='bbox 2283 1925 2508 1979; x_wconf 75' lang='lat' dir='ltr'><strong>salvat-et</strong></span> <span class='ocrx_word' id='word_1_641' title='bbox 2528 1927 2548 1957; x_wconf 84' lang='grc'>¹</span> <span class='ocrx_word' id='word_1_642' title='bbox 2567 1968 2581 1990; x_wconf 87' lang='grc'><em>,</em></span> <span class='ocrx_word' id='word_1_643' title='bbox 2614 1937 2825 1996; x_wconf 86' lang='lat' dir='ltr'><strong>propter</strong></span> <span class='ocrx_word' id='word_1_644' title='bbox 2852 1935 3048 1982; x_wconf 88' lang='lat' dir='ltr'><strong>certam</strong></span> <span class='ocrx_word' id='word_1_645' title='bbox 3078 1940 3311 1981; x_wconf 87' lang='lat' dir='ltr'><strong>causam.</strong></span> <span class='ocrx_word' id='word_1_646' title='bbox 3346 1925 3461 1979; x_wconf 87' lang='lat' dir='ltr'><strong>Non</strong></span> <span class='ocrx_word' id='word_1_647' title='bbox 3500 1926 3725 1981; x_wconf 79' lang='lat' dir='ltr'><strong>Salvavit</strong></span> 
     </span>
    </p>
   </div>
   <div class='ocr_carea' id='block_1_82' title="bbox 2153 2014 3726 2087">
    <p class='ocr_par' dir='ltr' id='par_1_82' title="bbox 2153 2014 3726 2087">
     <span class='ocr_line' id='line_1_82' title="bbox 2153 2014 3726 2087; baseline 0.001 -18"><span class='ocrx_word' id='word_1_648' title='bbox 2153 2015 2281 2082; x_wconf 84' lang='lat' dir='ltr'><strong>Lex,</strong></span> <span class='ocrx_word' id='word_1_649' title='bbox 2311 2024 2368 2070; x_wconf 93' lang='lat' dir='ltr'><strong>ut</strong></span> <span class='ocrx_word' id='word_1_650' title='bbox 2391 2016 2525 2071; x_wconf 90' lang='lat' dir='ltr'><strong>lator</strong></span> <span class='ocrx_word' id='word_1_651' title='bbox 2551 2017 2708 2086; x_wconf 80' lang='lat' dir='ltr'><strong>Legis</strong></span> <span class='ocrx_word' id='word_1_652' title='bbox 2732 2017 2843 2086; x_wconf 89' lang='lat' dir='ltr'><strong>ipse</strong></span> <span class='ocrx_word' id='word_1_653' title='bbox 2878 2014 3168 2087; x_wconf 83' lang='lat' dir='ltr'><strong>Imperator</strong></span> <span class='ocrx_word' id='word_1_654' title='bbox 3194 2016 3606 2082; x_wconf 82' lang='lat' dir='ltr'><strong>desideraretur,</strong></span> <span class='ocrx_word' id='word_1_655' title='bbox 3632 2016 3726 2085; x_wconf 90' lang='lat' dir='ltr'><strong>qni</strong></span> 
     </span>
    </p>
   </div>
   <div class='ocr_carea' id='block_1_83' title="bbox 2154 2107 3726 2179">
    <p class='ocr_par' dir='ltr' id='par_1_83' title="bbox 2154 2107 3726 2179">
     <span class='ocr_line' id='line_1_83' title="bbox 2154 2107 3726 2179; baseline 0.001 -18"><span class='ocrx_word' id='word_1_656' title='bbox 2154 2109 2525 2179; x_wconf 79' lang='lat' dir='ltr'><strong>indulgentiam</strong></span> <span class='ocrx_word' id='word_1_657' title='bbox 2552 2107 2702 2163; x_wconf 90' lang='lat' dir='ltr'><strong>daret</strong></span> <span class='ocrx_word' id='word_1_658' title='bbox 2741 2109 3104 2177; x_wconf 74' lang='lat' dir='ltr'><strong>peccantibus;</strong></span> <span class='ocrx_word' id='word_1_659' title='bbox 3132 2118 3186 2163; x_wconf 90' lang='lat' dir='ltr'><strong>et</strong></span> <span class='ocrx_word' id='word_1_660' title='bbox 3213 2108 3332 2162; x_wconf 87' lang='lat' dir='ltr'><strong>data</strong></span> <span class='ocrx_word' id='word_1_661' title='bbox 3361 2108 3572 2179; x_wconf 88' lang='lat' dir='ltr'><strong>quidem</strong></span> <span class='ocrx_word' id='word_1_662' title='bbox 3614 2107 3726 2162; x_wconf 72' lang='lat' dir='ltr'><strong>Lex</strong></span> 
     </span>
    </p>
   </div>
   <div class='ocr_carea' id='block_1_84' title="bbox 2153 2196 3723 2270">
    <p class='ocr_par' dir='ltr' id='par_1_84' title="bbox 2153 2196 3723 2270">
     <span class='ocr_line' id='line_1_84' title="bbox 2153 2196 3723 2270; baseline -0.001 -18"><span class='ocrx_word' id='word_1_663' title='bbox 2153 2209 2292 2252; x_wconf 90' lang='lat' dir='ltr'><strong>esset</strong></span> <span class='ocrx_word' id='word_1_664' title='bbox 2330 2214 2423 2268; x_wconf 86' lang='lat' dir='ltr'><strong>per</strong></span> <span class='ocrx_word' id='word_1_665' title='bbox 2451 2198 2694 2270; x_wconf 84' lang='lat' dir='ltr'><strong>Moysen,</strong></span> <span class='ocrx_word' id='word_1_666' title='bbox 2724 2198 2901 2255; x_wconf 84' lang='lat' dir='ltr'><strong>Gratia</strong></span> <span class='ocrx_word' id='word_1_667' title='bbox 2928 2208 3099 2253; x_wconf 87' lang='lat' dir='ltr'><strong>autem</strong></span> <span class='ocrx_word' id='word_1_668' title='bbox 3126 2209 3176 2253; x_wconf 87' lang='lat' dir='ltr'><strong>et</strong></span> <span class='ocrx_word' id='word_1_669' title='bbox 3204 2200 3396 2253; x_wconf 86' lang='lat' dir='ltr'><strong>veritas</strong></span> <span class='ocrx_word' id='word_1_670' title='bbox 3426 2214 3518 2268; x_wconf 88' lang='lat' dir='ltr'><strong>per</strong></span> <span class='ocrx_word' id='word_1_671' title='bbox 3540 2196 3723 2253; x_wconf 67' lang='lat' dir='ltr'><strong>Iesum</strong></span> 
     </span>
    </p>
   </div>
   <div class='ocr_carea' id='block_1_85' title="bbox 2154 2289 3727 2366">
    <p class='ocr_par' dir='ltr' id='par_1_85' title="bbox 2154 2289 3727 2366">
     <span class='ocr_line' id='line_1_85' title="bbox 2154 2289 3727 2366; baseline -0.002 -21"><span class='ocrx_word' id='word_1_672' title='bbox 2154 2289 2417 2345; x_wconf 88' lang='lat' dir='ltr'><strong>Christum</strong></span> <span class='ocrx_word' id='word_1_673' title='bbox 2444 2291 2609 2345; x_wconf 89' lang='lat' dir='ltr'><strong>tieret.</strong></span> <span class='ocrx_word' id='word_1_674' title='bbox 2637 2291 2715 2344; x_wconf 84' lang='lat' dir='ltr'><strong>Ad</strong></span> <span class='ocrx_word' id='word_1_675' title='bbox 2743 2291 2842 2345; x_wconf 92' lang='lat' dir='ltr'><strong>hoc</strong></span> <span class='ocrx_word' id='word_1_676' title='bbox 2864 2291 3092 2345; x_wconf 88' lang='lat' dir='ltr'><strong>intentos</strong></span> <span class='ocrx_word' id='word_1_677' title='bbox 3115 2305 3210 2345; x_wconf 86' lang='lat' dir='ltr'><strong>vos</strong></span> <span class='ocrx_word' id='word_1_678' title='bbox 3232 2289 3410 2366; x_wconf 78' lang='lat' dir='ltr'><strong>facere</strong></span> <span class='ocrx_word' id='word_1_679' title='bbox 3433 2290 3592 2345; x_wconf 88' lang='lat' dir='ltr'><strong>volui.</strong></span> <span class='ocrx_word' id='word_1_680' title='bbox 3616 2289 3727 2343; x_wconf 79' lang='lat' dir='ltr'><strong>Ad-</strong></span> 
     </span>
    </p>
   </div>
   <div class='ocr_carea' id='block_1_86' title="bbox 2155 2378 3727 2445">
    <p class='ocr_par' dir='ltr' id='par_1_86' title="bbox 2155 2378 3727 2445">
     <span class='ocr_line' id='line_1_86' title="bbox 2155 2378 3727 2445; baseline 0.002 -13"><span class='ocrx_word' id='word_1_681' title='bbox 2155 2378 2256 2432; x_wconf 89' lang='lat' dir='ltr'><strong>erit</strong></span> <span class='ocrx_word' id='word_1_682' title='bbox 2284 2379 2488 2433; x_wconf 89' lang='lat' dir='ltr'><strong>Domini</strong></span> <span class='ocrx_word' id='word_1_683' title='bbox 2519 2379 2898 2445; x_wconf 89' lang='lat' dir='ltr'><strong>misericordia,</strong></span> <span class='ocrx_word' id='word_1_684' title='bbox 2929 2394 3033 2434; x_wconf 93' lang='lat' dir='ltr'><strong>non</strong></span> <span class='ocrx_word' id='word_1_685' title='bbox 3065 2394 3129 2435; x_wconf 77' lang='lat' dir='ltr'><strong>ex</strong></span> <span class='ocrx_word' id='word_1_686' title='bbox 3157 2381 3357 2435; x_wconf 88' lang='lat' dir='ltr'><strong>meritis</strong></span> <span class='ocrx_word' id='word_1_687' title='bbox 3387 2381 3602 2445; x_wconf 88' lang='lat' dir='ltr'><strong>nostris,</strong></span> <span class='ocrx_word' id='word_1_688' title='bbox 3630 2379 3727 2435; x_wconf 87' lang='lat' dir='ltr'><strong>sed</strong></span> 
     </span>
    </p>
   </div>
   <div class='ocr_carea' id='block_1_87' title="bbox 2157 2470 3728 2542">
    <p class='ocr_par' dir='ltr' id='par_1_87' title="bbox 2157 2470 3728 2542">
     <span class='ocr_line' id='line_1_87' title="bbox 2157 2470 3728 2542; baseline 0 -18"><span class='ocrx_word' id='word_1_689' title='bbox 2157 2470 2293 2526; x_wconf 78' lang='lat' dir='ltr'><strong>forte</strong></span> <span class='ocrx_word' id='word_1_690' title='bbox 2334 2485 2430 2539; x_wconf 92' lang='lat' dir='ltr'><strong>pro</strong></span> <span class='ocrx_word' id='word_1_691' title='bbox 2465 2472 2656 2526; x_wconf 91' lang='lat' dir='ltr'><strong>merito</strong></span> <span class='ocrx_word' id='word_1_692' title='bbox 2680 2471 2927 2527; x_wconf 90' lang='lat' dir='ltr'><strong>desiderii</strong></span> <span class='ocrx_word' id='word_1_693' title='bbox 2954 2473 3151 2533; x_wconf 88' lang='lat' dir='ltr'><strong>vestri;</strong></span> <span class='ocrx_word' id='word_1_694' title='bbox 3185 2488 3354 2542; x_wconf 88' lang='lat' dir='ltr'><strong>neque</strong></span> <span class='ocrx_word' id='word_1_695' title='bbox 3377 2488 3439 2527; x_wconf 78' lang='lat' dir='ltr'><strong>ex</strong></span> <span class='ocrx_word' id='word_1_696' title='bbox 3468 2472 3728 2525; x_wconf 60' lang='lat' dir='ltr'><strong>tat-uitalia</strong></span> 
     </span>
    </p>
   </div>
   <div class='ocr_carea' id='block_1_88' title="bbox 2158 2560 3727 2625">
    <p class='ocr_par' dir='ltr' id='par_1_88' title="bbox 2158 2560 3727 2625">
     <span class='ocr_line' id='line_1_88' title="bbox 2158 2560 3727 2625; baseline 0.001 -11"><span class='ocrx_word' id='word_1_697' title='bbox 2158 2560 2256 2615; x_wconf 86' lang='lat' dir='ltr'><strong>bus</strong></span> <span class='ocrx_word' id='word_1_698' title='bbox 2279 2561 2475 2615; x_wconf 90' lang='lat' dir='ltr'><strong>nostris</strong></span> <span class='ocrx_word' id='word_1_699' title='bbox 2494 2603 2507 2625; x_wconf 90' lang='lat'><strong>,</strong></span> <span class='ocrx_word' id='word_1_700' title='bbox 2534 2561 2626 2615; x_wconf 88' lang='lat' dir='ltr'><strong>sed</strong></span> <span class='ocrx_word' id='word_1_701' title='bbox 2653 2577 2716 2616; x_wconf 83' lang='lat' dir='ltr'><strong>ex</strong></span> <span class='ocrx_word' id='word_1_702' title='bbox 2745 2561 3063 2617; x_wconf 87' lang='lat' dir='ltr'><strong>abundantia</strong></span> <span class='ocrx_word' id='word_1_703' title='bbox 3092 2562 3351 2617; x_wconf 86' lang='lat' dir='ltr'><strong>donorum</strong></span> <span class='ocrx_word' id='word_1_704' title='bbox 3381 2576 3598 2617; x_wconf 88' lang='lat' dir='ltr'><strong>suorum</strong></span> <span class='ocrx_word' id='word_1_705' title='bbox 3629 2580 3644 2616; x_wconf 90' lang='lat'>:</span> <span class='ocrx_word' id='word_1_706' title='bbox 3673 2569 3727 2615; x_wconf 88' lang='lat' dir='ltr'><strong>ut</strong></span> 
     </span>
    </p>
   </div>
   <div class='ocr_carea' id='block_1_89' title="bbox 2158 2649 3726 2724">
    <p class='ocr_par' dir='ltr' id='par_1_89' title="bbox 2158 2649 3726 2724">
     <span class='ocr_line' id='line_1_89' title="bbox 2158 2649 3726 2724; baseline 0 -17"><span class='ocrx_word' id='word_1_707' title='bbox 2158 2653 2235 2709; x_wconf 91' lang='lat' dir='ltr'><strong>sic</strong></span> <span class='ocrx_word' id='word_1_708' title='bbox 2259 2649 2519 2709; x_wconf 82' lang='lat' dir='ltr'><strong>tractetur</strong></span> <span class='ocrx_word' id='word_1_709' title='bbox 2532 2670 2619 2709; x_wconf 88' lang='lat' dir='ltr'><strong>res</strong></span> <span class='ocrx_word' id='word_1_710' title='bbox 2646 2656 2773 2709; x_wconf 86' lang='lat' dir='ltr'><strong>satis</strong></span> <span class='ocrx_word' id='word_1_711' title='bbox 2802 2654 3096 2710; x_wconf 84' lang='lat' dir='ltr'><strong>necessaria</strong></span> <span class='ocrx_word' id='word_1_712' title='bbox 3126 2653 3427 2709; x_wconf 89' lang='lat' dir='ltr'><strong>hominibus</strong></span> <span class='ocrx_word' id='word_1_713' title='bbox 3456 2654 3645 2724; x_wconf 88' lang='lat' dir='ltr'><strong>positis</strong></span> <span class='ocrx_word' id='word_1_714' title='bbox 3674 2654 3726 2707; x_wconf 90' lang='lat' dir='ltr'><strong>in</strong></span> 
     </span>
    </p>
   </div>
   <div class='ocr_carea' id='block_1_90' title="bbox 2159 2744 3731 2810">
    <p class='ocr_par' dir='ltr' id='par_1_90' title="bbox 2159 2744 3731 2810">
     <span class='ocr_line' id='line_1_90' title="bbox 2159 2744 3731 2810; baseline 0.001 -12"><span class='ocrx_word' id='word_1_715' title='bbox 2159 2761 2299 2799; x_wconf 89' lang='lat' dir='ltr'><strong>novo</strong></span> <span class='ocrx_word' id='word_1_716' title='bbox 2325 2754 2638 2801; x_wconf 88' lang='lat' dir='ltr'><strong>testamento</strong></span> <span class='ocrx_word' id='word_1_717' title='bbox 2659 2788 2672 2810; x_wconf 94' lang='lat'><strong>,</strong></span> <span class='ocrx_word' id='word_1_718' title='bbox 2701 2755 2756 2799; x_wconf 90' lang='lat' dir='ltr'><strong>ut</strong></span> <span class='ocrx_word' id='word_1_719' title='bbox 2793 2749 3006 2799; x_wconf 87' lang='lat' dir='ltr'><strong>omnino</strong></span> <span class='ocrx_word' id='word_1_720' title='bbox 3039 2746 3207 2800; x_wconf 88' lang='lat' dir='ltr'><strong>nullas</strong></span> <span class='ocrx_word' id='word_1_721' title='bbox 3244 2745 3469 2799; x_wconf 87' lang='lat' dir='ltr'><strong>latebras</strong></span> <span class='ocrx_word' id='word_1_722' title='bbox 3493 2744 3731 2799; x_wconf 83' lang='lat' dir='ltr'><strong>inveniat</strong></span> 
     </span>
    </p>
   </div>
   <div class='ocr_carea' id='block_1_91' title="bbox 2159 2834 3547 2905">
    <p class='ocr_par' dir='ltr' id='par_1_91' title="bbox 2159 2834 3547 2905">
     <span class='ocr_line' id='line_1_91' title="bbox 2159 2834 3547 2905; baseline -0.002 -15"><span class='ocrx_word' id='word_1_723' title='bbox 2159 2835 2420 2901; x_wconf 89' lang='lat' dir='ltr'><strong>inimicus,</strong></span> <span class='ocrx_word' id='word_1_724' title='bbox 2451 2838 2537 2891; x_wconf 90' lang='lat' dir='ltr'><strong>uhi</strong></span> <span class='ocrx_word' id='word_1_725' title='bbox 2563 2851 2620 2891; x_wconf 89' lang='lat' dir='ltr'><strong>se</strong></span> <span class='ocrx_word' id='word_1_726' title='bbox 2644 2837 2869 2891; x_wconf 76' lang='lat' dir='ltr'><strong>occultat</strong></span> <span class='ocrx_word' id='word_1_727' title='bbox 2893 2836 2956 2889; x_wconf 88' lang='lat' dir='ltr'><strong>ad</strong></span> <span class='ocrx_word' id='word_1_728' title='bbox 2984 2835 3323 2905; x_wconf 85' lang='lat' dir='ltr'><strong>decipiendos</strong></span> <span class='ocrx_word' id='word_1_729' title='bbox 3345 2834 3547 2888; x_wconf 83' lang='lat' dir='ltr'><strong>ﬁdeles.</strong></span> 
     </span>
    </p>
   </div>
   <div class='ocr_carea' id='block_1_92' title="bbox 2527 3041 3331 3105">
    <p class='ocr_par' dir='ltr' id='par_1_92' title="bbox 2527 3041 3331 3105">
     <span class='ocr_line' id='line_1_92' title="bbox 2527 3041 3331 3105; baseline -0.002 0"><span class='ocrx_word' id='word_1_730' title='bbox 2527 3042 2607 3105; x_wconf 80' lang='lat' dir='ltr'><strong>IN</strong></span> <span class='ocrx_word' id='word_1_731' title='bbox 2656 3043 3029 3105; x_wconf 76' lang='lat' dir='ltr'><strong>PSALMUM</strong></span> <span class='ocrx_word' id='word_1_732' title='bbox 3072 3041 3331 3104; x_wconf 79' lang='lat' dir='ltr'><strong>CXXIV</strong></span> 
     </span>
    </p>
   </div>
   <div class='ocr_carea' id='block_1_93' title="bbox 2742 3182 3157 3239">
    <p class='ocr_par' dir='ltr' id='par_1_93' title="bbox 2742 3182 3157 3239">
     <span class='ocr_line' id='line_1_93' title="bbox 2742 3182 3157 3239; baseline -0.002 0"><span class='ocrx_word' id='word_1_733' title='bbox 2742 3182 3157 3239; x_wconf 73' lang='lat' dir='ltr'><strong>ENARliATIO.</strong></span> 
     </span>
    </p>
   </div>
   <div class='ocr_carea' id='block_1_94' title="bbox 2669 3308 3213 3351">
    <p class='ocr_par' dir='ltr' id='par_1_94' title="bbox 2669 3308 3213 3351">
     <span class='ocr_line' id='line_1_94' title="bbox 2669 3308 3213 3351; baseline -0.007 0"><span class='ocrx_word' id='word_1_734' title='bbox 2669 3308 2836 3351; x_wconf 69' lang='lat' dir='ltr'><strong>SEBHO</strong></span> <span class='ocrx_word' id='word_1_735' title='bbox 2865 3311 2931 3349; x_wconf 75' lang='lat' dir='ltr'><strong>AD</strong></span> <span class='ocrx_word' id='word_1_736' title='bbox 2960 3309 3213 3351; x_wconf 69' lang='lat' dir='ltr'><strong>POPULUI.</strong></span> 
     </span>
    </p>
   </div>
   <div class='ocr_carea' id='block_1_95' title="bbox 2227 3394 3728 3491">
    <p class='ocr_par' dir='ltr' id='par_1_95' title="bbox 2227 3394 3728 3491">
     <span class='ocr_line' id='line_1_95' title="bbox 2227 3394 3728 3491; baseline -0.006 -26"><span class='ocrx_word' id='word_1_737' title='bbox 2227 3419 2275 3473; x_wconf 73' lang='grc' dir='ltr'><strong>ί,</strong></span> <span class='ocrx_word' id='word_1_738' title='bbox 2305 3414 2456 3491; x_wconf 68' lang='lat' dir='ltr'><strong>[eet-s.</strong></span> <span class='ocrx_word' id='word_1_739' title='bbox 2492 3410 2537 3472; x_wconf 83' lang='grc' dir='ltr'><strong>Ι,</strong></span> <span class='ocrx_word' id='word_1_740' title='bbox 2561 3407 2638 3479; x_wconf 73' lang='lat'><strong>2.]</strong></span> <span class='ocrx_word' id='word_1_741' title='bbox 2660 3407 2900 3462; x_wconf 82' lang='lat' dir='ltr'><strong>Psalmns</strong></span> <span class='ocrx_word' id='word_1_742' title='bbox 2919 3407 3037 3470; x_wconf 86' lang='lat' dir='ltr'><strong>iste,</strong></span> <span class='ocrx_word' id='word_1_743' title='bbox 3064 3409 3332 3476; x_wconf 88' lang='lat' dir='ltr'><strong>pertinens</strong></span> <span class='ocrx_word' id='word_1_744' title='bbox 3354 3403 3419 3457; x_wconf 90' lang='lat' dir='ltr'><strong>ad</strong></span> <span class='ocrx_word' id='word_1_745' title='bbox 3447 3394 3728 3463; x_wconf 82' lang='lat' dir='ltr'><strong>numerum</strong></span> 
     </span>
    </p>
   </div>
   <div class='ocr_carea' id='block_1_96' title="bbox 2153 3497 3728 3577">
    <p class='ocr_par' dir='ltr' id='par_1_96' title="bbox 2153 3497 3728 3577">
     <span class='ocr_line' id='line_1_96' title="bbox 2153 3497 3728 3577; baseline -0.008 -15"><span class='ocrx_word' id='word_1_746' title='bbox 2153 3509 2477 3563; x_wconf 87' lang='lat' dir='ltr'><strong>canticorum</strong></span> <span class='ocrx_word' id='word_1_747' title='bbox 2506 3500 2763 3577; x_wconf 71' lang='lat' dir='ltr'><strong>graduum</strong></span> <span class='ocrx_word' id='word_1_748' title='bbox 2790 3497 2879 3573; x_wconf 86' lang='lat' dir='ltr'><strong>(de</strong></span> <span class='ocrx_word' id='word_1_749' title='bbox 2902 3513 3006 3566; x_wconf 85' lang='lat' dir='ltr'><strong>quo</strong></span> <span class='ocrx_word' id='word_1_750' title='bbox 3034 3497 3184 3553; x_wconf 90' lang='lat' dir='ltr'><strong>titulo</strong></span> <span class='ocrx_word' id='word_1_751' title='bbox 3210 3498 3262 3551; x_wconf 92' lang='lat' dir='ltr'><strong>in</strong></span> <span class='ocrx_word' id='word_1_752' title='bbox 3287 3497 3403 3551; x_wconf 86' lang='lat' dir='ltr'><strong>aliis</strong></span> <span class='ocrx_word' id='word_1_753' title='bbox 3424 3497 3533 3565; x_wconf 87' lang='lat' dir='ltr'><strong>jam</strong></span> <span class='ocrx_word' id='word_1_754' title='bbox 3565 3498 3728 3555; x_wconf 79' lang='lat' dir='ltr'><strong>multa</strong></span> 
     </span>
    </p>
   </div>
   <div class='ocr_carea' id='block_1_97' title="bbox 2153 3589 3726 3670">
    <p class='ocr_par' dir='ltr' id='par_1_97' title="bbox 2153 3589 3726 3670">
     <span class='ocr_line' id='line_1_97' title="bbox 2153 3589 3726 3670; baseline 0.001 -18"><span class='ocrx_word' id='word_1_755' title='bbox 2153 3598 2397 3661; x_wconf 80' lang='lat' dir='ltr'><strong>diximus,</strong></span> <span class='ocrx_word' id='word_1_756' title='bbox 2429 3606 2484 3652; x_wconf 86' lang='lat' dir='ltr'><strong>et</strong></span> <span class='ocrx_word' id='word_1_757' title='bbox 2507 3606 2744 3666; x_wconf 86' lang='lat' dir='ltr'><strong>repetere</strong></span> <span class='ocrx_word' id='word_1_758' title='bbox 2767 3597 3032 3662; x_wconf 85' lang='lat' dir='ltr'><strong>nolumus,</strong></span> <span class='ocrx_word' id='word_1_759' title='bbox 3054 3610 3122 3651; x_wconf 86' lang='lat' dir='ltr'><strong>ne</strong></span> <span class='ocrx_word' id='word_1_760' title='bbox 3141 3610 3234 3651; x_wconf 89' lang='lat' dir='ltr'><strong>vos</strong></span> <span class='ocrx_word' id='word_1_761' title='bbox 3255 3589 3607 3653; x_wconf 84' lang='lat' dir='ltr'><strong>obtundamus</strong></span> <span class='ocrx_word' id='word_1_762' title='bbox 3630 3614 3726 3670; x_wconf 58' lang='lat' dir='ltr'><strong>po.</strong></span> 
     </span>
    </p>
   </div>
   <div class='ocr_carea' id='block_1_98' title="bbox 2156 3687 3725 3760">
    <p class='ocr_par' dir='ltr' id='par_1_98' title="bbox 2156 3687 3725 3760">
     <span class='ocr_line' id='line_1_98' title="bbox 2156 3687 3725 3760; baseline -0.001 -15"><span class='ocrx_word' id='word_1_763' title='bbox 2156 3692 2256 3745; x_wconf 92' lang='lat' dir='ltr'><strong>tius</strong></span> <span class='ocrx_word' id='word_1_764' title='bbox 2279 3704 2435 3760; x_wconf 87' lang='lat' dir='ltr'><strong>quam</strong></span> <span class='ocrx_word' id='word_1_765' title='bbox 2464 3688 2858 3755; x_wconf 88' lang='lat' dir='ltr'><strong>instruamus),</strong></span> <span class='ocrx_word' id='word_1_766' title='bbox 2888 3687 3044 3742; x_wconf 87' lang='lat' dir='ltr'><strong>docet</strong></span> <span class='ocrx_word' id='word_1_767' title='bbox 3066 3701 3163 3743; x_wconf 91' lang='lat' dir='ltr'><strong>nos</strong></span> <span class='ocrx_word' id='word_1_768' title='bbox 3189 3687 3537 3743; x_wconf 86' lang='lat' dir='ltr'><strong>ascendentes</strong></span> <span class='ocrx_word' id='word_1_769' title='bbox 3564 3698 3618 3743; x_wconf 91' lang='lat' dir='ltr'><strong>et</strong></span> <span class='ocrx_word' id='word_1_770' title='bbox 3647 3692 3725 3745; x_wconf 87' lang='lat' dir='ltr'><strong>le-</strong></span> 
     </span>
    </p>
   </div>
   <div class='ocr_carea' id='block_1_99' title="bbox 2154 3779 3721 3837">
    <p class='ocr_par' dir='ltr' id='par_1_99' title="bbox 2154 3779 3721 3837">
     <span class='ocr_line' id='line_1_99' title="bbox 2154 3779 3721 3837; baseline 0 -2"><span class='ocrx_word' id='word_1_771' title='bbox 2154 3790 2333 3837; x_wconf 84' lang='lat' dir='ltr'><strong>vantes</strong></span> <span class='ocrx_word' id='word_1_772' title='bbox 2369 3779 2570 3834; x_wconf 88' lang='lat' dir='ltr'><strong>animas</strong></span> <span class='ocrx_word' id='word_1_773' title='bbox 2607 3789 2811 3835; x_wconf 88' lang='lat' dir='ltr'><strong>nostras</strong></span> <span class='ocrx_word' id='word_1_774' title='bbox 2843 3779 2908 3833; x_wconf 87' lang='lat' dir='ltr'><strong>ad</strong></span> <span class='ocrx_word' id='word_1_775' title='bbox 2948 3779 3226 3834; x_wconf 88' lang='lat' dir='ltr'><strong>Dominum</strong></span> <span class='ocrx_word' id='word_1_776' title='bbox 3271 3780 3436 3835; x_wconf 87' lang='lat' dir='ltr'><strong>Deum</strong></span> <span class='ocrx_word' id='word_1_777' title='bbox 3477 3792 3721 3836; x_wconf 86' lang='lat' dir='ltr'><strong>nostrum</strong></span> 
     </span>
    </p>
   </div>
   <div class='ocr_carea' id='block_1_100' title="bbox 2152 3869 3724 3940">
    <p class='ocr_par' dir='ltr' id='par_1_100' title="bbox 2152 3869 3724 3940">
     <span class='ocr_line' id='line_1_100' title="bbox 2152 3869 3724 3940; baseline -0.001 -15"><span class='ocrx_word' id='word_1_778' title='bbox 2152 3872 2338 3928; x_wconf 70' lang='lat' dir='ltr'><strong>atiectn</strong></span> <span class='ocrx_word' id='word_1_779' title='bbox 2363 3870 2632 3926; x_wconf 83' lang='lat' dir='ltr'><strong>cliaritatis</strong></span> <span class='ocrx_word' id='word_1_780' title='bbox 2660 3878 2817 3940; x_wconf 87' lang='lat' dir='ltr'><strong>atque</strong></span> <span class='ocrx_word' id='word_1_781' title='bbox 2846 3869 3073 3939; x_wconf 80' lang='lat' dir='ltr'><strong>pietatis,</strong></span> <span class='ocrx_word' id='word_1_782' title='bbox 3102 3886 3205 3925; x_wconf 91' lang='lat' dir='ltr'><strong>non</strong></span> <span class='ocrx_word' id='word_1_783' title='bbox 3244 3870 3521 3926; x_wconf 89' lang='lat' dir='ltr'><strong>intendere</strong></span> <span class='ocrx_word' id='word_1_784' title='bbox 3547 3871 3598 3925; x_wconf 91' lang='lat' dir='ltr'><strong>in</strong></span> <span class='ocrx_word' id='word_1_785' title='bbox 3626 3871 3724 3924; x_wconf 88' lang='lat' dir='ltr'><strong>ho-</strong></span> 
     </span>
    </p>
   </div>
   <div class='ocr_carea' id='block_1_101' title="bbox 2154 3961 3721 4034">
    <p class='ocr_par' dir='ltr' id='par_1_101' title="bbox 2154 3961 3721 4034">
     <span class='ocr_line' id='line_1_101' title="bbox 2154 3961 3721 4034; baseline 0 -15"><span class='ocrx_word' id='word_1_786' title='bbox 2154 3964 2323 4019; x_wconf 87' lang='lat' dir='ltr'><strong>mines</strong></span> <span class='ocrx_word' id='word_1_787' title='bbox 2346 3963 2434 4034; x_wconf 90' lang='lat' dir='ltr'><strong>qui</strong></span> <span class='ocrx_word' id='word_1_788' title='bbox 2462 3970 2834 4034; x_wconf 85' lang='lat' dir='ltr'><strong>prosperantur</strong></span> <span class='ocrx_word' id='word_1_789' title='bbox 2859 3962 2910 4017; x_wconf 92' lang='lat' dir='ltr'><strong>in</strong></span> <span class='ocrx_word' id='word_1_790' title='bbox 2945 3961 3049 4017; x_wconf 85' lang='lat' dir='ltr'><strong>hoc</strong></span> <span class='ocrx_word' id='word_1_791' title='bbox 3081 3962 3280 4018; x_wconf 71' lang='lat' dir='ltr'><strong>srcculo</strong></span> <span class='ocrx_word' id='word_1_792' title='bbox 3314 3961 3566 4020; x_wconf 82' lang='lat' dir='ltr'><strong>felicitate</strong></span> <span class='ocrx_word' id='word_1_793' title='bbox 3590 3962 3721 4019; x_wconf 77' lang='lat' dir='ltr'><strong>falsa</strong></span> 
     </span>
    </p>
   </div>
   <div class='ocr_carea' id='block_1_102' title="bbox 2152 4051 3723 4126">
    <p class='ocr_par' dir='ltr' id='par_1_102' title="bbox 2152 4051 3723 4126">
     <span class='ocr_line' id='line_1_102' title="bbox 2152 4051 3723 4126; baseline 0 -17"><span class='ocrx_word' id='word_1_794' title='bbox 2152 4065 2309 4126; x_wconf 86' lang='lat' dir='ltr'><strong>atque</strong></span> <span class='ocrx_word' id='word_1_795' title='bbox 2341 4064 2557 4109; x_wconf 86' lang='lat' dir='ltr'><strong>ventosa</strong></span> <span class='ocrx_word' id='word_1_796' title='bbox 2597 4061 2650 4107; x_wconf 89' lang='lat' dir='ltr'><strong>et</strong></span> <span class='ocrx_word' id='word_1_797' title='bbox 2687 4066 2901 4123; x_wconf 90' lang='lat' dir='ltr'><strong>prorsus</strong></span> <span class='ocrx_word' id='word_1_798' title='bbox 2938 4051 3270 4119; x_wconf 85' lang='lat' dir='ltr'><strong>seductoria;</strong></span> <span class='ocrx_word' id='word_1_799' title='bbox 3298 4052 3385 4107; x_wconf 90' lang='lat' dir='ltr'><strong>ubi</strong></span> <span class='ocrx_word' id='word_1_800' title='bbox 3424 4053 3551 4107; x_wconf 86' lang='lat' dir='ltr'><strong>nihil</strong></span> <span class='ocrx_word' id='word_1_801' title='bbox 3577 4053 3723 4109; x_wconf 81' lang='lat' dir='ltr'><strong>aliud</strong></span> 
     </span>
    </p>
   </div>
   <div class='ocr_carea' id='block_1_103' title="bbox 2154 4140 3724 4216">
    <p class='ocr_par' dir='ltr' id='par_1_103' title="bbox 2154 4140 3724 4216">
     <span class='ocr_line' id='line_1_103' title="bbox 2154 4140 3724 4216; baseline 0 -14"><span class='ocrx_word' id='word_1_802' title='bbox 2154 4146 2391 4202; x_wconf 83' lang='lat' dir='ltr'><strong>nutriunt</strong></span> <span class='ocrx_word' id='word_1_803' title='bbox 2423 4162 2577 4216; x_wconf 85' lang='lat' dir='ltr'><strong>quam</strong></span> <span class='ocrx_word' id='word_1_804' title='bbox 2615 4145 2945 4215; x_wconf 84' lang='lat' dir='ltr'><strong>superbiam,</strong></span> <span class='ocrx_word' id='word_1_805' title='bbox 2974 4154 3029 4202; x_wconf 89' lang='lat' dir='ltr'><strong>et</strong></span> <span class='ocrx_word' id='word_1_806' title='bbox 3061 4160 3157 4200; x_wconf 92' lang='lat' dir='ltr'><strong>cor</strong></span> <span class='ocrx_word' id='word_1_807' title='bbox 3190 4162 3373 4201; x_wconf 87' lang='lat' dir='ltr'><strong>eorum</strong></span> <span class='ocrx_word' id='word_1_808' title='bbox 3393 4140 3724 4216; x_wconf 76' lang='lat' dir='ltr'><strong>’congelascit</strong></span> 
     </span>
    </p>
   </div>
   <div class='ocr_carea' id='block_1_104' title="bbox 2152 4236 3722 4308">
    <p class='ocr_par' dir='ltr' id='par_1_104' title="bbox 2152 4236 3722 4308">
     <span class='ocr_line' id='line_1_104' title="bbox 2152 4236 3722 4308; baseline -0.001 -15"><span class='ocrx_word' id='word_1_809' title='bbox 2152 4241 2403 4295; x_wconf 86' lang='lat' dir='ltr'><strong>adversus</strong></span> <span class='ocrx_word' id='word_1_810' title='bbox 2428 4238 2614 4299; x_wconf 87' lang='lat' dir='ltr'><strong>Deum,</strong></span> <span class='ocrx_word' id='word_1_811' title='bbox 2641 4248 2692 4293; x_wconf 89' lang='lat' dir='ltr'><strong>et</strong></span> <span class='ocrx_word' id='word_1_812' title='bbox 2719 4239 2777 4293; x_wconf 87' lang='lat' dir='ltr'><strong>tit</strong></span> <span class='ocrx_word' id='word_1_813' title='bbox 2799 4236 2987 4293; x_wconf 90' lang='lat' dir='ltr'><strong>durum</strong></span> <span class='ocrx_word' id='word_1_814' title='bbox 3012 4237 3268 4293; x_wconf 87' lang='lat' dir='ltr'><strong>adversus</strong></span> <span class='ocrx_word' id='word_1_815' title='bbox 3295 4238 3512 4293; x_wconf 83' lang='lat' dir='ltr'><strong>imbrem</strong></span> <span class='ocrx_word' id='word_1_816' title='bbox 3539 4239 3722 4308; x_wconf 73' lang='lat' dir='ltr'><strong>gratia:</strong></span> 
     </span>
    </p>
   </div>
   <div class='ocr_carea' id='block_1_105' title="bbox 2151 4325 3720 4399">
    <p class='ocr_par' dir='ltr' id='par_1_105' title="bbox 2151 4325 3720 4399">
     <span class='ocr_line' id='line_1_105' title="bbox 2151 4325 3720 4399; baseline -0.003 -14"><span class='ocrx_word' id='word_1_817' title='bbox 2151 4329 2348 4399; x_wconf 81' lang='lat' dir='ltr'><strong>ipsius,</strong></span> <span class='ocrx_word' id='word_1_818' title='bbox 2390 4343 2455 4382; x_wconf 89' lang='lat' dir='ltr'><strong>ne</strong></span> <span class='ocrx_word' id='word_1_819' title='bbox 2493 4328 2718 4382; x_wconf 77' lang='lat' dir='ltr'><strong>fructum</strong></span> <span class='ocrx_word' id='word_1_820' title='bbox 2759 4325 2914 4383; x_wconf 80' lang='lat' dir='ltr'><strong>terat.</strong></span> <span class='ocrx_word' id='word_1_821' title='bbox 2957 4326 3347 4382; x_wconf 69' lang='lat' dir='ltr'><strong>Praesumentes</strong></span> <span class='ocrx_word' id='word_1_822' title='bbox 3374 4327 3510 4381; x_wconf 87' lang='lat' dir='ltr'><strong>enim</strong></span> <span class='ocrx_word' id='word_1_823' title='bbox 3541 4328 3720 4381; x_wconf 85' lang='lat' dir='ltr'><strong>omnia</strong></span> 
     </span>
    </p>
   </div>
   <div class='ocr_carea' id='block_1_106' title="bbox 2151 4417 3723 4489">
    <p class='ocr_par' dir='ltr' id='par_1_106' title="bbox 2151 4417 3723 4489">
     <span class='ocr_line' id='line_1_106' title="bbox 2151 4417 3723 4489; baseline -0.001 -15"><span class='ocrx_word' id='word_1_824' title='bbox 2151 4419 2251 4474; x_wconf 89' lang='lat' dir='ltr'><strong>sibi</strong></span> <span class='ocrx_word' id='word_1_825' title='bbox 2280 4418 2566 4485; x_wconf 89' lang='lat' dir='ltr'><strong>abundare,</strong></span> <span class='ocrx_word' id='word_1_826' title='bbox 2596 4433 2713 4489; x_wconf 64' lang='lat' dir='ltr'><strong>quae</strong></span> <span class='ocrx_word' id='word_1_827' title='bbox 2741 4417 2987 4473; x_wconf 84' lang='lat' dir='ltr'><strong>videntur</strong></span> <span class='ocrx_word' id='word_1_828' title='bbox 3025 4418 3145 4473; x_wconf 91' lang='lat' dir='ltr'><strong>huic</strong></span> <span class='ocrx_word' id='word_1_829' title='bbox 3173 4418 3291 4472; x_wconf 84' lang='lat' dir='ltr'><strong>vitae</strong></span> <span class='ocrx_word' id='word_1_830' title='bbox 3322 4419 3638 4481; x_wconf 82' lang='lat' dir='ltr'><strong>necessaria,</strong></span> <span class='ocrx_word' id='word_1_831' title='bbox 3667 4427 3723 4472; x_wconf 88' lang='lat' dir='ltr'><strong>et</strong></span> 
     </span>
    </p>
   </div>
   <div class='ocr_carea' id='block_1_107' title="bbox 2153 4508 3795 4580">
    <p class='ocr_par' dir='ltr' id='par_1_107' title="bbox 2153 4508 3795 4580">
     <span class='ocr_line' id='line_1_107' title="bbox 2153 4508 3795 4580; baseline -0.001 -17"><span class='ocrx_word' id='word_1_832' title='bbox 2153 4511 2284 4564; x_wconf 89' lang='lat' dir='ltr'><strong>ultra</strong></span> <span class='ocrx_word' id='word_1_833' title='bbox 2305 4526 2462 4580; x_wconf 88' lang='lat' dir='ltr'><strong>quam</strong></span> <span class='ocrx_word' id='word_1_834' title='bbox 2483 4510 2800 4573; x_wconf 88' lang='lat' dir='ltr'><strong>necessaria,</strong></span> <span class='ocrx_word' id='word_1_835' title='bbox 2823 4509 3178 4574; x_wconf 81' lang='lat' dir='ltr'><strong>extolluntur;</strong></span> <span class='ocrx_word' id='word_1_836' title='bbox 3206 4519 3259 4563; x_wconf 90' lang='lat' dir='ltr'><strong>et</strong></span> <span class='ocrx_word' id='word_1_837' title='bbox 3282 4525 3400 4563; x_wconf 86' lang='lat' dir='ltr'><strong>cum</strong></span> <span class='ocrx_word' id='word_1_838' title='bbox 3422 4508 3529 4562; x_wconf 89' lang='lat' dir='ltr'><strong>sint</strong></span> <span class='ocrx_word' id='word_1_839' title='bbox 3550 4508 3722 4562; x_wconf 82' lang='lat' dir='ltr'><strong>homi—</strong></span> <span class='ocrx_word' id='word_1_840' title='bbox 3791 4525 3795 4530; x_wconf 72' lang='grc'><em>’</em></span> 
     </span>
    </p>
   </div>
   <div class='ocr_carea' id='block_1_108' title="bbox 2151 4598 3761 4671">
    <p class='ocr_par' dir='ltr' id='par_1_108' title="bbox 2151 4598 3761 4671">
     <span class='ocr_line' id='line_1_108' title="bbox 2151 4598 3761 4671; baseline -0.001 -16"><span class='ocrx_word' id='word_1_841' title='bbox 2151 4616 2245 4655; x_wconf 88' lang='lat' dir='ltr'><strong>nes</strong></span> <span class='ocrx_word' id='word_1_842' title='bbox 2285 4615 2380 4671; x_wconf 90' lang='lat' dir='ltr'><strong>per</strong></span> <span class='ocrx_word' id='word_1_843' title='bbox 2424 4600 2746 4671; x_wconf 89' lang='lat' dir='ltr'><strong>iniquitatem</strong></span> <span class='ocrx_word' id='word_1_844' title='bbox 2792 4599 3066 4655; x_wconf 79' lang='lat' dir='ltr'><strong>inferiores</strong></span> <span class='ocrx_word' id='word_1_845' title='bbox 3106 4600 3350 4654; x_wconf 89' lang='lat' dir='ltr'><strong>omnibus</strong></span> <span class='ocrx_word' id='word_1_846' title='bbox 3387 4598 3715 4663; x_wconf 80' lang='lat' dir='ltr'><strong>hominibus,</strong></span> <span class='ocrx_word' id='word_1_847' title='bbox 3755 4619 3761 4630; x_wconf 64' lang='grc' dir='ltr'><em>ι</em></span> 
     </span>
    </p>
   </div>
   <div class='ocr_carea' id='block_1_109' title="bbox 2150 4690 3715 4763">
    <p class='ocr_par' dir='ltr' id='par_1_109' title="bbox 2150 4690 3715 4763">
     <span class='ocr_line' id='line_1_109' title="bbox 2150 4690 3715 4763; baseline -0.002 -15"><span class='ocrx_word' id='word_1_848' title='bbox 2150 4710 2245 4763; x_wconf 88' lang='lat' dir='ltr'><strong>per</strong></span> <span class='ocrx_word' id='word_1_849' title='bbox 2269 4694 2564 4763; x_wconf 90' lang='lat' dir='ltr'><strong>superbiam</strong></span> <span class='ocrx_word' id='word_1_850' title='bbox 2592 4695 2892 4763; x_wconf 86' lang='lat' dir='ltr'><strong>superiores</strong></span> <span class='ocrx_word' id='word_1_851' title='bbox 2919 4707 2978 4748; x_wconf 90' lang='lat' dir='ltr'><strong>se</strong></span> <span class='ocrx_word' id='word_1_852' title='bbox 3007 4701 3189 4762; x_wconf 89' lang='lat' dir='ltr'><strong>putant</strong></span> <span class='ocrx_word' id='word_1_853' title='bbox 3214 4692 3457 4746; x_wconf 89' lang='lat' dir='ltr'><strong>omnibus</strong></span> <span class='ocrx_word' id='word_1_854' title='bbox 3484 4690 3715 4746; x_wconf 87' lang='lat' dir='ltr'><strong>homini-</strong></span> 
     </span>
    </p>
   </div>
   <div class='ocr_carea' id='block_1_110' title="bbox 2152 4782 3719 4855">
    <p class='ocr_par' dir='ltr' id='par_1_110' title="bbox 2152 4782 3719 4855">
     <span class='ocr_line' id='line_1_110' title="bbox 2152 4782 3719 4855; baseline -0.001 -18"><span class='ocrx_word' id='word_1_855' title='bbox 2152 4785 2265 4839; x_wconf 86' lang='lat' dir='ltr'><strong>bus.</strong></span> <span class='ocrx_word' id='word_1_856' title='bbox 2313 4787 2484 4855; x_wconf 82' lang='lat' dir='ltr'><strong>Atque</strong></span> <span class='ocrx_word' id='word_1_857' title='bbox 2526 4782 2720 4838; x_wconf 89' lang='lat' dir='ltr'><strong>utinam</strong></span> <span class='ocrx_word' id='word_1_858' title='bbox 2764 4783 2848 4839; x_wconf 88' lang='lat' dir='ltr'><strong>vel</strong></span> <span class='ocrx_word' id='word_1_859' title='bbox 2889 4784 3025 4840; x_wconf 89' lang='lat' dir='ltr'><strong>sicut</strong></span> <span class='ocrx_word' id='word_1_860' title='bbox 3059 4783 3193 4837; x_wconf 90' lang='lat' dir='ltr'><strong>alios</strong></span> <span class='ocrx_word' id='word_1_861' title='bbox 3230 4782 3469 4837; x_wconf 86' lang='lat' dir='ltr'><strong>homines</strong></span> <span class='ocrx_word' id='word_1_862' title='bbox 3504 4797 3564 4836; x_wconf 90' lang='lat' dir='ltr'><strong>se</strong></span> <span class='ocrx_word' id='word_1_863' title='bbox 3597 4797 3719 4837; x_wconf 86' lang='lat' dir='ltr'><strong>esse</strong></span> 
     </span>
    </p>
   </div>
   <div class='ocr_carea' id='block_1_111' title="bbox 2150 4875 3719 4947">
    <p class='ocr_par' dir='ltr' id='par_1_111' title="bbox 2150 4875 3719 4947">
     <span class='ocr_line' id='line_1_111' title="bbox 2150 4875 3719 4947; baseline 0 -16"><span class='ocrx_word' id='word_1_864' title='bbox 2150 4878 2478 4945; x_wconf 85' lang='lat' dir='ltr'><strong>deputarent.</strong></span> <span class='ocrx_word' id='word_1_865' title='bbox 2520 4876 2626 4930; x_wconf 84' lang='lat' dir='ltr'><strong>Hos</strong></span> <span class='ocrx_word' id='word_1_866' title='bbox 2666 4886 2839 4931; x_wconf 87' lang='lat' dir='ltr'><strong>antem</strong></span> <span class='ocrx_word' id='word_1_867' title='bbox 2882 4876 3164 4947; x_wconf 88' lang='lat' dir='ltr'><strong>aliquando</strong></span> <span class='ocrx_word' id='word_1_868' title='bbox 3202 4875 3452 4931; x_wconf 86' lang='lat' dir='ltr'><strong>intuendo</strong></span> <span class='ocrx_word' id='word_1_869' title='bbox 3476 4884 3531 4930; x_wconf 89' lang='lat' dir='ltr'><strong>et</strong></span> <span class='ocrx_word' id='word_1_870' title='bbox 3561 4876 3719 4931; x_wconf 85' lang='lat' dir='ltr'><strong>nimis</strong></span> 
     </span>
    </p>
   </div>
   <div class='ocr_carea' id='block_1_112' title="bbox 2149 4965 3719 5037">
    <p class='ocr_par' dir='ltr' id='par_1_112' title="bbox 2149 4965 3719 5037">
     <span class='ocr_line' id='line_1_112' title="bbox 2149 4965 3719 5037; baseline 0.001 -16"><span class='ocrx_word' id='word_1_871' title='bbox 2149 4967 2467 5022; x_wconf 87' lang='lat' dir='ltr'><strong>attendendo</strong></span> <span class='ocrx_word' id='word_1_872' title='bbox 2489 5008 2504 5031; x_wconf 91' lang='lat'><strong>,</strong></span> <span class='ocrx_word' id='word_1_873' title='bbox 2536 4969 2690 5021; x_wconf 87' lang='lat' dir='ltr'><strong>etiam</strong></span> <span class='ocrx_word' id='word_1_874' title='bbox 2724 4968 2796 5021; x_wconf 93' lang='lat' dir='ltr'><strong>illi</strong></span> <span class='ocrx_word' id='word_1_875' title='bbox 2826 4968 2913 5037; x_wconf 90' lang='lat' dir='ltr'><strong>qui</strong></span> <span class='ocrx_word' id='word_1_876' title='bbox 2953 4968 3112 5022; x_wconf 90' lang='lat' dir='ltr'><strong>Deum</strong></span> <span class='ocrx_word' id='word_1_877' title='bbox 3140 4968 3349 5027; x_wconf 85' lang='lat' dir='ltr'><strong>colunt.</strong></span> <span class='ocrx_word' id='word_1_878' title='bbox 3378 4965 3637 5020; x_wconf 77' lang='lat' dir='ltr'><strong>ﬂuctuant</strong></span> <span class='ocrx_word' id='word_1_879' title='bbox 3664 4978 3719 5023; x_wconf 87' lang='lat' dir='ltr'><strong>et</strong></span> 
     </span>
    </p>
   </div>
   <div class='ocr_carea' id='block_1_113' title="bbox 2150 5059 3720 5130">
    <p class='ocr_par' dir='ltr' id='par_1_113' title="bbox 2150 5059 3720 5130">
     <span class='ocr_line' id='line_1_113' title="bbox 2150 5059 3720 5130; baseline 0.001 -18"><span class='ocrx_word' id='word_1_880' title='bbox 2150 5069 2353 5124; x_wconf 87' lang='lat' dir='ltr'><strong>nutant,</strong></span> <span class='ocrx_word' id='word_1_881' title='bbox 2381 5059 2528 5130; x_wconf 85' lang='lat' dir='ltr'><strong>quasi</strong></span> <span class='ocrx_word' id='word_1_882' title='bbox 2556 5059 2769 5129; x_wconf 83' lang='lat' dir='ltr'><strong>perierit</strong></span> <span class='ocrx_word' id='word_1_883' title='bbox 2798 5074 2999 5113; x_wconf 89' lang='lat' dir='ltr'><strong>merces</strong></span> <span class='ocrx_word' id='word_1_884' title='bbox 3023 5074 3204 5114; x_wconf 82' lang='lat' dir='ltr'><strong>eorum</strong></span> <span class='ocrx_word' id='word_1_885' title='bbox 3231 5074 3397 5128; x_wconf 86' lang='lat' dir='ltr'><strong>quare</strong></span> <span class='ocrx_word' id='word_1_886' title='bbox 3428 5059 3593 5113; x_wconf 89' lang='lat' dir='ltr'><strong>Deum</strong></span> <span class='ocrx_word' id='word_1_887' title='bbox 3622 5074 3720 5114; x_wconf 88' lang='lat' dir='ltr'><strong>co-</strong></span> 
     </span>
    </p>
   </div>
   <div class='ocr_carea' id='block_1_114' title="bbox 2149 5150 3720 5221">
    <p class='ocr_par' dir='ltr' id='par_1_114' title="bbox 2149 5150 3720 5221">
     <span class='ocr_line' id='line_1_114' title="bbox 2149 5150 3720 5221; baseline 0 -16"><span class='ocrx_word' id='word_1_888' title='bbox 2149 5151 2281 5213; x_wconf 90' lang='lat' dir='ltr'><strong>lnnt,</strong></span> <span class='ocrx_word' id='word_1_889' title='bbox 2309 5167 2428 5205; x_wconf 88' lang='lat' dir='ltr'><strong>cum</strong></span> <span class='ocrx_word' id='word_1_890' title='bbox 2452 5167 2510 5206; x_wconf 86' lang='lat' dir='ltr'><strong>se</strong></span> <span class='ocrx_word' id='word_1_891' title='bbox 2536 5152 2713 5205; x_wconf 81' lang='lat' dir='ltr'><strong>vident</strong></span> <span class='ocrx_word' id='word_1_892' title='bbox 2740 5150 2790 5204; x_wconf 90' lang='lat' dir='ltr'><strong>in</strong></span> <span class='ocrx_word' id='word_1_893' title='bbox 2818 5150 3103 5216; x_wconf 87' lang='lat' dir='ltr'><strong>laboribus,</strong></span> <span class='ocrx_word' id='word_1_894' title='bbox 3133 5151 3183 5204; x_wconf 90' lang='lat' dir='ltr'><strong>in</strong></span> <span class='ocrx_word' id='word_1_895' title='bbox 3213 5159 3467 5221; x_wconf 81' lang='lat' dir='ltr'><strong>egestate,</strong></span> <span class='ocrx_word' id='word_1_896' title='bbox 3497 5151 3549 5203; x_wconf 91' lang='lat' dir='ltr'><strong>in</strong></span> <span class='ocrx_word' id='word_1_897' title='bbox 3574 5166 3720 5205; x_wconf 67' lang='lat' dir='ltr'><strong>mru-</strong></span> 
     </span>
    </p>
   </div>
   <div class='ocr_carea' id='block_1_115' title="bbox 2149 5241 3720 5311">
    <p class='ocr_par' dir='ltr' id='par_1_115' title="bbox 2149 5241 3720 5311">
     <span class='ocr_line' id='line_1_115' title="bbox 2149 5241 3720 5311; baseline 0 -15"><span class='ocrx_word' id='word_1_898' title='bbox 2149 5257 2302 5306; x_wconf 89' lang='lat' dir='ltr'><strong>mna,</strong></span> <span class='ocrx_word' id='word_1_899' title='bbox 2336 5242 2386 5296; x_wconf 93' lang='lat' dir='ltr'><strong>in</strong></span> <span class='ocrx_word' id='word_1_900' title='bbox 2417 5242 2631 5303; x_wconf 84' lang='lat' dir='ltr'><strong>morbo,</strong></span> <span class='ocrx_word' id='word_1_901' title='bbox 2665 5242 2714 5295; x_wconf 91' lang='lat' dir='ltr'><strong>in</strong></span> <span class='ocrx_word' id='word_1_902' title='bbox 2739 5241 2955 5308; x_wconf 90' lang='lat' dir='ltr'><strong>dolore,</strong></span> <span class='ocrx_word' id='word_1_903' title='bbox 2988 5243 3040 5296; x_wconf 91' lang='lat' dir='ltr'><strong>in</strong></span> <span class='ocrx_word' id='word_1_904' title='bbox 3078 5241 3250 5311; x_wconf 87' lang='lat' dir='ltr'><strong>aliqua</strong></span> <span class='ocrx_word' id='word_1_905' title='bbox 3289 5244 3638 5303; x_wconf 86' lang='lat' dir='ltr'><strong>necessitate.</strong></span> <span class='ocrx_word' id='word_1_906' title='bbox 3666 5251 3720 5296; x_wconf 89' lang='lat' dir='ltr'><strong>et</strong></span> 
     </span>
    </p>
   </div>
   <div class='ocr_carea' id='block_1_116' title="bbox 2150 5332 3720 5402">
    <p class='ocr_par' dir='ltr' id='par_1_116' title="bbox 2150 5332 3720 5402">
     <span class='ocr_line' id='line_1_116' title="bbox 2150 5332 3720 5402; baseline 0.004 -18"><span class='ocrx_word' id='word_1_907' title='bbox 2150 5333 2328 5388; x_wconf 83' lang='lat' dir='ltr'><strong>vident</strong></span> <span class='ocrx_word' id='word_1_908' title='bbox 2346 5333 2479 5387; x_wconf 90' lang='lat' dir='ltr'><strong>alios</strong></span> <span class='ocrx_word' id='word_1_909' title='bbox 2500 5333 2691 5387; x_wconf 82' lang='lat' dir='ltr'><strong>habere</strong></span> <span class='ocrx_word' id='word_1_910' title='bbox 2717 5333 2991 5387; x_wconf 78' lang='lat' dir='ltr'><strong>sanitatem</strong></span> <span class='ocrx_word' id='word_1_911' title='bbox 3012 5333 3267 5402; x_wconf 86' lang='lat' dir='ltr'><strong>corporis,</strong></span> <span class='ocrx_word' id='word_1_912' title='bbox 3290 5332 3720 5391; x_wconf 77' lang='lat' dir='ltr'><strong>abundare-tem-</strong></span> 
     </span>
    </p>
   </div>
   <div class='ocr_carea' id='block_1_117' title="bbox 2149 5485 3719 5555">
    <p class='ocr_par' dir='ltr' id='par_1_117' title="bbox 2149 5485 3719 5555">
     <span class='ocr_line' id='line_1_117' title="bbox 2149 5485 3719 5555; baseline -0.002 -16"><span class='ocrx_word' id='word_1_913' title='bbox 2149 5489 2234 5555; x_wconf 60' lang='grc' dir='ltr'><strong>τὶς,</strong></span> <span class='ocrx_word' id='word_1_914' title='bbox 2256 5496 2309 5538; x_wconf 80' lang='lat' dir='ltr'><strong>At</strong></span> <span class='ocrx_word' id='word_1_915' title='bbox 2329 5496 2445 5546; x_wconf 72' lang='lat' dir='ltr'><strong>Am.,</strong></span> <span class='ocrx_word' id='word_1_916' title='bbox 2470 5488 2658 5555; x_wconf 75' lang='lat' dir='ltr'><strong>attende</strong></span> <span class='ocrx_word' id='word_1_917' title='bbox 2694 5489 2833 5555; x_wconf 72' lang='lat' dir='ltr'><strong>cujus</strong></span> <span class='ocrx_word' id='word_1_918' title='bbox 2854 5494 2923 5538; x_wconf 84' lang='lat' dir='ltr'><strong>est</strong></span> <span class='ocrx_word' id='word_1_919' title='bbox 2946 5488 3067 5555; x_wconf 76' lang='lat' dir='ltr'><strong>opis,</strong></span> <span class='ocrx_word' id='word_1_920' title='bbox 3097 5494 3157 5537; x_wconf 77' lang='lat' dir='ltr'><strong>ut</strong></span> <span class='ocrx_word' id='word_1_921' title='bbox 3180 5485 3382 5555; x_wconf 69' lang='lat' dir='ltr'><strong>cruoris.</strong></span> <span class='ocrx_word' id='word_1_922' title='bbox 3408 5493 3502 5545; x_wconf 65' lang='lat' dir='ltr'><strong>En,</strong></span> <span class='ocrx_word' id='word_1_923' title='bbox 3524 5487 3719 5555; x_wconf 70' lang='lat' dir='ltr'><strong>attende</strong></span> 
     </span>
    </p>
   </div>
   <div class='ocr_carea' id='block_1_118' title="bbox 2149 5549 3721 5612">
    <p class='ocr_par' dir='ltr' id='par_1_118' title="bbox 2149 5549 3721 5612">
     <span class='ocr_line' id='line_1_118' title="bbox 2149 5549 3721 5612; baseline -0.002 -12"><span class='ocrx_word' id='word_1_924' title='bbox 2149 5551 2286 5612; x_wconf 76' lang='lat' dir='ltr'><strong>Cujus</strong></span> <span class='ocrx_word' id='word_1_925' title='bbox 2332 5558 2397 5612; x_wconf 76' lang='lat' dir='ltr'><strong>est</strong></span> <span class='ocrx_word' id='word_1_926' title='bbox 2420 5550 2536 5612; x_wconf 83' lang='lat' dir='ltr'><strong>opis,</strong></span> <span class='ocrx_word' id='word_1_927' title='bbox 2560 5557 2658 5600; x_wconf 59' lang='lat' dir='ltr'><strong>esto</strong></span> <span class='ocrx_word' id='word_1_928' title='bbox 2677 5549 2781 5612; x_wconf 86' lang='lat' dir='ltr'><strong>pius</strong></span> <span class='ocrx_word' id='word_1_929' title='bbox 2807 5556 2857 5599; x_wconf 85' lang='lat' dir='ltr'><strong>ut</strong></span> <span class='ocrx_word' id='word_1_930' title='bbox 2878 5549 3083 5612; x_wconf 72' lang='lat' dir='ltr'><strong>cruoris.</strong></span> <span class='ocrx_word' id='word_1_931' title='bbox 3123 5550 3337 5611; x_wconf 83' lang='lat' dir='ltr'><strong>Denique</strong></span> <span class='ocrx_word' id='word_1_932' title='bbox 3361 5555 3492 5605; x_wconf 83' lang='lat' dir='ltr'><strong>Lov.,</strong></span> <span class='ocrx_word' id='word_1_933' title='bbox 3523 5550 3589 5596; x_wconf 83' lang='lat' dir='ltr'><strong>ad</strong></span> <span class='ocrx_word' id='word_1_934' title='bbox 3613 5549 3721 5609; x_wconf 79' lang='lat' dir='ltr'><strong>ejus</strong></span> 
     </span>
    </p>
   </div>
   <div class='ocr_carea' id='block_1_119' title="bbox 2147 5609 3150 5723">
    <p class='ocr_par' dir='ltr' id='par_1_119' title="bbox 2147 5609 3150 5723">
     <span class='ocr_line' id='line_1_119' title="bbox 2147 5609 3069 5676; baseline -0.004 -15"><span class='ocrx_word' id='word_1_935' title='bbox 2147 5609 2257 5676; x_wconf 61' lang='lat' dir='ltr'><strong>fuge</strong></span> <span class='ocrx_word' id='word_1_936' title='bbox 2275 5609 2524 5671; x_wconf 57' lang='lat' dir='ltr'><strong>(maritima,</strong></span> <span class='ocrx_word' id='word_1_937' title='bbox 2542 5609 2685 5672; x_wconf 60' lang='lat' dir='ltr'><strong>czous&#39;</strong></span> <span class='ocrx_word' id='word_1_938' title='bbox 2702 5619 2769 5661; x_wconf 85' lang='lat' dir='ltr'><strong>est</strong></span> <span class='ocrx_word' id='word_1_939' title='bbox 2792 5618 2841 5660; x_wconf 86' lang='lat' dir='ltr'><strong>ut</strong></span> <span class='ocrx_word' id='word_1_940' title='bbox 2864 5609 3069 5660; x_wconf 69' lang='lat' dir='ltr'><strong>cruoris.</strong></span> 
     </span>
     <span class='ocr_line' id='line_1_120' title="bbox 2214 5670 3150 5723; baseline -0.001 0"><span class='ocrx_word' id='word_1_941' title='bbox 2214 5678 2230 5706; x_wconf 78' lang='grc' dir='ltr'>ι</span> <span class='ocrx_word' id='word_1_942' title='bbox 2256 5677 2327 5723; x_wconf 84' lang='lat' dir='ltr'><strong>Sic</strong></span> <span class='ocrx_word' id='word_1_943' title='bbox 2345 5679 2449 5722; x_wconf 66' lang='grc' dir='ltr'><strong>ωδε.</strong></span> <span class='ocrx_word' id='word_1_944' title='bbox 2474 5672 2585 5722; x_wconf 67' lang='grc' dir='ltr'><strong>ΕΜ.</strong></span> <span class='ocrx_word' id='word_1_945' title='bbox 2613 5686 2747 5723; x_wconf 81' lang='lat' dir='ltr'><strong>vero.</strong></span> <span class='ocrx_word' id='word_1_946' title='bbox 2764 5685 2923 5723; x_wconf 85' lang='lat' dir='ltr'><strong>omnes</strong></span> <span class='ocrx_word' id='word_1_947' title='bbox 2937 5670 3150 5722; x_wconf 76' lang='lat' dir='ltr'><strong>Iurretici</strong></span> 
     </span>
    </p>
   </div>
   <div class='ocr_carea' id='block_1_120' title="bbox 2177 5686 3723 5846">
    <p class='ocr_par' dir='ltr' id='par_1_120' title="bbox 2177 5686 3723 5846">
     <span class='ocr_line' id='line_1_121' title="bbox 2214 5686 3167 5733; baseline -0.004 -10"><span class='ocrx_word' id='word_1_948' title='bbox 2214 5686 2230 5706; x_wconf 79' lang='grc' dir='ltr'><strong><em>ι</em></strong></span> <span class='ocrx_word' id='word_1_949' title='bbox 2256 5686 2327 5723; x_wconf 80' lang='lat' dir='ltr'><strong>Sic</strong></span> <span class='ocrx_word' id='word_1_950' title='bbox 2346 5686 2449 5722; x_wconf 72' lang='lat' dir='ltr'><strong>uss.</strong></span> <span class='ocrx_word' id='word_1_951' title='bbox 2475 5686 2585 5722; x_wconf 74' lang='lat' dir='ltr'><strong>me.</strong></span> <span class='ocrx_word' id='word_1_952' title='bbox 2613 5686 2747 5733; x_wconf 81' lang='lat' dir='ltr'><strong>vero,</strong></span> <span class='ocrx_word' id='word_1_953' title='bbox 2764 5686 2923 5724; x_wconf 85' lang='lat' dir='ltr'><strong>omnes</strong></span> <span class='ocrx_word' id='word_1_954' title='bbox 2937 5686 3167 5722; x_wconf 70' lang='lat' dir='ltr'><strong>murena.</strong></span> 
     </span>
     <span class='ocr_line' id='line_1_122' title="bbox 2177 5731 3723 5846; baseline -0.002 -62"><span class='ocrx_word' id='word_1_955' title='bbox 2177 5738 2385 5846; x_wconf 32' lang='lat' dir='ltr'><strong>Exigitis.</strong></span> <span class='ocrx_word' id='word_1_956' title='bbox 2410 5742 2460 5785; x_wconf 75' lang='lat' dir='ltr'><strong>ut</strong></span> <span class='ocrx_word' id='word_1_957' title='bbox 2484 5749 2566 5787; x_wconf 80' lang='lat' dir='ltr'><strong>nos</strong></span> <span class='ocrx_word' id='word_1_958' title='bbox 2584 5733 2804 5786; x_wconf 63' lang='lat' dir='ltr'><strong>advarct;</strong></span> <span class='ocrx_word' id='word_1_959' title='bbox 2830 5741 3047 5799; x_wconf 73' lang='lat' dir='ltr'><strong>Propter,</strong></span> <span class='ocrx_word' id='word_1_960' title='bbox 3067 5743 3177 5796; x_wconf 77' lang='lat' dir='ltr'><strong>ctc._.</strong></span> <span class='ocrx_word' id='word_1_961' title='bbox 3200 5731 3553 5795; x_wconf 73' lang='lat' dir='ltr'><strong>refragantibus</strong></span> <span class='ocrx_word' id='word_1_962' title='bbox 3572 5738 3723 5781; x_wconf 69' lang='lat' dir='ltr'><strong>cate-</strong></span> 
     </span>
    </p>
   </div>
   <div class='ocr_carea' id='block_1_121' title="bbox 2150 5810 2389 5846">
    <p class='ocr_par' dir='ltr' id='par_1_121' title="bbox 2150 5810 2389 5846">
     <span class='ocr_line' id='line_1_123' title="bbox 2150 5810 2389 5846; baseline 0 0"><span class='ocrx_word' id='word_1_963' title='bbox 2150 5810 2217 5846; x_wconf 72' lang='lat' dir='ltr'><strong>I‘IS</strong></span> <span class='ocrx_word' id='word_1_964' title='bbox 2240 5810 2389 5846; x_wconf 66' lang='lat' dir='ltr'><strong>“DNS.</strong></span> 
     </span>
    </p>
   </div>
  </div>
