  <div class='ocr_page' id='page_1' title='image "/cluster/home/n/w/nwhite01/storage/ocr_20150623/37/hvd.32044096580592/320.png"; bbox 0 0 3984 6200; ppageno 0'>
   <div class='ocr_carea' id='block_1_1' title="bbox 266 333 401 388">
    <p class='ocr_par' dir='ltr' id='par_1_1' title="bbox 266 333 401 388">
     <span class='ocr_line' id='line_1_1' title="bbox 266 333 401 388; baseline 0 0"><span class='ocrx_word' id='word_1_1' title='bbox 266 333 401 388; x_wconf 71' lang='grc' dir='ltr'><strong>16ἷ9</strong></span> 
     </span>
    </p>
   </div>
   <div class='ocr_carea' id='block_1_2' title="bbox 267 449 1830 525">
    <p class='ocr_par' dir='ltr' id='par_1_2' title="bbox 267 449 1830 525">
     <span class='ocr_line' id='line_1_2' title="bbox 267 449 1830 525; baseline 0.006 -26"><span class='ocrx_word' id='word_1_2' title='bbox 267 449 554 517; x_wconf 84' lang='lat' dir='ltr'><strong>poralihus,</strong></span> <span class='ocrx_word' id='word_1_3' title='bbox 583 449 938 506; x_wconf 88' lang='lat' dir='ltr'><strong>incolumitate</strong></span> <span class='ocrx_word' id='word_1_4' title='bbox 960 466 1174 508; x_wconf 88' lang='lat' dir='ltr'><strong>suorum</strong></span> <span class='ocrx_word' id='word_1_5' title='bbox 1196 453 1444 525; x_wconf 71' lang='lat' dir='ltr'><strong>gaudere,</strong></span> <span class='ocrx_word' id='word_1_6' title='bbox 1470 456 1640 510; x_wconf 88' lang='lat' dir='ltr'><strong>nitore</strong></span> <span class='ocrx_word' id='word_1_7' title='bbox 1669 455 1830 509; x_wconf 87' lang='lat' dir='ltr'><strong>bono-</strong></span> 
     </span>
    </p>
   </div>
   <div class='ocr_carea' id='block_1_3' title="bbox 265 542 1832 610">
    <p class='ocr_par' dir='ltr' id='par_1_3' title="bbox 265 542 1832 610">
     <span class='ocr_line' id='line_1_3' title="bbox 265 542 1832 610; baseline 0.004 -17"><span class='ocrx_word' id='word_1_8' title='bbox 265 557 378 593; x_wconf 88' lang='lat' dir='ltr'><strong>rum</strong></span> <span class='ocrx_word' id='word_1_9' title='bbox 407 542 598 595; x_wconf 87' lang='lat' dir='ltr'><strong>llorerc</strong></span> <span class='ocrx_word' id='word_1_10' title='bbox 621 556 715 596; x_wconf 87' lang='lat' dir='ltr'><strong>eos</strong></span> <span class='ocrx_word' id='word_1_11' title='bbox 739 543 825 610; x_wconf 90' lang='lat' dir='ltr'><strong>qui</strong></span> <span class='ocrx_word' id='word_1_12' title='bbox 853 558 954 596; x_wconf 92' lang='lat' dir='ltr'><strong>non</strong></span> <span class='ocrx_word' id='word_1_13' title='bbox 979 546 1146 598; x_wconf 93' lang='lat' dir='ltr'><strong>solum</strong></span> <span class='ocrx_word' id='word_1_14' title='bbox 1172 545 1338 600; x_wconf 90' lang='lat' dir='ltr'><strong>Deum</strong></span> <span class='ocrx_word' id='word_1_15' title='bbox 1366 563 1467 600; x_wconf 91' lang='lat' dir='ltr'><strong>non</strong></span> <span class='ocrx_word' id='word_1_16' title='bbox 1499 547 1678 601; x_wconf 87' lang='lat' dir='ltr'><strong>eoluut</strong></span> <span class='ocrx_word' id='word_1_17' title='bbox 1697 587 1712 610; x_wconf 96' lang='lat'><strong>,</strong></span> <span class='ocrx_word' id='word_1_18' title='bbox 1742 547 1832 600; x_wconf 89' lang='lat' dir='ltr'><strong>scd</strong></span> 
     </span>
    </p>
   </div>
   <div class='ocr_carea' id='block_1_4' title="bbox 263 632 1829 703">
    <p class='ocr_par' dir='ltr' id='par_1_4' title="bbox 263 632 1829 703">
     <span class='ocr_line' id='line_1_4' title="bbox 263 632 1829 703; baseline 0.004 -19"><span class='ocrx_word' id='word_1_19' title='bbox 263 643 314 684; x_wconf 86' lang='lat' dir='ltr'><strong>et</strong></span> <span class='ocrx_word' id='word_1_20' title='bbox 340 633 584 684; x_wconf 86' lang='lat' dir='ltr'><strong>omnibus</strong></span> <span class='ocrx_word' id='word_1_21' title='bbox 616 632 913 687; x_wconf 87' lang='lat' dir='ltr'><strong>hominibus</strong></span> <span class='ocrx_word' id='word_1_22' title='bbox 936 635 1316 702; x_wconf 71' lang='lat' dir='ltr'><strong>adversantur;</strong></span> <span class='ocrx_word' id='word_1_23' title='bbox 1347 638 1676 692; x_wconf 86' lang='lat' dir='ltr'><strong>attendentes</strong></span> <span class='ocrx_word' id='word_1_24' title='bbox 1706 654 1829 703; x_wconf 85' lang='lat' dir='ltr'><strong>eos,</strong></span> 
     </span>
    </p>
   </div>
   <div class='ocr_carea' id='block_1_5' title="bbox 263 723 1828 797">
    <p class='ocr_par' dir='ltr' id='par_1_5' title="bbox 263 723 1828 797">
     <span class='ocr_line' id='line_1_5' title="bbox 263 723 1828 797; baseline 0.006 -24"><span class='ocrx_word' id='word_1_25' title='bbox 263 732 468 786; x_wconf 78' lang='lat' dir='ltr'><strong>nutant,</strong></span> <span class='ocrx_word' id='word_1_26' title='bbox 491 731 544 776; x_wconf 91' lang='lat' dir='ltr'><strong>ct</strong></span> <span class='ocrx_word' id='word_1_27' title='bbox 567 723 750 776; x_wconf 89' lang='lat' dir='ltr'><strong>dicunt</strong></span> <span class='ocrx_word' id='word_1_28' title='bbox 777 725 913 792; x_wconf 87' lang='lat' dir='ltr'><strong>apud</strong></span> <span class='ocrx_word' id='word_1_29' title='bbox 941 741 998 779; x_wconf 91' lang='lat' dir='ltr'><strong>se</strong></span> <span class='ocrx_word' id='word_1_30' title='bbox 1026 727 1160 794; x_wconf 90' lang='lat' dir='ltr'><strong>quod</strong></span> <span class='ocrx_word' id='word_1_31' title='bbox 1191 738 1370 797; x_wconf 89' lang='lat' dir='ltr'><strong>aperte</strong></span> <span class='ocrx_word' id='word_1_32' title='bbox 1396 730 1647 796; x_wconf 90' lang='lat' dir='ltr'><strong>scriptum</strong></span> <span class='ocrx_word' id='word_1_33' title='bbox 1673 739 1754 783; x_wconf 86' lang='lat' dir='ltr'><strong>est</strong></span> <span class='ocrx_word' id='word_1_34' title='bbox 1780 730 1828 783; x_wconf 92' lang='lat' dir='ltr'><strong>in</strong></span> 
     </span>
    </p>
   </div>
   <div class='ocr_carea' id='block_1_6' title="bbox 260 813 1829 882">
    <p class='ocr_par' dir='ltr' id='par_1_6' title="bbox 260 813 1829 882">
     <span class='ocr_line' id='line_1_6' title="bbox 260 813 1829 882; baseline 0.006 -20"><span class='ocrx_word' id='word_1_35' title='bbox 260 813 486 881; x_wconf 87' lang='lat' dir='ltr'><strong>quodam</strong></span> <span class='ocrx_word' id='word_1_36' title='bbox 515 815 714 882; x_wconf 79' lang='lat' dir='ltr'><strong>psalmo</strong></span> <span class='ocrx_word' id='word_1_37' title='bbox 742 832 754 866; x_wconf 89' lang='lat'><strong>:</strong></span> <span class='ocrx_word' id='word_1_38' title='bbox 783 816 1038 880; x_wconf 81' lang='lat' dir='ltr'><strong>Quomodo</strong></span> <span class='ocrx_word' id='word_1_39' title='bbox 1062 818 1197 870; x_wconf 84' lang='lat' dir='ltr'><strong>scivit</strong></span> <span class='ocrx_word' id='word_1_40' title='bbox 1221 818 1374 882; x_wconf 83' lang='lat' dir='ltr'><strong>Deus,</strong></span> <span class='ocrx_word' id='word_1_41' title='bbox 1405 828 1451 871; x_wconf 88' lang='lat' dir='ltr'><strong>et</strong></span> <span class='ocrx_word' id='word_1_42' title='bbox 1471 820 1516 872; x_wconf 82' lang='lat' dir='ltr'><strong>si</strong></span> <span class='ocrx_word' id='word_1_43' title='bbox 1538 831 1608 872; x_wconf 82' lang='lat' dir='ltr'><strong>est</strong></span> <span class='ocrx_word' id='word_1_44' title='bbox 1627 822 1829 873; x_wconf 79' lang='lat' dir='ltr'><strong>scientia</strong></span> 
     </span>
    </p>
   </div>
   <div class='ocr_carea' id='block_1_7' title="bbox 260 905 1829 976">
    <p class='ocr_par' dir='ltr' id='par_1_7' title="bbox 260 905 1829 976">
     <span class='ocr_line' id='line_1_7' title="bbox 260 905 1829 976; baseline 0.004 -19"><span class='ocrx_word' id='word_1_45' title='bbox 260 907 310 958; x_wconf 84' lang='lat' dir='ltr'><strong>in</strong></span> <span class='ocrx_word' id='word_1_46' title='bbox 335 906 592 959; x_wconf 79' lang='lat' dir='ltr'><strong>Altissimo</strong></span> <span class='ocrx_word' id='word_1_47' title='bbox 611 906 637 958; x_wconf 65' lang='lat'><strong>.9</strong></span> <span class='ocrx_word' id='word_1_48' title='bbox 659 905 791 960; x_wconf 83' lang='lat' dir='ltr'><strong><em>Ecce</em></strong></span> <span class='ocrx_word' id='word_1_49' title='bbox 818 908 915 976; x_wconf 86' lang='lat' dir='ltr'><strong>ipsi</strong></span> <span class='ocrx_word' id='word_1_50' title='bbox 943 919 1222 975; x_wconf 72' lang='lat' dir='ltr'><strong>peccatores</strong></span> <span class='ocrx_word' id='word_1_51' title='bbox 1249 919 1295 962; x_wconf 85' lang='lat' dir='ltr'><strong>et</strong></span> <span class='ocrx_word' id='word_1_52' title='bbox 1324 910 1633 962; x_wconf 70' lang='lat' dir='ltr'><strong>abundantes</strong></span> <span class='ocrx_word' id='word_1_53' title='bbox 1660 913 1709 963; x_wconf 87' lang='lat' dir='ltr'><strong>iu</strong></span> <span class='ocrx_word' id='word_1_54' title='bbox 1736 929 1829 963; x_wconf 51' lang='lat' dir='ltr'><strong>sat-</strong></span> 
     </span>
    </p>
   </div>
   <div class='ocr_carea' id='block_1_8' title="bbox 260 996 1827 1064">
    <p class='ocr_par' dir='ltr' id='par_1_8' title="bbox 260 996 1827 1064">
     <span class='ocr_line' id='line_1_8' title="bbox 260 996 1827 1064; baseline 0.004 -16"><span class='ocrx_word' id='word_1_55' title='bbox 260 996 370 1048; x_wconf 84' lang='lat' dir='ltr'><strong>culo</strong></span> <span class='ocrx_word' id='word_1_56' title='bbox 399 996 714 1049; x_wconf 73' lang='lat' dir='ltr'><strong>obtinuerunt</strong></span> <span class='ocrx_word' id='word_1_57' title='bbox 747 998 962 1050; x_wconf 81' lang='lat' dir='ltr'><strong>diuitias.</strong></span> <span class='ocrx_word' id='word_1_58' title='bbox 1004 999 1068 1052; x_wconf 83' lang='lat' dir='ltr'><strong>Et</strong></span> <span class='ocrx_word' id='word_1_59' title='bbox 1105 1001 1340 1064; x_wconf 82' lang='lat' dir='ltr'><strong>sequitur</strong></span> <span class='ocrx_word' id='word_1_60' title='bbox 1369 1019 1382 1054; x_wconf 89' lang='lat'><strong>;</strong></span> <span class='ocrx_word' id='word_1_61' title='bbox 1419 1000 1676 1064; x_wconf 85' lang='lat' dir='ltr'><strong>Numquid</strong></span> <span class='ocrx_word' id='word_1_62' title='bbox 1704 1017 1827 1055; x_wconf 85' lang='lat' dir='ltr'><strong>vane</strong></span> 
     </span>
    </p>
   </div>
   <div class='ocr_carea' id='block_1_9' title="bbox 255 1067 1826 1156">
    <p class='ocr_par' dir='ltr' id='par_1_9' title="bbox 255 1067 1826 1156">
     <span class='ocr_line' id='line_1_9' title="bbox 255 1067 1826 1156; baseline 0.005 -19"><span class='ocrx_word' id='word_1_63' title='bbox 255 1086 523 1156; x_wconf 75' lang='lat' dir='ltr'><strong>justiﬁeavi</strong></span> <span class='ocrx_word' id='word_1_64' title='bbox 543 1103 629 1139; x_wconf 86' lang='lat' dir='ltr'><strong>cor</strong></span> <span class='ocrx_word' id='word_1_65' title='bbox 647 1103 824 1152; x_wconf 86' lang='lat' dir='ltr'><strong>meum,</strong></span> <span class='ocrx_word' id='word_1_66' title='bbox 846 1097 891 1140; x_wconf 90' lang='lat' dir='ltr'><strong>et</strong></span> <span class='ocrx_word' id='word_1_67' title='bbox 913 1087 1010 1141; x_wconf 87' lang='lat' dir='ltr'><strong>lavi</strong></span> <span class='ocrx_word' id='word_1_68' title='bbox 1031 1090 1080 1142; x_wconf 86' lang='lat' dir='ltr'><strong>in</strong></span> <span class='ocrx_word' id='word_1_69' title='bbox 1102 1090 1442 1144; x_wconf 83' lang='lat' dir='ltr'><strong>innocentibus</strong></span> <span class='ocrx_word' id='word_1_70' title='bbox 1464 1067 1641 1144; x_wconf 69' lang='lat' dir='ltr'><strong>mimus</strong></span> <span class='ocrx_word' id='word_1_71' title='bbox 1664 1093 1826 1145; x_wconf 84' lang='lat' dir='ltr'><strong>meas?</strong></span> 
     </span>
    </p>
   </div>
   <div class='ocr_carea' id='block_1_10' title="bbox 255 1175 1824 1248">
    <p class='ocr_par' dir='ltr' id='par_1_10' title="bbox 255 1175 1824 1248">
     <span class='ocr_line' id='line_1_10' title="bbox 255 1175 1824 1248; baseline 0.003 -17"><span class='ocrx_word' id='word_1_72' title='bbox 255 1175 516 1244; x_wconf 80' lang='lat' dir='ltr'><strong>Numquid</strong></span> <span class='ocrx_word' id='word_1_73' title='bbox 543 1175 678 1231; x_wconf 80' lang='lat' dir='ltr'><strong>forte</strong></span> <span class='ocrx_word' id='word_1_74' title='bbox 704 1193 867 1232; x_wconf 84' lang='lat' dir='ltr'><strong>vanus</strong></span> <span class='ocrx_word' id='word_1_75' title='bbox 895 1177 984 1241; x_wconf 81' lang='lat' dir='ltr'><strong>fui,</strong></span> <span class='ocrx_word' id='word_1_76' title='bbox 1009 1181 1093 1248; x_wconf 92' lang='lat' dir='ltr'><strong>qui</strong></span> <span class='ocrx_word' id='word_1_77' title='bbox 1123 1180 1260 1232; x_wconf 87' lang='lat' dir='ltr'><strong>volui</strong></span> <span class='ocrx_word' id='word_1_78' title='bbox 1281 1179 1421 1248; x_wconf 86' lang='lat' dir='ltr'><strong>juste</strong></span> <span class='ocrx_word' id='word_1_79' title='bbox 1448 1182 1642 1244; x_wconf 90' lang='lat' dir='ltr'><strong>vivere,</strong></span> <span class='ocrx_word' id='word_1_80' title='bbox 1668 1191 1721 1236; x_wconf 90' lang='lat' dir='ltr'><strong>et</strong></span> <span class='ocrx_word' id='word_1_81' title='bbox 1747 1184 1824 1236; x_wconf 82' lang='lat' dir='ltr'><strong>in-</strong></span> 
     </span>
    </p>
   </div>
   <div class='ocr_carea' id='block_1_11' title="bbox 257 1269 1822 1342">
    <p class='ocr_par' dir='ltr' id='par_1_11' title="bbox 257 1269 1822 1342">
     <span class='ocr_line' id='line_1_11' title="bbox 257 1269 1822 1342; baseline 0.003 -20"><span class='ocrx_word' id='word_1_82' title='bbox 257 1279 508 1324; x_wconf 86' lang='lat' dir='ltr'><strong>nocenter</strong></span> <span class='ocrx_word' id='word_1_83' title='bbox 544 1269 682 1324; x_wconf 87' lang='lat' dir='ltr'><strong>inter</strong></span> <span class='ocrx_word' id='word_1_84' title='bbox 719 1270 959 1326; x_wconf 85' lang='lat' dir='ltr'><strong>homines</strong></span> <span class='ocrx_word' id='word_1_85' title='bbox 994 1273 1328 1333; x_wconf 86' lang='lat' dir='ltr'><strong>conversari,</strong></span> <span class='ocrx_word' id='word_1_86' title='bbox 1359 1274 1567 1342; x_wconf 86' lang='lat' dir='ltr'><strong>quando</strong></span> <span class='ocrx_word' id='word_1_87' title='bbox 1595 1275 1706 1328; x_wconf 90' lang='lat' dir='ltr'><strong>scio</strong></span> <span class='ocrx_word' id='word_1_88' title='bbox 1729 1290 1822 1328; x_wconf 87' lang='lat' dir='ltr'><strong>eos</strong></span> 
     </span>
    </p>
   </div>
   <div class='ocr_carea' id='block_1_12' title="bbox 255 1361 1819 1430">
    <p class='ocr_par' dir='ltr' id='par_1_12' title="bbox 255 1361 1819 1430">
     <span class='ocr_line' id='line_1_12' title="bbox 255 1361 1819 1430; baseline 0.003 -14"><span class='ocrx_word' id='word_1_89' title='bbox 255 1361 339 1430; x_wconf 87' lang='lat' dir='ltr'><strong>qui</strong></span> <span class='ocrx_word' id='word_1_90' title='bbox 369 1363 556 1418; x_wconf 86' lang='lat' dir='ltr'><strong>nolunt</strong></span> <span class='ocrx_word' id='word_1_91' title='bbox 585 1378 798 1418; x_wconf 85' lang='lat' dir='ltr'><strong>servare</strong></span> <span class='ocrx_word' id='word_1_92' title='bbox 839 1365 1221 1430; x_wconf 74' lang='lat' dir='ltr'><strong>innocentiam.</strong></span> <span class='ocrx_word' id='word_1_93' title='bbox 1255 1365 1446 1420; x_wconf 79' lang='lat' dir='ltr'><strong>habere</strong></span> <span class='ocrx_word' id='word_1_94' title='bbox 1475 1375 1669 1420; x_wconf 79' lang='lat' dir='ltr'><strong>tantam</strong></span> <span class='ocrx_word' id='word_1_95' title='bbox 1700 1368 1819 1422; x_wconf 82' lang='lat' dir='ltr'><strong>feli-</strong></span> 
     </span>
    </p>
   </div>
   <div class='ocr_carea' id='block_1_13' title="bbox 253 1453 1751 1524">
    <p class='ocr_par' dir='ltr' id='par_1_13' title="bbox 253 1453 1751 1524">
     <span class='ocr_line' id='line_1_13' title="bbox 253 1453 1751 1524; baseline 0.003 -18"><span class='ocrx_word' id='word_1_96' title='bbox 253 1453 484 1519; x_wconf 88' lang='lat' dir='ltr'><strong>citatem,</strong></span> <span class='ocrx_word' id='word_1_97' title='bbox 511 1464 564 1508; x_wconf 88' lang='lat' dir='ltr'><strong>et</strong></span> <span class='ocrx_word' id='word_1_98' title='bbox 589 1454 842 1508; x_wconf 74' lang='lat' dir='ltr'><strong>insultare</strong></span> <span class='ocrx_word' id='word_1_99' title='bbox 859 1454 1013 1523; x_wconf 82' lang='lat' dir='ltr'><strong>justis</strong></span> <span class='ocrx_word' id='word_1_100' title='bbox 1041 1471 1132 1524; x_wconf 86' lang='lat' dir='ltr'><strong>per</strong></span> <span class='ocrx_word' id='word_1_101' title='bbox 1155 1457 1476 1524; x_wconf 75' lang='lat' dir='ltr'><strong>iniquitatem</strong></span> <span class='ocrx_word' id='word_1_102' title='bbox 1501 1458 1515 1488; x_wconf 87' lang='grc'>¹</span> <span class='ocrx_word' id='word_1_103' title='bbox 1541 1458 1751 1512; x_wconf 83' lang='lat' dir='ltr'><strong>felices?</strong></span> 
     </span>
    </p>
   </div>
   <div class='ocr_carea' id='block_1_14' title="bbox 320 1544 1816 1617">
    <p class='ocr_par' dir='ltr' id='par_1_14' title="bbox 320 1544 1816 1617">
     <span class='ocr_line' id='line_1_14' title="bbox 320 1544 1816 1617; baseline 0.005 -20"><span class='ocrx_word' id='word_1_104' title='bbox 320 1545 374 1597; x_wconf 75' lang='grc'><strong>2.</strong></span> <span class='ocrx_word' id='word_1_105' title='bbox 401 1544 504 1612; x_wconf 80' lang='lat' dir='ltr'><strong>Sed</strong></span> <span class='ocrx_word' id='word_1_106' title='bbox 533 1546 651 1616; x_wconf 89' lang='lat' dir='ltr'><strong>quis</strong></span> <span class='ocrx_word' id='word_1_107' title='bbox 674 1545 799 1600; x_wconf 88' lang='lat' dir='ltr'><strong>illud</strong></span> <span class='ocrx_word' id='word_1_108' title='bbox 820 1547 950 1600; x_wconf 79' lang='lat' dir='ltr'><strong>dixit</strong></span> <span class='ocrx_word' id='word_1_109' title='bbox 979 1548 1046 1601; x_wconf 87' lang='lat' dir='ltr'><strong>ibi</strong></span> <span class='ocrx_word' id='word_1_110' title='bbox 1073 1548 1122 1600; x_wconf 92' lang='lat' dir='ltr'><strong>in</strong></span> <span class='ocrx_word' id='word_1_111' title='bbox 1150 1549 1380 1616; x_wconf 74' lang='lat' dir='ltr'><strong>psalttto?</strong></span> <span class='ocrx_word' id='word_1_112' title='bbox 1401 1548 1560 1617; x_wconf 90' lang='lat' dir='ltr'><strong>Cujus</strong></span> <span class='ocrx_word' id='word_1_113' title='bbox 1584 1549 1816 1605; x_wconf 92' lang='lat' dir='ltr'><strong>nondum</strong></span> 
     </span>
    </p>
   </div>
   <div class='ocr_carea' id='block_1_15' title="bbox 249 1629 1816 1712">
    <p class='ocr_par' dir='ltr' id='par_1_15' title="bbox 249 1629 1816 1712">
     <span class='ocr_line' id='line_1_15' title="bbox 249 1629 1816 1712; baseline 0.004 -23"><span class='ocrx_word' id='word_1_114' title='bbox 249 1646 362 1689; x_wconf 83' lang='lat' dir='ltr'><strong>erat</strong></span> <span class='ocrx_word' id='word_1_115' title='bbox 385 1645 588 1690; x_wconf 89' lang='lat' dir='ltr'><strong>rectum</strong></span> <span class='ocrx_word' id='word_1_116' title='bbox 617 1653 727 1692; x_wconf 90' lang='lat' dir='ltr'><strong>cor.</strong></span> <span class='ocrx_word' id='word_1_117' title='bbox 760 1638 847 1691; x_wconf 88' lang='lat' dir='ltr'><strong>Sic</strong></span> <span class='ocrx_word' id='word_1_118' title='bbox 877 1629 1016 1693; x_wconf 84' lang='lat' dir='ltr'><strong>enim</strong></span> <span class='ocrx_word' id='word_1_119' title='bbox 1043 1641 1202 1708; x_wconf 79' lang='lat' dir='ltr'><strong>coepit</strong></span> <span class='ocrx_word' id='word_1_120' title='bbox 1232 1640 1329 1693; x_wconf 86' lang='lat' dir='ltr'><strong>istc</strong></span> <span class='ocrx_word' id='word_1_121' title='bbox 1362 1640 1594 1709; x_wconf 87' lang='lat' dir='ltr'><strong>psalmus</strong></span> <span class='ocrx_word' id='word_1_122' title='bbox 1619 1642 1686 1696; x_wconf 89' lang='lat' dir='ltr'><strong>de</strong></span> <span class='ocrx_word' id='word_1_123' title='bbox 1714 1657 1816 1712; x_wconf 92' lang='lat' dir='ltr'><strong>quo</strong></span> 
     </span>
    </p>
   </div>
   <div class='ocr_carea' id='block_1_16' title="bbox 250 1727 1810 1802">
    <p class='ocr_par' dir='ltr' id='par_1_16' title="bbox 250 1727 1810 1802">
     <span class='ocr_line' id='line_1_16' title="bbox 250 1727 1810 1802; baseline 0.004 -20"><span class='ocrx_word' id='word_1_124' title='bbox 250 1727 407 1782; x_wconf 85' lang='lat' dir='ltr'><strong>modo</strong></span> <span class='ocrx_word' id='word_1_125' title='bbox 438 1729 793 1783; x_wconf 87' lang='lat' dir='ltr'><strong>testimonium</strong></span> <span class='ocrx_word' id='word_1_126' title='bbox 821 1729 1078 1794; x_wconf 80' lang='lat' dir='ltr'><strong>dedimus,</strong></span> <span class='ocrx_word' id='word_1_127' title='bbox 1119 1747 1221 1784; x_wconf 90' lang='lat' dir='ltr'><strong>non</strong></span> <span class='ocrx_word' id='word_1_128' title='bbox 1253 1732 1350 1786; x_wconf 85' lang='lat' dir='ltr'><strong>iste</strong></span> <span class='ocrx_word' id='word_1_129' title='bbox 1376 1747 1531 1802; x_wconf 89' lang='lat' dir='ltr'><strong>quem</strong></span> <span class='ocrx_word' id='word_1_130' title='bbox 1561 1733 1810 1788; x_wconf 89' lang='lat' dir='ltr'><strong>conside-</strong></span> 
     </span>
    </p>
   </div>
   <div class='ocr_carea' id='block_1_17' title="bbox 248 1818 1814 1890">
    <p class='ocr_par' dir='ltr' id='par_1_17' title="bbox 248 1818 1814 1890">
     <span class='ocr_line' id='line_1_17' title="bbox 248 1818 1814 1890; baseline 0.003 -16"><span class='ocrx_word' id='word_1_131' title='bbox 248 1818 470 1874; x_wconf 85' lang='lat' dir='ltr'><strong>randum</strong></span> <span class='ocrx_word' id='word_1_132' title='bbox 500 1827 554 1873; x_wconf 90' lang='lat' dir='ltr'><strong>et</strong></span> <span class='ocrx_word' id='word_1_133' title='bbox 581 1820 906 1874; x_wconf 87' lang='lat' dir='ltr'><strong>tractandum</strong></span> <span class='ocrx_word' id='word_1_134' title='bbox 939 1821 1094 1875; x_wconf 89' lang='lat' dir='ltr'><strong>modo</strong></span> <span class='ocrx_word' id='word_1_135' title='bbox 1119 1823 1465 1890; x_wconf 74' lang='lat' dir='ltr'><strong>suscepimus,</strong></span> <span class='ocrx_word' id='word_1_136' title='bbox 1498 1822 1590 1878; x_wconf 88' lang='lat' dir='ltr'><strong>sed</strong></span> <span class='ocrx_word' id='word_1_137' title='bbox 1620 1823 1706 1877; x_wconf 91' lang='lat' dir='ltr'><strong>ubi</strong></span> <span class='ocrx_word' id='word_1_138' title='bbox 1733 1823 1814 1878; x_wconf 87' lang='lat' dir='ltr'><strong>di-</strong></span> 
     </span>
    </p>
   </div>
   <div class='ocr_carea' id='block_1_18' title="bbox 249 1909 1810 1977">
    <p class='ocr_par' dir='ltr' id='par_1_18' title="bbox 249 1909 1810 1977">
     <span class='ocr_line' id='line_1_18' title="bbox 249 1909 1810 1977; baseline 0.004 -14"><span class='ocrx_word' id='word_1_139' title='bbox 249 1917 388 1963; x_wconf 85' lang='lat' dir='ltr'><strong>ctum</strong></span> <span class='ocrx_word' id='word_1_140' title='bbox 418 1917 520 1973; x_wconf 90' lang='lat' dir='ltr'><strong>est,</strong></span> <span class='ocrx_word' id='word_1_141' title='bbox 557 1927 576 1960; x_wconf 72' lang='grc' dir='ltr'><strong><em>ι</em></strong></span> <span class='ocrx_word' id='word_1_142' title='bbox 603 1909 878 1977; x_wconf 91' lang='lat' dir='ltr'><strong>Quomodo</strong></span> <span class='ocrx_word' id='word_1_143' title='bbox 907 1911 1058 1965; x_wconf 83' lang='lat' dir='ltr'><strong>scivit</strong></span> <span class='ocrx_word' id='word_1_144' title='bbox 1091 1912 1246 1974; x_wconf 77' lang='lat' dir='ltr'><strong>Deus,</strong></span> <span class='ocrx_word' id='word_1_145' title='bbox 1281 1921 1334 1965; x_wconf 91' lang='lat' dir='ltr'><strong>et</strong></span> <span class='ocrx_word' id='word_1_146' title='bbox 1376 1912 1420 1966; x_wconf 88' lang='lat' dir='ltr'><strong>si</strong></span> <span class='ocrx_word' id='word_1_147' title='bbox 1467 1922 1544 1968; x_wconf 89' lang='lat' dir='ltr'><strong>est</strong></span> <span class='ocrx_word' id='word_1_148' title='bbox 1591 1915 1810 1970; x_wconf 85' lang='lat' dir='ltr'><strong>scientia</strong></span> 
     </span>
    </p>
   </div>
   <div class='ocr_carea' id='block_1_19' title="bbox 246 2001 1810 2073">
    <p class='ocr_par' dir='ltr' id='par_1_19' title="bbox 246 2001 1810 2073">
     <span class='ocr_line' id='line_1_19' title="bbox 246 2001 1810 2073; baseline 0.003 -16"><span class='ocrx_word' id='word_1_149' title='bbox 246 2003 300 2057; x_wconf 90' lang='lat' dir='ltr'><strong>in</strong></span> <span class='ocrx_word' id='word_1_150' title='bbox 335 2001 646 2056; x_wconf 75' lang='lat' dir='ltr'><strong>Altissimo?</strong></span> <span class='ocrx_word' id='word_1_151' title='bbox 689 2003 822 2056; x_wconf 83' lang='lat' dir='ltr'><strong>Ecce</strong></span> <span class='ocrx_word' id='word_1_152' title='bbox 853 2003 950 2071; x_wconf 84' lang='lat' dir='ltr'><strong>ipsi</strong></span> <span class='ocrx_word' id='word_1_153' title='bbox 979 2017 1278 2073; x_wconf 84' lang='lat' dir='ltr'><strong>peccatores</strong></span> <span class='ocrx_word' id='word_1_154' title='bbox 1313 2014 1366 2059; x_wconf 88' lang='lat' dir='ltr'><strong>et</strong></span> <span class='ocrx_word' id='word_1_155' title='bbox 1402 2005 1727 2061; x_wconf 81' lang='lat' dir='ltr'><strong>abundantes</strong></span> <span class='ocrx_word' id='word_1_156' title='bbox 1757 2008 1810 2061; x_wconf 91' lang='lat' dir='ltr'><strong>in</strong></span> 
     </span>
    </p>
   </div>
   <div class='ocr_carea' id='block_1_20' title="bbox 245 2091 1808 2166">
    <p class='ocr_par' dir='ltr' id='par_1_20' title="bbox 245 2091 1808 2166">
     <span class='ocr_line' id='line_1_20' title="bbox 245 2091 1808 2166; baseline 0.006 -22"><span class='ocrx_word' id='word_1_157' title='bbox 245 2091 439 2144; x_wconf 67' lang='lat' dir='ltr'><strong>swculo</strong></span> <span class='ocrx_word' id='word_1_158' title='bbox 461 2093 798 2146; x_wconf 81' lang='lat' dir='ltr'><strong>obtinuerunt</strong></span> <span class='ocrx_word' id='word_1_159' title='bbox 825 2093 1051 2148; x_wconf 77' lang='lat' dir='ltr'><strong>divitias.</strong></span> <span class='ocrx_word' id='word_1_160' title='bbox 1084 2094 1344 2164; x_wconf 85' lang='lat' dir='ltr'><strong>Numquid</strong></span> <span class='ocrx_word' id='word_1_161' title='bbox 1371 2112 1502 2150; x_wconf 89' lang='lat' dir='ltr'><strong>vane</strong></span> <span class='ocrx_word' id='word_1_162' title='bbox 1525 2098 1808 2166; x_wconf 74' lang='lat' dir='ltr'><strong>justiﬁcavi</strong></span> 
     </span>
    </p>
   </div>
   <div class='ocr_carea' id='block_1_21' title="bbox 243 2184 1808 2246">
    <p class='ocr_par' dir='ltr' id='par_1_21' title="bbox 243 2184 1808 2246">
     <span class='ocr_line' id='line_1_21' title="bbox 243 2184 1808 2246; baseline 0.006 -11"><span class='ocrx_word' id='word_1_163' title='bbox 243 2195 335 2235; x_wconf 88' lang='lat' dir='ltr'><strong>cor</strong></span> <span class='ocrx_word' id='word_1_164' title='bbox 363 2197 559 2246; x_wconf 81' lang='lat' dir='ltr'><strong>meum,</strong></span> <span class='ocrx_word' id='word_1_165' title='bbox 583 2191 637 2238; x_wconf 90' lang='lat' dir='ltr'><strong>et</strong></span> <span class='ocrx_word' id='word_1_166' title='bbox 660 2184 757 2237; x_wconf 81' lang='lat' dir='ltr'><strong>lavi</strong></span> <span class='ocrx_word' id='word_1_167' title='bbox 785 2184 833 2237; x_wconf 92' lang='lat' dir='ltr'><strong>in</strong></span> <span class='ocrx_word' id='word_1_168' title='bbox 867 2185 1229 2242; x_wconf 79' lang='lat' dir='ltr'><strong>innocentibus</strong></span> <span class='ocrx_word' id='word_1_169' title='bbox 1258 2202 1442 2240; x_wconf 84' lang='lat' dir='ltr'><strong>manus</strong></span> <span class='ocrx_word' id='word_1_170' title='bbox 1464 2189 1646 2242; x_wconf 89' lang='lat' dir='ltr'><strong>meas?</strong></span> <span class='ocrx_word' id='word_1_171' title='bbox 1667 2209 1683 2240; x_wconf 73' lang='grc' dir='ltr'><strong><em>ι</em></strong></span> <span class='ocrx_word' id='word_1_172' title='bbox 1721 2191 1808 2244; x_wconf 84' lang='lat' dir='ltr'><strong>ille</strong></span> 
     </span>
    </p>
   </div>
   <div class='ocr_carea' id='block_1_22' title="bbox 241 2276 1804 2350">
    <p class='ocr_par' dir='ltr' id='par_1_22' title="bbox 241 2276 1804 2350">
     <span class='ocr_line' id='line_1_22' title="bbox 241 2276 1804 2350; baseline 0.006 -21"><span class='ocrx_word' id='word_1_173' title='bbox 241 2289 366 2344; x_wconf 83' lang='lat' dir='ltr'><strong>ergo</strong></span> <span class='ocrx_word' id='word_1_174' title='bbox 397 2276 647 2345; x_wconf 79' lang='lat' dir='ltr'><strong>psalmus,</strong></span> <span class='ocrx_word' id='word_1_175' title='bbox 680 2278 766 2332; x_wconf 90' lang='lat' dir='ltr'><strong>ubi</strong></span> <span class='ocrx_word' id='word_1_176' title='bbox 799 2279 986 2333; x_wconf 87' lang='lat' dir='ltr'><strong>videtis</strong></span> <span class='ocrx_word' id='word_1_177' title='bbox 1012 2282 1130 2350; x_wconf 85' lang='lat' dir='ltr'><strong>quia</strong></span> <span class='ocrx_word' id='word_1_178' title='bbox 1155 2281 1688 2348; x_wconf 86' lang='lat' dir='ltr'><strong>periclitaturauima,</strong></span> <span class='ocrx_word' id='word_1_179' title='bbox 1721 2285 1804 2338; x_wconf 89' lang='lat' dir='ltr'><strong>ubi</strong></span> 
     </span>
    </p>
   </div>
   <div class='ocr_carea' id='block_1_23' title="bbox 240 2368 1805 2442">
    <p class='ocr_par' dir='ltr' id='par_1_23' title="bbox 240 2368 1805 2442">
     <span class='ocr_line' id='line_1_23' title="bbox 240 2368 1805 2442; baseline 0.006 -22"><span class='ocrx_word' id='word_1_180' title='bbox 240 2368 430 2426; x_wconf 86' lang='lat' dir='ltr'><strong>videtis</strong></span> <span class='ocrx_word' id='word_1_181' title='bbox 467 2371 586 2438; x_wconf 91' lang='lat' dir='ltr'><strong>quia</strong></span> <span class='ocrx_word' id='word_1_182' title='bbox 631 2379 814 2424; x_wconf 86' lang='lat' dir='ltr'><strong>nutant</strong></span> <span class='ocrx_word' id='word_1_183' title='bbox 855 2372 1050 2440; x_wconf 83' lang='lat' dir='ltr'><strong>pedes,</strong></span> <span class='ocrx_word' id='word_1_184' title='bbox 1099 2374 1174 2427; x_wconf 90' lang='lat' dir='ltr'><strong>sic</strong></span> <span class='ocrx_word' id='word_1_185' title='bbox 1211 2374 1410 2442; x_wconf 63' lang='lat' dir='ltr'><strong>etrapit:</strong></span> <span class='ocrx_word' id='word_1_186' title='bbox 1445 2375 1608 2441; x_wconf 83' lang='lat' dir='ltr'><strong>Quam</strong></span> <span class='ocrx_word' id='word_1_187' title='bbox 1649 2375 1805 2430; x_wconf 81' lang='lat' dir='ltr'><strong>bonus</strong></span> 
     </span>
    </p>
   </div>
   <div class='ocr_carea' id='block_1_24' title="bbox 239 2459 1804 2536">
    <p class='ocr_par' dir='ltr' id='par_1_24' title="bbox 239 2459 1804 2536">
     <span class='ocr_line' id='line_1_24' title="bbox 239 2459 1804 2536; baseline 0.003 -21"><span class='ocrx_word' id='word_1_188' title='bbox 239 2459 375 2526; x_wconf 76' lang='lat' dir='ltr'><strong>Deus</strong></span> <span class='ocrx_word' id='word_1_189' title='bbox 409 2460 569 2514; x_wconf 81' lang='lat' dir='ltr'><strong>Israel</strong></span> <span class='ocrx_word' id='word_1_190' title='bbox 590 2463 734 2516; x_wconf 82' lang='lat' dir='ltr'><strong>rectis</strong></span> <span class='ocrx_word' id='word_1_191' title='bbox 759 2463 942 2516; x_wconf 82' lang='lat' dir='ltr'><strong>corde!</strong></span> <span class='ocrx_word' id='word_1_192' title='bbox 966 2463 1070 2517; x_wconf 75' lang='lat' dir='ltr'><strong>Mei</strong></span> <span class='ocrx_word' id='word_1_193' title='bbox 1093 2475 1277 2532; x_wconf 85' lang='lat' dir='ltr'><strong>autem,</strong></span> <span class='ocrx_word' id='word_1_194' title='bbox 1312 2467 1497 2536; x_wconf 90' lang='lat' dir='ltr'><strong>inquit,</strong></span> <span class='ocrx_word' id='word_1_195' title='bbox 1527 2485 1651 2536; x_wconf 84' lang='lat' dir='ltr'><strong>pene</strong></span> <span class='ocrx_word' id='word_1_196' title='bbox 1673 2485 1804 2521; x_wconf 86' lang='lat' dir='ltr'><strong>com-</strong></span> 
     </span>
    </p>
   </div>
   <div class='ocr_carea' id='block_1_25' title="bbox 238 2555 1799 2629">
    <p class='ocr_par' dir='ltr' id='par_1_25' title="bbox 238 2555 1799 2629">
     <span class='ocr_line' id='line_1_25' title="bbox 238 2555 1799 2629; baseline 0.006 -24"><span class='ocrx_word' id='word_1_197' title='bbox 238 2555 357 2607; x_wconf 79' lang='lat' dir='ltr'><strong>moti</strong></span> <span class='ocrx_word' id='word_1_198' title='bbox 375 2563 491 2607; x_wconf 86' lang='lat' dir='ltr'><strong>sunt</strong></span> <span class='ocrx_word' id='word_1_199' title='bbox 517 2556 682 2624; x_wconf 78' lang='lat' dir='ltr'><strong>pedes,</strong></span> <span class='ocrx_word' id='word_1_200' title='bbox 713 2557 866 2623; x_wconf 86' lang='lat' dir='ltr'><strong>paulo</strong></span> <span class='ocrx_word' id='word_1_201' title='bbox 903 2557 1068 2610; x_wconf 82' lang='lat' dir='ltr'><strong>minus</strong></span> <span class='ocrx_word' id='word_1_202' title='bbox 1111 2557 1257 2623; x_wconf 72' lang='lat' dir='ltr'><strong>effusi</strong></span> <span class='ocrx_word' id='word_1_203' title='bbox 1293 2569 1408 2612; x_wconf 88' lang='lat' dir='ltr'><strong>sunt</strong></span> <span class='ocrx_word' id='word_1_204' title='bbox 1449 2578 1644 2629; x_wconf 80' lang='lat' dir='ltr'><strong>gressus</strong></span> <span class='ocrx_word' id='word_1_205' title='bbox 1685 2564 1799 2616; x_wconf 82' lang='lat' dir='ltr'><strong>mei.</strong></span> 
     </span>
    </p>
   </div>
   <div class='ocr_carea' id='block_1_26' title="bbox 237 2643 1802 2720">
    <p class='ocr_par' dir='ltr' id='par_1_26' title="bbox 237 2643 1802 2720">
     <span class='ocr_line' id='line_1_26' title="bbox 237 2643 1802 2720; baseline 0.007 -26"><span class='ocrx_word' id='word_1_206' title='bbox 237 2643 442 2711; x_wconf 82' lang='lat' dir='ltr'><strong>Quare?</strong></span> <span class='ocrx_word' id='word_1_207' title='bbox 484 2645 612 2712; x_wconf 80' lang='lat' dir='ltr'><strong>Quia</strong></span> <span class='ocrx_word' id='word_1_208' title='bbox 637 2645 794 2700; x_wconf 79' lang='lat' dir='ltr'><strong>zelavi</strong></span> <span class='ocrx_word' id='word_1_209' title='bbox 816 2647 868 2700; x_wconf 87' lang='lat' dir='ltr'><strong>in</strong></span> <span class='ocrx_word' id='word_1_210' title='bbox 898 2649 1256 2717; x_wconf 78' lang='lat' dir='ltr'><strong>peccatoribus,</strong></span> <span class='ocrx_word' id='word_1_211' title='bbox 1289 2667 1459 2720; x_wconf 84' lang='lat' dir='ltr'><strong>pacem</strong></span> <span class='ocrx_word' id='word_1_212' title='bbox 1487 2662 1802 2716; x_wconf 82' lang='lat' dir='ltr'><strong>peccatorum</strong></span> 
     </span>
    </p>
   </div>
   <div class='ocr_carea' id='block_1_27' title="bbox 235 2736 1799 2812">
    <p class='ocr_par' dir='ltr' id='par_1_27' title="bbox 235 2736 1799 2812">
     <span class='ocr_line' id='line_1_27' title="bbox 235 2736 1799 2812; baseline 0.005 -22"><span class='ocrx_word' id='word_1_213' title='bbox 235 2736 432 2790; x_wconf 82' lang='lat' dir='ltr'><strong>intuens</strong></span> <span class='ocrx_word' id='word_1_214' title='bbox 460 2736 627 2808; x_wconf 86' lang='lat' dir='ltr'><strong>(Psal.</strong></span> <span class='ocrx_word' id='word_1_215' title='bbox 654 2755 819 2802; x_wconf 73' lang='lat' dir='ltr'><strong>Lxxu,</strong></span> <span class='ocrx_word' id='word_1_216' title='bbox 851 2739 1019 2812; x_wconf 79' lang='grc'><strong>1-15).</strong></span> <span class='ocrx_word' id='word_1_217' title='bbox 1055 2741 1177 2795; x_wconf 88' lang='lat' dir='ltr'><strong>inde</strong></span> <span class='ocrx_word' id='word_1_218' title='bbox 1201 2757 1325 2811; x_wconf 83' lang='lat' dir='ltr'><strong>ergo</strong></span> <span class='ocrx_word' id='word_1_219' title='bbox 1355 2742 1483 2796; x_wconf 81' lang='lat' dir='ltr'><strong>dixit</strong></span> <span class='ocrx_word' id='word_1_220' title='bbox 1505 2753 1799 2798; x_wconf 89' lang='lat' dir='ltr'><strong>commotos</strong></span> 
     </span>
    </p>
   </div>
   <div class='ocr_carea' id='block_1_28' title="bbox 234 2829 1796 2904">
    <p class='ocr_par' dir='ltr' id='par_1_28' title="bbox 234 2829 1796 2904">
     <span class='ocr_line' id='line_1_28' title="bbox 234 2829 1796 2904; baseline 0.006 -21"><span class='ocrx_word' id='word_1_221' title='bbox 234 2829 396 2898; x_wconf 85' lang='lat' dir='ltr'><strong>pedes</strong></span> <span class='ocrx_word' id='word_1_222' title='bbox 422 2845 546 2884; x_wconf 90' lang='lat' dir='ltr'><strong>suos</strong></span> <span class='ocrx_word' id='word_1_223' title='bbox 565 2839 619 2886; x_wconf 89' lang='lat' dir='ltr'><strong>et</strong></span> <span class='ocrx_word' id='word_1_224' title='bbox 641 2847 773 2901; x_wconf 88' lang='lat' dir='ltr'><strong>pene</strong></span> <span class='ocrx_word' id='word_1_225' title='bbox 799 2831 991 2887; x_wconf 76' lang='lat' dir='ltr'><strong>eil‘usos</strong></span> <span class='ocrx_word' id='word_1_226' title='bbox 1017 2848 1247 2904; x_wconf 79' lang='lat' dir='ltr'><strong>gressus,</strong></span> <span class='ocrx_word' id='word_1_227' title='bbox 1279 2835 1424 2904; x_wconf 84' lang='lat' dir='ltr'><strong>lapsu</strong></span> <span class='ocrx_word' id='word_1_228' title='bbox 1452 2836 1516 2890; x_wconf 88' lang='lat' dir='ltr'><strong>ad</strong></span> <span class='ocrx_word' id='word_1_229' title='bbox 1545 2838 1744 2891; x_wconf 89' lang='lat' dir='ltr'><strong>ruinam</strong></span> <span class='ocrx_word' id='word_1_230' title='bbox 1768 2855 1796 2891; x_wconf 88' lang='lat' dir='ltr'><strong>a</strong></span> 
     </span>
    </p>
   </div>
   <div class='ocr_carea' id='block_1_29' title="bbox 232 2919 1796 2997">
    <p class='ocr_par' dir='ltr' id='par_1_29' title="bbox 232 2919 1796 2997">
     <span class='ocr_line' id='line_1_29' title="bbox 232 2919 1796 2997; baseline 0.004 -24"><span class='ocrx_word' id='word_1_231' title='bbox 232 2919 359 2983; x_wconf 89' lang='lat' dir='ltr'><strong>Deo,</strong></span> <span class='ocrx_word' id='word_1_232' title='bbox 388 2922 508 2992; x_wconf 84' lang='lat' dir='ltr'><strong>quia</strong></span> <span class='ocrx_word' id='word_1_233' title='bbox 539 2924 754 2979; x_wconf 87' lang='lat' dir='ltr'><strong>intuitus</strong></span> <span class='ocrx_word' id='word_1_234' title='bbox 778 2934 860 2979; x_wconf 90' lang='lat' dir='ltr'><strong>est</strong></span> <span class='ocrx_word' id='word_1_235' title='bbox 888 2934 941 2980; x_wconf 87' lang='lat' dir='ltr'><strong>et</strong></span> <span class='ocrx_word' id='word_1_236' title='bbox 977 2926 1201 2995; x_wconf 72' lang='lat' dir='ltr'><strong>inspexit</strong></span> <span class='ocrx_word' id='word_1_237' title='bbox 1229 2927 1525 2982; x_wconf 77' lang='lat' dir='ltr'><strong>felicitatem</strong></span> <span class='ocrx_word' id='word_1_238' title='bbox 1553 2941 1796 2997; x_wconf 85' lang='lat' dir='ltr'><strong>peccato.-</strong></span> 
     </span>
    </p>
   </div>
   <div class='ocr_carea' id='block_1_30' title="bbox 234 3013 1792 3086">
    <p class='ocr_par' dir='ltr' id='par_1_30' title="bbox 234 3013 1792 3086">
     <span class='ocr_line' id='line_1_30' title="bbox 234 3013 1792 3086; baseline 0.005 -21"><span class='ocrx_word' id='word_1_239' title='bbox 234 3026 350 3066; x_wconf 85' lang='lat' dir='ltr'><strong>rum</strong></span> <span class='ocrx_word' id='word_1_240' title='bbox 371 3055 384 3074; x_wconf 94' lang='lat'><strong>,</strong></span> <span class='ocrx_word' id='word_1_241' title='bbox 423 3021 475 3067; x_wconf 87' lang='lat' dir='ltr'><strong>et</strong></span> <span class='ocrx_word' id='word_1_242' title='bbox 503 3013 632 3069; x_wconf 88' lang='lat' dir='ltr'><strong>vidit</strong></span> <span class='ocrx_word' id='word_1_243' title='bbox 659 3031 752 3070; x_wconf 89' lang='lat' dir='ltr'><strong>eos</strong></span> <span class='ocrx_word' id='word_1_244' title='bbox 779 3015 972 3072; x_wconf 88' lang='lat' dir='ltr'><strong>habere</strong></span> <span class='ocrx_word' id='word_1_245' title='bbox 1003 3032 1205 3086; x_wconf 87' lang='lat' dir='ltr'><strong>pacem,</strong></span> <span class='ocrx_word' id='word_1_246' title='bbox 1243 3033 1299 3073; x_wconf 87' lang='lat' dir='ltr'><strong>se</strong></span> <span class='ocrx_word' id='word_1_247' title='bbox 1336 3028 1508 3073; x_wconf 83' lang='lat' dir='ltr'><strong>autem</strong></span> <span class='ocrx_word' id='word_1_248' title='bbox 1540 3020 1792 3074; x_wconf 90' lang='lat' dir='ltr'><strong>laborem.</strong></span> 
     </span>
    </p>
   </div>
   <div class='ocr_carea' id='block_1_31' title="bbox 231 3103 1795 3180">
    <p class='ocr_par' dir='ltr' id='par_1_31' title="bbox 231 3103 1795 3180">
     <span class='ocr_line' id='line_1_31' title="bbox 231 3103 1795 3180; baseline 0.005 -21"><span class='ocrx_word' id='word_1_249' title='bbox 231 3103 470 3160; x_wconf 78' lang='lat' dir='ltr'><strong>Narravit</strong></span> <span class='ocrx_word' id='word_1_250' title='bbox 490 3115 664 3163; x_wconf 87' lang='lat' dir='ltr'><strong>autem</strong></span> <span class='ocrx_word' id='word_1_251' title='bbox 693 3107 794 3162; x_wconf 88' lang='lat' dir='ltr'><strong>hoc</strong></span> <span class='ocrx_word' id='word_1_252' title='bbox 820 3124 938 3164; x_wconf 90' lang='lat' dir='ltr'><strong>cum</strong></span> <span class='ocrx_word' id='word_1_253' title='bbox 965 3110 1072 3178; x_wconf 88' lang='lat' dir='ltr'><strong>jam</strong></span> <span class='ocrx_word' id='word_1_254' title='bbox 1099 3112 1374 3177; x_wconf 63' lang='lat' dir='ltr'><strong>evasisset,</strong></span> <span class='ocrx_word' id='word_1_255' title='bbox 1393 3127 1512 3166; x_wconf 90' lang='lat' dir='ltr'><strong>cum</strong></span> <span class='ocrx_word' id='word_1_256' title='bbox 1537 3112 1643 3180; x_wconf 87' lang='lat' dir='ltr'><strong>jam</strong></span> <span class='ocrx_word' id='word_1_257' title='bbox 1674 3128 1795 3167; x_wconf 85' lang='lat' dir='ltr'><strong>cor-</strong></span> 
     </span>
    </p>
   </div>
   <div class='ocr_carea' id='block_1_32' title="bbox 231 3199 1795 3273">
    <p class='ocr_par' dir='ltr' id='par_1_32' title="bbox 231 3199 1795 3273">
     <span class='ocr_line' id='line_1_32' title="bbox 231 3199 1795 3273; baseline 0.003 -21"><span class='ocrx_word' id='word_1_258' title='bbox 231 3208 378 3252; x_wconf 87' lang='lat' dir='ltr'><strong>recto</strong></span> <span class='ocrx_word' id='word_1_259' title='bbox 401 3199 561 3254; x_wconf 87' lang='lat' dir='ltr'><strong>corde</strong></span> <span class='ocrx_word' id='word_1_260' title='bbox 591 3200 700 3254; x_wconf 86' lang='lat' dir='ltr'><strong>Deo</strong></span> <span class='ocrx_word' id='word_1_261' title='bbox 726 3200 1042 3268; x_wconf 67' lang='lat' dir='ltr'><strong>inhaesisset,</strong></span> <span class='ocrx_word' id='word_1_262' title='bbox 1084 3205 1313 3257; x_wconf 86' lang='lat' dir='ltr'><strong>narravit</strong></span> <span class='ocrx_word' id='word_1_263' title='bbox 1349 3205 1611 3273; x_wconf 66' lang='lat' dir='ltr'><strong>przetcrita</strong></span> <span class='ocrx_word' id='word_1_264' title='bbox 1657 3205 1795 3272; x_wconf 88' lang='lat' dir='ltr'><strong>peri-</strong></span> 
     </span>
    </p>
   </div>
   <div class='ocr_carea' id='block_1_33' title="bbox 231 3291 1794 3364">
    <p class='ocr_par' dir='ltr' id='par_1_33' title="bbox 231 3291 1794 3364">
     <span class='ocr_line' id='line_1_33' title="bbox 231 3291 1794 3364; baseline 0.003 -21"><span class='ocrx_word' id='word_1_265' title='bbox 231 3291 344 3344; x_wconf 86' lang='lat' dir='ltr'><strong>cula</strong></span> <span class='ocrx_word' id='word_1_266' title='bbox 371 3305 484 3344; x_wconf 88' lang='lat' dir='ltr'><strong>sna.</strong></span> <span class='ocrx_word' id='word_1_267' title='bbox 518 3291 678 3361; x_wconf 84' lang='lat' dir='ltr'><strong>Ergo,</strong></span> <span class='ocrx_word' id='word_1_268' title='bbox 711 3291 881 3346; x_wconf 82' lang='lat' dir='ltr'><strong>Bonus</strong></span> <span class='ocrx_word' id='word_1_269' title='bbox 921 3292 1053 3347; x_wconf 82' lang='lat' dir='ltr'><strong>Deus</strong></span> <span class='ocrx_word' id='word_1_270' title='bbox 1087 3293 1250 3348; x_wconf 85' lang='lat' dir='ltr'><strong>Israel</strong></span> <span class='ocrx_word' id='word_1_271' title='bbox 1270 3311 1289 3348; x_wconf 90' lang='lat'><strong><em>:</em></strong></span> <span class='ocrx_word' id='word_1_272' title='bbox 1317 3294 1408 3349; x_wconf 87' lang='lat' dir='ltr'><strong>sed</strong></span> <span class='ocrx_word' id='word_1_273' title='bbox 1437 3295 1662 3364; x_wconf 82' lang='lat' dir='ltr'><strong>quibus?</strong></span> <span class='ocrx_word' id='word_1_274' title='bbox 1694 3295 1794 3348; x_wconf 87' lang='lat' dir='ltr'><strong>Re-</strong></span> 
     </span>
    </p>
   </div>
   <div class='ocr_carea' id='block_1_34' title="bbox 229 3381 1796 3454">
    <p class='ocr_par' dir='ltr' id='par_1_34' title="bbox 229 3381 1796 3454">
     <span class='ocr_line' id='line_1_34' title="bbox 229 3381 1796 3454; baseline 0.004 -21"><span class='ocrx_word' id='word_1_275' title='bbox 229 3381 320 3435; x_wconf 62' lang='grc' dir='ltr'><strong>(εἰς</strong></span> <span class='ocrx_word' id='word_1_276' title='bbox 362 3382 528 3434; x_wconf 81' lang='lat' dir='ltr'><strong>corde.</strong></span> <span class='ocrx_word' id='word_1_277' title='bbox 573 3381 672 3450; x_wconf 86' lang='lat' dir='ltr'><strong>Qui</strong></span> <span class='ocrx_word' id='word_1_278' title='bbox 702 3393 824 3437; x_wconf 89' lang='lat' dir='ltr'><strong>sunt</strong></span> <span class='ocrx_word' id='word_1_279' title='bbox 847 3384 973 3438; x_wconf 88' lang='lat' dir='ltr'><strong>recti</strong></span> <span class='ocrx_word' id='word_1_280' title='bbox 998 3385 1194 3439; x_wconf 88' lang='lat' dir='ltr'><strong>corde?</strong></span> <span class='ocrx_word' id='word_1_281' title='bbox 1236 3385 1331 3452; x_wconf 87' lang='lat' dir='ltr'><strong>Qui</strong></span> <span class='ocrx_word' id='word_1_282' title='bbox 1376 3402 1477 3439; x_wconf 88' lang='lat' dir='ltr'><strong>non</strong></span> <span class='ocrx_word' id='word_1_283' title='bbox 1511 3386 1796 3454; x_wconf 87' lang='lat' dir='ltr'><strong>reprehen-</strong></span> 
     </span>
    </p>
   </div>
   <div class='ocr_carea' id='block_1_35' title="bbox 230 3471 1790 3543">
    <p class='ocr_par' dir='ltr' id='par_1_35' title="bbox 230 3471 1790 3543">
     <span class='ocr_line' id='line_1_35' title="bbox 230 3471 1790 3543; baseline 0.002 -17"><span class='ocrx_word' id='word_1_284' title='bbox 230 3471 362 3526; x_wconf 89' lang='lat' dir='ltr'><strong>dunt</strong></span> <span class='ocrx_word' id='word_1_285' title='bbox 399 3473 584 3527; x_wconf 86' lang='lat' dir='ltr'><strong>Deum.</strong></span> <span class='ocrx_word' id='word_1_286' title='bbox 631 3475 729 3540; x_wconf 88' lang='lat' dir='ltr'><strong>Qui</strong></span> <span class='ocrx_word' id='word_1_287' title='bbox 776 3486 896 3529; x_wconf 88' lang='lat' dir='ltr'><strong>sunt</strong></span> <span class='ocrx_word' id='word_1_288' title='bbox 941 3477 1064 3530; x_wconf 78' lang='lat' dir='ltr'><strong>recti</strong></span> <span class='ocrx_word' id='word_1_289' title='bbox 1107 3477 1302 3530; x_wconf 73' lang='lat' dir='ltr'><strong>cm&#39;dc?</strong></span> <span class='ocrx_word' id='word_1_290' title='bbox 1346 3477 1442 3543; x_wconf 85' lang='lat' dir='ltr'><strong>Qui</strong></span> <span class='ocrx_word' id='word_1_291' title='bbox 1477 3478 1790 3530; x_wconf 79' lang='lat' dir='ltr'><strong>voluntatem</strong></span> 
     </span>
    </p>
   </div>
   <div class='ocr_carea' id='block_1_36' title="bbox 230 3565 1790 3636">
    <p class='ocr_par' dir='ltr' id='par_1_36' title="bbox 230 3565 1790 3636">
     <span class='ocr_line' id='line_1_36' title="bbox 230 3565 1790 3636; baseline 0.003 -20"><span class='ocrx_word' id='word_1_292' title='bbox 230 3579 379 3617; x_wconf 74' lang='lat' dir='ltr'><strong>suam</strong></span> <span class='ocrx_word' id='word_1_293' title='bbox 418 3565 482 3618; x_wconf 87' lang='lat' dir='ltr'><strong>ad</strong></span> <span class='ocrx_word' id='word_1_294' title='bbox 525 3565 845 3619; x_wconf 74' lang='lat' dir='ltr'><strong>voluntatem</strong></span> <span class='ocrx_word' id='word_1_295' title='bbox 899 3567 985 3619; x_wconf 78' lang='lat' dir='ltr'><strong>Dei</strong></span> <span class='ocrx_word' id='word_1_296' title='bbox 1031 3567 1292 3636; x_wconf 70' lang='lat' dir='ltr'><strong>dirigunt;</strong></span> <span class='ocrx_word' id='word_1_297' title='bbox 1334 3586 1436 3621; x_wconf 91' lang='lat' dir='ltr'><strong>non</strong></span> <span class='ocrx_word' id='word_1_298' title='bbox 1471 3571 1790 3621; x_wconf 87' lang='lat' dir='ltr'><strong>voluntatem</strong></span> 
     </span>
    </p>
   </div>
   <div class='ocr_carea' id='block_1_37' title="bbox 229 3655 1791 3714">
    <p class='ocr_par' dir='ltr' id='par_1_37' title="bbox 229 3655 1791 3714">
     <span class='ocr_line' id='line_1_37' title="bbox 229 3655 1791 3714; baseline 0.003 -4"><span class='ocrx_word' id='word_1_299' title='bbox 229 3655 322 3710; x_wconf 82' lang='lat' dir='ltr'><strong>Dei</strong></span> <span class='ocrx_word' id='word_1_300' title='bbox 365 3656 430 3710; x_wconf 89' lang='lat' dir='ltr'><strong>ad</strong></span> <span class='ocrx_word' id='word_1_301' title='bbox 473 3658 791 3712; x_wconf 74' lang='lat' dir='ltr'><strong>voluntatem</strong></span> <span class='ocrx_word' id='word_1_302' title='bbox 841 3674 986 3710; x_wconf 85' lang='lat' dir='ltr'><strong>suam</strong></span> <span class='ocrx_word' id='word_1_303' title='bbox 1036 3674 1253 3712; x_wconf 85' lang='lat' dir='ltr'><strong>curvare</strong></span> <span class='ocrx_word' id='word_1_304' title='bbox 1300 3671 1574 3713; x_wconf 84' lang='lat' dir='ltr'><strong>conantur.</strong></span> <span class='ocrx_word' id='word_1_305' title='bbox 1631 3661 1791 3714; x_wconf 83' lang='lat' dir='ltr'><strong>Breve</strong></span> 
     </span>
    </p>
   </div>
   <div class='ocr_carea' id='block_1_38' title="bbox 228 3748 1792 3818">
    <p class='ocr_par' dir='ltr' id='par_1_38' title="bbox 228 3748 1792 3818">
     <span class='ocr_line' id='line_1_38' title="bbox 228 3748 1792 3818; baseline 0.002 -17"><span class='ocrx_word' id='word_1_306' title='bbox 228 3758 550 3817; x_wconf 71' lang='lat' dir='ltr'><strong>prmceptum</strong></span> <span class='ocrx_word' id='word_1_307' title='bbox 574 3758 674 3809; x_wconf 87' lang='lat' dir='ltr'><strong>est,</strong></span> <span class='ocrx_word' id='word_1_308' title='bbox 700 3759 754 3800; x_wconf 91' lang='lat' dir='ltr'><strong>ut</strong></span> <span class='ocrx_word' id='word_1_309' title='bbox 784 3748 941 3801; x_wconf 82' lang='lat' dir='ltr'><strong>homo</strong></span> <span class='ocrx_word' id='word_1_310' title='bbox 967 3749 1154 3818; x_wconf 67' lang='lat' dir='ltr'><strong>dirigat</strong></span> <span class='ocrx_word' id='word_1_311' title='bbox 1179 3764 1269 3802; x_wconf 85' lang='lat' dir='ltr'><strong>ror</strong></span> <span class='ocrx_word' id='word_1_312' title='bbox 1289 3766 1457 3802; x_wconf 70' lang='lat' dir='ltr'><strong>stuun.</strong></span> <span class='ocrx_word' id='word_1_313' title='bbox 1488 3750 1576 3803; x_wconf 78' lang='lat' dir='ltr'><strong>‘v&#39;is</strong></span> <span class='ocrx_word' id='word_1_314' title='bbox 1601 3751 1792 3804; x_wconf 72' lang='lat' dir='ltr'><strong>habere</strong></span> 
     </span>
    </p>
   </div>
   <div class='ocr_carea' id='block_1_39' title="bbox 229 3838 1792 3906">
    <p class='ocr_par' dir='ltr' id='par_1_39' title="bbox 229 3838 1792 3906">
     <span class='ocr_line' id='line_1_39' title="bbox 229 3838 1792 3906; baseline 0.002 -16"><span class='ocrx_word' id='word_1_315' title='bbox 229 3847 430 3890; x_wconf 83' lang='lat' dir='ltr'><strong>rectum</strong></span> <span class='ocrx_word' id='word_1_316' title='bbox 462 3839 590 3893; x_wconf 87' lang='lat' dir='ltr'><strong>cor?</strong></span> <span class='ocrx_word' id='word_1_317' title='bbox 619 3838 696 3892; x_wconf 87' lang='lat' dir='ltr'><strong>Tu</strong></span> <span class='ocrx_word' id='word_1_318' title='bbox 727 3839 806 3892; x_wconf 81' lang='lat' dir='ltr'><strong>fac</strong></span> <span class='ocrx_word' id='word_1_319' title='bbox 835 3840 970 3906; x_wconf 86' lang='lat' dir='ltr'><strong>quod</strong></span> <span class='ocrx_word' id='word_1_320' title='bbox 997 3843 1107 3892; x_wconf 80' lang='lat' dir='ltr'><strong>vult</strong></span> <span class='ocrx_word' id='word_1_321' title='bbox 1130 3840 1294 3901; x_wconf 75' lang='lat' dir='ltr'><strong>Deus;</strong></span> <span class='ocrx_word' id='word_1_322' title='bbox 1331 3858 1374 3892; x_wconf 66' lang='lat' dir='ltr'><strong>ut</strong></span> <span class='ocrx_word' id='word_1_323' title='bbox 1400 3841 1430 3892; x_wconf 89' lang='lat' dir='ltr'><strong>li</strong></span> <span class='ocrx_word' id='word_1_324' title='bbox 1470 3842 1625 3892; x_wconf 55' lang='lat' dir='ltr'><strong>licium</strong></span> <span class='ocrx_word' id='word_1_325' title='bbox 1657 3842 1792 3895; x_wconf 89' lang='lat' dir='ltr'><strong>velle</strong></span> 
     </span>
    </p>
   </div>
   <div class='ocr_carea' id='block_1_40' title="bbox 229 3926 1790 3998">
    <p class='ocr_par' dir='ltr' id='par_1_40' title="bbox 229 3926 1790 3998">
     <span class='ocr_line' id='line_1_40' title="bbox 229 3926 1790 3998; baseline 0.002 -17"><span class='ocrx_word' id='word_1_326' title='bbox 229 3926 401 3982; x_wconf 79' lang='lat' dir='ltr'><strong>facere</strong></span> <span class='ocrx_word' id='word_1_327' title='bbox 427 3929 563 3997; x_wconf 82' lang='lat' dir='ltr'><strong>quod</strong></span> <span class='ocrx_word' id='word_1_328' title='bbox 599 3931 673 3983; x_wconf 89' lang='lat' dir='ltr'><strong>vis</strong></span> <span class='ocrx_word' id='word_1_329' title='bbox 703 3941 774 3981; x_wconf 89' lang='lat' dir='ltr'><strong>tu.</strong></span> <span class='ocrx_word' id='word_1_330' title='bbox 809 3929 1147 3984; x_wconf 83' lang='lat' dir='ltr'><strong>Pravicordes</strong></span> <span class='ocrx_word' id='word_1_331' title='bbox 1173 3946 1299 3998; x_wconf 79' lang='lat' dir='ltr'><strong>ergo</strong></span> <span class='ocrx_word' id='word_1_332' title='bbox 1324 3940 1466 3993; x_wconf 86' lang='lat' dir='ltr'><strong>sunt,</strong></span> <span class='ocrx_word' id='word_1_333' title='bbox 1500 3931 1547 3983; x_wconf 88' lang='lat' dir='ltr'><strong>id</strong></span> <span class='ocrx_word' id='word_1_334' title='bbox 1576 3940 1675 3995; x_wconf 79' lang='lat' dir='ltr'><strong>est,</strong></span> <span class='ocrx_word' id='word_1_335' title='bbox 1701 3931 1790 3998; x_wconf 87' lang='lat' dir='ltr'><strong>qui</strong></span> 
     </span>
    </p>
   </div>
   <div class='ocr_carea' id='block_1_41' title="bbox 229 4019 1792 4090">
    <p class='ocr_par' dir='ltr' id='par_1_41' title="bbox 229 4019 1792 4090">
     <span class='ocr_line' id='line_1_41' title="bbox 229 4019 1792 4090; baseline 0 -18"><span class='ocrx_word' id='word_1_336' title='bbox 229 4027 426 4072; x_wconf 80' lang='lat' dir='ltr'><strong>rectum</strong></span> <span class='ocrx_word' id='word_1_337' title='bbox 457 4035 550 4073; x_wconf 87' lang='lat' dir='ltr'><strong>cor</strong></span> <span class='ocrx_word' id='word_1_338' title='bbox 580 4036 679 4072; x_wconf 90' lang='lat' dir='ltr'><strong>non</strong></span> <span class='ocrx_word' id='word_1_339' title='bbox 718 4020 929 4084; x_wconf 76' lang='lat' dir='ltr'><strong>habent,</strong></span> <span class='ocrx_word' id='word_1_340' title='bbox 967 4021 1052 4090; x_wconf 91' lang='lat' dir='ltr'><strong>qui</strong></span> <span class='ocrx_word' id='word_1_341' title='bbox 1090 4020 1347 4075; x_wconf 87' lang='lat' dir='ltr'><strong>scdentet</strong></span> <span class='ocrx_word' id='word_1_342' title='bbox 1371 4019 1639 4090; x_wconf 91' lang='lat' dir='ltr'><strong>disputant</strong></span> <span class='ocrx_word' id='word_1_343' title='bbox 1662 4037 1792 4090; x_wconf 88' lang='lat' dir='ltr'><strong>quo-</strong></span> 
     </span>
    </p>
   </div>
   <div class='ocr_carea' id='block_1_42' title="bbox 225 4107 1787 4178">
    <p class='ocr_par' dir='ltr' id='par_1_42' title="bbox 225 4107 1787 4178">
     <span class='ocr_line' id='line_1_42' title="bbox 225 4107 1787 4178; baseline 0.001 -16"><span class='ocrx_word' id='word_1_344' title='bbox 225 4109 386 4162; x_wconf 83' lang='lat' dir='ltr'><strong>modo</strong></span> <span class='ocrx_word' id='word_1_345' title='bbox 413 4107 594 4163; x_wconf 89' lang='lat' dir='ltr'><strong>debuit</strong></span> <span class='ocrx_word' id='word_1_346' title='bbox 621 4109 790 4163; x_wconf 78' lang='lat' dir='ltr'><strong>facere</strong></span> <span class='ocrx_word' id='word_1_347' title='bbox 819 4110 987 4173; x_wconf 88' lang='lat' dir='ltr'><strong>Deus;</strong></span> <span class='ocrx_word' id='word_1_348' title='bbox 1032 4125 1150 4164; x_wconf 70' lang='lat' dir='ltr'><strong>non&#39;</strong></span> <span class='ocrx_word' id='word_1_349' title='bbox 1173 4109 1432 4163; x_wconf 87' lang='lat' dir='ltr'><strong>laudando</strong></span> <span class='ocrx_word' id='word_1_350' title='bbox 1458 4111 1595 4178; x_wconf 91' lang='lat' dir='ltr'><strong>quod</strong></span> <span class='ocrx_word' id='word_1_351' title='bbox 1637 4110 1787 4176; x_wconf 79' lang='lat' dir='ltr'><strong>fecit,</strong></span> 
     </span>
    </p>
   </div>
   <div class='ocr_carea' id='block_1_43' title="bbox 224 4200 1788 4271">
    <p class='ocr_par' dir='ltr' id='par_1_43' title="bbox 224 4200 1788 4271">
     <span class='ocr_line' id='line_1_43' title="bbox 224 4200 1788 4271; baseline 0.002 -18"><span class='ocrx_word' id='word_1_352' title='bbox 224 4200 319 4253; x_wconf 87' lang='lat' dir='ltr'><strong>sed</strong></span> <span class='ocrx_word' id='word_1_353' title='bbox 364 4200 822 4267; x_wconf 82' lang='lat' dir='ltr'><strong>reprehendendo.</strong></span> <span class='ocrx_word' id='word_1_354' title='bbox 875 4203 1150 4271; x_wconf 77' lang='lat' dir='ltr'><strong>Corrigere</strong></span> <span class='ocrx_word' id='word_1_355' title='bbox 1182 4202 1324 4256; x_wconf 81' lang='grc' dir='ltr'><strong>ἱΙΙιιηι</strong></span> <span class='ocrx_word' id='word_1_356' title='bbox 1357 4203 1574 4256; x_wconf 85' lang='lat' dir='ltr'><strong>volunt:</strong></span> <span class='ocrx_word' id='word_1_357' title='bbox 1607 4219 1788 4271; x_wconf 72' lang='lat' dir='ltr'><strong>pm&#39;um</strong></span> 
     </span>
    </p>
   </div>
   <div class='ocr_carea' id='block_1_44' title="bbox 223 4294 1792 4361">
    <p class='ocr_par' dir='ltr' id='par_1_44' title="bbox 223 4294 1792 4361">
     <span class='ocr_line' id='line_1_44' title="bbox 223 4294 1792 4361; baseline 0.001 -15"><span class='ocrx_word' id='word_1_358' title='bbox 223 4303 306 4346; x_wconf 84' lang='lat' dir='ltr'><strong>est</strong></span> <span class='ocrx_word' id='word_1_359' title='bbox 337 4294 456 4361; x_wconf 87' lang='lat' dir='ltr'><strong>quia</strong></span> <span class='ocrx_word' id='word_1_360' title='bbox 487 4295 672 4361; x_wconf 83' lang='lat' dir='ltr'><strong>corrigi</strong></span> <span class='ocrx_word' id='word_1_361' title='bbox 704 4294 769 4346; x_wconf 88' lang='lat' dir='ltr'><strong>ah</strong></span> <span class='ocrx_word' id='word_1_362' title='bbox 798 4309 862 4348; x_wconf 90' lang='lat' dir='ltr'><strong>eo</strong></span> <span class='ocrx_word' id='word_1_363' title='bbox 888 4295 1107 4357; x_wconf 89' lang='lat' dir='ltr'><strong>nolunt;</strong></span> <span class='ocrx_word' id='word_1_364' title='bbox 1149 4303 1202 4348; x_wconf 90' lang='lat' dir='ltr'><strong>et</strong></span> <span class='ocrx_word' id='word_1_365' title='bbox 1239 4294 1437 4359; x_wconf 89' lang='lat' dir='ltr'><strong>dicunt,</strong></span> <span class='ocrx_word' id='word_1_366' title='bbox 1469 4295 1580 4348; x_wconf 82' lang='lat' dir='ltr'><strong>Non</strong></span> <span class='ocrx_word' id='word_1_367' title='bbox 1611 4294 1792 4348; x_wconf 87' lang='lat' dir='ltr'><strong>debuit</strong></span> 
     </span>
    </p>
   </div>
   <div class='ocr_carea' id='block_1_45' title="bbox 224 4381 1786 4452">
    <p class='ocr_par' dir='ltr' id='par_1_45' title="bbox 224 4381 1786 4452">
     <span class='ocr_line' id='line_1_45' title="bbox 224 4381 1786 4452; baseline 0 -15"><span class='ocrx_word' id='word_1_368' title='bbox 224 4382 368 4437; x_wconf 74' lang='lat' dir='ltr'><strong>Deus</strong></span> <span class='ocrx_word' id='word_1_369' title='bbox 391 4381 564 4437; x_wconf 78' lang='lat' dir='ltr'><strong>facere</strong></span> <span class='ocrx_word' id='word_1_370' title='bbox 587 4399 859 4452; x_wconf 82' lang='lat' dir='ltr'><strong>pauperes,</strong></span> <span class='ocrx_word' id='word_1_371' title='bbox 881 4384 971 4439; x_wconf 90' lang='lat' dir='ltr'><strong>scd</strong></span> <span class='ocrx_word' id='word_1_372' title='bbox 994 4385 1091 4438; x_wconf 88' lang='lat' dir='ltr'><strong>soli</strong></span> <span class='ocrx_word' id='word_1_373' title='bbox 1111 4384 1304 4438; x_wconf 84' lang='lat' dir='ltr'><strong>divites</strong></span> <span class='ocrx_word' id='word_1_374' title='bbox 1325 4400 1441 4440; x_wconf 84' lang='lat' dir='ltr'><strong>esse</strong></span> <span class='ocrx_word' id='word_1_375' title='bbox 1463 4385 1786 4448; x_wconf 87' lang='lat' dir='ltr'><strong>debuerunt;</strong></span> 
     </span>
    </p>
   </div>
   <div class='ocr_carea' id='block_1_46' title="bbox 220 4475 1789 4546">
    <p class='ocr_par' dir='ltr' id='par_1_46' title="bbox 220 4475 1789 4546">
     <span class='ocr_line' id='line_1_46' title="bbox 220 4475 1789 4546; baseline -0.001 -16"><span class='ocrx_word' id='word_1_376' title='bbox 220 4486 277 4530; x_wconf 85' lang='lat' dir='ltr'><strong>et</strong></span> <span class='ocrx_word' id='word_1_377' title='bbox 321 4475 420 4544; x_wconf 85' lang='lat' dir='ltr'><strong>ipsi</strong></span> <span class='ocrx_word' id='word_1_378' title='bbox 456 4476 547 4537; x_wconf 85' lang='lat' dir='ltr'><strong>soli</strong></span> <span class='ocrx_word' id='word_1_379' title='bbox 578 4477 836 4529; x_wconf 78' lang='lat' dir='ltr'><strong>viverent.</strong></span> <span class='ocrx_word' id='word_1_380' title='bbox 877 4475 1068 4544; x_wconf 89' lang='lat' dir='ltr'><strong>thuid</strong></span> <span class='ocrx_word' id='word_1_381' title='bbox 1105 4475 1271 4531; x_wconf 82' lang='lat' dir='ltr'><strong>iactus</strong></span> <span class='ocrx_word' id='word_1_382' title='bbox 1311 4486 1390 4530; x_wconf 89' lang='lat' dir='ltr'><strong>est</strong></span> <span class='ocrx_word' id='word_1_383' title='bbox 1429 4477 1658 4546; x_wconf 86' lang='lat' dir='ltr'><strong>pauper?</strong></span> <span class='ocrx_word' id='word_1_384' title='bbox 1707 4487 1789 4529; x_wconf 83' lang='lat' dir='ltr'><strong>ut-</strong></span> 
     </span>
    </p>
   </div>
   <div class='ocr_carea' id='block_1_47' title="bbox 221 4567 1790 4638">
    <p class='ocr_par' dir='ltr' id='par_1_47' title="bbox 221 4567 1790 4638">
     <span class='ocr_line' id='line_1_47' title="bbox 221 4567 1790 4638; baseline 0.001 -18"><span class='ocrx_word' id='word_1_385' title='bbox 221 4567 352 4637; x_wconf 89' lang='lat' dir='ltr'><strong>quid</strong></span> <span class='ocrx_word' id='word_1_386' title='bbox 393 4567 552 4620; x_wconf 87' lang='lat' dir='ltr'><strong>vivit?</strong></span> <span class='ocrx_word' id='word_1_387' title='bbox 601 4568 959 4636; x_wconf 80' lang='lat' dir='ltr'><strong>chrehendit</strong></span> <span class='ocrx_word' id='word_1_388' title='bbox 1001 4569 1161 4622; x_wconf 85' lang='lat' dir='ltr'><strong>Deum</strong></span> <span class='ocrx_word' id='word_1_389' title='bbox 1204 4573 1543 4638; x_wconf 78' lang='lat' dir='ltr'><strong>pauperum‘.</strong></span> <span class='ocrx_word' id='word_1_390' title='bbox 1585 4571 1790 4638; x_wconf 86' lang='lat' dir='ltr'><strong>Quanto</strong></span> 
     </span>
    </p>
   </div>
   <div class='ocr_carea' id='block_1_48' title="bbox 220 4657 1790 4725">
    <p class='ocr_par' dir='ltr' id='par_1_48' title="bbox 220 4657 1790 4725">
     <span class='ocr_line' id='line_1_48' title="bbox 220 4657 1790 4725; baseline 0.001 -13"><span class='ocrx_word' id='word_1_391' title='bbox 220 4657 415 4712; x_wconf 87' lang='lat' dir='ltr'><strong>melius</strong></span> <span class='ocrx_word' id='word_1_392' title='bbox 453 4665 594 4710; x_wconf 86' lang='lat' dir='ltr'><strong>esset</strong></span> <span class='ocrx_word' id='word_1_393' title='bbox 633 4673 828 4725; x_wconf 85' lang='lat' dir='ltr'><strong>pauper</strong></span> <span class='ocrx_word' id='word_1_394' title='bbox 868 4657 980 4721; x_wconf 89' lang='lat' dir='ltr'><strong>Dei,</strong></span> <span class='ocrx_word' id='word_1_395' title='bbox 1012 4667 1062 4710; x_wconf 91' lang='lat' dir='ltr'><strong>et</strong></span> <span class='ocrx_word' id='word_1_396' title='bbox 1089 4659 1236 4712; x_wconf 87' lang='lat' dir='ltr'><strong>dives</strong></span> <span class='ocrx_word' id='word_1_397' title='bbox 1264 4671 1404 4713; x_wconf 79' lang='lat' dir='ltr'><strong>esset</strong></span> <span class='ocrx_word' id='word_1_398' title='bbox 1430 4660 1494 4714; x_wconf 88' lang='lat' dir='ltr'><strong>de</strong></span> <span class='ocrx_word' id='word_1_399' title='bbox 1519 4661 1657 4723; x_wconf 89' lang='lat' dir='ltr'><strong>Deo;</strong></span> <span class='ocrx_word' id='word_1_400' title='bbox 1691 4662 1790 4714; x_wconf 89' lang='lat' dir='ltr'><strong>hoc</strong></span> 
     </span>
    </p>
   </div>
   <div class='ocr_carea' id='block_1_49' title="bbox 221 4748 1790 4820">
    <p class='ocr_par' dir='ltr' id='par_1_49' title="bbox 221 4748 1790 4820">
     <span class='ocr_line' id='line_1_49' title="bbox 221 4748 1790 4820; baseline 0.002 -20"><span class='ocrx_word' id='word_1_401' title='bbox 221 4757 326 4810; x_wconf 66' lang='lat' dir='ltr'><strong>est,</strong></span> <span class='ocrx_word' id='word_1_402' title='bbox 360 4754 670 4815; x_wconf 83' lang='lat' dir='ltr'><strong>sequeretur</strong></span> <span class='ocrx_word' id='word_1_403' title='bbox 694 4748 1010 4801; x_wconf 70' lang='lat' dir='ltr'><strong>voluntatem</strong></span> <span class='ocrx_word' id='word_1_404' title='bbox 1043 4749 1129 4802; x_wconf 89' lang='lat' dir='ltr'><strong>Dei</strong></span> <span class='ocrx_word' id='word_1_405' title='bbox 1157 4791 1172 4815; x_wconf 96' lang='lat'><strong>,</strong></span> <span class='ocrx_word' id='word_1_406' title='bbox 1204 4760 1256 4804; x_wconf 88' lang='lat' dir='ltr'><strong>et</strong></span> <span class='ocrx_word' id='word_1_407' title='bbox 1285 4750 1485 4804; x_wconf 88' lang='lat' dir='ltr'><strong>videret</strong></span> <span class='ocrx_word' id='word_1_408' title='bbox 1515 4763 1790 4820; x_wconf 70' lang='lat' dir='ltr'><strong>paupernt.</strong></span> 
     </span>
    </p>
   </div>
   <div class='ocr_carea' id='block_1_50' title="bbox 220 4842 1789 4914">
    <p class='ocr_par' dir='ltr' id='par_1_50' title="bbox 220 4842 1789 4914">
     <span class='ocr_line' id='line_1_50' title="bbox 220 4842 1789 4914; baseline 0.003 -23"><span class='ocrx_word' id='word_1_409' title='bbox 220 4849 329 4894; x_wconf 89' lang='lat' dir='ltr'><strong>tem</strong></span> <span class='ocrx_word' id='word_1_410' title='bbox 365 4855 514 4893; x_wconf 90' lang='lat' dir='ltr'><strong>suam</strong></span> <span class='ocrx_word' id='word_1_411' title='bbox 554 4842 897 4909; x_wconf 86' lang='lat' dir='ltr'><strong>temporalem</strong></span> <span class='ocrx_word' id='word_1_412' title='bbox 930 4858 1047 4896; x_wconf 84' lang='lat' dir='ltr'><strong>esse</strong></span> <span class='ocrx_word' id='word_1_413' title='bbox 1067 4886 1079 4905; x_wconf 94' lang='lat'><strong>,</strong></span> <span class='ocrx_word' id='word_1_414' title='bbox 1110 4852 1162 4898; x_wconf 92' lang='lat' dir='ltr'><strong>et</strong></span> <span class='ocrx_word' id='word_1_415' title='bbox 1192 4846 1550 4908; x_wconf 82' lang='lat' dir='ltr'><strong>transiturum,</strong></span> <span class='ocrx_word' id='word_1_416' title='bbox 1579 4847 1789 4914; x_wconf 79' lang='lat' dir='ltr'><strong>divitias</strong></span> 
     </span>
    </p>
   </div>
   <div class='ocr_carea' id='block_1_51' title="bbox 216 4930 1788 5004">
    <p class='ocr_par' dir='ltr' id='par_1_51' title="bbox 216 4930 1788 5004">
     <span class='ocr_line' id='line_1_51' title="bbox 216 4930 1788 5004; baseline 0.004 -22"><span class='ocrx_word' id='word_1_417' title='bbox 216 4939 396 4984; x_wconf 86' lang='lat' dir='ltr'><strong>autem</strong></span> <span class='ocrx_word' id='word_1_418' title='bbox 445 4930 546 4984; x_wconf 83' lang='lat' dir='ltr'><strong>sibi</strong></span> <span class='ocrx_word' id='word_1_419' title='bbox 600 4932 896 4999; x_wconf 88' lang='lat' dir='ltr'><strong>spirituales</strong></span> <span class='ocrx_word' id='word_1_420' title='bbox 936 4933 1005 4986; x_wconf 91' lang='lat' dir='ltr'><strong>ita</strong></span> <span class='ocrx_word' id='word_1_421' title='bbox 1051 4943 1318 4999; x_wconf 85' lang='lat' dir='ltr'><strong>venturas,</strong></span> <span class='ocrx_word' id='word_1_422' title='bbox 1349 4945 1400 4989; x_wconf 93' lang='lat' dir='ltr'><strong>ut</strong></span> <span class='ocrx_word' id='word_1_423' title='bbox 1449 4936 1592 4988; x_wconf 90' lang='lat' dir='ltr'><strong>nullo</strong></span> <span class='ocrx_word' id='word_1_424' title='bbox 1637 4947 1788 5004; x_wconf 83' lang='lat' dir='ltr'><strong>pacto</strong></span> 
     </span>
    </p>
   </div>
   <div class='ocr_carea' id='block_1_52' title="bbox 217 5023 1785 5091">
    <p class='ocr_par' dir='ltr' id='par_1_52' title="bbox 217 5023 1785 5091">
     <span class='ocr_line' id='line_1_52' title="bbox 217 5023 1785 5091; baseline 0.004 -18"><span class='ocrx_word' id='word_1_425' title='bbox 217 5031 440 5091; x_wconf 80' lang='lat' dir='ltr'><strong>possent</strong></span> <span class='ocrx_word' id='word_1_426' title='bbox 460 5023 761 5091; x_wconf 76' lang='lat' dir='ltr'><strong>przctcrire;</strong></span> <span class='ocrx_word' id='word_1_427' title='bbox 790 5033 843 5078; x_wconf 88' lang='lat' dir='ltr'><strong>et</strong></span> <span class='ocrx_word' id='word_1_428' title='bbox 873 5024 1088 5079; x_wconf 86' lang='lat' dir='ltr'><strong>haberet</strong></span> <span class='ocrx_word' id='word_1_429' title='bbox 1116 5023 1165 5079; x_wconf 90' lang='lat' dir='ltr'><strong>in</strong></span> <span class='ocrx_word' id='word_1_430' title='bbox 1193 5025 1387 5079; x_wconf 87' lang='lat' dir='ltr'><strong>divitiis</strong></span> <span class='ocrx_word' id='word_1_431' title='bbox 1410 5027 1584 5081; x_wconf 87' lang='lat' dir='ltr'><strong>cordis</strong></span> <span class='ocrx_word' id='word_1_432' title='bbox 1610 5027 1785 5091; x_wconf 85' lang='lat' dir='ltr'><strong>tidem,</strong></span> 
     </span>
    </p>
   </div>
   <div class='ocr_carea' id='block_1_53' title="bbox 217 5113 1789 5185">
    <p class='ocr_par' dir='ltr' id='par_1_53' title="bbox 217 5113 1789 5185">
     <span class='ocr_line' id='line_1_53' title="bbox 217 5113 1789 5185; baseline 0.004 -21"><span class='ocrx_word' id='word_1_433' title='bbox 217 5113 261 5165; x_wconf 76' lang='lat' dir='ltr'><strong>si</strong></span> <span class='ocrx_word' id='word_1_434' title='bbox 295 5114 346 5167; x_wconf 90' lang='lat' dir='ltr'><strong>ei</strong></span> <span class='ocrx_word' id='word_1_435' title='bbox 378 5129 481 5167; x_wconf 92' lang='lat' dir='ltr'><strong>non</strong></span> <span class='ocrx_word' id='word_1_436' title='bbox 510 5115 764 5185; x_wconf 78' lang='lat' dir='ltr'><strong>contingit</strong></span> <span class='ocrx_word' id='word_1_437' title='bbox 784 5131 966 5168; x_wconf 89' lang='lat' dir='ltr'><strong>aurum</strong></span> <span class='ocrx_word' id='word_1_438' title='bbox 992 5115 1183 5170; x_wconf 85' lang='lat' dir='ltr'><strong>habere</strong></span> <span class='ocrx_word' id='word_1_439' title='bbox 1216 5117 1264 5168; x_wconf 94' lang='lat' dir='ltr'><strong>in</strong></span> <span class='ocrx_word' id='word_1_440' title='bbox 1288 5117 1441 5169; x_wconf 87' lang='lat' dir='ltr'><strong>arca?</strong></span> <span class='ocrx_word' id='word_1_441' title='bbox 1470 5116 1598 5183; x_wconf 85' lang='lat' dir='ltr'><strong>Quia</strong></span> <span class='ocrx_word' id='word_1_442' title='bbox 1628 5120 1670 5171; x_wconf 89' lang='lat' dir='ltr'><strong>si</strong></span> <span class='ocrx_word' id='word_1_443' title='bbox 1697 5135 1789 5170; x_wconf 86' lang='lat' dir='ltr'><strong>au-</strong></span> 
     </span>
    </p>
   </div>
   <div class='ocr_carea' id='block_1_54' title="bbox 218 5204 1790 5274">
    <p class='ocr_par' dir='ltr' id='par_1_54' title="bbox 218 5204 1790 5274">
     <span class='ocr_line' id='line_1_54' title="bbox 218 5204 1790 5274; baseline 0.004 -17"><span class='ocrx_word' id='word_1_444' title='bbox 218 5219 339 5273; x_wconf 81' lang='lat' dir='ltr'><strong>rum</strong></span> <span class='ocrx_word' id='word_1_445' title='bbox 385 5204 603 5260; x_wconf 84' lang='lat' dir='ltr'><strong>haberet</strong></span> <span class='ocrx_word' id='word_1_446' title='bbox 647 5207 696 5259; x_wconf 92' lang='lat' dir='ltr'><strong>in</strong></span> <span class='ocrx_word' id='word_1_447' title='bbox 737 5222 879 5269; x_wconf 88' lang='lat' dir='ltr'><strong>arca,</strong></span> <span class='ocrx_word' id='word_1_448' title='bbox 931 5206 1094 5261; x_wconf 77' lang='lat' dir='ltr'><strong>fin-em</strong></span> <span class='ocrx_word' id='word_1_449' title='bbox 1144 5208 1369 5274; x_wconf 87' lang='lat' dir='ltr'><strong>timeret,</strong></span> <span class='ocrx_word' id='word_1_450' title='bbox 1402 5217 1450 5262; x_wconf 86' lang='lat' dir='ltr'><strong>et</strong></span> <span class='ocrx_word' id='word_1_451' title='bbox 1496 5225 1678 5262; x_wconf 88' lang='lat' dir='ltr'><strong>aurum</strong></span> <span class='ocrx_word' id='word_1_452' title='bbox 1723 5209 1790 5263; x_wconf 90' lang='lat' dir='ltr'><strong>de</strong></span> 
     </span>
    </p>
   </div>
   <div class='ocr_carea' id='block_1_55' title="bbox 218 5301 1790 5370">
    <p class='ocr_par' dir='ltr' id='par_1_55' title="bbox 218 5301 1790 5370">
     <span class='ocr_line' id='line_1_55' title="bbox 218 5301 1790 5370; baseline 0.003 -18"><span class='ocrx_word' id='word_1_453' title='bbox 218 5313 341 5353; x_wconf 87' lang='lat' dir='ltr'><strong>arca</strong></span> <span class='ocrx_word' id='word_1_454' title='bbox 389 5302 546 5352; x_wconf 89' lang='lat' dir='ltr'><strong>etiam</strong></span> <span class='ocrx_word' id='word_1_455' title='bbox 589 5301 771 5354; x_wconf 90' lang='lat' dir='ltr'><strong>nolens</strong></span> <span class='ocrx_word' id='word_1_456' title='bbox 812 5301 1087 5370; x_wconf 86' lang='lat' dir='ltr'><strong>perderet;</strong></span> <span class='ocrx_word' id='word_1_457' title='bbox 1138 5301 1288 5355; x_wconf 77' lang='lat' dir='ltr'><strong>[idem</strong></span> <span class='ocrx_word' id='word_1_458' title='bbox 1329 5311 1502 5355; x_wconf 78' lang='lat' dir='ltr'><strong>autem</strong></span> <span class='ocrx_word' id='word_1_459' title='bbox 1530 5316 1595 5355; x_wconf 70' lang='lat' dir='ltr'><strong>ac</strong></span> <span class='ocrx_word' id='word_1_460' title='bbox 1629 5302 1790 5356; x_wconf 63' lang='lat' dir='ltr'><strong>stude</strong></span> 
     </span>
    </p>
   </div>
   <div class='ocr_carea' id='block_1_56' title="bbox 222 5391 1792 5464">
    <p class='ocr_par' dir='ltr' id='par_1_56' title="bbox 222 5391 1792 5464">
     <span class='ocr_line' id='line_1_56' title="bbox 222 5391 1792 5464; baseline 0.003 -20"><span class='ocrx_word' id='word_1_461' title='bbox 222 5407 329 5444; x_wconf 90' lang='lat' dir='ltr'><strong>non</strong></span> <span class='ocrx_word' id='word_1_462' title='bbox 360 5391 634 5459; x_wconf 89' lang='lat' dir='ltr'><strong>perderet,</strong></span> <span class='ocrx_word' id='word_1_463' title='bbox 676 5393 716 5445; x_wconf 91' lang='lat' dir='ltr'><strong>si</strong></span> <span class='ocrx_word' id='word_1_464' title='bbox 751 5393 861 5462; x_wconf 83' lang='lat' dir='ltr'><strong>ipse</strong></span> <span class='ocrx_word' id='word_1_465' title='bbox 887 5393 1024 5445; x_wconf 90' lang='lat' dir='ltr'><strong>illam</strong></span> <span class='ocrx_word' id='word_1_466' title='bbox 1057 5393 1176 5447; x_wconf 87' lang='lat' dir='ltr'><strong>inde</strong></span> <span class='ocrx_word' id='word_1_467' title='bbox 1203 5409 1306 5448; x_wconf 86' lang='lat' dir='ltr'><strong>non</strong></span> <span class='ocrx_word' id='word_1_468' title='bbox 1336 5395 1641 5464; x_wconf 75' lang='lat' dir='ltr'><strong>expelleret.</strong></span> <span class='ocrx_word' id='word_1_469' title='bbox 1673 5394 1792 5449; x_wconf 83' lang='lat' dir='ltr'><strong>Cito</strong></span> 
     </span>
    </p>
   </div>
   <div class='ocr_carea' id='block_1_57' title="bbox 219 5473 1791 5555">
    <p class='ocr_par' dir='ltr' id='par_1_57' title="bbox 219 5473 1791 5555">
     <span class='ocr_line' id='line_1_57' title="bbox 219 5473 1791 5555; baseline 0.004 -21"><span class='ocrx_word' id='word_1_470' title='bbox 219 5491 398 5534; x_wconf 82' lang='lat' dir='ltr'><strong>autem</strong></span> <span class='ocrx_word' id='word_1_471' title='bbox 426 5473 726 5551; x_wconf 87' lang='lat' dir='ltr'><strong>responderi</strong></span> <span class='ocrx_word' id='word_1_472' title='bbox 766 5492 954 5552; x_wconf 79' lang='lat' dir='ltr'><strong>potest,</strong></span> <span class='ocrx_word' id='word_1_473' title='bbox 987 5484 1300 5538; x_wconf 88' lang='lat' dir='ltr'><strong>charissimi.</strong></span> <span class='ocrx_word' id='word_1_474' title='bbox 1336 5483 1478 5540; x_wconf 87' lang='lat' dir='ltr'><strong>Fecit</strong></span> <span class='ocrx_word' id='word_1_475' title='bbox 1508 5487 1642 5540; x_wconf 89' lang='lat' dir='ltr'><strong>Deus</strong></span> <span class='ocrx_word' id='word_1_476' title='bbox 1665 5501 1791 5555; x_wconf 86' lang='lat' dir='ltr'><strong>pau-</strong></span> 
     </span>
    </p>
   </div>
   <div class='ocr_carea' id='block_1_58' title="bbox 285 5659 973 5720">
    <p class='ocr_par' dir='ltr' id='par_1_58' title="bbox 285 5659 973 5720">
     <span class='ocr_line' id='line_1_58' title="bbox 285 5659 973 5720; baseline 0.01 -17"><span class='ocrx_word' id='word_1_477' title='bbox 285 5661 302 5690; x_wconf 77' lang='grc' dir='ltr'><strong>ι</strong></span> <span class='ocrx_word' id='word_1_478' title='bbox 333 5669 432 5704; x_wconf 76' lang='lat' dir='ltr'><strong>Am.</strong></span> <span class='ocrx_word' id='word_1_479' title='bbox 461 5666 513 5706; x_wconf 91' lang='lat' dir='ltr'><strong>et</strong></span> <span class='ocrx_word' id='word_1_480' title='bbox 533 5665 663 5716; x_wconf 59' lang='lat' dir='ltr'><strong>uss,</strong></span> <span class='ocrx_word' id='word_1_481' title='bbox 690 5659 973 5720; x_wconf 59' lang='lat' dir='ltr'><strong>inﬁrmitates.</strong></span> 
     </span>
    </p>
   </div>
   <div class='ocr_carea' id='block_1_59' title="bbox 232 5719 1789 5788">
    <p class='ocr_par' dir='ltr' id='par_1_59' title="bbox 232 5719 1789 5788">
     <span class='ocr_line' id='line_1_59' title="bbox 232 5719 1789 5788; baseline 0.009 -23"><span class='ocrx_word' id='word_1_482' title='bbox 232 5781 242 5787; x_wconf 89' lang='lat'>_</span> <span class='ocrx_word' id='word_1_483' title='bbox 286 5723 307 5752; x_wconf 72' lang='grc'>⁸</span> <span class='ocrx_word' id='word_1_484' title='bbox 333 5719 553 5780; x_wconf 71' lang='lat' dir='ltr'><strong>Plerique</strong></span> <span class='ocrx_word' id='word_1_485' title='bbox 579 5729 700 5771; x_wconf 63' lang='lat' dir='ltr'><strong>ihs:</strong></span> <span class='ocrx_word' id='word_1_486' title='bbox 730 5719 1040 5784; x_wconf 76' lang='lat' dir='ltr'><strong>tteprehcudit</strong></span> <span class='ocrx_word' id='word_1_487' title='bbox 1076 5731 1224 5774; x_wconf 85' lang='lat' dir='ltr'><strong>Deum</strong></span> <span class='ocrx_word' id='word_1_488' title='bbox 1247 5736 1444 5787; x_wconf 83' lang='lat' dir='ltr'><strong>pauper.</strong></span> <span class='ocrx_word' id='word_1_489' title='bbox 1482 5728 1789 5788; x_wconf 79' lang='lat' dir='ltr'><strong>Fossateusis,</strong></span> 
     </span>
    </p>
   </div>
   <div class='ocr_carea' id='block_1_60' title="bbox 225 5793 522 5845">
    <p class='ocr_par' dir='ltr' id='par_1_60' title="bbox 225 5793 522 5845">
     <span class='ocr_line' id='line_1_60' title="bbox 225 5793 522 5845; baseline 0.003 -15"><span class='ocrx_word' id='word_1_490' title='bbox 225 5793 271 5830; x_wconf 84' lang='lat' dir='ltr'><strong>tu</strong></span> <span class='ocrx_word' id='word_1_491' title='bbox 297 5794 522 5845; x_wconf 75' lang='lat' dir='ltr'><strong>paupere.</strong></span> 
     </span>
    </p>
   </div>
   <div class='ocr_carea' id='block_1_61' title="bbox 1330 338 2427 405">
    <p class='ocr_par' dir='ltr' id='par_1_61' title="bbox 1330 338 2427 405">
     <span class='ocr_line' id='line_1_61' title="bbox 1330 338 2427 405; baseline 0.01 -11"><span class='ocrx_word' id='word_1_492' title='bbox 1330 338 1714 394; x_wconf 62' lang='lat' dir='ltr'><strong>ENARRATlt)</strong></span> <span class='ocrx_word' id='word_1_493' title='bbox 1745 338 1807 392; x_wconf 66' lang='grc' dir='ltr'><strong>ΙΝ</strong></span> <span class='ocrx_word' id='word_1_494' title='bbox 1847 338 2159 401; x_wconf 67' lang='lat' dir='ltr'><strong>PSALMU.“</strong></span> <span class='ocrx_word' id='word_1_495' title='bbox 2201 349 2427 405; x_wconf 71' lang='lat' dir='ltr'><strong>CXXIV.</strong></span> 
     </span>
    </p>
   </div>
   <div class='ocr_carea' id='block_1_62' title="bbox 3374 370 3506 426">
    <p class='ocr_par' dir='ltr' id='par_1_62' title="bbox 3374 370 3506 426">
     <span class='ocr_line' id='line_1_62' title="bbox 3374 370 3506 426; baseline 0.023 -3"><span class='ocrx_word' id='word_1_496' title='bbox 3374 370 3506 426; x_wconf 61' lang='lat'><strong>£650</strong></span> 
     </span>
    </p>
   </div>
   <div class='ocr_carea' id='block_1_63' title="bbox 1942 467 3495 552">
    <p class='ocr_par' dir='ltr' id='par_1_63' title="bbox 1942 467 3495 552">
     <span class='ocr_line' id='line_1_63' title="bbox 1942 467 3495 552; baseline 0.019 -41"><span class='ocrx_word' id='word_1_497' title='bbox 1942 473 2138 526; x_wconf 77' lang='lat' dir='ltr'><strong>pet-em,</strong></span> <span class='ocrx_word' id='word_1_498' title='bbox 2170 475 2219 516; x_wconf 91' lang='lat' dir='ltr'><strong>ut</strong></span> <span class='ocrx_word' id='word_1_499' title='bbox 2256 467 2441 530; x_wconf 79' lang='lat' dir='ltr'><strong>probet</strong></span> <span class='ocrx_word' id='word_1_500' title='bbox 2477 470 2772 524; x_wconf 86' lang='lat' dir='ltr'><strong>hominem&#39;</strong></span> <span class='ocrx_word' id='word_1_501' title='bbox 2802 493 2815 538; x_wconf 87' lang='lat'><strong>;</strong></span> <span class='ocrx_word' id='word_1_502' title='bbox 2852 487 2906 530; x_wconf 89' lang='lat' dir='ltr'><strong>ct</strong></span> <span class='ocrx_word' id='word_1_503' title='bbox 2935 478 3060 534; x_wconf 79' lang='lat' dir='ltr'><strong>fecit</strong></span> <span class='ocrx_word' id='word_1_504' title='bbox 3099 481 3238 536; x_wconf 79' lang='lat' dir='ltr'><strong>Deus</strong></span> <span class='ocrx_word' id='word_1_505' title='bbox 3265 484 3495 552; x_wconf 83' lang='lat' dir='ltr'><strong>divitem,</strong></span> 
     </span>
    </p>
   </div>
   <div class='ocr_carea' id='block_1_64' title="bbox 1939 556 3496 643">
    <p class='ocr_par' dir='ltr' id='par_1_64' title="bbox 1939 556 3496 643">
     <span class='ocr_line' id='line_1_64' title="bbox 1939 556 3496 643; baseline 0.021 -41"><span class='ocrx_word' id='word_1_506' title='bbox 1939 565 1990 602; x_wconf 81' lang='lat' dir='ltr'><strong>ut</strong></span> <span class='ocrx_word' id='word_1_507' title='bbox 2024 556 2205 622; x_wconf 85' lang='lat' dir='ltr'><strong>probet</strong></span> <span class='ocrx_word' id='word_1_508' title='bbox 2235 558 2377 610; x_wconf 86' lang='lat' dir='ltr'><strong>illum</strong></span> <span class='ocrx_word' id='word_1_509' title='bbox 2405 559 2472 613; x_wconf 82' lang='lat' dir='ltr'><strong>de</strong></span> <span class='ocrx_word' id='word_1_510' title='bbox 2495 577 2739 633; x_wconf 89' lang='lat' dir='ltr'><strong>paupere.</strong></span> <span class='ocrx_word' id='word_1_511' title='bbox 2767 568 3022 624; x_wconf 87' lang='lat' dir='ltr'><strong>Etomnia</strong></span> <span class='ocrx_word' id='word_1_512' title='bbox 3046 586 3164 642; x_wconf 79' lang='lat' dir='ltr'><strong>qu:e</strong></span> <span class='ocrx_word' id='word_1_513' title='bbox 3193 574 3317 630; x_wconf 76' lang='lat' dir='ltr'><strong>fecit</strong></span> <span class='ocrx_word' id='word_1_514' title='bbox 3342 577 3496 643; x_wconf 87' lang='lat' dir='ltr'><strong>Deus,</strong></span> 
     </span>
    </p>
   </div>
   <div class='ocr_carea' id='block_1_65' title="bbox 1935 649 3497 726">
    <p class='ocr_par' dir='ltr' id='par_1_65' title="bbox 1935 649 3497 726">
     <span class='ocr_line' id='line_1_65' title="bbox 1935 649 3497 726; baseline 0.018 -28"><span class='ocrx_word' id='word_1_515' title='bbox 1935 657 2077 699; x_wconf 84' lang='lat' dir='ltr'><strong>recte</strong></span> <span class='ocrx_word' id='word_1_516' title='bbox 2125 649 2262 702; x_wconf 71' lang='lat' dir='ltr'><strong>fecit.</strong></span> <span class='ocrx_word' id='word_1_517' title='bbox 2318 652 2379 705; x_wconf 85' lang='lat' dir='ltr'><strong>Et</strong></span> <span class='ocrx_word' id='word_1_518' title='bbox 2427 655 2470 706; x_wconf 88' lang='lat' dir='ltr'><strong>si</strong></span> <span class='ocrx_word' id='word_1_519' title='bbox 2523 671 2625 708; x_wconf 92' lang='lat' dir='ltr'><strong>non</strong></span> <span class='ocrx_word' id='word_1_520' title='bbox 2676 674 2954 726; x_wconf 92' lang='lat' dir='ltr'><strong>possumus</strong></span> <span class='ocrx_word' id='word_1_521' title='bbox 2995 664 3173 721; x_wconf 88' lang='lat' dir='ltr'><strong>videre</strong></span> <span class='ocrx_word' id='word_1_522' title='bbox 3220 672 3497 726; x_wconf 88' lang='lat' dir='ltr'><strong>consilium</strong></span> 
     </span>
    </p>
   </div>
   <div class='ocr_carea' id='block_1_66' title="bbox 1934 734 3500 822">
    <p class='ocr_par' dir='ltr' id='par_1_66' title="bbox 1934 734 3500 822">
     <span class='ocr_line' id='line_1_66' title="bbox 1934 734 3500 822; baseline 0.019 -33"><span class='ocrx_word' id='word_1_523' title='bbox 1934 734 2116 804; x_wconf 85' lang='lat' dir='ltr'><strong>ipsius,</strong></span> <span class='ocrx_word' id='word_1_524' title='bbox 2147 756 2309 808; x_wconf 87' lang='lat' dir='ltr'><strong>quare</strong></span> <span class='ocrx_word' id='word_1_525' title='bbox 2349 744 2473 798; x_wconf 91' lang='lat' dir='ltr'><strong>illud</strong></span> <span class='ocrx_word' id='word_1_526' title='bbox 2510 747 2585 800; x_wconf 92' lang='lat' dir='ltr'><strong>sic</strong></span> <span class='ocrx_word' id='word_1_527' title='bbox 2631 750 2748 804; x_wconf 83' lang='lat' dir='ltr'><strong>fecit</strong></span> <span class='ocrx_word' id='word_1_528' title='bbox 2786 764 2836 806; x_wconf 90' lang='lat' dir='ltr'><strong>ct</strong></span> <span class='ocrx_word' id='word_1_529' title='bbox 2879 753 3004 809; x_wconf 91' lang='lat' dir='ltr'><strong>illud</strong></span> <span class='ocrx_word' id='word_1_530' title='bbox 3029 757 3138 822; x_wconf 91' lang='lat' dir='ltr'><strong>sic;</strong></span> <span class='ocrx_word' id='word_1_531' title='bbox 3182 759 3378 817; x_wconf 89' lang='lat' dir='ltr'><strong>bonum</strong></span> <span class='ocrx_word' id='word_1_532' title='bbox 3419 774 3500 818; x_wconf 85' lang='lat' dir='ltr'><strong>est</strong></span> 
     </span>
    </p>
   </div>
   <div class='ocr_carea' id='block_1_67' title="bbox 1933 827 3495 923">
    <p class='ocr_par' dir='ltr' id='par_1_67' title="bbox 1933 827 3495 923">
     <span class='ocr_line' id='line_1_67' title="bbox 1933 827 3495 923; baseline 0.02 -47"><span class='ocrx_word' id='word_1_533' title='bbox 1933 827 2085 883; x_wconf 88' lang='lat' dir='ltr'><strong>nobis</strong></span> <span class='ocrx_word' id='word_1_534' title='bbox 2106 840 2158 881; x_wconf 90' lang='lat' dir='ltr'><strong>ut</strong></span> <span class='ocrx_word' id='word_1_535' title='bbox 2188 832 2475 887; x_wconf 89' lang='lat' dir='ltr'><strong>subdamur</strong></span> <span class='ocrx_word' id='word_1_536' title='bbox 2495 839 2765 905; x_wconf 70' lang='lat' dir='ltr'><strong>sapientim</strong></span> <span class='ocrx_word' id='word_1_537' title='bbox 2793 843 2973 913; x_wconf 82' lang='lat' dir='ltr'><strong>ipsius,</strong></span> <span class='ocrx_word' id='word_1_538' title='bbox 2992 858 3042 902; x_wconf 86' lang='lat' dir='ltr'><strong>et</strong></span> <span class='ocrx_word' id='word_1_539' title='bbox 3069 851 3345 907; x_wconf 85' lang='lat' dir='ltr'><strong>credamus</strong></span> <span class='ocrx_word' id='word_1_540' title='bbox 3374 857 3495 923; x_wconf 86' lang='lat' dir='ltr'><strong>quia</strong></span> 
     </span>
    </p>
   </div>
   <div class='ocr_carea' id='block_1_68' title="bbox 1933 917 3494 1006">
    <p class='ocr_par' dir='ltr' id='par_1_68' title="bbox 1933 917 3494 1006">
     <span class='ocr_line' id='line_1_68' title="bbox 1933 917 3494 1006; baseline 0.02 -37"><span class='ocrx_word' id='word_1_541' title='bbox 1933 917 2064 972; x_wconf 88' lang='lat' dir='ltr'><strong>bene</strong></span> <span class='ocrx_word' id='word_1_542' title='bbox 2090 919 2232 986; x_wconf 76' lang='lat' dir='ltr'><strong>fecit,</strong></span> <span class='ocrx_word' id='word_1_543' title='bbox 2259 933 2310 978; x_wconf 88' lang='lat' dir='ltr'><strong>et</strong></span> <span class='ocrx_word' id='word_1_544' title='bbox 2331 925 2374 978; x_wconf 82' lang='lat' dir='ltr'><strong>si</strong></span> <span class='ocrx_word' id='word_1_545' title='bbox 2402 930 2633 983; x_wconf 90' lang='lat' dir='ltr'><strong>nondum</strong></span> <span class='ocrx_word' id='word_1_546' title='bbox 2666 935 2907 991; x_wconf 83' lang='lat' dir='ltr'><strong>novimus</strong></span> <span class='ocrx_word' id='word_1_547' title='bbox 2938 955 3098 1006; x_wconf 88' lang='lat' dir='ltr'><strong>quare</strong></span> <span class='ocrx_word' id='word_1_548' title='bbox 3127 942 3250 998; x_wconf 78' lang='lat' dir='ltr'><strong>fecit</strong></span> <span class='ocrx_word' id='word_1_549' title='bbox 3283 963 3296 998; x_wconf 90' lang='lat'><strong>:</strong></span> <span class='ocrx_word' id='word_1_550' title='bbox 3327 956 3379 1000; x_wconf 88' lang='lat' dir='ltr'><strong>et</strong></span> <span class='ocrx_word' id='word_1_551' title='bbox 3394 917 3494 999; x_wconf 60' lang='lat' dir='ltr'><strong>ita.</strong></span> 
     </span>
    </p>
   </div>
   <div class='ocr_carea' id='block_1_69' title="bbox 1928 1009 3496 1093">
    <p class='ocr_par' dir='ltr' id='par_1_69' title="bbox 1928 1009 3496 1093">
     <span class='ocr_line' id='line_1_69' title="bbox 1928 1009 3496 1093; baseline 0.02 -32"><span class='ocrx_word' id='word_1_552' title='bbox 1928 1009 2169 1066; x_wconf 87' lang='lat' dir='ltr'><strong>bebimus</strong></span> <span class='ocrx_word' id='word_1_553' title='bbox 2203 1029 2297 1068; x_wconf 90' lang='lat' dir='ltr'><strong>cor</strong></span> <span class='ocrx_word' id='word_1_554' title='bbox 2326 1027 2550 1083; x_wconf 89' lang='lat' dir='ltr'><strong>rectum,</strong></span> <span class='ocrx_word' id='word_1_555' title='bbox 2580 1033 2635 1075; x_wconf 93' lang='lat' dir='ltr'><strong>ut</strong></span> <span class='ocrx_word' id='word_1_556' title='bbox 2663 1039 3046 1090; x_wconf 72' lang='lat' dir='ltr'><strong>przesumamus</strong></span> <span class='ocrx_word' id='word_1_557' title='bbox 3076 1041 3130 1087; x_wconf 90' lang='lat' dir='ltr'><strong>ct</strong></span> <span class='ocrx_word' id='word_1_558' title='bbox 3166 1037 3496 1093; x_wconf 73' lang='lat' dir='ltr'><strong>conﬁdamus</strong></span> 
     </span>
    </p>
   </div>
   <div class='ocr_carea' id='block_1_70' title="bbox 1930 1100 3494 1191">
    <p class='ocr_par' dir='ltr' id='par_1_70' title="bbox 1930 1100 3494 1191">
     <span class='ocr_line' id='line_1_70' title="bbox 1930 1100 3494 1191; baseline 0.022 -41"><span class='ocrx_word' id='word_1_559' title='bbox 1930 1100 1978 1152; x_wconf 88' lang='lat' dir='ltr'><strong>in</strong></span> <span class='ocrx_word' id='word_1_560' title='bbox 2013 1100 2251 1168; x_wconf 89' lang='lat' dir='ltr'><strong>Domino,</strong></span> <span class='ocrx_word' id='word_1_561' title='bbox 2282 1116 2335 1161; x_wconf 92' lang='lat' dir='ltr'><strong>et</strong></span> <span class='ocrx_word' id='word_1_562' title='bbox 2362 1124 2468 1163; x_wconf 85' lang='lat' dir='ltr'><strong>non</strong></span> <span class='ocrx_word' id='word_1_563' title='bbox 2495 1114 2846 1169; x_wconf 88' lang='lat' dir='ltr'><strong>movebuntur</strong></span> <span class='ocrx_word' id='word_1_564' title='bbox 2871 1120 3031 1187; x_wconf 87' lang='lat' dir='ltr'><strong>pedes</strong></span> <span class='ocrx_word' id='word_1_565' title='bbox 3062 1127 3244 1191; x_wconf 90' lang='lat' dir='ltr'><strong>nostri,</strong></span> <span class='ocrx_word' id='word_1_566' title='bbox 3278 1139 3328 1180; x_wconf 91' lang='lat' dir='ltr'><strong>et</strong></span> <span class='ocrx_word' id='word_1_567' title='bbox 3359 1129 3408 1182; x_wconf 83' lang='lat' dir='ltr'><strong>iit</strong></span> <span class='ocrx_word' id='word_1_568' title='bbox 3443 1133 3494 1184; x_wconf 85' lang='lat' dir='ltr'><strong>in</strong></span> 
     </span>
    </p>
   </div>
   <div class='ocr_carea' id='block_1_71' title="bbox 1927 1193 3493 1286">
    <p class='ocr_par' dir='ltr' id='par_1_71' title="bbox 1927 1193 3493 1286">
     <span class='ocr_line' id='line_1_71' title="bbox 1927 1193 3493 1286; baseline 0.022 -43"><span class='ocrx_word' id='word_1_569' title='bbox 1927 1193 2076 1247; x_wconf 81' lang='lat' dir='ltr'><strong>nobis</strong></span> <span class='ocrx_word' id='word_1_570' title='bbox 2097 1199 2499 1258; x_wconf 86' lang='lat' dir='ltr'><strong>ascendentibus</strong></span> <span class='ocrx_word' id='word_1_571' title='bbox 2522 1205 2658 1261; x_wconf 89' lang='lat' dir='ltr'><strong>unde</strong></span> <span class='ocrx_word' id='word_1_572' title='bbox 2677 1210 2836 1276; x_wconf 67' lang='lat' dir='ltr'><strong>etrapit</strong></span> <span class='ocrx_word' id='word_1_573' title='bbox 2858 1211 2956 1266; x_wconf 90' lang='lat' dir='ltr'><strong>istc</strong></span> <span class='ocrx_word' id='word_1_574' title='bbox 2980 1216 3231 1283; x_wconf 79' lang='lat' dir='ltr'><strong>psalmus,</strong></span> <span class='ocrx_word' id='word_1_575' title='bbox 3261 1220 3362 1286; x_wconf 84' lang='lat' dir='ltr'><strong>Qui</strong></span> <span class='ocrx_word' id='word_1_576' title='bbox 3381 1239 3493 1275; x_wconf 85' lang='lat' dir='ltr'><strong>con-</strong></span> 
     </span>
    </p>
   </div>
   <div class='ocr_carea' id='block_1_72' title="bbox 1925 1285 3486 1368">
    <p class='ocr_par' dir='ltr' id='par_1_72' title="bbox 1925 1285 3486 1368">
     <span class='ocr_line' id='line_1_72' title="bbox 1925 1285 3486 1368; baseline 0.023 -36"><span class='ocrx_word' id='word_1_577' title='bbox 1925 1285 2084 1347; x_wconf 75' lang='lat' dir='ltr'><strong>ﬁdunt</strong></span> <span class='ocrx_word' id='word_1_578' title='bbox 2105 1288 2156 1341; x_wconf 87' lang='lat' dir='ltr'><strong>iu</strong></span> <span class='ocrx_word' id='word_1_579' title='bbox 2179 1289 2423 1361; x_wconf 84' lang='lat' dir='ltr'><strong>Domino,</strong></span> <span class='ocrx_word' id='word_1_580' title='bbox 2454 1296 2580 1350; x_wconf 85' lang='lat' dir='ltr'><strong>sicut</strong></span> <span class='ocrx_word' id='word_1_581' title='bbox 2603 1315 2746 1354; x_wconf 85' lang='lat' dir='ltr'><strong>mons</strong></span> <span class='ocrx_word' id='word_1_582' title='bbox 2780 1302 2935 1367; x_wconf 87' lang='lat' dir='ltr'><strong>Sion,</strong></span> <span class='ocrx_word' id='word_1_583' title='bbox 2973 1324 3068 1359; x_wconf 83' lang='lat' dir='ltr'><strong>nou</strong></span> <span class='ocrx_word' id='word_1_584' title='bbox 3105 1315 3486 1368; x_wconf 76' lang='lat' dir='ltr'><strong>counaovebuu-</strong></span> 
     </span>
    </p>
   </div>
   <div class='ocr_carea' id='block_1_73' title="bbox 1924 1379 2414 1436">
    <p class='ocr_par' dir='ltr' id='par_1_73' title="bbox 1924 1379 2414 1436">
     <span class='ocr_line' id='line_1_73' title="bbox 1924 1379 2414 1436; baseline 0.018 -9"><span class='ocrx_word' id='word_1_585' title='bbox 1924 1385 2005 1427; x_wconf 77' lang='lat' dir='ltr'><strong>tur</strong></span> <span class='ocrx_word' id='word_1_586' title='bbox 2024 1379 2044 1408; x_wconf 84' lang='grc'><strong><em>²</em></strong></span> <span class='ocrx_word' id='word_1_587' title='bbox 2074 1379 2125 1431; x_wconf 87' lang='lat' dir='ltr'><strong>in</strong></span> <span class='ocrx_word' id='word_1_588' title='bbox 2156 1390 2414 1436; x_wconf 80' lang='lat' dir='ltr'><strong>wternum.</strong></span> 
     </span>
    </p>
   </div>
   <div class='ocr_carea' id='block_1_74' title="bbox 1991 1469 3484 1562">
    <p class='ocr_par' dir='ltr' id='par_1_74' title="bbox 1991 1469 3484 1562">
     <span class='ocr_line' id='line_1_74' title="bbox 1991 1469 3484 1562; baseline 0.019 -40"><span class='ocrx_word' id='word_1_589' title='bbox 1991 1469 2042 1522; x_wconf 84' lang='grc'><strong>5.</strong></span> <span class='ocrx_word' id='word_1_590' title='bbox 2075 1470 2171 1537; x_wconf 86' lang='lat' dir='ltr'><strong>Qui</strong></span> <span class='ocrx_word' id='word_1_591' title='bbox 2200 1483 2322 1528; x_wconf 90' lang='lat' dir='ltr'><strong>sunt</strong></span> <span class='ocrx_word' id='word_1_592' title='bbox 2347 1476 2469 1530; x_wconf 87' lang='lat' dir='ltr'><strong>isti?</strong></span> <span class='ocrx_word' id='word_1_593' title='bbox 2493 1479 2591 1546; x_wconf 82' lang='lat' dir='ltr'><strong>Qui</strong></span> <span class='ocrx_word' id='word_1_594' title='bbox 2612 1482 2888 1537; x_wconf 80' lang='lat' dir='ltr'><strong>inhabitant</strong></span> <span class='ocrx_word' id='word_1_595' title='bbox 2912 1485 3195 1543; x_wconf 82' lang='lat' dir='ltr'><strong>Jerusalem</strong></span> <span class='ocrx_word' id='word_1_596' title='bbox 3219 1509 3236 1545; x_wconf 91' lang='lat'><em>:</em></span> <span class='ocrx_word' id='word_1_597' title='bbox 3261 1494 3359 1562; x_wconf 86' lang='lat' dir='ltr'><strong>ipsi</strong></span> <span class='ocrx_word' id='word_1_598' title='bbox 3387 1514 3484 1551; x_wconf 86' lang='lat' dir='ltr'><strong>nou</strong></span> 
     </span>
    </p>
   </div>
   <div class='ocr_carea' id='block_1_75' title="bbox 1919 1563 3481 1644">
    <p class='ocr_par' dir='ltr' id='par_1_75' title="bbox 1919 1563 3481 1644">
     <span class='ocr_line' id='line_1_75' title="bbox 1919 1563 3481 1644; baseline 0.02 -35"><span class='ocrx_word' id='word_1_599' title='bbox 1919 1563 2353 1619; x_wconf 83' lang='lat' dir='ltr'><strong>commovebuntur</strong></span> <span class='ocrx_word' id='word_1_600' title='bbox 2379 1569 2431 1622; x_wconf 86' lang='lat' dir='ltr'><strong>iu</strong></span> <span class='ocrx_word' id='word_1_601' title='bbox 2455 1581 2696 1626; x_wconf 72' lang='lat' dir='ltr'><strong>(uernum</strong></span> <span class='ocrx_word' id='word_1_602' title='bbox 2714 1616 2728 1639; x_wconf 92' lang='lat'><strong>,</strong></span> <span class='ocrx_word' id='word_1_603' title='bbox 2754 1577 2840 1644; x_wconf 82' lang='lat' dir='ltr'><strong>qui</strong></span> <span class='ocrx_word' id='word_1_604' title='bbox 2867 1578 3144 1634; x_wconf 81' lang='lat' dir='ltr'><strong>inhabitant</strong></span> <span class='ocrx_word' id='word_1_605' title='bbox 3179 1582 3481 1641; x_wconf 82' lang='lat' dir='ltr'><strong>Jerusalem.</strong></span> 
     </span>
    </p>
   </div>
   <div class='ocr_carea' id='block_1_76' title="bbox 1917 1652 3482 1747">
    <p class='ocr_par' dir='ltr' id='par_1_76' title="bbox 1917 1652 3482 1747">
     <span class='ocr_line' id='line_1_76' title="bbox 1917 1652 3482 1747; baseline 0.018 -40"><span class='ocrx_word' id='word_1_606' title='bbox 1917 1652 1972 1707; x_wconf 84' lang='lat' dir='ltr'><strong>Si</strong></span> <span class='ocrx_word' id='word_1_607' title='bbox 2016 1653 2149 1710; x_wconf 90' lang='lat' dir='ltr'><strong>hanc</strong></span> <span class='ocrx_word' id='word_1_608' title='bbox 2189 1659 2482 1717; x_wconf 86' lang='lat' dir='ltr'><strong>Jerusalem</strong></span> <span class='ocrx_word' id='word_1_609' title='bbox 2533 1665 2963 1742; x_wconf 78' lang='lat' dir='ltr'><strong>intellexerimus,</strong></span> <span class='ocrx_word' id='word_1_610' title='bbox 3015 1688 3199 1730; x_wconf 87' lang='lat' dir='ltr'><strong>omnes</strong></span> <span class='ocrx_word' id='word_1_611' title='bbox 3246 1680 3332 1747; x_wconf 91' lang='lat' dir='ltr'><strong>qui</strong></span> <span class='ocrx_word' id='word_1_612' title='bbox 3379 1681 3482 1735; x_wconf 85' lang='lat' dir='ltr'><strong>illic</strong></span> 
     </span>
    </p>
   </div>
   <div class='ocr_carea' id='block_1_77' title="bbox 1919 1743 3480 1833">
    <p class='ocr_par' dir='ltr' id='par_1_77' title="bbox 1919 1743 3480 1833">
     <span class='ocr_line' id='line_1_77' title="bbox 1919 1743 3480 1833; baseline 0.02 -37"><span class='ocrx_word' id='word_1_613' title='bbox 1919 1743 2307 1817; x_wconf 87' lang='lat' dir='ltr'><strong>inhabitabant,</strong></span> <span class='ocrx_word' id='word_1_614' title='bbox 2351 1751 2504 1810; x_wconf 86' lang='lat' dir='ltr'><strong>bellis</strong></span> <span class='ocrx_word' id='word_1_615' title='bbox 2541 1766 2595 1811; x_wconf 90' lang='lat' dir='ltr'><strong>et</strong></span> <span class='ocrx_word' id='word_1_616' title='bbox 2635 1760 2914 1816; x_wconf 86' lang='lat' dir='ltr'><strong>eversione</strong></span> <span class='ocrx_word' id='word_1_617' title='bbox 2945 1765 3106 1833; x_wconf 91' lang='lat' dir='ltr'><strong>ipsius</strong></span> <span class='ocrx_word' id='word_1_618' title='bbox 3135 1743 3360 1823; x_wconf 76' lang='lat' dir='ltr'><strong>civitatis</strong></span> <span class='ocrx_word' id='word_1_619' title='bbox 3389 1787 3480 1826; x_wconf 47' lang='lat' dir='ltr'><strong>ex.</strong></span> 
     </span>
    </p>
   </div>
   <div class='ocr_carea' id='block_1_78' title="bbox 1915 1839 3480 1917">
    <p class='ocr_par' dir='ltr' id='par_1_78' title="bbox 1915 1839 3480 1917">
     <span class='ocr_line' id='line_1_78' title="bbox 1915 1839 3480 1917; baseline 0.018 -28"><span class='ocrx_word' id='word_1_620' title='bbox 1915 1839 2042 1892; x_wconf 89' lang='lat' dir='ltr'><strong>clusi</strong></span> <span class='ocrx_word' id='word_1_621' title='bbox 2073 1851 2196 1895; x_wconf 91' lang='lat' dir='ltr'><strong>sunt</strong></span> <span class='ocrx_word' id='word_1_622' title='bbox 2225 1861 2237 1896; x_wconf 91' lang='lat'><strong>:</strong></span> <span class='ocrx_word' id='word_1_623' title='bbox 2269 1847 2426 1900; x_wconf 92' lang='lat' dir='ltr'><strong>modo</strong></span> <span class='ocrx_word' id='word_1_624' title='bbox 2457 1851 2650 1917; x_wconf 69' lang='lat' dir='ltr'><strong>quarris</strong></span> <span class='ocrx_word' id='word_1_625' title='bbox 2687 1852 2923 1908; x_wconf 84' lang='lat' dir='ltr'><strong>Jud:eum</strong></span> <span class='ocrx_word' id='word_1_626' title='bbox 2955 1857 3004 1909; x_wconf 92' lang='lat' dir='ltr'><strong>in</strong></span> <span class='ocrx_word' id='word_1_627' title='bbox 3033 1859 3243 1913; x_wconf 88' lang='lat' dir='ltr'><strong>civitate</strong></span> <span class='ocrx_word' id='word_1_628' title='bbox 3269 1861 3480 1917; x_wconf 85' lang='lat' dir='ltr'><strong>Jerusa-</strong></span> 
     </span>
    </p>
   </div>
   <div class='ocr_carea' id='block_1_79' title="bbox 1917 1928 3479 2015">
    <p class='ocr_par' dir='ltr' id='par_1_79' title="bbox 1917 1928 3479 2015">
     <span class='ocr_line' id='line_1_79' title="bbox 1917 1928 3479 2015; baseline 0.016 -34"><span class='ocrx_word' id='word_1_629' title='bbox 1917 1928 2015 1981; x_wconf 83' lang='lat' dir='ltr'><strong>lem</strong></span> <span class='ocrx_word' id='word_1_630' title='bbox 2037 1973 2049 1995; x_wconf 94' lang='lat'><strong>,</strong></span> <span class='ocrx_word' id='word_1_631' title='bbox 2079 1943 2133 1986; x_wconf 89' lang='lat' dir='ltr'><strong>et</strong></span> <span class='ocrx_word' id='word_1_632' title='bbox 2160 1949 2263 1988; x_wconf 89' lang='lat' dir='ltr'><strong>non</strong></span> <span class='ocrx_word' id='word_1_633' title='bbox 2292 1936 2513 1994; x_wconf 88' lang='lat' dir='ltr'><strong>invenis.</strong></span> <span class='ocrx_word' id='word_1_634' title='bbox 2554 1940 2730 2007; x_wconf 78' lang='lat' dir='ltr'><strong>Quare</strong></span> <span class='ocrx_word' id='word_1_635' title='bbox 2761 1946 2924 2015; x_wconf 76' lang='lat' dir='ltr'><strong>ergoa</strong></span> <span class='ocrx_word' id='word_1_636' title='bbox 2953 1964 3054 2001; x_wconf 88' lang='lat' dir='ltr'><strong>non</strong></span> <span class='ocrx_word' id='word_1_637' title='bbox 3083 1950 3404 2006; x_wconf 85' lang='lat' dir='ltr'><strong>movebuntur</strong></span> <span class='ocrx_word' id='word_1_638' title='bbox 3429 1955 3479 2007; x_wconf 86' lang='lat' dir='ltr'><strong>in</strong></span> 
     </span>
    </p>
   </div>
   <div class='ocr_carea' id='block_1_80' title="bbox 1911 2029 3475 2110">
    <p class='ocr_par' dir='ltr' id='par_1_80' title="bbox 1911 2029 3475 2110">
     <span class='ocr_line' id='line_1_80' title="bbox 1911 2029 3475 2110; baseline 0.015 -33"><span class='ocrx_word' id='word_1_639' title='bbox 1911 2034 2168 2091; x_wconf 78' lang='lat' dir='ltr'><strong>tcternum,</strong></span> <span class='ocrx_word' id='word_1_640' title='bbox 2200 2029 2286 2098; x_wconf 84' lang='lat' dir='ltr'><strong>qui</strong></span> <span class='ocrx_word' id='word_1_641' title='bbox 2308 2029 2583 2085; x_wconf 84' lang='lat' dir='ltr'><strong>inhabitant</strong></span> <span class='ocrx_word' id='word_1_642' title='bbox 2609 2033 2920 2100; x_wconf 86' lang='lat' dir='ltr'><strong>Jerusalem,</strong></span> <span class='ocrx_word' id='word_1_643' title='bbox 2965 2040 3064 2092; x_wconf 87' lang='lat' dir='ltr'><strong>nisi</strong></span> <span class='ocrx_word' id='word_1_644' title='bbox 3105 2043 3224 2110; x_wconf 88' lang='lat' dir='ltr'><strong>quia</strong></span> <span class='ocrx_word' id='word_1_645' title='bbox 3266 2054 3347 2098; x_wconf 88' lang='lat' dir='ltr'><strong>est</strong></span> <span class='ocrx_word' id='word_1_646' title='bbox 3375 2047 3475 2100; x_wconf 81' lang='lat' dir='ltr'><strong>alia</strong></span> 
     </span>
    </p>
   </div>
   <div class='ocr_carea' id='block_1_81' title="bbox 1910 2113 3474 2201">
    <p class='ocr_par' dir='ltr' id='par_1_81' title="bbox 1910 2113 3474 2201">
     <span class='ocr_line' id='line_1_81' title="bbox 1910 2113 3474 2201; baseline 0.013 -34"><span class='ocrx_word' id='word_1_647' title='bbox 1910 2113 2223 2180; x_wconf 86' lang='lat' dir='ltr'><strong>Jerusalem,</strong></span> <span class='ocrx_word' id='word_1_648' title='bbox 2248 2119 2313 2173; x_wconf 90' lang='lat' dir='ltr'><strong>de</strong></span> <span class='ocrx_word' id='word_1_649' title='bbox 2339 2137 2437 2190; x_wconf 88' lang='lat' dir='ltr'><strong>qua</strong></span> <span class='ocrx_word' id='word_1_650' title='bbox 2466 2124 2624 2176; x_wconf 90' lang='lat' dir='ltr'><strong>multa</strong></span> <span class='ocrx_word' id='word_1_651' title='bbox 2647 2125 2830 2180; x_wconf 89' lang='lat' dir='ltr'><strong>soletis</strong></span> <span class='ocrx_word' id='word_1_652' title='bbox 2853 2129 3073 2184; x_wconf 88' lang='lat' dir='ltr'><strong>audire?</strong></span> <span class='ocrx_word' id='word_1_653' title='bbox 3102 2131 3214 2201; x_wconf 88' lang='lat' dir='ltr'><strong>lpsa</strong></span> <span class='ocrx_word' id='word_1_654' title='bbox 3249 2143 3330 2188; x_wconf 83' lang='lat' dir='ltr'><strong>est</strong></span> <span class='ocrx_word' id='word_1_655' title='bbox 3363 2152 3474 2188; x_wconf 80' lang='lat' dir='ltr'><strong>ma-</strong></span> 
     </span>
    </p>
   </div>
   <div class='ocr_carea' id='block_1_82' title="bbox 1913 2211 3474 2296">
    <p class='ocr_par' dir='ltr' id='par_1_82' title="bbox 1913 2211 3474 2296">
     <span class='ocr_line' id='line_1_82' title="bbox 1913 2211 3474 2296; baseline 0.015 -39"><span class='ocrx_word' id='word_1_656' title='bbox 1913 2215 1992 2259; x_wconf 84' lang='lat' dir='ltr'><strong>ter</strong></span> <span class='ocrx_word' id='word_1_657' title='bbox 2031 2217 2227 2274; x_wconf 89' lang='lat' dir='ltr'><strong>nostra,</strong></span> <span class='ocrx_word' id='word_1_658' title='bbox 2257 2211 2342 2266; x_wconf 89' lang='lat' dir='ltr'><strong>cui</strong></span> <span class='ocrx_word' id='word_1_659' title='bbox 2379 2214 2700 2283; x_wconf 89' lang='lat' dir='ltr'><strong>suspiramus</strong></span> <span class='ocrx_word' id='word_1_660' title='bbox 2738 2226 2790 2272; x_wconf 89' lang='lat' dir='ltr'><strong>et</strong></span> <span class='ocrx_word' id='word_1_661' title='bbox 2826 2221 3088 2288; x_wconf 81' lang='lat' dir='ltr'><strong>gemimus</strong></span> <span class='ocrx_word' id='word_1_662' title='bbox 3138 2224 3188 2276; x_wconf 92' lang='lat' dir='ltr'><strong>in</strong></span> <span class='ocrx_word' id='word_1_663' title='bbox 3233 2226 3329 2278; x_wconf 91' lang='lat' dir='ltr'><strong>ista</strong></span> <span class='ocrx_word' id='word_1_664' title='bbox 3359 2243 3474 2296; x_wconf 87' lang='lat' dir='ltr'><strong>per-</strong></span> 
     </span>
    </p>
   </div>
   <div class='ocr_carea' id='block_1_83' title="bbox 1909 2301 3473 2371">
    <p class='ocr_par' dir='ltr' id='par_1_83' title="bbox 1909 2301 3473 2371">
     <span class='ocr_line' id='line_1_83' title="bbox 1909 2301 3473 2371; baseline 0.012 -21"><span class='ocrx_word' id='word_1_665' title='bbox 1909 2301 2252 2368; x_wconf 75' lang='lat' dir='ltr'><strong>egrinatione,</strong></span> <span class='ocrx_word' id='word_1_666' title='bbox 2293 2313 2349 2358; x_wconf 85' lang='lat' dir='ltr'><strong>ut</strong></span> <span class='ocrx_word' id='word_1_667' title='bbox 2388 2306 2452 2359; x_wconf 90' lang='lat' dir='ltr'><strong>ad</strong></span> <span class='ocrx_word' id='word_1_668' title='bbox 2495 2307 2632 2360; x_wconf 86' lang='lat' dir='ltr'><strong>illaut</strong></span> <span class='ocrx_word' id='word_1_669' title='bbox 2675 2310 2970 2366; x_wconf 86' lang='lat' dir='ltr'><strong>redeamus.</strong></span> <span class='ocrx_word' id='word_1_670' title='bbox 3007 2314 3380 2370; x_wconf 85' lang='lat' dir='ltr'><strong>Erravcramus</strong></span> <span class='ocrx_word' id='word_1_671' title='bbox 3406 2319 3473 2371; x_wconf 93' lang='lat' dir='ltr'><strong>ah</strong></span> 
     </span>
    </p>
   </div>
   <div class='ocr_carea' id='block_1_84' title="bbox 1909 2392 3469 2474">
    <p class='ocr_par' dir='ltr' id='par_1_84' title="bbox 1909 2392 3469 2474">
     <span class='ocr_line' id='line_1_84' title="bbox 1909 2392 3469 2474; baseline 0.012 -29"><span class='ocrx_word' id='word_1_672' title='bbox 1909 2408 1968 2445; x_wconf 87' lang='lat' dir='ltr'><strong>ea</strong></span> <span class='ocrx_word' id='word_1_673' title='bbox 1993 2392 2034 2458; x_wconf 72' lang='lat'><strong>&quot;,</strong></span> <span class='ocrx_word' id='word_1_674' title='bbox 2057 2405 2109 2447; x_wconf 90' lang='lat' dir='ltr'><strong>et</strong></span> <span class='ocrx_word' id='word_1_675' title='bbox 2132 2397 2266 2448; x_wconf 89' lang='lat' dir='ltr'><strong>viam</strong></span> <span class='ocrx_word' id='word_1_676' title='bbox 2298 2413 2400 2451; x_wconf 91' lang='lat' dir='ltr'><strong>non</strong></span> <span class='ocrx_word' id='word_1_677' title='bbox 2425 2397 2748 2455; x_wconf 91' lang='lat' dir='ltr'><strong>habebamus</strong></span> <span class='ocrx_word' id='word_1_678' title='bbox 2772 2420 2785 2456; x_wconf 91' lang='lat'><strong>:</strong></span> <span class='ocrx_word' id='word_1_679' title='bbox 2808 2403 2920 2458; x_wconf 83' lang='lat' dir='ltr'><strong>Rex</strong></span> <span class='ocrx_word' id='word_1_680' title='bbox 2950 2406 3111 2474; x_wconf 88' lang='lat' dir='ltr'><strong>ipsius</strong></span> <span class='ocrx_word' id='word_1_681' title='bbox 3134 2409 3291 2471; x_wconf 91' lang='lat' dir='ltr'><strong>venit,</strong></span> <span class='ocrx_word' id='word_1_682' title='bbox 3317 2420 3369 2463; x_wconf 90' lang='lat' dir='ltr'><strong>et</strong></span> <span class='ocrx_word' id='word_1_683' title='bbox 3390 2413 3469 2464; x_wconf 89' lang='lat' dir='ltr'><strong>via</strong></span> 
     </span>
    </p>
   </div>
   <div class='ocr_carea' id='block_1_85' title="bbox 1908 2481 3471 2567">
    <p class='ocr_par' dir='ltr' id='par_1_85' title="bbox 1908 2481 3471 2567">
     <span class='ocr_line' id='line_1_85' title="bbox 1908 2481 3471 2567; baseline 0.015 -35"><span class='ocrx_word' id='word_1_684' title='bbox 1908 2481 2059 2534; x_wconf 85' lang='lat' dir='ltr'><strong>nobis</strong></span> <span class='ocrx_word' id='word_1_685' title='bbox 2089 2482 2257 2539; x_wconf 83' lang='lat' dir='ltr'><strong>factus</strong></span> <span class='ocrx_word' id='word_1_686' title='bbox 2277 2495 2374 2552; x_wconf 90' lang='lat' dir='ltr'><strong>est,</strong></span> <span class='ocrx_word' id='word_1_687' title='bbox 2401 2499 2455 2542; x_wconf 90' lang='lat' dir='ltr'><strong>ut</strong></span> <span class='ocrx_word' id='word_1_688' title='bbox 2483 2489 2546 2542; x_wconf 89' lang='lat' dir='ltr'><strong>ad</strong></span> <span class='ocrx_word' id='word_1_689' title='bbox 2573 2490 2712 2544; x_wconf 91' lang='lat' dir='ltr'><strong>illam</strong></span> <span class='ocrx_word' id='word_1_690' title='bbox 2741 2491 2913 2550; x_wconf 85' lang='lat' dir='ltr'><strong>redire</strong></span> <span class='ocrx_word' id='word_1_691' title='bbox 2939 2495 3220 2562; x_wconf 90' lang='lat' dir='ltr'><strong>possimus.</strong></span> <span class='ocrx_word' id='word_1_692' title='bbox 3245 2498 3360 2567; x_wconf 89' lang='lat' dir='ltr'><strong>lpsa</strong></span> <span class='ocrx_word' id='word_1_693' title='bbox 3391 2511 3471 2554; x_wconf 86' lang='lat' dir='ltr'><strong>est</strong></span> 
     </span>
    </p>
   </div>
   <div class='ocr_carea' id='block_1_86' title="bbox 1906 2571 3468 2653">
    <p class='ocr_par' dir='ltr' id='par_1_86' title="bbox 1906 2571 3468 2653">
     <span class='ocr_line' id='line_1_86' title="bbox 1906 2571 3468 2653; baseline 0.012 -29"><span class='ocrx_word' id='word_1_694' title='bbox 1906 2572 2011 2637; x_wconf 86' lang='lat' dir='ltr'><strong>illa,</strong></span> <span class='ocrx_word' id='word_1_695' title='bbox 2037 2571 2120 2625; x_wconf 82' lang='lat' dir='ltr'><strong>tibi</strong></span> <span class='ocrx_word' id='word_1_696' title='bbox 2137 2583 2320 2629; x_wconf 69' lang='lat' dir='ltr'><strong>Stante:</strong></span> <span class='ocrx_word' id='word_1_697' title='bbox 2337 2587 2475 2630; x_wconf 87' lang='lat' dir='ltr'><strong>erant</strong></span> <span class='ocrx_word' id='word_1_698' title='bbox 2491 2581 2638 2648; x_wconf 82' lang='lat' dir='ltr'><strong>pedes</strong></span> <span class='ocrx_word' id='word_1_699' title='bbox 2653 2583 2810 2634; x_wconf 85' lang='lat' dir='ltr'><strong>nostri</strong></span> <span class='ocrx_word' id='word_1_700' title='bbox 2822 2583 2872 2635; x_wconf 88' lang='lat' dir='ltr'><strong>iu</strong></span> <span class='ocrx_word' id='word_1_701' title='bbox 2888 2585 3028 2638; x_wconf 82' lang='lat' dir='ltr'><strong>atriis</strong></span> <span class='ocrx_word' id='word_1_702' title='bbox 3045 2584 3345 2653; x_wconf 72' lang='lat' dir='ltr'><strong>Jerusalem,</strong></span> <span class='ocrx_word' id='word_1_703' title='bbox 3366 2591 3442 2643; x_wconf 90' lang='lat' dir='ltr'><strong>sio</strong></span> <span class='ocrx_word' id='word_1_704' title='bbox 3455 2622 3468 2631; x_wconf 89' lang='lat'><strong>-</strong></span> 
     </span>
    </p>
   </div>
   <div class='ocr_carea' id='block_1_87' title="bbox 1905 2667 3466 2747">
    <p class='ocr_par' dir='ltr' id='par_1_87' title="bbox 1905 2667 3466 2747">
     <span class='ocr_line' id='line_1_87' title="bbox 1905 2667 3466 2747; baseline 0.01 -28"><span class='ocrx_word' id='word_1_705' title='bbox 1905 2676 1960 2719; x_wconf 92' lang='lat' dir='ltr'><strong>ut</strong></span> <span class='ocrx_word' id='word_1_706' title='bbox 1998 2667 2214 2720; x_wconf 58' lang='lat' dir='ltr'><strong>audistis</strong></span> <span class='ocrx_word' id='word_1_707' title='bbox 2239 2668 2286 2720; x_wconf 91' lang='lat' dir='ltr'><strong>in</strong></span> <span class='ocrx_word' id='word_1_708' title='bbox 2311 2670 2512 2738; x_wconf 86' lang='lat' dir='ltr'><strong>psalmo</strong></span> <span class='ocrx_word' id='word_1_709' title='bbox 2541 2673 2864 2726; x_wconf 89' lang='lat' dir='ltr'><strong>canticorum</strong></span> <span class='ocrx_word' id='word_1_710' title='bbox 2889 2677 3141 2744; x_wconf 81' lang='lat' dir='ltr'><strong>graduum</strong></span> <span class='ocrx_word' id='word_1_711' title='bbox 3165 2682 3466 2747; x_wconf 82' lang='lat' dir='ltr'><strong>superiore,</strong></span> 
     </span>
    </p>
   </div>
   <div class='ocr_carea' id='block_1_88' title="bbox 1899 2758 3464 2837">
    <p class='ocr_par' dir='ltr' id='par_1_88' title="bbox 1899 2758 3464 2837">
     <span class='ocr_line' id='line_1_88' title="bbox 1899 2758 3464 2837; baseline 0.012 -30"><span class='ocrx_word' id='word_1_712' title='bbox 1899 2758 2005 2824; x_wconf 89' lang='lat' dir='ltr'><strong>jam</strong></span> <span class='ocrx_word' id='word_1_713' title='bbox 2051 2759 2196 2812; x_wconf 79' lang='lat' dir='ltr'><strong>Vobis</strong></span> <span class='ocrx_word' id='word_1_714' title='bbox 2239 2763 2479 2828; x_wconf 78' lang='lat' dir='ltr'><strong>exposito</strong></span> <span class='ocrx_word' id='word_1_715' title='bbox 2522 2771 2574 2815; x_wconf 87' lang='lat' dir='ltr'><strong>et</strong></span> <span class='ocrx_word' id='word_1_716' title='bbox 2614 2774 2832 2819; x_wconf 88' lang='lat' dir='ltr'><strong>tractato</strong></span> <span class='ocrx_word' id='word_1_717' title='bbox 2869 2769 2956 2836; x_wconf 89' lang='lat' dir='ltr'><strong>qui</strong></span> <span class='ocrx_word' id='word_1_718' title='bbox 3004 2768 3344 2837; x_wconf 71' lang='lat' dir='ltr'><strong>inter-fuistis;</strong></span> <span class='ocrx_word' id='word_1_719' title='bbox 3381 2775 3464 2826; x_wconf 84' lang='lat' dir='ltr'><strong>cui</strong></span> 
     </span>
    </p>
   </div>
   <div class='ocr_carea' id='block_1_89' title="bbox 1901 2849 3467 2927">
    <p class='ocr_par' dir='ltr' id='par_1_89' title="bbox 1901 2849 3467 2927">
     <span class='ocr_line' id='line_1_89' title="bbox 1901 2849 3467 2927; baseline 0.009 -29"><span class='ocrx_word' id='word_1_720' title='bbox 1901 2849 2194 2915; x_wconf 87' lang='lat' dir='ltr'><strong>suspirabat</strong></span> <span class='ocrx_word' id='word_1_721' title='bbox 2235 2851 2321 2903; x_wconf 91' lang='lat' dir='ltr'><strong>ille</strong></span> <span class='ocrx_word' id='word_1_722' title='bbox 2353 2851 2438 2920; x_wconf 92' lang='lat' dir='ltr'><strong>qui</strong></span> <span class='ocrx_word' id='word_1_723' title='bbox 2462 2853 2723 2918; x_wconf 77' lang='lat' dir='ltr'><strong>cantabat,</strong></span> <span class='ocrx_word' id='word_1_724' title='bbox 2751 2855 3031 2910; x_wconf 79' lang='lat' dir='ltr'><strong>Jerusalem</strong></span> <span class='ocrx_word' id='word_1_725' title='bbox 3057 2876 3167 2927; x_wconf 72' lang='lat' dir='ltr'><strong>quin</strong></span> <span class='ocrx_word' id='word_1_726' title='bbox 3191 2861 3467 2927; x_wconf 76' lang='lat' dir='ltr'><strong>tediﬁcatur</strong></span> 
     </span>
    </p>
   </div>
   <div class='ocr_carea' id='block_1_90' title="bbox 1899 2939 3462 3021">
    <p class='ocr_par' dir='ltr' id='par_1_90' title="bbox 1899 2939 3462 3021">
     <span class='ocr_line' id='line_1_90' title="bbox 1899 2939 3462 3021; baseline 0.012 -32"><span class='ocrx_word' id='word_1_727' title='bbox 1899 2948 1952 2989; x_wconf 89' lang='lat' dir='ltr'><strong>ut</strong></span> <span class='ocrx_word' id='word_1_728' title='bbox 1995 2939 2167 2991; x_wconf 84' lang='lat' dir='ltr'><strong>civitas</strong></span> <span class='ocrx_word' id='word_1_729' title='bbox 2193 2942 2373 3010; x_wconf 86' lang='lat' dir='ltr'><strong>;cujus</strong></span> <span class='ocrx_word' id='word_1_730' title='bbox 2411 2943 2724 3014; x_wconf 82' lang='lat' dir='ltr'><strong>participatio</strong></span> <span class='ocrx_word' id='word_1_731' title='bbox 2770 2948 2877 3011; x_wconf 80' lang='lat' dir='ltr'><strong>ejus</strong></span> <span class='ocrx_word' id='word_1_732' title='bbox 2915 2951 2966 3000; x_wconf 89' lang='lat' dir='ltr'><strong>iu</strong></span> <span class='ocrx_word' id='word_1_733' title='bbox 3012 2950 3232 3016; x_wconf 83' lang='lat' dir='ltr'><strong>idipsum</strong></span> <span class='ocrx_word' id='word_1_734' title='bbox 3279 2951 3462 3021; x_wconf 85' lang='lat' dir='ltr'><strong>(Psal.</strong></span> 
     </span>
    </p>
   </div>
   <div class='ocr_carea' id='block_1_91' title="bbox 1899 3030 3464 3104">
    <p class='ocr_par' dir='ltr' id='par_1_91' title="bbox 1899 3030 3464 3104">
     <span class='ocr_line' id='line_1_91' title="bbox 1899 3030 3464 3104; baseline 0.008 -18"><span class='ocrx_word' id='word_1_735' title='bbox 1899 3047 2038 3095; x_wconf 71' lang='lat' dir='ltr'><strong>cur,</strong></span> <span class='ocrx_word' id='word_1_736' title='bbox 2066 3030 2121 3097; x_wconf 72' lang='lat'><strong>‘2,</strong></span> <span class='ocrx_word' id='word_1_737' title='bbox 2154 3033 2231 3102; x_wconf 80' lang='grc'><strong>5).</strong></span> <span class='ocrx_word' id='word_1_738' title='bbox 2260 3035 2356 3100; x_wconf 88' lang='lat' dir='ltr'><strong>Qui</strong></span> <span class='ocrx_word' id='word_1_739' title='bbox 2385 3050 2512 3104; x_wconf 81' lang='lat' dir='ltr'><strong>ergo</strong></span> <span class='ocrx_word' id='word_1_740' title='bbox 2539 3036 2607 3089; x_wconf 89' lang='lat' dir='ltr'><strong>ibi</strong></span> <span class='ocrx_word' id='word_1_741' title='bbox 2652 3037 2886 3093; x_wconf 81' lang='lat' dir='ltr'><strong>habitant</strong></span> <span class='ocrx_word' id='word_1_742' title='bbox 2936 3058 3033 3094; x_wconf 84' lang='lat' dir='ltr'><strong>nou</strong></span> <span class='ocrx_word' id='word_1_743' title='bbox 3069 3044 3392 3096; x_wconf 77' lang='lat' dir='ltr'><strong>movebuntur</strong></span> <span class='ocrx_word' id='word_1_744' title='bbox 3413 3045 3464 3098; x_wconf 85' lang='lat' dir='ltr'><strong>in</strong></span> 
     </span>
    </p>
   </div>
   <div class='ocr_carea' id='block_1_92' title="bbox 1899 3123 3456 3200">
    <p class='ocr_par' dir='ltr' id='par_1_92' title="bbox 1899 3123 3456 3200">
     <span class='ocr_line' id='line_1_92' title="bbox 1899 3123 3456 3200; baseline 0.007 -25"><span class='ocrx_word' id='word_1_745' title='bbox 1899 3133 2158 3175; x_wconf 76' lang='lat' dir='ltr'><strong>a&#39;ternum.</strong></span> <span class='ocrx_word' id='word_1_746' title='bbox 2205 3123 2303 3189; x_wconf 85' lang='lat' dir='ltr'><strong>Qui</strong></span> <span class='ocrx_word' id='word_1_747' title='bbox 2344 3135 2518 3179; x_wconf 87' lang='lat' dir='ltr'><strong>autem</strong></span> <span class='ocrx_word' id='word_1_748' title='bbox 2565 3126 2859 3183; x_wconf 86' lang='lat' dir='ltr'><strong>habitarunt</strong></span> <span class='ocrx_word' id='word_1_749' title='bbox 2911 3132 2960 3184; x_wconf 90' lang='lat' dir='ltr'><strong>in</strong></span> <span class='ocrx_word' id='word_1_750' title='bbox 3004 3133 3097 3186; x_wconf 83' lang='lat' dir='ltr'><strong>ista</strong></span> <span class='ocrx_word' id='word_1_751' title='bbox 3145 3134 3456 3200; x_wconf 78' lang='lat' dir='ltr'><strong>Jerusalem,</strong></span> 
     </span>
    </p>
   </div>
   <div class='ocr_carea' id='block_1_93' title="bbox 1901 3215 3462 3292">
    <p class='ocr_par' dir='ltr' id='par_1_93' title="bbox 1901 3215 3462 3292">
     <span class='ocr_line' id='line_1_93' title="bbox 1901 3215 3462 3292; baseline 0.009 -26"><span class='ocrx_word' id='word_1_752' title='bbox 1901 3215 2026 3267; x_wconf 88' lang='lat' dir='ltr'><strong>tuoti</strong></span> <span class='ocrx_word' id='word_1_753' title='bbox 2055 3225 2205 3278; x_wconf 92' lang='lat' dir='ltr'><strong>sunt;</strong></span> <span class='ocrx_word' id='word_1_754' title='bbox 2241 3217 2408 3284; x_wconf 92' lang='lat' dir='ltr'><strong>primo</strong></span> <span class='ocrx_word' id='word_1_755' title='bbox 2428 3219 2609 3284; x_wconf 90' lang='lat' dir='ltr'><strong>corde,</strong></span> <span class='ocrx_word' id='word_1_756' title='bbox 2634 3228 2813 3289; x_wconf 77' lang='lat' dir='ltr'><strong>postea</strong></span> <span class='ocrx_word' id='word_1_757' title='bbox 2845 3225 3045 3276; x_wconf 58' lang='lat' dir='ltr'><strong>exsilio.</strong></span> <span class='ocrx_word' id='word_1_758' title='bbox 3092 3225 3311 3292; x_wconf 83' lang='lat' dir='ltr'><strong>Quando</strong></span> <span class='ocrx_word' id='word_1_759' title='bbox 3337 3229 3462 3280; x_wconf 90' lang='lat' dir='ltr'><strong>moti</strong></span> 
     </span>
    </p>
   </div>
   <div class='ocr_carea' id='block_1_94' title="bbox 1899 3305 3461 3387">
    <p class='ocr_par' dir='ltr' id='par_1_94' title="bbox 1899 3305 3461 3387">
     <span class='ocr_line' id='line_1_94' title="bbox 1899 3305 3461 3387; baseline 0.011 -32"><span class='ocrx_word' id='word_1_760' title='bbox 1899 3315 2018 3358; x_wconf 82' lang='lat' dir='ltr'><strong>suat</strong></span> <span class='ocrx_word' id='word_1_761' title='bbox 2043 3305 2202 3359; x_wconf 89' lang='lat' dir='ltr'><strong>corde</strong></span> <span class='ocrx_word' id='word_1_762' title='bbox 2227 3317 2277 3360; x_wconf 91' lang='lat' dir='ltr'><strong>et</strong></span> <span class='ocrx_word' id='word_1_763' title='bbox 2306 3309 2627 3373; x_wconf 82' lang='lat' dir='ltr'><strong>ceciderunt,</strong></span> <span class='ocrx_word' id='word_1_764' title='bbox 2658 3321 2782 3365; x_wconf 91' lang='lat' dir='ltr'><strong>tunc</strong></span> <span class='ocrx_word' id='word_1_765' title='bbox 2806 3313 3000 3381; x_wconf 77' lang='lat' dir='ltr'><strong>Regem</strong></span> <span class='ocrx_word' id='word_1_766' title='bbox 3036 3317 3196 3383; x_wconf 75' lang='lat' dir='ltr'><strong>ipsius</strong></span> <span class='ocrx_word' id='word_1_767' title='bbox 3220 3335 3461 3387; x_wconf 68' lang='lat' dir='ltr'><strong>superna:</strong></span> 
     </span>
    </p>
   </div>
   <div class='ocr_carea' id='block_1_95' title="bbox 1897 3393 3458 3474">
    <p class='ocr_par' dir='ltr' id='par_1_95' title="bbox 1897 3393 3458 3474">
     <span class='ocr_line' id='line_1_95' title="bbox 1897 3393 3458 3474; baseline 0.01 -26"><span class='ocrx_word' id='word_1_768' title='bbox 1897 3393 2187 3450; x_wconf 84' lang='lat' dir='ltr'><strong>Jerusalem</strong></span> <span class='ocrx_word' id='word_1_769' title='bbox 2212 3397 2600 3453; x_wconf 80' lang='lat' dir='ltr'><strong>cruciﬁxerunt.</strong></span> <span class='ocrx_word' id='word_1_770' title='bbox 2631 3401 2746 3456; x_wconf 90' lang='lat' dir='ltr'><strong>Jam</strong></span> <span class='ocrx_word' id='word_1_771' title='bbox 2769 3405 3112 3474; x_wconf 82' lang='lat' dir='ltr'><strong>spiritualiter</strong></span> <span class='ocrx_word' id='word_1_772' title='bbox 3138 3408 3263 3463; x_wconf 81' lang='lat' dir='ltr'><strong>foris</strong></span> <span class='ocrx_word' id='word_1_773' title='bbox 3289 3423 3458 3474; x_wconf 86' lang='lat' dir='ltr'><strong>erant,</strong></span> 
     </span>
    </p>
   </div>
   <div class='ocr_carea' id='block_1_96' title="bbox 1897 3487 3460 3569">
    <p class='ocr_par' dir='ltr' id='par_1_96' title="bbox 1897 3487 3460 3569">
     <span class='ocr_line' id='line_1_96' title="bbox 1897 3487 3460 3569; baseline 0.012 -32"><span class='ocrx_word' id='word_1_774' title='bbox 1897 3497 1949 3538; x_wconf 76' lang='lat' dir='ltr'><strong>et</strong></span> <span class='ocrx_word' id='word_1_775' title='bbox 1989 3487 2157 3555; x_wconf 90' lang='lat' dir='ltr'><strong>ipsum</strong></span> <span class='ocrx_word' id='word_1_776' title='bbox 2200 3488 2395 3558; x_wconf 79' lang='lat' dir='ltr'><strong>Regem</strong></span> <span class='ocrx_word' id='word_1_777' title='bbox 2429 3492 2568 3546; x_wconf 77' lang='lat' dir='ltr'><strong>foras</strong></span> <span class='ocrx_word' id='word_1_778' title='bbox 2597 3495 2964 3551; x_wconf 86' lang='lat' dir='ltr'><strong>excludebant.</strong></span> <span class='ocrx_word' id='word_1_779' title='bbox 3008 3499 3291 3569; x_wconf 84' lang='lat' dir='ltr'><strong>chcerunt</strong></span> <span class='ocrx_word' id='word_1_780' title='bbox 3321 3505 3460 3556; x_wconf 86' lang='lat' dir='ltr'><strong>enim</strong></span> 
     </span>
    </p>
   </div>
   <div class='ocr_carea' id='block_1_97' title="bbox 1897 3576 3464 3649">
    <p class='ocr_par' dir='ltr' id='par_1_97' title="bbox 1897 3576 3464 3649">
     <span class='ocr_line' id='line_1_97' title="bbox 1897 3576 3464 3649; baseline 0.013 -21"><span class='ocrx_word' id='word_1_781' title='bbox 1897 3576 2042 3629; x_wconf 90' lang='lat' dir='ltr'><strong>illum</strong></span> <span class='ocrx_word' id='word_1_782' title='bbox 2087 3588 2233 3632; x_wconf 84' lang='lat' dir='ltr'><strong>extra</strong></span> <span class='ocrx_word' id='word_1_783' title='bbox 2279 3582 2541 3635; x_wconf 88' lang='lat' dir='ltr'><strong>civitatem</strong></span> <span class='ocrx_word' id='word_1_784' title='bbox 2587 3599 2769 3649; x_wconf 89' lang='lat' dir='ltr'><strong>suam,</strong></span> <span class='ocrx_word' id='word_1_785' title='bbox 2817 3597 2869 3640; x_wconf 89' lang='lat' dir='ltr'><strong>et</strong></span> <span class='ocrx_word' id='word_1_786' title='bbox 2916 3589 3040 3642; x_wconf 79' lang='lat' dir='ltr'><strong>loris</strong></span> <span class='ocrx_word' id='word_1_787' title='bbox 3089 3596 3464 3648; x_wconf 78' lang='lat' dir='ltr'><strong>crucilixerunt</strong></span> 
     </span>
    </p>
   </div>
   <div class='ocr_carea' id='block_1_98' title="bbox 1897 3668 3462 3744">
    <p class='ocr_par' dir='ltr' id='par_1_98' title="bbox 1897 3668 3462 3744">
     <span class='ocr_line' id='line_1_98' title="bbox 1897 3668 3462 3744; baseline 0.012 -23"><span class='ocrx_word' id='word_1_788' title='bbox 1897 3668 2076 3732; x_wconf 77' lang='lat' dir='ltr'><strong>(Joan;</strong></span> <span class='ocrx_word' id='word_1_789' title='bbox 2105 3687 2192 3722; x_wconf 73' lang='lat' dir='ltr'><strong>xux</strong></span> <span class='ocrx_word' id='word_1_790' title='bbox 2218 3713 2232 3737; x_wconf 91' lang='lat'><strong>,</strong></span> <span class='ocrx_word' id='word_1_791' title='bbox 2265 3673 2348 3737; x_wconf 87' lang='lat' dir='ltr'><strong>l7,</strong></span> <span class='ocrx_word' id='word_1_792' title='bbox 2385 3673 2491 3744; x_wconf 76' lang='grc'><strong>18).</strong></span> <span class='ocrx_word' id='word_1_793' title='bbox 2536 3676 2596 3728; x_wconf 85' lang='lat' dir='ltr'><strong>Et</strong></span> <span class='ocrx_word' id='word_1_794' title='bbox 2626 3678 2734 3744; x_wconf 78' lang='lat' dir='ltr'><strong>ipse</strong></span> <span class='ocrx_word' id='word_1_795' title='bbox 2763 3679 2916 3744; x_wconf 84' lang='lat' dir='ltr'><strong>cjecit</strong></span> <span class='ocrx_word' id='word_1_796' title='bbox 2956 3682 3072 3734; x_wconf 88' lang='lat' dir='ltr'><strong>illos</strong></span> <span class='ocrx_word' id='word_1_797' title='bbox 3099 3693 3249 3736; x_wconf 76' lang='lat' dir='ltr'><strong>extra</strong></span> <span class='ocrx_word' id='word_1_798' title='bbox 3275 3687 3462 3739; x_wconf 88' lang='lat' dir='ltr'><strong>civita-</strong></span> 
     </span>
    </p>
   </div>
   <div class='ocr_carea' id='block_1_99' title="bbox 1899 3764 3458 3830">
    <p class='ocr_par' dir='ltr' id='par_1_99' title="bbox 1899 3764 3458 3830">
     <span class='ocr_line' id='line_1_99' title="bbox 1899 3764 3458 3830; baseline 0.009 -17"><span class='ocrx_word' id='word_1_799' title='bbox 1899 3769 2000 3813; x_wconf 91' lang='lat' dir='ltr'><strong>tem</strong></span> <span class='ocrx_word' id='word_1_800' title='bbox 2032 3778 2198 3826; x_wconf 88' lang='lat' dir='ltr'><strong>suam,</strong></span> <span class='ocrx_word' id='word_1_801' title='bbox 2232 3764 2280 3816; x_wconf 68' lang='lat' dir='ltr'><strong>id</strong></span> <span class='ocrx_word' id='word_1_802' title='bbox 2305 3773 2384 3817; x_wconf 85' lang='lat' dir='ltr'><strong>est</strong></span> <span class='ocrx_word' id='word_1_803' title='bbox 2403 3775 2653 3820; x_wconf 68' lang='lat' dir='ltr'><strong>aeternam</strong></span> <span class='ocrx_word' id='word_1_804' title='bbox 2675 3767 2962 3823; x_wconf 87' lang='lat' dir='ltr'><strong>Jerusalem</strong></span> <span class='ocrx_word' id='word_1_805' title='bbox 2986 3785 3202 3826; x_wconf 74' lang='lat' dir='ltr'><strong>matrem</strong></span> <span class='ocrx_word' id='word_1_806' title='bbox 3225 3776 3458 3830; x_wconf 81' lang='lat' dir='ltr'><strong>ottiuium</strong></span> 
     </span>
    </p>
   </div>
   <div class='ocr_carea' id='block_1_100' title="bbox 1897 3858 2686 3922">
    <p class='ocr_par' dir='ltr' id='par_1_100' title="bbox 1897 3858 2686 3922">
     <span class='ocr_line' id='line_1_100' title="bbox 1897 3858 2686 3922; baseline 0.006 -18"><span class='ocrx_word' id='word_1_807' title='bbox 1897 3862 2155 3920; x_wconf 87' lang='lat' dir='ltr'><strong>nostrum,</strong></span> <span class='ocrx_word' id='word_1_808' title='bbox 2187 3870 2302 3922; x_wconf 77' lang='lat' dir='ltr'><strong>qua:</strong></span> <span class='ocrx_word' id='word_1_809' title='bbox 2329 3866 2408 3909; x_wconf 89' lang='lat' dir='ltr'><strong>est</strong></span> <span class='ocrx_word' id='word_1_810' title='bbox 2439 3858 2488 3909; x_wconf 91' lang='lat' dir='ltr'><strong>in</strong></span> <span class='ocrx_word' id='word_1_811' title='bbox 2520 3859 2686 3912; x_wconf 60' lang='lat' dir='ltr'><strong>caelis.</strong></span> 
     </span>
    </p>
   </div>
   <div class='ocr_carea' id='block_1_101' title="bbox 1965 3945 3463 4012">
    <p class='ocr_par' dir='ltr' id='par_1_101' title="bbox 1965 3945 3463 4012">
     <span class='ocr_line' id='line_1_101' title="bbox 1965 3945 3463 4012; baseline 0.009 -15"><span class='ocrx_word' id='word_1_812' title='bbox 1965 3947 2016 3998; x_wconf 62' lang='lat' dir='ltr'><strong>2t.</strong></span> <span class='ocrx_word' id='word_1_813' title='bbox 2068 3945 2246 4012; x_wconf 88' lang='lat' dir='ltr'><strong>Qualis</strong></span> <span class='ocrx_word' id='word_1_814' title='bbox 2293 3957 2373 4002; x_wconf 90' lang='lat' dir='ltr'><strong>est</strong></span> <span class='ocrx_word' id='word_1_815' title='bbox 2419 3948 2516 4000; x_wconf 87' lang='lat' dir='ltr'><strong>ista</strong></span> <span class='ocrx_word' id='word_1_816' title='bbox 2559 3948 2888 4002; x_wconf 77' lang='lat' dir='ltr'><strong>Jerusalem?</strong></span> <span class='ocrx_word' id='word_1_817' title='bbox 2933 3950 3166 4005; x_wconf 80' lang='lat' dir='ltr'><strong>Breviter</strong></span> <span class='ocrx_word' id='word_1_818' title='bbox 3212 3954 3463 4011; x_wconf 81' lang='lat' dir='ltr'><strong>describit</strong></span> 
     </span>
    </p>
   </div>
   <div class='ocr_carea' id='block_1_102' title="bbox 1895 4039 3460 4113">
    <p class='ocr_par' dir='ltr' id='par_1_102' title="bbox 1895 4039 3460 4113">
     <span class='ocr_line' id='line_1_102' title="bbox 1895 4039 3460 4113; baseline 0.006 -23"><span class='ocrx_word' id='word_1_819' title='bbox 1895 4053 2032 4091; x_wconf 87' lang='lat' dir='ltr'><strong>eam.</strong></span> <span class='ocrx_word' id='word_1_820' title='bbox 2067 4039 2262 4092; x_wconf 79' lang='lat' dir='ltr'><strong>Montes</strong></span> <span class='ocrx_word' id='word_1_821' title='bbox 2304 4041 2353 4094; x_wconf 86' lang='lat' dir='ltr'><strong>iu</strong></span> <span class='ocrx_word' id='word_1_822' title='bbox 2383 4041 2590 4093; x_wconf 86' lang='lat' dir='ltr'><strong>circuitu</strong></span> <span class='ocrx_word' id='word_1_823' title='bbox 2636 4043 2760 4108; x_wconf 69' lang='lat' dir='ltr'><strong>ijus.</strong></span> <span class='ocrx_word' id='word_1_824' title='bbox 2809 4043 3047 4111; x_wconf 77' lang='lat' dir='ltr'><strong>Magnum</strong></span> <span class='ocrx_word' id='word_1_825' title='bbox 3092 4045 3319 4113; x_wconf 77' lang='lat' dir='ltr'><strong>aliquid,</strong></span> <span class='ocrx_word' id='word_1_826' title='bbox 3365 4063 3460 4100; x_wconf 88' lang='lat' dir='ltr'><strong>nos</strong></span> 
     </span>
    </p>
   </div>
   <div class='ocr_carea' id='block_1_103' title="bbox 1895 4130 3458 4204">
    <p class='ocr_par' dir='ltr' id='par_1_103' title="bbox 1895 4130 3458 4204">
     <span class='ocr_line' id='line_1_103' title="bbox 1895 4130 3458 4204; baseline 0.006 -23"><span class='ocrx_word' id='word_1_827' title='bbox 1895 4144 2012 4184; x_wconf 81' lang='lat' dir='ltr'><strong>esse</strong></span> <span class='ocrx_word' id='word_1_828' title='bbox 2035 4130 2084 4183; x_wconf 92' lang='lat' dir='ltr'><strong>in</strong></span> <span class='ocrx_word' id='word_1_829' title='bbox 2108 4145 2166 4182; x_wconf 88' lang='lat' dir='ltr'><strong>ea</strong></span> <span class='ocrx_word' id='word_1_830' title='bbox 2189 4131 2397 4185; x_wconf 89' lang='lat' dir='ltr'><strong>civitate</strong></span> <span class='ocrx_word' id='word_1_831' title='bbox 2417 4147 2570 4200; x_wconf 89' lang='lat' dir='ltr'><strong>quam</strong></span> <span class='ocrx_word' id='word_1_832' title='bbox 2593 4132 3053 4187; x_wconf 88' lang='lat' dir='ltr'><strong>circumdederunt</strong></span> <span class='ocrx_word' id='word_1_833' title='bbox 3079 4138 3318 4189; x_wconf 86' lang='lat' dir='ltr'><strong>montes?</strong></span> <span class='ocrx_word' id='word_1_834' title='bbox 3347 4138 3458 4204; x_wconf 90' lang='lat' dir='ltr'><strong>Ipsa</strong></span> 
     </span>
    </p>
   </div>
   <div class='ocr_carea' id='block_1_104' title="bbox 1896 4222 3456 4293">
    <p class='ocr_par' dir='ltr' id='par_1_104' title="bbox 1896 4222 3456 4293">
     <span class='ocr_line' id='line_1_104' title="bbox 1896 4222 3456 4293; baseline 0.006 -20"><span class='ocrx_word' id='word_1_835' title='bbox 1896 4232 1974 4275; x_wconf 83' lang='lat' dir='ltr'><strong>est</strong></span> <span class='ocrx_word' id='word_1_836' title='bbox 2016 4230 2121 4275; x_wconf 87' lang='lat' dir='ltr'><strong>tota</strong></span> <span class='ocrx_word' id='word_1_837' title='bbox 2167 4222 2386 4276; x_wconf 84' lang='lat' dir='ltr'><strong>felicitas</strong></span> <span class='ocrx_word' id='word_1_838' title='bbox 2419 4236 2631 4281; x_wconf 82' lang='lat' dir='ltr'><strong>neSIra.</strong></span> <span class='ocrx_word' id='word_1_839' title='bbox 2679 4224 2797 4293; x_wconf 86' lang='lat' dir='ltr'><strong>quia</strong></span> <span class='ocrx_word' id='word_1_840' title='bbox 2842 4225 3147 4280; x_wconf 80' lang='lat' dir='ltr'><strong>habebimus</strong></span> <span class='ocrx_word' id='word_1_841' title='bbox 3194 4229 3456 4283; x_wconf 87' lang='lat' dir='ltr'><strong>civitatem</strong></span> 
     </span>
    </p>
   </div>
   <div class='ocr_carea' id='block_1_105' title="bbox 1895 4315 3457 4384">
    <p class='ocr_par' dir='ltr' id='par_1_105' title="bbox 1895 4315 3457 4384">
     <span class='ocr_line' id='line_1_105' title="bbox 1895 4315 3457 4384; baseline 0.004 -19"><span class='ocrx_word' id='word_1_842' title='bbox 1895 4331 2049 4384; x_wconf 88' lang='lat' dir='ltr'><strong>quam</strong></span> <span class='ocrx_word' id='word_1_843' title='bbox 2077 4315 2536 4369; x_wconf 89' lang='lat' dir='ltr'><strong>circumdederunt</strong></span> <span class='ocrx_word' id='word_1_844' title='bbox 2570 4317 2812 4370; x_wconf 81' lang='lat' dir='ltr'><strong>tuentes?</strong></span> <span class='ocrx_word' id='word_1_845' title='bbox 2838 4316 2971 4370; x_wconf 85' lang='lat' dir='ltr'><strong>Num</strong></span> <span class='ocrx_word' id='word_1_846' title='bbox 3009 4320 3145 4372; x_wconf 89' lang='lat' dir='ltr'><strong>enim</strong></span> <span class='ocrx_word' id='word_1_847' title='bbox 3180 4335 3279 4372; x_wconf 91' lang='lat' dir='ltr'><strong>non</strong></span> <span class='ocrx_word' id='word_1_848' title='bbox 3308 4322 3457 4373; x_wconf 88' lang='lat' dir='ltr'><strong>novi-</strong></span> 
     </span>
    </p>
   </div>
   <div class='ocr_carea' id='block_1_106' title="bbox 1883 4408 3459 4478">
    <p class='ocr_par' dir='ltr' id='par_1_106' title="bbox 1883 4408 3459 4478">
     <span class='ocr_line' id='line_1_106' title="bbox 1883 4408 3459 4478; baseline 0.003 -18"><span class='ocrx_word' id='word_1_849' title='bbox 1883 4425 2012 4462; x_wconf 78' lang='lat' dir='ltr'><strong>~mus</strong></span> <span class='ocrx_word' id='word_1_850' title='bbox 2043 4409 2283 4462; x_wconf 88' lang='lat' dir='ltr'><strong>montes?</strong></span> <span class='ocrx_word' id='word_1_851' title='bbox 2313 4420 2401 4462; x_wconf 86' lang='lat' dir='ltr'><strong>aut</strong></span> <span class='ocrx_word' id='word_1_852' title='bbox 2424 4408 2548 4478; x_wconf 86' lang='lat' dir='ltr'><strong>quid</strong></span> <span class='ocrx_word' id='word_1_853' title='bbox 2580 4419 2700 4462; x_wconf 89' lang='lat' dir='ltr'><strong>sunt</strong></span> <span class='ocrx_word' id='word_1_854' title='bbox 2723 4419 2946 4474; x_wconf 88' lang='lat' dir='ltr'><strong>montes,</strong></span> <span class='ocrx_word' id='word_1_855' title='bbox 2973 4411 3070 4463; x_wconf 89' lang='lat' dir='ltr'><strong>nisi</strong></span> <span class='ocrx_word' id='word_1_856' title='bbox 3097 4419 3325 4465; x_wconf 88' lang='lat' dir='ltr'><strong>tumores</strong></span> <span class='ocrx_word' id='word_1_857' title='bbox 3351 4421 3459 4465; x_wconf 87' lang='lat' dir='ltr'><strong>ter-</strong></span> 
     </span>
    </p>
   </div>
   <div class='ocr_carea' id='block_1_107' title="bbox 1894 4499 3457 4569">
    <p class='ocr_par' dir='ltr' id='par_1_107' title="bbox 1894 4499 3457 4569">
     <span class='ocr_line' id='line_1_107' title="bbox 1894 4499 3457 4569; baseline 0.002 -17"><span class='ocrx_word' id='word_1_858' title='bbox 1894 4499 2105 4552; x_wconf 79' lang='lat' dir='ltr'><strong>rarum?</strong></span> <span class='ocrx_word' id='word_1_859' title='bbox 2135 4499 2232 4551; x_wconf 83' lang='lat' dir='ltr'><strong>Alii</strong></span> <span class='ocrx_word' id='word_1_860' title='bbox 2267 4509 2387 4553; x_wconf 90' lang='lat' dir='ltr'><strong>sunt</strong></span> <span class='ocrx_word' id='word_1_861' title='bbox 2412 4515 2536 4569; x_wconf 77' lang='lat' dir='ltr'><strong>ergo</strong></span> <span class='ocrx_word' id='word_1_862' title='bbox 2583 4511 2785 4555; x_wconf 87' lang='lat' dir='ltr'><strong>montes</strong></span> <span class='ocrx_word' id='word_1_863' title='bbox 2812 4502 3091 4566; x_wconf 83' lang='lat' dir='ltr'><strong>amabiles,</strong></span> <span class='ocrx_word' id='word_1_864' title='bbox 3124 4512 3330 4556; x_wconf 84' lang='lat' dir='ltr'><strong>montes</strong></span> <span class='ocrx_word' id='word_1_865' title='bbox 3363 4519 3457 4558; x_wconf 73' lang='lat' dir='ltr'><strong>ex-</strong></span> 
     </span>
    </p>
   </div>
   <div class='ocr_carea' id='block_1_108' title="bbox 1894 4589 3458 4662">
    <p class='ocr_par' dir='ltr' id='par_1_108' title="bbox 1894 4589 3458 4662">
     <span class='ocr_line' id='line_1_108' title="bbox 1894 4589 3458 4662; baseline 0.004 -22"><span class='ocrx_word' id='word_1_866' title='bbox 1894 4589 2018 4642; x_wconf 84' lang='lat' dir='ltr'><strong>celsi</strong></span> <span class='ocrx_word' id='word_1_867' title='bbox 2041 4631 2053 4652; x_wconf 87' lang='lat'><strong>,</strong></span> <span class='ocrx_word' id='word_1_868' title='bbox 2086 4589 2455 4659; x_wconf 58' lang='lat' dir='ltr'><strong>praedicatores</strong></span> <span class='ocrx_word' id='word_1_869' title='bbox 2481 4591 2744 4656; x_wconf 83' lang='lat' dir='ltr'><strong>veritatis,</strong></span> <span class='ocrx_word' id='word_1_870' title='bbox 2784 4591 2893 4644; x_wconf 87' lang='lat' dir='ltr'><strong>sive</strong></span> <span class='ocrx_word' id='word_1_871' title='bbox 2930 4591 3142 4660; x_wconf 80' lang='lat' dir='ltr'><strong>Angeli,</strong></span> <span class='ocrx_word' id='word_1_872' title='bbox 3176 4593 3285 4646; x_wconf 84' lang='lat' dir='ltr'><strong>sive</strong></span> <span class='ocrx_word' id='word_1_873' title='bbox 3313 4593 3458 4662; x_wconf 86' lang='lat' dir='ltr'><strong>Apo-</strong></span> 
     </span>
    </p>
   </div>
   <div class='ocr_carea' id='block_1_109' title="bbox 1895 4675 3456 4748">
    <p class='ocr_par' dir='ltr' id='par_1_109' title="bbox 1895 4675 3456 4748">
     <span class='ocr_line' id='line_1_109' title="bbox 1895 4675 3456 4748; baseline 0.003 -17"><span class='ocrx_word' id='word_1_874' title='bbox 1895 4679 2033 4741; x_wconf 87' lang='lat' dir='ltr'><strong>stoli,</strong></span> <span class='ocrx_word' id='word_1_875' title='bbox 2067 4680 2177 4732; x_wconf 84' lang='lat' dir='ltr'><strong>sive</strong></span> <span class='ocrx_word' id='word_1_876' title='bbox 2203 4679 2494 4748; x_wconf 66' lang='lat' dir='ltr'><strong>Prophctm.</strong></span> <span class='ocrx_word' id='word_1_877' title='bbox 2527 4679 2624 4748; x_wconf 88' lang='lat' dir='ltr'><strong>Ipsi</strong></span> <span class='ocrx_word' id='word_1_878' title='bbox 2658 4691 2778 4733; x_wconf 88' lang='lat' dir='ltr'><strong>sunt</strong></span> <span class='ocrx_word' id='word_1_879' title='bbox 2802 4675 3099 4734; x_wconf 49' lang='lat' dir='ltr'><strong>in&#39;circuitu</strong></span> <span class='ocrx_word' id='word_1_880' title='bbox 3126 4681 3456 4745; x_wconf 88' lang='lat' dir='ltr'><strong>Jerusalem;</strong></span> 
     </span>
    </p>
   </div>
   <div class='ocr_carea' id='block_1_110' title="bbox 1893 4771 3458 4840">
    <p class='ocr_par' dir='ltr' id='par_1_110' title="bbox 1893 4771 3458 4840">
     <span class='ocr_line' id='line_1_110' title="bbox 1893 4771 3458 4840; baseline 0.004 -18"><span class='ocrx_word' id='word_1_881' title='bbox 1893 4771 2129 4824; x_wconf 85' lang='lat' dir='ltr'><strong>ambiunt</strong></span> <span class='ocrx_word' id='word_1_882' title='bbox 2172 4771 2346 4834; x_wconf 90' lang='lat' dir='ltr'><strong>illam,</strong></span> <span class='ocrx_word' id='word_1_883' title='bbox 2376 4781 2427 4824; x_wconf 87' lang='lat' dir='ltr'><strong>et</strong></span> <span class='ocrx_word' id='word_1_884' title='bbox 2461 4772 2608 4840; x_wconf 84' lang='lat' dir='ltr'><strong>quasi</strong></span> <span class='ocrx_word' id='word_1_885' title='bbox 2647 4788 2854 4825; x_wconf 90' lang='lat' dir='ltr'><strong>murum</strong></span> <span class='ocrx_word' id='word_1_886' title='bbox 2896 4772 2968 4825; x_wconf 92' lang='lat' dir='ltr'><strong>illi</strong></span> <span class='ocrx_word' id='word_1_887' title='bbox 3019 4774 3227 4826; x_wconf 78' lang='lat' dir='ltr'><strong>faciunt.</strong></span> <span class='ocrx_word' id='word_1_888' title='bbox 3264 4775 3335 4828; x_wconf 84' lang='lat' dir='ltr'><strong>De</strong></span> <span class='ocrx_word' id='word_1_889' title='bbox 3379 4775 3458 4828; x_wconf 89' lang='lat' dir='ltr'><strong>bis</strong></span> 
     </span>
    </p>
   </div>
   <div class='ocr_carea' id='block_1_111' title="bbox 1895 4863 3458 4919">
    <p class='ocr_par' dir='ltr' id='par_1_111' title="bbox 1895 4863 3458 4919">
     <span class='ocr_line' id='line_1_111' title="bbox 1895 4863 3458 4919; baseline 0.001 -3"><span class='ocrx_word' id='word_1_890' title='bbox 1895 4863 2159 4917; x_wconf 86' lang='lat' dir='ltr'><strong>montibus</strong></span> <span class='ocrx_word' id='word_1_891' title='bbox 2185 4864 2492 4917; x_wconf 88' lang='lat' dir='ltr'><strong>amabilibus</strong></span> <span class='ocrx_word' id='word_1_892' title='bbox 2535 4873 2587 4915; x_wconf 92' lang='lat' dir='ltr'><strong>ct</strong></span> <span class='ocrx_word' id='word_1_893' title='bbox 2633 4864 3027 4918; x_wconf 83' lang='lat' dir='ltr'><strong>delectabilibns</strong></span> <span class='ocrx_word' id='word_1_894' title='bbox 3065 4866 3273 4918; x_wconf 59' lang='lat' dir='ltr'><strong>assidue</strong></span> <span class='ocrx_word' id='word_1_895' title='bbox 3315 4867 3458 4919; x_wconf 85' lang='lat' dir='ltr'><strong>Scri-</strong></span> 
     </span>
    </p>
   </div>
   <div class='ocr_carea' id='block_1_112' title="bbox 1896 4955 3454 5026">
    <p class='ocr_par' dir='ltr' id='par_1_112' title="bbox 1896 4955 3454 5026">
     <span class='ocr_line' id='line_1_112' title="bbox 1896 4955 3454 5026; baseline 0.003 -21"><span class='ocrx_word' id='word_1_896' title='bbox 1896 4967 2041 5024; x_wconf 88' lang='lat' dir='ltr'><strong>ptura</strong></span> <span class='ocrx_word' id='word_1_897' title='bbox 2093 4956 2338 5024; x_wconf 85' lang='lat' dir='ltr'><strong>loquitur.</strong></span> <span class='ocrx_word' id='word_1_898' title='bbox 2392 4955 2656 5008; x_wconf 72' lang='lat' dir='ltr'><strong>Advortite</strong></span> <span class='ocrx_word' id='word_1_899' title='bbox 2706 4972 2821 5008; x_wconf 90' lang='lat' dir='ltr'><strong>cum</strong></span> <span class='ocrx_word' id='word_1_900' title='bbox 2873 4957 3063 5009; x_wconf 78' lang='lat' dir='ltr'><strong>malitis</strong></span> <span class='ocrx_word' id='word_1_901' title='bbox 3113 4957 3194 5009; x_wconf 87' lang='lat' dir='ltr'><strong>vel</strong></span> <span class='ocrx_word' id='word_1_902' title='bbox 3250 4958 3454 5026; x_wconf 81' lang='lat' dir='ltr'><strong>legitis;</strong></span> 
     </span>
    </p>
   </div>
   <div class='ocr_carea' id='block_1_113' title="bbox 1897 5047 3460 5116">
    <p class='ocr_par' dir='ltr' id='par_1_113' title="bbox 1897 5047 3460 5116">
     <span class='ocr_line' id='line_1_113' title="bbox 1897 5047 3460 5116; baseline 0 -16"><span class='ocrx_word' id='word_1_903' title='bbox 1897 5047 2128 5116; x_wconf 78' lang='lat' dir='ltr'><strong>pluribus</strong></span> <span class='ocrx_word' id='word_1_904' title='bbox 2154 5049 2281 5101; x_wconf 82' lang='lat' dir='ltr'><strong>locis</strong></span> <span class='ocrx_word' id='word_1_905' title='bbox 2310 5047 2552 5100; x_wconf 85' lang='lat' dir='ltr'><strong>invenitis</strong></span> <span class='ocrx_word' id='word_1_906' title='bbox 2575 5058 2772 5100; x_wconf 73' lang='lat' dir='ltr'><strong>montes</strong></span> <span class='ocrx_word' id='word_1_907' title='bbox 2799 5048 3155 5108; x_wconf 74' lang='lat' dir='ltr'><strong>delectabiies,</strong></span> <span class='ocrx_word' id='word_1_908' title='bbox 3185 5063 3337 5115; x_wconf 88' lang='lat' dir='ltr'><strong>qttam</strong></span> <span class='ocrx_word' id='word_1_909' title='bbox 3365 5062 3460 5100; x_wconf 85' lang='lat' dir='ltr'><strong>nos</strong></span> 
     </span>
    </p>
   </div>
   <div class='ocr_carea' id='block_1_114' title="bbox 1897 5139 3460 5208">
    <p class='ocr_par' dir='ltr' id='par_1_114' title="bbox 1897 5139 3460 5208">
     <span class='ocr_line' id='line_1_114' title="bbox 1897 5139 3460 5208; baseline 0 -18"><span class='ocrx_word' id='word_1_910' title='bbox 1897 5154 2172 5208; x_wconf 87' lang='lat' dir='ltr'><strong>possumus</strong></span> <span class='ocrx_word' id='word_1_911' title='bbox 2197 5154 2633 5192; x_wconf 88' lang='lat' dir='ltr'><strong>commemorare.</strong></span> <span class='ocrx_word' id='word_1_912' title='bbox 2670 5139 3040 5192; x_wconf 75' lang='lat' dir='ltr'><strong>Verumtamen</strong></span> <span class='ocrx_word' id='word_1_913' title='bbox 3071 5149 3321 5205; x_wconf 90' lang='lat' dir='ltr'><strong>quantum</strong></span> <span class='ocrx_word' id='word_1_914' title='bbox 3352 5139 3460 5190; x_wconf 83' lang='lat' dir='ltr'><strong>Do-</strong></span> 
     </span>
    </p>
   </div>
   <div class='ocr_carea' id='block_1_115' title="bbox 1896 5230 3458 5300">
    <p class='ocr_par' dir='ltr' id='par_1_115' title="bbox 1896 5230 3458 5300">
     <span class='ocr_line' id='line_1_115' title="bbox 1896 5230 3458 5300; baseline -0.001 -16"><span class='ocrx_word' id='word_1_915' title='bbox 1896 5232 2069 5284; x_wconf 84' lang='lat' dir='ltr'><strong>minus</strong></span> <span class='ocrx_word' id='word_1_916' title='bbox 2096 5232 2358 5300; x_wconf 76' lang='lat' dir='ltr'><strong>suggerit,</strong></span> <span class='ocrx_word' id='word_1_917' title='bbox 2387 5231 2614 5285; x_wconf 84' lang='lat' dir='ltr'><strong>delectat</strong></span> <span class='ocrx_word' id='word_1_918' title='bbox 2644 5248 2738 5284; x_wconf 75' lang='lat' dir='ltr'><strong>nos</strong></span> <span class='ocrx_word' id='word_1_919' title='bbox 2767 5231 2852 5284; x_wconf 59' lang='lat' dir='ltr'><strong>de&#39;</strong></span> <span class='ocrx_word' id='word_1_920' title='bbox 2879 5231 2958 5284; x_wconf 81' lang='lat' dir='ltr'><strong>his</strong></span> <span class='ocrx_word' id='word_1_921' title='bbox 3002 5231 3264 5283; x_wconf 89' lang='lat' dir='ltr'><strong>montibus</strong></span> <span class='ocrx_word' id='word_1_922' title='bbox 3296 5230 3458 5282; x_wconf 87' lang='lat' dir='ltr'><strong>multa</strong></span> 
     </span>
    </p>
   </div>
   <div class='ocr_carea' id='block_1_116' title="bbox 1896 5321 3459 5385">
    <p class='ocr_par' dir='ltr' id='par_1_116' title="bbox 1896 5321 3459 5385">
     <span class='ocr_line' id='line_1_116' title="bbox 1896 5321 3459 5385; baseline -0.002 -10"><span class='ocrx_word' id='word_1_923' title='bbox 1896 5323 2108 5385; x_wconf 83' lang='lat' dir='ltr'><strong>dicere;</strong></span> <span class='ocrx_word' id='word_1_924' title='bbox 2141 5332 2192 5376; x_wconf 89' lang='lat' dir='ltr'><strong>et</strong></span> <span class='ocrx_word' id='word_1_925' title='bbox 2218 5323 2390 5376; x_wconf 87' lang='lat' dir='ltr'><strong>divina</strong></span> <span class='ocrx_word' id='word_1_926' title='bbox 2423 5324 2716 5375; x_wconf 84' lang='lat' dir='ltr'><strong>testimonia</strong></span> <span class='ocrx_word' id='word_1_927' title='bbox 2763 5323 2827 5375; x_wconf 91' lang='lat' dir='ltr'><strong>de</strong></span> <span class='ocrx_word' id='word_1_928' title='bbox 2873 5321 3084 5375; x_wconf 52' lang='lat' dir='ltr'><strong>Litteris</strong></span> <span class='ocrx_word' id='word_1_929' title='bbox 3126 5321 3320 5373; x_wconf 86' lang='lat' dir='ltr'><strong>sanctis</strong></span> <span class='ocrx_word' id='word_1_930' title='bbox 3366 5335 3459 5373; x_wconf 84' lang='lat' dir='ltr'><strong>oc-</strong></span> 
     </span>
    </p>
   </div>
   <div class='ocr_carea' id='block_1_117' title="bbox 1961 5475 3032 5538">
    <p class='ocr_par' dir='ltr' id='par_1_117' title="bbox 1961 5475 3032 5538">
     <span class='ocr_line' id='line_1_117' title="bbox 1961 5475 3032 5538; baseline 0.002 -17"><span class='ocrx_word' id='word_1_931' title='bbox 1961 5479 1974 5508; x_wconf 71' lang='grc' dir='ltr'>ί</span> <span class='ocrx_word' id='word_1_932' title='bbox 2003 5484 2204 5534; x_wconf 84' lang='lat' dir='ltr'><strong>Quatuor</strong></span> <span class='ocrx_word' id='word_1_933' title='bbox 2227 5482 2351 5534; x_wconf 62' lang='lat' dir='ltr'><strong>Mss,</strong></span> <span class='ocrx_word' id='word_1_934' title='bbox 2378 5482 2428 5524; x_wconf 87' lang='lat' dir='ltr'><strong>at</strong></span> <span class='ocrx_word' id='word_1_935' title='bbox 2452 5475 2611 5538; x_wconf 73' lang='lat' dir='ltr'><strong>probet</strong></span> <span class='ocrx_word' id='word_1_936' title='bbox 2629 5476 2762 5525; x_wconf 81' lang='lat' dir='ltr'><strong>illuni</strong></span> <span class='ocrx_word' id='word_1_937' title='bbox 2788 5477 2848 5524; x_wconf 85' lang='lat' dir='ltr'><strong>de</strong></span> <span class='ocrx_word' id='word_1_938' title='bbox 2871 5475 3032 5526; x_wconf 72' lang='lat' dir='ltr'><strong>dicite.</strong></span> 
     </span>
    </p>
   </div>
   <div class='ocr_carea' id='block_1_118' title="bbox 1959 5529 3457 5606">
    <p class='ocr_par' dir='ltr' id='par_1_118' title="bbox 1959 5529 3457 5606">
     <span class='ocr_line' id='line_1_118' title="bbox 1959 5529 3457 5606; baseline 0 -22"><span class='ocrx_word' id='word_1_939' title='bbox 1959 5542 1978 5570; x_wconf 80' lang='grc'>²</span> <span class='ocrx_word' id='word_1_940' title='bbox 2005 5529 2186 5606; x_wconf 64' lang='lat' dir='ltr'><strong>aliquot</strong></span> <span class='ocrx_word' id='word_1_941' title='bbox 2211 5529 2713 5606; x_wconf 45' lang='lat' dir='ltr'><strong>libri,conuiciabitur</strong></span> <span class='ocrx_word' id='word_1_942' title='bbox 2733 5540 2845 5600; x_wconf 84' lang='lat' dir='ltr'><strong>:qui</strong></span> <span class='ocrx_word' id='word_1_943' title='bbox 2872 5547 3030 5586; x_wconf 87' lang='lat' dir='ltr'><strong>tamen</strong></span> <span class='ocrx_word' id='word_1_944' title='bbox 3055 5533 3176 5584; x_wconf 82' lang='lat' dir='ltr'><strong>inira</strong></span> <span class='ocrx_word' id='word_1_945' title='bbox 3192 5547 3300 5583; x_wconf 90' lang='lat' dir='ltr'><strong>cum</strong></span> <span class='ocrx_word' id='word_1_946' title='bbox 3321 5542 3457 5584; x_wconf 67' lang='lat' dir='ltr'><strong>uete</strong></span> 
     </span>
    </p>
   </div>
   <div class='ocr_carea' id='block_1_119' title="bbox 1899 5599 2789 5656">
    <p class='ocr_par' dir='ltr' id='par_1_119' title="bbox 1899 5599 2789 5656">
     <span class='ocr_line' id='line_1_119' title="bbox 1899 5599 2789 5656; baseline -0.007 -5"><span class='ocrx_word' id='word_1_947' title='bbox 1899 5604 1965 5652; x_wconf 84' lang='lat' dir='ltr'><strong>ris</strong></span> <span class='ocrx_word' id='word_1_948' title='bbox 1988 5599 2162 5649; x_wconf 74' lang='lat' dir='ltr'><strong>habent</strong></span> <span class='ocrx_word' id='word_1_949' title='bbox 2188 5608 2479 5656; x_wconf 78' lang='lat' dir='ltr'><strong>constanter,</strong></span> <span class='ocrx_word' id='word_1_950' title='bbox 2515 5599 2789 5647; x_wconf 80' lang='lat' dir='ltr'><strong>inhabitant.</strong></span> 
     </span>
    </p>
   </div>
   <div class='ocr_carea' id='block_1_120' title="bbox 1961 5657 3455 5720">
    <p class='ocr_par' dir='ltr' id='par_1_120' title="bbox 1961 5657 3455 5720">
     <span class='ocr_line' id='line_1_120' title="bbox 1961 5657 3455 5720; baseline -0.001 -11"><span class='ocrx_word' id='word_1_951' title='bbox 1961 5664 1981 5696; x_wconf 77' lang='grc'>³</span> <span class='ocrx_word' id='word_1_952' title='bbox 2004 5670 2119 5709; x_wconf 80' lang='lat' dir='ltr'><strong>&#39;t‘res</strong></span> <span class='ocrx_word' id='word_1_953' title='bbox 2143 5671 2265 5720; x_wconf 65' lang='lat' dir='ltr'><strong>uss,</strong></span> <span class='ocrx_word' id='word_1_954' title='bbox 2289 5669 2332 5711; x_wconf 81' lang='lat' dir='ltr'><strong>ct</strong></span> <span class='ocrx_word' id='word_1_955' title='bbox 2349 5674 2440 5710; x_wconf 83' lang='lat' dir='ltr'><strong>non</strong></span> <span class='ocrx_word' id='word_1_956' title='bbox 2463 5659 2654 5709; x_wconf 70' lang='lat' dir='ltr'><strong>iiweuis.</strong></span> <span class='ocrx_word' id='word_1_957' title='bbox 2680 5658 2914 5719; x_wconf 76' lang='lat' dir='ltr'><strong>Quonde</strong></span> <span class='ocrx_word' id='word_1_958' title='bbox 2935 5671 3065 5720; x_wconf 84' lang='lat' dir='ltr'><strong>ergo,</strong></span> <span class='ocrx_word' id='word_1_959' title='bbox 3083 5666 3176 5706; x_wconf 90' lang='lat' dir='ltr'><strong>etc.</strong></span> <span class='ocrx_word' id='word_1_960' title='bbox 3197 5657 3300 5718; x_wconf 82' lang='lat' dir='ltr'><strong>Alii,</strong></span> <span class='ocrx_word' id='word_1_961' title='bbox 3321 5665 3455 5708; x_wconf 83' lang='lat' dir='ltr'><strong>certe</strong></span> 
     </span>
    </p>
   </div>
   <div class='ocr_carea' id='block_1_121' title="bbox 1899 5738 3154 5847">
    <p class='ocr_par' dir='ltr' id='par_1_121' title="bbox 1899 5738 3154 5847">
     <span class='ocr_line' id='line_1_121' title="bbox 1899 5738 3154 5847; baseline -0.003 -14"><span class='ocrx_word' id='word_1_962' title='bbox 1899 5740 1940 5783; x_wconf 55' lang='grc' dir='ltr'><strong>ε)</strong></span> <span class='ocrx_word' id='word_1_963' title='bbox 1955 5738 2083 5834; x_wconf 45' lang='lat' dir='ltr'><strong>(loetc</strong></span> <span class='ocrx_word' id='word_1_964' title='bbox 2106 5785 2283 5847; x_wconf 85' lang='lat' dir='ltr'><strong>aliquot</strong></span> <span class='ocrx_word' id='word_1_965' title='bbox 2307 5791 2408 5834; x_wconf 73' lang='lat' dir='ltr'><strong>uss.</strong></span> <span class='ocrx_word' id='word_1_966' title='bbox 2437 5792 2489 5834; x_wconf 69' lang='lat' dir='ltr'><strong>At</strong></span> <span class='ocrx_word' id='word_1_967' title='bbox 2512 5782 2639 5833; x_wconf 53' lang='lat' dir='ltr'><strong>edd;</strong></span> <span class='ocrx_word' id='word_1_968' title='bbox 2661 5792 2998 5834; x_wconf 75' lang='lat' dir='ltr'><strong>Erravermnus</strong></span> <span class='ocrx_word' id='word_1_969' title='bbox 3016 5795 3044 5830; x_wconf 88' lang='lat' dir='ltr'><strong>a</strong></span> <span class='ocrx_word' id='word_1_970' title='bbox 3062 5780 3154 5831; x_wconf 77' lang='lat' dir='ltr'><strong>ria.</strong></span> 
     </span>
    </p>
   </div>
  </div>
