4032 6202
495 236 625 292 1651

496 348 813 404 currerunt‘
842 345 1008 400 nobis.
1052 342 1152 412 Ipsi
1195 348 1317 394 sunt
1345 347 1551 392 montes
1579 334 1671 403 qui
1696 331 2054 388 illuminantur

499 456 530 493 a
569 439 711 494 Deo:
738 447 791 492 et
830 437 1071 509 primitus
1113 433 1487 493 illuminantur,
1536 436 1592 482 ut
1628 427 1695 481 ab
1725 424 1852 494 ipsis
1881 424 2055 477 lumen

501 528 785 585 descendat
820 526 884 580 ad
921 524 1119 590 val‘ics,
1155 524 1235 578 vel
1272 521 1339 576 ad
1370 520 1565 583 colles;
1609 518 1730 587 quia
1772 532 1874 570 non
1902 521 2059 568 tanta:

501 629 625 672 sunt
650 616 969 679 altitudinis,
1012 623 1220 685 quanta:
1260 621 1382 666 sunt
1408 619 1633 664 montes.
1680 608 1780 678 Ipsi
1819 615 1940 660 sunt
1968 620 2061 674 per

503 723 637 778 quos
661 708 811 762 nobis
835 716 1159 778 praerogatur
1186 704 1475 772 Scriptura.
1506 701 1619 757 sive
1639 701 1689 754 in
1719 697 1991 769 prophetia
2017 697 2053 763 '.,

501 799 617 854 sive
645 799 697 853 in
725 796 1008 868 Apostolis,
1042 795 1154 850 sivi:
1185 795 1235 849 in
1265 794 1566 863 Evangelia.
1590 791 1689 861 Ipsi
1712 798 1833 844 sunt
1855 795 2058 843 montes

504 889 572 944 de
610 889 803 959 quibus
841 898 1141 951 cantamus,
1182 886 1358 938 Levavi
1392 883 1562 937 oculos
1587 897 1721 935 meos
1749 880 1802 933 in
1839 887 2060 941 montes,

502 980 639 1035 unde
665 981 822 1035 uertiet
846 979 1091 1033 auxilium
1122 978 1286 1041 iui/ti;
1314 976 1433 1045 quia
1460 974 1527 1029 de
1553 970 1835 1041 Scripturis
1870 968 2060 1023 sancti.

504 1070 558 1126 in
589 1070 690 1125 hac
712 1070 816 1124 vita
844 1069 1099 1124 habemus
1124 1066 1398 1121 auxilium.
1431 1063 1538 1120 Sed
1563 1063 1682 1132 quia
1721 1060 1818 1130 ipsi
1860 1067 2059 1113 montes

505 1177 615 1216 non
644 1176 674 1215 ιι
701 1176 760 1216 se
786 1169 1150 1231 proteguntur,
1188 1172 1285 1212 nec
1306 1172 1334 1210 a
1364 1156 1550 1225 seipsis
1578 1153 1729 1208 nobis
1751 1151 2062 1215 consulunt,

506 1266 606 1311 nec
629 1264 753 1319 spes
776 1258 953 1304 nostra
978 1248 1136 1303 debet
1163 1262 1280 1301 esse
1312 1246 1367 1300 in
1392 1244 1654 1302 montibus
1673 1283 1689 1308 ,
1718 1239 2065 1299 nemaledictt

507 1345 674 1398 simus
698 1343 784 1414 qui
812 1357 957 1412 spem
984 1342 1035 1395 iu
1068 1340 1277 1394 homine
1304 1338 1544 1408 ponimus
1569 1334 1779 1406 (Jerem.
1806 1348 1912 1388 xvtt
1932 1374 1948 1396 ,
1975 1330 2065 1403 5);

503 1436 613 1506 jam
641 1435 864 1501 dixerat,
895 1432 1076 1489 Levavi
1097 1432 1265 1488 oculos
1289 1446 1422 1484 meos
1446 1430 1497 1483 in
1523 1437 1732 1493 montes,
1761 1428 1892 1480 unde
1913 1425 2070 1479 veniet

510 1525 753 1583 missilium
777 1523 937 1588 mihi;
962 1522 1239 1583 Auxilium,
1268 1520 1453 1591 inquit,
1479 1534 1642 1571 meum
1669 1534 1700 1569 a
1724 1514 1959 1579 Domina,
1987 1513 2071 1582 qui

511 1616 627 1687 fecit
652 1614 829 1669 caelum
858 1624 905 1669 et
934 1624 1115 1667 terram
1142 1610 1310 1684 (Psal.
1332 1626 1455 1668 cxx.
1480 1611 1530 1674 i,
1550 1608 1625 1678 2).
1653 1607 1753 1676 Ipsi
1778 1614 1899 1660 sunt
1920 1619 2071 1658 mon-

511 1717 591 1761 tes
617 1707 681 1762 de
702 1707 890 1776 quibus
918 1709 1039 1759 item
1062 1704 1189 1758 dicit
1214 1721 1230 1757 :
1261 1702 1550 1769 Suscipiunt
1574 1708 1763 1753 montes
1787 1711 1955 1767 pacem
1978 1711 2071 1763 po-

513 1800 633 1869 pqu
662 1808 778 1859 tuo.
822 1807 868 1850 et
894 1796 1045 1850 colles
1064 1794 1312 1864 justitiam
1354 1789 1521 1861 (Psal.
1561 1804 1715 1848 cxx).
1752 1785 1829 1857 5).
1873 1785 2073 1839 Montes

516 1890 689 1959 magni
729 1896 889 1951 sunt,
927 1896 980 1941 et
1002 1885 1165 1940 colles
1190 1884 1424 1938 minores
1446 1888 1587 1935 sunt.
1615 1879 1815 1932 Montes
1838 1891 1963 1945 ergo
1993 1875 2072 1928 vi-

515 1979 663 2045 dent,
689 1979 853 2033 colles
877 1969 1133 2031 credunt:
1166 1974 1251 2044 qui
1282 1971 1492 2034 vident,
1522 1983 1703 2039 pacem
1733 1975 2076 2034 susceperunt

516 2079 571 2126 et
598 2069 884 2125 attulerunt
921 2065 985 2121 ad
1016 2079 1108 2120 eos
1134 2065 1223 2135 qui
1253 2061 1493 2118 credunt.
1522 2059 1620 2125 Qui
1655 2057 1791 2113 enim
1820 2055 2072 2121 credunt,

514 2161 807 2228 suscipiunt
842 2157 1132 2228 justitiam;
1172 2155 1289 2225 quia
1317 2152 1489 2221 justus
1517 2166 1580 2205 ex
1611 2149 1713 2203 fide
1737 2148 1865 2202 vivit
1898 2145 2072 2214 (Rom.

514 2270 556 2317 ι,
586 2254 694 2323 Π).
724 2249 907 2321 Angeli
936 2248 1130 2312 vident,
1158 2244 1468 2300 annuntiant
1491 2240 1628 2313 quod
1658 2241 1854 2299 vident.
1882 2248 1936 2292 et
1963 2252 2078 2292 cre-

515 2345 690 2400 dimus
727 2356 844 2397 nos.
879 2340 1109 2396 Joannes
1138 2337 1223 2392 ille
1255 2353 1269 2391 :
1300 2334 1365 2389 In
1403 2329 1647 2404 principio
1682 2339 1787 2384 erat
1835 2327 2074 2406 lierbum,

518 2445 566 2489 et
596 2433 809 2488 Verbum
830 2440 935 2486 erat
953 2429 1089 2499 apud
1112 2427 1286 2489 Deum,
1311 2435 1357 2480 et
1382 2424 1514 2479 Deus
1534 2432 1638 2478 erat
1668 2419 1879 2474 Verbum
1899 2418 2078 2483 Uouit.

519 2541 567 2589 ι,
599 2524 689 2595 i):
719 2522 964 2582 videbat,
1007 2515 1310 2590 praedicavit
1350 2514 1502 2590 nobis
1533 2521 1588 2566 ut
1615 2509 1970 2565 crederemus.
2014 2508 2079 2562 Et

474 2636 477 2651 '
521 2632 617 2690 per
638 2625 843 2672 montes
861 2602 1206 2681 suscipientes
1224 2623 1428 2678 pacem,
1450 2612 1792 2673 susceperunt
1815 2601 1975 2656 colles
1996 2599 2081 2669 itt-

520 2708 717 2764 stitiatn
748 2724 765 2762 :
794 2705 912 2777 quia
942 2704 1009 2759 de
1037 2702 1165 2773 ipsis
1188 2698 1457 2755 montibus
1485 2696 1608 2766 quid
1641 2694 1748 2749 ait?
1778 2693 1897 2749 Non
1926 2692 2076 2759 dixit,

521 2803 566 2856 A
610 2813 668 2854 se
706 2794 904 2852 habent
942 2808 1145 2865 pacem,
1178 2791 1282 2856 vel,
1314 2789 1593 2844 instituunt
1621 2799 1822 2856 pacem,
1857 2784 1956 2847 vel,
1986 2797 2080 2851 ge-

522 2900 710 2950 nerant
736 2903 953 2961 pacent;
998 2884 1112 2947 sed,
1152 2883 1441 2952 suscipiunt
1480 2893 1683 2949 pacem.
1733 2875 1881 2933 Unde
1908 2876 2081 2930 susci-

522 2986 672 3056 piunt
695 2995 874 3053 pacem
895 3020 911 3046 ,
937 2976 1191 3033 Dominus
1217 2982 1318 3031 est.
1348 2972 1437 3028 Sic
1461 2984 1587 3040 ergo
1614 2969 1727 3024 leva
1752 2967 1933 3022 oculos
1963 2975 2081 3021 tuos

523 3075 590 3130 ad
635 3080 842 3129 montes
881 3076 1097 3140 prepter
1134 3078 1337 3135 pacem,
1379 3074 1435 3115 ut
1470 3060 1717 3116 auxilium
1757 3068 1900 3111 tuum
1943 3058 2013 3112 sit
2051 3071 2080 3110 a

525 3164 774 3229 Domino,
816 3160 903 3230 qui
956 3157 1081 3212 fecit
1119 3155 1310 3211 celum
1360 3161 1414 3206 ct
1459 3161 1669 3206 terram.
1718 3148 1921 3202 Rursus
1967 3147 2083 3202 illos

527 3263 735 3308 metues
761 3258 1183 3306 commemOrans
1204 3241 1426 3310 Spiritus
1450 3252 1663 3294 sanetus
1690 3237 1790 3291 hoc
1812 3237 1922 3290 ait:
1954 3234 2085 3289 Illu-

525 3344 724 3397 minans
747 3350 800 3394 tu
821 3332 1177 3392 admirabiliter
1197 3349 1228 3386 a
1250 3329 1494 3384 montibus
1518 3328 1712 3393 wlernis
1737 3325 1905 3395 (Psal.
1926 3340 2081 3388 Lxxv,

528 3435 566 3492 Ξῖ
585 3436 622 3506 ).
655 3431 767 3489 Non
796 3429 950 3491 dixit,
979 3425 1276 3480 llluminant
1299 3428 1536 3501 montes;
1566 3418 1678 3482 sed,
1711 3416 2008 3472 Illuminans
2033 3424 2086 3470 tu

527 3524 830 3581 uiuentibus
862 3520 1060 3577 cateruis
1085 3533 1106 3573 :
1132 3531 1223 3585 per
1263 3521 1470 3568 montes
1515 3512 1643 3583 istos
1683 3524 1815 3578 qttos
1859 3518 2085 3562 teternos

528 3631 649 3673 esse
671 3613 900 3678 voluisti,
944 3608 1236 3679 praedicans
1275 3602 1634 3672 Evangelium,
1658 3610 1711 3654 tu
1733 3599 2023 3653 illuminans
2040 3597 2083 3665 ³,

529 3726 635 3767 non
664 3716 890 3764 montes.
922 3702 1080 3759 Tales
1103 3708 1230 3771 ergo
1254 3706 1443 3751 montes
1463 3697 1516 3749 in
1540 3692 1749 3747 circuitu
1772 3690 2085 3746 Jerusalem.

601 3803 656 3858 5.
687 3802 752 3855 Et
778 3806 839 3854 ut
865 3794 1115 3851 noveritis
1146 3792 1327 3863 quales
1371 3789 1476 3843 sint
1519 3794 1726 3842 montes
1770 3782 1842 3838 in‘
1866 3782 2091 3838 circuitu

529 3892 684 3965 eius;
721 3889 813 3944 ubi
852 3883 1282 3961 commemoravit
1325 3889 1532 3935 montes
1571 3871 1739 3931 bonos
1777 3873 2046 3944 Scriptura
2070 3914 2085 3939 ,

530 3981 682 4038 valde
712 3995 834 4036 raro
856 3986 911 4035 et
937 3975 1170 4040 difﬁcile,
1198 3980 1287 4027 aut
1313 3970 1445 4024 forte
1479 3980 1743 4038 nunquam
1772 3978 1877 4019 non
1901 3972 1955 4018 et
1982 3973 2090 4017 sta-

531 4074 627 4127 tius
672 4071 742 4127 ibi
786 4067 1021 4124 nominat
1059 4063 1358 4126 Dominum,
1401 4054 1676 4135 autsimul
1716 4051 1993 4123 signiﬁcat,
2022 4065 2092 4107 ne

533 4178 656 4233 spes
695 4165 966 4217 remaneat
989 4157 1042 4210 in
1074 4153 1361 4210 montibus.
1389 4149 1528 4205 Ecce
1552 4146 1726 4202 videte
1748 4159 1907 4214 quam
1929 4142 2090 4233 multa

533 4232 959 4308 cummemoravi.
988 4244 1168 4300 Levavi
1192 4241 1361 4295 oculos
1384 4254 1517 4292 meos
1539 4238 1592 4291 in
1614 4244 1822 4300 montes,
1852 4232 1985 4286 unde
2006 4246 2091 4285 ue-

535 4344 636 4396 niet
679 4338 924 4393 auxilium
968 4332 1207 4388 mihi:et
1248 4343 1314 4383 ne
1354 4327 1422 4382 ibi
1475 4337 1788 4387 remaneas,
1836 4320 2092 4375 Auxilium

535 4446 719 4493 meum,
751 4426 939 4495 inquit,
969 4441 1000 4476 a
1039 4422 1274 4483 Domino,
1309 4416 1395 4487 qui
1436 4416 1553 4485 fecit
1581 4413 1766 4489 coelum
1802 4421 1848 4466 et
1887 4421 2089 4464 terram.

537 4523 767 4580 Rursus,
814 4513 1105 4582 Suscipiunt
1146 4517 1334 4562 montes
1374 4520 1546 4574 pacem
1591 4502 1773 4572 papula
1813 4511 1899 4553 tuo
1929 4515 1948 4553 :
1971 4514 2091 4555 cum

534 4613 688 4676 dixit,
717 4606 1027 4676 Suscipiunt,
1055 4598 1285 4656 ostendit
1322 4597 1480 4651 alium
1520 4607 1638 4647 esse
1678 4588 1912 4645 fontem"
1951 4589 2093 4659 pacis

535 4701 676 4758 unde
706 4698 782 4753 illi
819 4694 1128 4763 suscipiunt.
1158 4689 1384 4750 Rursus,
1411 4685 1454 4738 Α
1483 4680 1729 4736 montibus
1758 4678 2048 4741 illuminans
2075 4692 2094 4731 :

533 4794 651 4861 sed,
678 4791 780 4855 Tu,
809 4788 975 4850 dixit;
1011 4783 1316 4838 Illuminans
1343 4788 1396 4831 tu
1422 4772 1779 4830 admirabiliter
1795 4788 1828 4861 a
1847 4770 2094 4861 montibus

533 4859 749 4944 internis.
776 4879 906 4935 item
928 4877 1029 4930 hoc
1053 4875 1171 4928 loco
1188 4885 1307 4926 cum
1328 4861 1566 4927 dixisset,
1591 4861 1790 4916 Montes
1808 4860 1860 4912 in
1884 4859 2095 4912 circuitu

534 4981 678 5046 eius;
720 4988 788 5028 ne
836 4981 888 5024 tu
928 4980 1133 5027 rursum
1174 4954 1474 5017 remanéres
1512 4956 1563 5011 in
1602 4952 2093 5024 montibusnstatim

532 5066 838 5138 subjunxit,
869 5061 931 5117 Et
962 5057 1205 5112 Dominus
1235 5055 1287 5107 in
1307 5052 1518 5105 circuitu
1556 5047 1708 5117 plebis
1735 5062 1886 5138 sine;
1913 5052 2091 5138 uttna

534 5135 654 5229 spes
683 5172 791 5210 non
822 5153 891 5207 sit
927 5148 983 5205 in
1029 5143 1314 5205 montibus,
1352 5140 1443 5195 sed
1490 5139 1540 5193 iu
1586 5137 1675 5191 illo
1712 5135 1800 5205 qui
1837 5135 2093 5229 illuminat

534 5223 763 5304 montes.
790 5243 924 5300 Cum
948 5239 1090 5297 enim
1117 5235 1204 5290 ille
1235 5232 1434 5286 habitat
1460 5231 1514 5283 in
1540 5226 1825 5289 utentibus,
1853 5224 1904 5278 id
1929 5233 2010 5277 est
2038 5223 2091 5276 in

599 5406 619 5437 ⁸
643 5401 778 5461 εὐάον
799 5401 1073 5461 οεοιιτνηῖη·
1101 5399 1154 5445 Ai
1176 5398 1299 5461 “issu
1321 5390 1848 5461 σίδαῗτὲῗῖίζπί.η,--η
1921 5439 2013 5461 ,ιη
2045 5440 2063 5461 .-

596 5466 619 5497 ²
643 5443 1049 5513 Fitir'és'iigii."at
1076 5443 1317 5523 Prophelis
1354 5462 1372 5498 :
1409 5455 1461 5516 et
1494 5458 1604 5497 mox
1631 5443 1881 5510 plerique,
1918 5443 2013 5491 sive
2045 5443 2094 5489 in

596 5526 764 5558 νηοηιη
807 5530 852 5558 n
875 5521 985 5558 tum.
1000 5553 1014 5558 -
1156 5527 1207 5558 m
1232 5508 1458 5558 Epistolis.

536 5526 783 5587 Apostolu.
803 5530 859 5572 At
875 5521 1016 5579 add"
1037 5515 1134 5568 sive
1156 5515 1219 5584 in.
1232 5515 1458 5579 Epistolis.

604 5588 623 5618 ι
648 5592 722 5632 Pr.
740 5583 883 5643 Lugd.
906 5589 1022 5630 ven.
1049 5585 1178 5631 Lov.,
1200 5574 1519 5643 illuminas.
1554 5575 1609 5616 tt.

597 5646 622 5678 δ
641 5651 713 5695 Su:
732 5635 954 5705 plerique
976 5648 1077 5690 Mss.
1100 5645 1154 5686 At
1170 5635 1305 5694 θαι,
1321 5638 1539 5683 meum

1704 221 1761 276 S.
1802 213 2160 275 AUGUSTINI
2200 215 2491 273 EPISCOPI

3450 290 3455 297 l
3578 229 3706 287 l65‘2

2162 330 2377 395 sanctis,
2408 331 2518 397 ipse
2539 341 2617 385 est
2647 332 2696 386 in
2725 334 2941 389 circuitu
2970 336 3136 406 plebis
3163 352 3298 405 suae;
3330 349 3383 395 et
3407 340 3517 410 ipse
3541 360 3711 400 mura-

2162 418 2236 472 vit
2252 420 2268 449 ¹
2301 420 2506 488 plebem
2530 436 2677 477 suam
2703 425 3024 481 munimento
3048 428 3325 496 spirituali,
3357 447 3426 486 ne
3447 443 3714 490 moveatur

2162 509 2213 597 in
2239 520 2516 567 aeternum.
2563 515 2630 569 At
2662 531 2787 571 vero
2813 518 2879 574 de
2905 520 3007 575 illis
3033 523 3296 578 montibus
3327 526 3479 581 malis
3503 531 3714 597 quando

2156 595 2392 672 loquitur
2430 605 2726 676 Scriptura,
2779 626 2881 665 non
2920 613 2998 667 eis
3034 613 3180 669 addit
3217 595 3533 674 Dominum;
3561 619 3716 677 Tales

2163 708 2388 763 montes,
2414 699 2521 770 jam
2550 718 2691 772 smpe
2726 702 2953 759 diximus
2989 706 3156 772 vobis,
3183 709 3475 779 signiﬁcant
3501 728 3719 784 magnas

2164 789 2416 859 quasdam
2441 791 2661 859 animas,
2692 794 2784 849 sed
2810 796 2994 850 malas.
3036 796 3148 851 Non
3188 800 3328 853 enim
3369 802 3580 871 putetis,
3610 803 3720 857 ira-

2165 886 2273 933 tres
2294 919 2311 944 ,
2338 880 2457 949 quia
2483 890 2761 949 potuerunt
2786 883 2895 939 ﬁeri
2935 886 3163 942 haereses
3190 903 3283 956 per
3308 889 3507 963 aliquas
3530 906 3722 962 parvas

2166 970 2385 1023 animas.
2414 968 2528 1024 Non
2554 969 2791 1027 fecerunt
2821 975 3069 1041 haereses,
3111 978 3209 1031 nisi
3240 980 3411 1048 magni
3436 979 3720 1039 homines:

2168 1060 2261 1115 sed
2284 1071 2536 1132 quantum
2567 1065 2758 1134 magni,
2792 1064 2988 1119 tantum
3016 1067 3136 1122 mali
3168 1078 3392 1124 montes.
3436 1070 3551 1125 Non
3579 1073 3723 1129 enim
3762 1088 3773 1134 ι

2168 1162 2376 1208 montes
2399 1163 2552 1208 erant
2585 1157 2716 1210 tales
2752 1160 2838 1225 qui
2883 1160 3209 1228 susciperent
3244 1162 3452 1232 pacem,
3481 1173 3537 1219 ut
3561 1166 3726 1222 colles
3782 1164 3785 1167 Α

2169 1246 2533 1314 suscipereut'
2562 1247 2851 1316 justitiam;
2889 1250 2981 1304 sed
3016 1250 3091 1305 illi
3126 1251 3504 1310 dissensionem
3537 1272 3728 1313 susce-

2169 1344 2359 1405 perunt
2385 1351 2414 1389 a
2443 1335 2651 1391 diabolo
2685 1347 2830 1408 patre
2869 1355 2986 1394 suo.
3030 1340 3233 1399 Montes
3272 1358 3400 1415 ergo
3435 1356 3617 1401 erant:
3658 1348 3727 1405 ad

2173 1426 2304 1481 tales
2326 1436 2529 1481 montes
2554 1443 2682 1483 cave
2709 1445 2774 1483 ne
2803 1430 2989 1500 fugias.
3014 1430 3228 1487 Venturi
3253 1436 3393 1490 enim
3416 1449 3541 1491 sunt
3565 1436 3729 1494 homi-

2171 1531 2288 1582 nes,
2319 1526 2371 1571 et
2407 1517 2595 1573 dicturi
2640 1519 2730 1573 tibi
2762 1537 2778 1575 :
2807 1521 3019 1592 Magnus
3055 1523 3142 1579 ille
3165 1525 3263 1591 vir,
3294 1533 3348 1581 et
3374 1541 3599 1598 magnus
3638 1530 3730 1588 ille

2175 1606 2351 1659 homo.
2396 1606 2574 1674 Qualis
2600 1608 2695 1662 fuit
2722 1610 2809 1665 ille
2852 1612 3118 1668 Donatus!
3159 1615 3328 1685 qualis
3351 1626 3433 1672 est
3454 1618 3732 1674 Maximia-

2175 1697 2346 1753 nus‘!
2388 1709 2442 1754 et
2477 1701 2654 1756 nescio
2691 1702 2808 1771 quis
2846 1702 3101 1758 PhOtinus
3115 1704 3158 1769 δ,
3187 1707 3356 1775 qualis
3395 1707 3519 1763 fuit!
3561 1719 3616 1765 et
3645 1712 3733 1767 ille

2175 1789 2333 1842 Arius
2353 1789 2521 1859 qualis
2559 1789 2684 1845 fuit!
2722 1791 2916 1847 Omnes
2945 1793 3074 1849 istos
3101 1806 3303 1852 montes
3324 1799 3608 1867 nominavi,
3637 1801 3732 1856 sed

2175 1877 2535 1951 naufragosos.
2573 1882 2765 1937 Videtis
2793 1883 2913 1954 quia
2934 1885 3070 1940 lucet
3091 1886 3156 1940 de
3187 1887 3290 1942 illis
3319 1889 3491 1960 aliqua
3518 1889 3732 1949 ﬂamma

2175 1972 2436 2025 sermonis
2455 2012 2468 2036 ,
2492 1981 2544 2027 et
2572 1972 2760 2043 aliquis
2783 1974 2849 2029 de
2872 1974 2998 2043 ipsis
3026 1976 3161 2046 ignis
3185 1977 3506 2037 accenditur.
3553 1981 3607 2037 Si
3634 1997 3735 2036 na-

2177 2061 2363 2135 vigatis
2392 2063 2442 2116 in
2471 2063 2629 2132 ligno,
2658 2074 2711 2118 et
2736 2075 2943 2121 noctem
2967 2058 3224 2138 patimini.
3258 2070 3306 2126 id
3328 2082 3426 2136 est,
3454 2073 3734 2144 caliginem

2179 2153 2333 2223 hujus
2355 2156 2503 2221 vitai;
2533 2171 2636 2210 non
2657 2171 2748 2210 vos
2770 2157 2968 2226 fallant,
2993 2177 3091 2217 nec
3108 2163 3344 2235 dirigatis
3371 2166 3491 2222 illuc
3515 2167 3693 2221 navim
3717 2186 3733 2221 :

2179 2248 2247 2301 ibi
2289 2258 2410 2302 sunt
2448 2265 2593 2309 saxa.
2622 2250 2690 2305 ibi
2733 2251 3001 2322 naufragia
3038 2270 3221 2326 magna
3258 2255 3405 2316 ﬁunt.
3447 2257 3581 2313 Cum
3607 2274 3737 2330 ergo

2180 2338 2269 2391 tibi
2302 2336 2492 2395 laudati
2524 2338 2717 2395 fuerint
2745 2342 2827 2398 isti
2859 2356 3083 2410 montes,
3101 2355 3155 2400 et
3168 2349 3389 2416 cmperit
3414 2347 3505 2403 tibi
3524 2350 3736 2405 suaderi

2179 2439 2238 2484 ut
2262 2431 2438 2485 venias
2472 2432 2537 2486 ad
2574 2434 2716 2502 ipsos
2740 2445 2965 2502 montes,
3002 2438 3150 2508 quasi
3185 2439 3251 2495 ad
3284 2439 3557 2509 auxilium,
3584 2451 3641 2496 et
3668 2441 3738 2496 ibi

2180 2524 2513 2591 requiescas;
2559 2527 2817 2596 responde
2847 2546 2860 2582 :
2886 2527 2952 2582 1η
2993 2528 3207 2585 Domino
3231 2531 3463 2600 conﬁdo;
3488 2533 3737 2600 quomoda

2181 2613 2344 2667 dicitis
2368 2615 2549 2669 animle
2571 2633 2708 2685 mere,
2741 2617 3059 2689 Transmigra
3099 2621 3150 2674 in
3185 2631 3374 2676 montes
3403 2621 3532 2677 sicut
3567 2640 3739 2693 passer
3818 2633 3824 2637 '

2182 2702 2352 2773 (Psal.
2385 2723 2435 2768 x,
2467 2706 2559 2775 ενι
2589 2708 2787 2763 Bonum
2816 2718 2898 2765 est
2915 2711 3054 2766 enim
3083 2712 3173 2768 tibi
3204 2723 3259 2767 ut
3293 2714 3343 2767 in
3375 2714 3491 2769 illos
3528 2726 3740 2772 montes

2182 2796 2324 2851 leves
2350 2798 2529 2855 oculos
2559 2802 2695 2856 unde
2719 2801 2813 2857 tibi
2836 2803 3085 2858 auxilium
3115 2819 3144 2859 a
3176 2806 3398 2861 Domino
3421 2808 3507 2872 sit,
3530 2817 3589 2862 ut
3618 2825 3741 2863 eva-

2182 2887 2277 2942 das
2304 2887 2439 2946 sicut
2466 2904 2649 2959 passer
2674 2890 2741 2948 de
2768 2895 3058 2964 muscipula
3086 2898 3410 2964 venantium,
3433 2913 3535 2954 non
3564 2890 3740 2954 trans-

2183 2981 2378 3051 migras
2404 2983 2453 3036 in
2481 2993 2703 3040 montes.
2733 2984 2919 3040 Passer
2943 2988 3080 3041 enim
3112 2988 3368 3043 instabilis
3388 3005 3472 3045 res
3496 2999 3611 3056 est;
3635 2993 3742 3047 cito

2184 3081 2457 3137 movetur,
2492 3073 2597 3128 cito
2629 3075 2770 3130 volat
2808 3074 2929 3131 hinc
2964 3084 3018 3131 et
3052 3075 3194 3132 inde.
3239 3078 3345 3134 Sed
3372 3087 3426 3134 tu
3450 3081 3663 3136 conlide
3690 3082 3739 3135 in

2187 3162 2428 3226 Domino.
2457 3172 2511 3218 et
2536 3164 2641 3219 eris
2665 3165 2801 3220 sicut
2825 3181 2978 3222 mons
3001 3164 3159 3234 Sion;
3191 3185 3296 3225 non
3321 3172 3743 3227 wmmovebcris

2185 3254 2237 3308 in
2275 3262 2529 3310 aeternum
2552 3297 2567 3317 .
2607 3265 2662 3311 et
2696 3273 2799 3312 non
2841 3260 3235 3330 transmigrabis
3270 3261 3322 3316 in
3364 3273 3573 3318 utentes
3608 3266 3742 3319 sicut

2187 3358 2387 3414 passer.
2435 3345 2695 3417 Numquid
2738 3348 2807 3403 ibi
2851 3350 2929 3404 sic
2965 3351 3253 3406 nominavit
3292 3361 3519 3421 montes,
3572 3365 3631 3410 nt
3674 3357 3743 3412 de

2186 3438 2408 3491 Domino
2433 3438 2670 3494 diceret?

2257 3528 2310 3586 6.
2340 3530 2442 3585 Sed
2466 3541 2673 3611 montes
2697 3532 2826 3588 tales
2845 3549 2961 3588 ama
2982 3577 2995 3597 ,
3023 3537 3098 3591 in
3131 3536 3319 3607 quibus
3347 3537 3607 3595 Dominus
3634 3551 3736 3596 est.

2186 3624 2334 3680 Tunc
2359 3633 2530 3678 autem
2557 3633 2608 3679 te
2634 3636 2810 3681 amant
2837 3627 2931 3696 ipsi
2956 3636 3180 3694 montes,
3199 3629 3242 3683 si
3266 3644 3367 3684 non
3390 3630 3441 3685 in
3465 3631 3569 3685 illis
3592 3647 3739 3700 spem

2189 3718 2448 3787 posueris;
2479 3716 2694 3781 Videte,
2743 3716 2969 3783 fratres,
3014 3719 3195 3789 quales
3223 3731 3582 3779 suntmontes
3627 3724 3740 3780 Dei.

2189 3808 2318 3863 Nam
2350 3808 2468 3864 inde
2501 3809 2577 3864 sic
2602 3810 2853 3863 nominati
2880 3819 3000 3866 sunt
3029 3810 3081 3865 in
3111 3812 3213 3866 alio
3240 3810 3356 3867 loco
3382 3832 3394 3866 :
3422 3812 3634 3868 Justitia
3655 3826 3740 3869 tua

2189 3901 2315 3955 sicut
2344 3909 2529 3954 montes
2565 3898 2661 3954 Dei
2688 3900 2707 3971 (
2739 3898 2880 3954 Psal.
2910 3917 3068 3965 xxxv,
3099 3902 3195 3973 7).
3221 3902 3334 3959 Non
3371 3903 3571 3975 iustitia
3602 3907 3745 3975 ipso-

2192 4005 2306 4044 rum
2325 4031 2341 4054 ,
2371 3990 2461 4045 sed
2475 3990 2673 4061 justitia
2696 3991 2952 4045 tua.'Andi
2973 3991 3125 4045 talem
3148 4001 3379 4050 montem
3399 3994 3743 4064 Apostolnm:

2196 4079 2264 4135 Ut
2289 4080 2510 4135 inveniar
2536 4081 2588 4134 in
2613 4080 2730 4147 illo,
2760 4080 2958 4151 inquit,
2990 4098 3088 4135 non
3110 4070 3293 4138 habens
3303 4084 3556 4154 justitiam
3584 4103 3749 4139 meam

2191 4186 2304 4242 qua:
2346 4187 2408 4225 ea:
2448 4171 2553 4240 lege
2598 4179 2696 4235 est,
2744 4169 2833 4224 sed
2853 4182 2986 4224 ‘eam
3032 4186 3143 4239 qme
3178 4180 3249 4227 est
3272 4188 3361 4243 per
3383 4172 3534 4241 ﬁdem
3561 4174 3751 4230 Christi

2194 4256 2464 4330 (Philipp.
2493 4275 2569 4325 tu,
2599 4258 2632 4314 9
2664 4262 2702 4331 ).
2735 4258 2810 4314 illi
2857 4269 3036 4316 autem
3067 4260 3155 4330 qui
3185 4276 3279 4331 per
3311 4261 3566 4331 justitiam
3595 4279 3750 4318 suam

2194 4359 2400 4404 montes
2427 4364 2543 4405 esse
2567 4350 2870 4416 voluerunt,
2903 4350 3039 4405 sicut
3064 4349 3230 4405 Judaei
3258 4350 3470 4421 quidam
3494 4353 3577 4406 vel
3610 4352 3756 4406 Pha-

2193 4439 2334 4495 risaei
2373 4439 2649 4509 principes
2677 4455 2893 4503 eorum,
2941 4441 3019 4494 sic
3060 4440 3552 4510 reprehenduntur:
3584 4441 3753 4513 Igno-

2193 4541 2360 4584 rantcs
2388 4531 2516 4582 enim
2548 4529 2642 4583 Dei
2655 4531 2926 4599 justitiam,
2954 4540 3000 4584 ct
3026 4548 3166 4585 suam
3195 4531 3411 4586 volentes
3428 4533 3751 4599 constituere,

2185 4623 2401 4693 justitia:
2424 4622 2518 4676 Dei
2535 4639 2631 4675 non
2659 4633 2774 4676 sunt
2801 4623 3010 4691 subjecti
3033 4620 3222 4694 (Rom.
3248 4640 3299 4689 x,
3326 4623 3362 4679 3
3383 4623 3423 4694 ).
3450 4624 3551 4691 Qui
3572 4635 3755 4679 autem

2193 4716 2413 4783 subjecti
2447 4722 2600 4779 sunt,
2629 4714 2707 4769 sic
2731 4723 2853 4774 sunt
2874 4714 2963 4768 alti
2985 4755 2999 4777 ,
3030 4722 3089 4768 ut
3116 4713 3345 4770 humiles
3380 4714 3506 4770 sint.
3538 4715 3604 4769 Et
3628 4717 3753 4785 quia

2195 4806 2372 4878 magni
2412 4815 2563 4873 sunt,
2612 4816 2818 4863 montes
2855 4806 3131 4871 dicuntur;
3181 4805 3302 4874 quia
3350 4820 3480 4860 vero
3524 4803 3754 4875 subjecti

2196 4909 2318 4956 sunt
2343 4901 2483 4968 Deo,
2507 4899 2671 4954 valles
2693 4908 2815 4953 sunt
2846 4916 2862 4953 :
2903 4905 2957 4952 et
3001 4896 3122 4967 quia
3171 4895 3366 4952 habent
3404 4898 3754 4967 capacitatem

2194 4991 2440 5062 metatis,
2466 4989 2754 5058 suscipiunt
2797 4986 3166 5042 abundantiam
3198 4986 3339 5055 pacis
3363 4995 3418 5040 et
3454 4986 3757 5041 inundatio.

2196 5098 2316 5138 nem
2348 5081 2705 5137 transmittunt
2726 5078 2793 5133 ad
2810 5078 2994 5134 colles.
3023 5077 3177 5133 Modo
3198 5086 3373 5133 tamen
3397 5086 3451 5131 tu
3478 5076 3599 5133 vide
3620 5093 3758 5146 quos

2259 5249 2277 5283 ί
2301 5241 2647 5308 ωτωωιαυὶι
2658 5258 2678 5306 ;
2697 5243 2834 5308 cujus
2852 5240 2958 5293 loco
2976 5240 3093 5308 editi
3114 5238 3191 5289 alii
3216 5247 3270 5290 et
3289 5248 3416 5308 Mss,
3437 5238 3659 5308 narravit.

2259 5312 2281 5342 ³
2303 5316 2354 5358 tu
2380 5300 2430 5356 BI
2454 5307 2597 5359 deest
2618 5300 2817 5356 verbum
2834 5338 2850 5364 ,
2885 5302 3203 5365 susciperent,
3244 5304 3372 5364 quod
3406 5313 3479 5350 ex.
3506 5307 3581 5348 Er.
3607 5300 3757 5363 Lugd.

2199 5375 2523 5443 vertiettov.
2546 5369 2857 5443 restituimur
2917 5372 3084 5443 “ML”
3173 5421 3531 5443 “___.w___._m
3586 5423 3699 5443 an!

2261 5435 2282 5466 ³
2305 5432 2378 5481 sic
2398 5439 2496 5477 Am.
2523 5436 2574 5479 et
2594 5436 2699 5479 Mss.
2725 5435 2780 5477 At
2800 5433 2873 5475 Er.
2910 5433 2962 5476 et
2992 5431 3123 5487 nova,
3166 5428 3550 5476 Maximinianus.
3586 5428 3764 5471 Confer

2198 5500 2360 5543 Enarr.
2384 5493 2433 5555 in
2452 5489 2570 5539 Psal.
2593 5490 2843 5555 56,_serm.
2862 5487 2909 5536 ‘2.
3108 5554 3111 5555 ν
3267 5545 3278 5555 _
3356 5554 3361 5555 γ
3390 5544 3402 5555 ,
3449 5545 3479 5555 Α,
3704 5539 3738 5555 ,.

2204 5539 2537 5680 gépuduu.
2570 5539 2715 5613 Lugd.
2749 5558 2867 5599 Ven.
2892 5556 3033 5611 Lov.,
3069 5554 3115 5600 et
3148 5545 3301 5598 nescis
3346 5544 3569 5595 Photinus
3605 5539 3768 5606 qualis
