4032 6202
329 308 463 362 1655

328 433 537 476 numtes
562 435 730 476 ames.
779 420 835 476 Si
885 419 963 474 vis
988 417 1153 473 amari
1193 433 1220 471 a
1252 418 1402 472 bonis
1433 419 1728 482 montibus,
1774 416 1882 471 noli

326 531 472 572 suem
503 528 701 582 ponere
726 527 823 568 nec
842 512 893 565 in
919 511 1071 566 bonis
1087 512 1370 565 montibus.
1395 509 1522 564 Nam
1545 510 1714 580 qualis
1735 523 1887 562 mons

323 615 438 660 erat
456 604 682 659 Paulus?
708 603 917 673 quando
943 603 1206 657 invenitur
1231 601 1388 655 talis?
1411 602 1512 670 (De
1529 599 1886 671 magnitudine

326 697 589 767 loquimur
617 692 935 766 hominum.)
965 694 1147 749 Tantae
1191 695 1374 764 gratim
1401 693 1674 762 quisquam
1716 699 1888 760 potest

323 787 476 842 facile
507 787 767 842 inveniri?
817 787 881 841 Et
925 795 1099 840 tamen
1152 784 1371 840 timebat
1400 801 1466 838 ne
1493 799 1674 854 passer
1703 785 1792 838 ille
1835 783 1886 838 in

323 881 412 934 illo
443 889 663 949 poneret
687 893 835 949 spem
867 896 880 930 :
916 877 978 932 Et
1007 877 1129 946 quid
1156 876 1264 930 ait?
1295 875 1554 944 Numquid
1579 875 1770 928 Paulus
1797 891 1886 942 pro

322 971 460 1025 vobis
487 971 755 1037 cruciﬁxus
780 979 850 1023 est
878 969 895 1039 (
922 967 941 1021 I
969 968 1080 1021 Cor.
1110 985 1148 1030 ι,
1183 969 1250 1022 15
1276 965 1338 1037 )?
1365 965 1468 1021 Sed
1500 966 1672 1020 levate
1707 965 1888 1019 oculos
1916 1016 1952 1028 ε

321 1063 375 1118 in
401 1070 647 1124 montes,
681 1059 818 1114 unde
845 1059 1096 1114 auxilium
1126 1058 1302 1112 veniat
1334 1057 1524 1120 vobis;
1569 1055 1686 1125 quia
1713 1097 1728 1119 ,
1782 1054 1889 1124 Ego

323 1152 546 1222 plantavi
571 1191 588 1217 ,
618 1150 798 1219 Apollo
827 1150 1003 1219 rigavit
1037 1148 1168 1204 :sed
1184 1148 1435 1203 auxilium
1465 1157 1696 1201 vestrum
1726 1163 1754 1200 a
1782 1147 1888 1199 Do-

322 1245 499 1308 mino,
531 1243 620 1312 qui
650 1242 766 1297 fecit
805 1242 996 1296 coelum
1025 1250 1078 1294 et
1121 1250 1347 1306 terram;
1396 1238 1517 1309 quia
1570 1237 1704 1291 Deus
1730 1238 1890 1291 incre-

321 1345 545 1389 mentum
571 1333 710 1389 dedit
741 1333 762 1404 (
793 1332 878 1386 Id.
911 1350 986 1396 tn,
1038 1333 1069 1387 6
1097 1334 1133 1400 ).
1187 1333 1324 1400 Ergo
1361 1339 1550 1384 montes
1582 1330 1632 1382 in
1679 1329 1889 1383 circuitu

321 1427 452 1494 ejus.
486 1424 590 1480 Sed
622 1423 886 1495 quomodo
917 1433 1104 1477 montes
1128 1424 1180 1476 in
1207 1423 1416 1476 circuitu
1440 1423 1548 1492 ejus
1569 1462 1583 1484 ,
1611 1423 1686 1475 sic
1715 1429 1760 1473 et
1787 1419 1890 1473 Do-

322 1517 489 1569 minus
515 1516 569 1568 in
588 1515 800 1568 circuitu
821 1514 975 1585 plebis
995 1529 1119 1577 sum,
1147 1531 1210 1568 ea:
1225 1513 1318 1566 hoc
1342 1528 1472 1565 nunc
1495 1521 1540 1564 et
1561 1527 1717 1578 usque
1731 1509 1783 1563 in
1802 1525 1891 1564 str-

322 1607 513 1659 culum.
528 1605 583 1660 Si
597 1620 722 1676 ergo
743 1616 930 1658 montes
957 1605 1006 1656 in
1026 1605 1235 1657 circuitu
1252 1604 1378 1674 ejus,
1399 1613 1443 1655 et
1460 1601 1705 1655 Dominus
1724 1602 1776 1654 in
1793 1601 1891 1654 cir-

323 1697 460 1752 cuitu
482 1696 635 1764 plebis
654 1711 779 1762 sua',
801 1695 1112 1764 constringit
1144 1695 1393 1749 Dominus
1418 1693 1620 1763 plebem
1650 1703 1799 1748 'suam
1837 1692 1890 1747 in

324 1803 488 1842 unum
507 1787 768 1843 vinculum
788 1786 1058 1840 charilatis
1081 1795 1135 1839 et
1165 1786 1325 1854 pacis,
1349 1795 1404 1838 ut
1430 1785 1517 1854 qui
1539 1782 1809 1838 confidunt
1839 1785 1891 1836 in

324 1877 550 1935 Domino
584 1878 719 1932 sicut
747 1869 900 1932 mons
919 1876 1068 1942 Sion,
1087 1891 1190 1929 non
1211 1883 1641 1930 commoveantur
1662 1874 1713 1928 in
1739 1883 1896 1928 mtera

323 1984 450 2024 num
481 1986 494 2022 :
524 1979 576 2024 et
601 1968 706 2023 hoc
748 1977 861 2032 est,
912 1983 972 2020 ea:
1006 1968 1098 2020 hoc
1125 1975 1171 2020 et
1198 1982 1352 2036 usque
1377 1966 1429 2019 in
1453 1965 1690 2019 sarculum
1716 1966 1755 2017 ¹.

393 2059 448 2113 7.
476 2057 642 2130 [vers.
672 2056 766 2130 5.]
827 2057 1076 2122 ριιοήἰαιιι
1146 2071 1247 2109 ιιοη
1307 2054 1612 2124 derelinquet
1648 2053 1896 2107 Dominus

325 2150 517 2220 uirgam
557 2157 870 2217 peccatorum
915 2163 1062 2217 super
1108 2154 1290 2198 sortem
1329 2146 1623 2214 justorum,
1689 2154 1742 2197 ut
1793 2159 1891 2196 non

324 2239 596 2292 extendant
616 2238 744 2309 justi
771 2238 836 2292 ad
873 2238 1182 2308 iniquitatem
1211 2252 1389 2290 manus
1428 2252 1563 2289 suas.
1599 2235 1752 2288 Modo
1779 2235 1893 2303 qui-

261 2371 270 2380 .
323 2329 445 2382 dem
470 2327 600 2396 justi
642 2327 965 2398 aliquantum
1015 2326 1291 2389 laborant,
1321 2335 1376 2379 et
1405 2325 1561 2379 modo
1607 2324 1892 2394 aliquando

325 2421 506 2491 injusti
531 2419 1054 2490 dominanturjustis.
1096 2418 1298 2485 Quibus
1326 2418 1534 2472 mohis?
1562 2417 1892 2487 Aliquando”

323 2511 505 2581 injusti
555 2510 869 2580 perveniunt
896 2509 961 2564 ad
989 2509 1217 2563 honores
1247 2509 1424 2562 satculi
1471 2525 1484 2561 :
1529 2515 1656 2562 cum‘
1703 2523 1892 2576 perve—

323 2603 499 2655 rterint
525 2609 578 2654 et
607 2599 726 2654 facti
752 2599 942 2653 fuerint
966 2600 1046 2654 vel
1073 2599 1278 2668 judices
1298 2640 1313 2665 ,
1336 2598 1417 2652 vel
1443 2612 1594 2667 reges
1612 2637 1627 2662 ,
1652 2600 1769 2667 quia
1795 2599 1894 2652 hoc

325 2693 450 2747 facit
494 2691 636 2747 Deus
689 2699 904 2761 propter
952 2690 1282 2760 disciplinam
1313 2690 1478 2759 plebis
1505 2705 1648 2755 suae,
1681 2699 1896 2758 prepter

322 2782 658 2851 disciplinam
711 2781 885 2850 populi
926 2781 1046 2844 sui;
1094 2797 1197 2834 non
1225 2790 1398 2850 potest
1440 2780 1552 2834 fieri
1589 2780 1686 2833 nisi
1715 2788 1772 2834 ut
1797 2795 1893 2834 ex-

322 2872 570 2928 hibentur
590 2873 692 2927 illis
718 2872 887 2926 honor
914 2870 1120 2927 debitus
1149 2871 1414 2941 potestati.
1447 2869 1720 2926 Ordinavit
1749 2870 1894 2926 enim

321 2966 399 3018 sic
422 2965 562 3019 Deus
591 2964 879 3018 Eeclesiam
907 2978 1053 3017 suam
1077 3003 1092 3030 ,
1119 2971 1174 3016 ut
1199 2962 1371 3015 omnis
1398 2969 1628 3030 potestas
1651 2960 1892 3014 ordinata

321 3055 378 3110 in
402 3051 599 3110 saeculo
629 3055 816 3109 habeat
840 3055 1116 3120 honorem,
1133 3064 1188 3107 et
1207 3052 1488 3122 aliquando
1513 3067 1540 3105 a
1564 3052 1890 3107 melioribus.

323 3145 429 3200 Sed
469 3146 696 3214 exempli
726 3146 890 3215 gratia
921 3161 1079 3198 unam
1131 3160 1238 3198 rem
1288 3142 1436 3205 dico;
1493 3142 1615 3196 hinc
1651 3141 1895 3211 conjicite

322 3236 519 3305 gradus
547 3236 781 3291 omnium
806 3243 1144 3304 potestatum.
1173 3234 1344 3288 Prima
1377 3241 1430 3287 et
1458 3233 1758 3302 quotidiana
1801 3248 1895 3300 po-

323 3335 490 3380 testas
520 3325 750 3382 hominis
802 3325 854 3378 in
897 3325 1162 3378 hominem
1211 3324 1412 3378 domini
1443 3331 1524 3376 est
1561 3322 1613 3375 in
1657 3337 1889 3376 servum.

323 3413 498 3485 Prope
526 3428 710 3468 omnes
759 3413 948 3468 domus
997 3413 1193 3468 habent
1232 3412 1528 3482 hujusmodi
1558 3422 1891 3482 potestatem.

319 3506 456 3561 Sunt
501 3506 736 3570 domini,
783 3515 982 3560 suntet
1011 3506 1182 3570 servi;
1214 3505 1423 3564 diversa
1469 3513 1591 3560 sunt
1631 3505 1843 3558 nomina
1875 3523 1888 3558 :

321 3598 414 3652 sed
450 3598 695 3651 homines
720 3606 775 3652 et
803 3597 1040 3650 homines
1068 3597 1210 3664 paria
1247 3605 1367 3650 sunt
1397 3593 1628 3649 nomina.
1662 3595 1726 3648 Et
1769 3594 1894 3664 quid

321 3691 454 3746 dicit
483 3690 768 3759 Apostolus
791 3731 806 3755 ,
829 3689 1025 3743 docens
1055 3703 1242 3744 servos
1267 3688 1498 3742 dominis
1525 3690 1635 3742 suis
1655 3687 1893 3740 subditos

320 3785 471 3839 esse?
491 3782 655 3847 Servi,
676 3782 929 3842 .obaudite
954 3781 1167 3835 dominis
1188 3781 1359 3834 vestris
1384 3779 1652 3834 secundum
1673 3795 1893 3832 curaeat:

319 3874 446 3943 quia
475 3881 558 3927 est
581 3871 822 3926 dominus
854 3873 1142 3926 secundum
1171 3871 1430 3940 spiritum.
1479 3870 1570 3924 Ille
1614 3880 1694 3924 est
1735 3884 1894 3924 verus

320 3965 576 4019 dominus
606 3971 660 4016 et
687 3973 950 4027 aeternus;
983 3963 1068 4016 isti
1116 3972 1288 4016 autem
1338 3960 1654 4029 temporales
1701 3975 1892 4014 secun-

321 4055 455 4108 dum
489 4064 713 4124 tempus.
743 4053 966 4122 Tucum
991 4053 1230 4106 ambulas
1261 4053 1311 4105 in
1354 4052 1434 4104 via
1457 4093 1470 4116 ,
1501 4066 1620 4104 cum
1662 4051 1795 4104 vivis
1842 4051 1892 4104 in

323 4150 428 4202 hac
473 4147 610 4209 vita,
665 4160 768 4200 non
828 4146 935 4199 vult
983 4153 1035 4199 te
1080 4143 1253 4198 facere
1295 4142 1583 4211 superbum
1631 4140 1894 4197 Christus.

321 4239 560 4311 Contigit
587 4239 678 4294 tibi
705 4249 760 4294 ut
781 4239 1101 4294 christianus
1131 4236 1440 4301 efﬁcereris,
1466 4244 1520 4290 et
1545 4235 1768 4290 inuberes
1791 4234 1890 4289 do-

321 4334 530 4387 minum
571 4331 835 4386 hominem
870 4347 883 4383 :
914 4345 1018 4384 non
1064 4328 1184 4383 ideo
1213 4325 1531 4381 christianus
1551 4325 1768 4381 ell'eclus
1796 4340 1854 4380 es
1877 4367 1892 4392 ,

323 4432 384 4479 ut
399 4422 701 4492 dedigneris
721 4421 942 4477 servire.
965 4421 1093 4475 Cum
1113 4419 1251 4474 enim
1272 4415 1710 4487 Christojubcnte
1729 4417 1897 4472 servis

324 4514 572 4580 homini,
627 4529 728 4567 non
761 4514 834 4568 illi
864 4513 1030 4567 servis
1051 4553 1065 4577 ,
1119 4509 1210 4565 sed
1244 4511 1320 4564 illi
1345 4510 1431 4579 qui
1464 4509 1638 4578 jussit.
1680 4508 1748 4562 Et
1797 4507 1897 4562 hoc

324 4607 440 4660 ait:
476 4604 726 4659 Obaudite
753 4604 966 4658 dominis
1008 4602 1181 4655 vestris
1207 4599 1480 4654 secundum
1508 4614 1707 4651 carnem
1732 4640 1746 4663 ,
1778 4613 1892 4650 cum

327 4699 507 4750 timore
532 4705 578 4749 et
603 4705 814 4748 tremore
832 4736 846 4759 ,
879 4695 930 4747 in
959 4692 1276 4760 simplicitate
1301 4690 1464 4742 cordis
1485 4706 1505 4754 ;
1549 4705 1650 4742 non
1678 4688 1745 4740 ad
1772 4705 1894 4741 ocu-

328 4786 754 4850 lumservientes,
797 4785 940 4854 quasi
988 4782 1268 4837 hominibus
1296 4779 1583 4850 placentes,
1628 4779 1714 4832 sed
1753 4780 1898 4847 quasi

325 4878 457 4932 servi
481 4874 705 4939 Christi,
736 4875 969 4945 facientes
1011 4873 1313 4925 voluntatem
1337 4868 1432 4923 Dei
1463 4885 1524 4922 ea:
1547 4869 1714 4921 animo
1740 4909 1754 4932 ,
1786 4884 1897 4920 cum

328 4970 462 5023 bona
489 4968 742 5022 voluntate
775 4963 1003 5037 (Epltes.
1032 4979 1116 5029 vi,
1157 4963 1210 5027 5,
1247 4959 1342 5034 6
1384 4961 1522 5015 Ecce
1547 4975 1650 5014 non
1687 4959 1807 5013 fecit
1832 4959 1898 5014 de

326 5059 500 5116 servis
550 5058 782 5123 liberos,
837 5055 927 5110 sed
980 5055 1046 5110 de
1095 5054 1247 5107 malis
1276 5053 1444 5107 servis
1498 5053 1666 5106 bonos
1694 5066 1897 5106 servos.

327 5154 596 5218 Quantum
646 5149 842 5204 debent
868 5148 1057 5202 divites
1085 5146 1294 5217 Qhristo
1319 5186 1332 5210 ,
1361 5143 1449 5213 qui
1503 5143 1607 5198 illis
1631 5143 1902 5214 componit

327 5242 584 5299 domum!
615 5242 731 5296 utsi
755 5240 940 5295 fuitibi
972 5253 1157 5293 servus
1179 5236 1424 5298 inﬁdelis,
1451 5245 1725 5290 convertat
1755 5236 1901 5290 illum

326 5334 607 5401 Christus,
638 5344 692 5389 et
718 5351 820 5388 non
850 5333 898 5387 ei
926 5332 1094 5396 dicat,
1141 5329 1350 5382 Dimitte
1394 5327 1664 5381 dominum
1716 5335 1897 5395 tuum;

387 5454 412 5526 ἶ
442 5491 665 5554 Plerique
684 5498 789 5540 Mss.
814 5489 1072 5540 omittunt:
1095 5492 1150 5536 El
1171 5484 1258 5534 hoc
1294 5489 1383 5545 est,
1406 5495 1470 5533 ea;
1490 5481 1577 5532 hoc
1607 5489 1653 5533 et
1686 5495 1831 5545 usque
1852 5481 1903 5533 in

327 5554 632 5678 wflltlli‘lj'iiot
655 5622 754 5662 Mss.
781 5614 1034 5678 omittunt:
1063 5605 1236 5678 (uibus
1268 5603 1422 5678 modis
1443 5605 1467 5655 ?
1488 5606 1820 5678 Quidamvero
1835 5604 1907 5655 sic

331 5680 484 5746 verba
500 5667 852 5738 interpungunt
877 5687 889 5723 :
911 5667 1084 5734 Quibus
1108 5669 1258 5721 modis
1281 5667 1538 5732 aliquando
1559 5667 1720 5734 ugjusti
1743 5680 1901 5731 perre-

332 5747 496 5800 rauim,
523 5747 618 5788 etc.

1368 304 1758 359 ENARRATIO
1796 302 1858 357 IN
1898 302 2214 359 PSALMIIM
2250 306 2478 360 CXXIV.

3420 310 3556 393 test

1989 417 2096 485 jam
2123 420 2412 488 cognovisti
2443 437 2560 472 eunt
2586 421 2673 489 qui
2702 436 2858 476 verus
2883 433 2963 477 ρει
2989 423 3232 496 dominus
3267 442 3279 477 :
3313 425 3400 479 ille
3427 427 3561 481 forte

1992 508 2181 578 impius
2209 522 2290 565 est
2317 522 2370 566 et
2408 512 2616 579 iniquus
2640 551 2655 576 ,
2683 522 2734 565 tu
2756 513 2863 580 jam
2897 513 3063 567 lidelis
3089 516 3364 582 etjustus;
3418 515 3555 568 indi-

1990 617 2150 671 gnum
2180 613 2260 657 est
2290 614 2344 656 ut
2366 604 2543 670 justus
2589 613 2643 657 et
2679 604 2848 658 ﬁdelis
2895 606 3091 659 serviat
3135 605 3312 675 iniquo
3347 617 3397 659 et
3441 607 3557 659 inli~

1989 693 2112 747 deli.
2157 693 2272 748 Non
2298 694 2396 747 hoc
2417 693 2619 753 eidixit
2642 735 2658 761 ,
2707 693 2799 748 sed
2826 696 3023 764 magis,
3053 694 3204 751 Servi
3239 713 3252 749 :
3278 706 3329 750 et
3357 706 3410 748 ut
3435 711 3554 749 cor—-

1991 783 2296 849 roboraret;
2330 800 2540 838 servum
2567 825 2579 846 ,
2611 784 2709 837 hoc
2732 783 2892 850 dixit,
2942 785 3197 854 Exemplo
3229 801 3346 839 meo
3374 787 3555 850 servi;

1991 876 2132 942 prior
2171 876 2358 930 servivi
2404 875 2615 944 iniquis.
2660 875 2910 929 Dominus
2966 876 3107 929 enim
3156 884 3297 930 tanta
3337 877 3388 929 in
3439 892 3559 944 pas-

1989 969 2135 1022 sione
2149 969 2432 1035 sustineus,
2455 984 2484 1022 a
2507 969 2697 1038 quibus
2719 969 2982 1032 sustinuit,
3017 968 3114 1022 nisi
3131 968 3371 1022 dominus
3395 985 3423 1022 a
3454 984 3562 1022 ser-

1988 1059 2104 1113 vis?
2129 1067 2182 1114 et
2201 1074 2230 1114 a
2244 1059 2450 1128 quibus,
2469 1059 2567 1112 nisi
2586 1075 2614 1112 a
2628 1059 2777 1112 malis
2796 1060 2984 1113 servis?
3001 1059 3126 1112 Nam
3143 1061 3186 1113 si
3203 1059 3417 1115 fuissent
3434 1061 3567 1115 boni-

1989 1153 2168 1217 servi,
2221 1151 2542 1206 honorarent
2586 1151 2876 1205 dominum.
2929 1151 3030 1207 Sed
3075 1153 3195 1221 quia
3243 1153 3364 1205 mali
3414 1154 3554 1206 servi

1991 1250 2170 1306 erant,
2195 1243 2594 1313 injuriaverunt.
2649 1242 2738 1296 Ille
2767 1243 2888 1312 quid
2912 1245 3132 1297 eontra?
3156 1243 3400 1297 Reddidit
3425 1243 3558 1298 dilo-

1990 1333 2216 1387 ctionem
2249 1348 2342 1402 pro
2375 1333 2496 1386 odio
2523 1332 2632 1387 :ait
2661 1334 2823 1394 enim,
2866 1331 3038 1397 Pater,
3070 1335 3270 1404 ignosce
3294 1334 3416 1397 illis,
3438 1335 3558 1404 quia

1993 1422 2218 1476 nesciunt
2247 1423 2368 1492 quid
2414 1423 2603 1492 faciunt
2634 1421 2802 1493 (Luc.
2835 1438 2984 1487 xxnt,
3039 1424 3107 1478 54
3128 1423 3168 1494 ).
3199 1424 3254 1478 Si
3307 1425 3558 1478 Dominus

1992 1515 2113 1570 coeli
2143 1523 2196 1568 et
2225 1523 2416 1580 terrae,
2449 1529 2543 1583 per
2585 1529 2739 1584 quem
2773 1513 2903 1567 facta
2951 1522 3076 1568 sunt
3114 1514 3319 1579 omnia,
3347 1515 3562 1568 servivit

1994 1606 2252 1674 indignis,
2299 1606 2501 1677 rogavit
2550 1620 2644 1674 pro
2691 1605 3027 1660 saevientibus
3067 1614 3117 1658 et
3160 1604 3481 1670 furentibus,
3508 1615 3565 1660 et-

1996 1707 2242 1766 tanquam
2297 1697 2556 1752 medicum
2611 1711 2670 1750 se
2713 1696 2950 1751 exhibuit
2999 1695 3324 1766 adveniens(
3341 1711 3459 1749 nam
3509 1705 3564 1750 et

1995 1788 2183 1843 medici
2211 1798 2265 1843 et
2293 1797 2404 1842 arte
2431 1797 2484 1842 et
2508 1787 2730 1842 sanitate
2756 1787 3005 1842 meliores
3026 1787 3264 1841 serviunt
3284 1787 3494 1856 aegrotis
3519 1788 3557 1854 );

1994 1886 2191 1948 quanto
2243 1878 2410 1948 magis
2460 1891 2566 1932 non
2609 1876 2768 1932 debet
2814 1876 3082 1946 dedignari
3113 1877 3302 1941 homo,
3358 1891 3419 1932 ex
3453 1884 3572 1930 toto

1994 1972 2204 2036 animo,
2236 1981 2287 2025 et
2317 1986 2380 2024 ex
2433 1978 2536 2024 tota
2582 1969 2718 2024 bona
2775 1968 3080 2032 voluntate,
3122 1983 3240 2022 cum
3269 1976 3377 2022 tota
3422 1968 3553 2022 dile-

1995 2063 2170 2117 ctione
2199 2061 2400 2116 servire
2429 2059 2642 2116 domino
2660 2059 2817 2114 etiam
2840 2058 3016 2114 malo?
3041 2060 3175 2113 Ecce
3195 2059 3355 2112 servit
3377 2058 3562 2111 melior

1995 2153 2242 2208 deteriori
2262 2193 2278 2218 ,
2306 2152 2396 2205 sed
2424 2151 2488 2205 ad
2517 2159 2743 2220 tempus.
2766 2150 2914 2218 Quod
2939 2159 3112 2205 autem
3134 2151 3241 2204 dixi
3263 2150 3330 2205 de
3350 2150 3564 2204 domino

1995 2252 2049 2298 et
2075 2258 2228 2296 servo
2252 2283 2267 2307 ,
2299 2241 2399 2295 hoc
2424 2242 2695 2311 intelligite
2735 2241 2801 2295 de
2841 2242 3184 2322 potestatibus
3213 2250 3269 2296 et
3307 2241 3520 2311 regibus
3547 2283 3560 2304 ,

1994 2335 2062 2388 de
2085 2334 2328 2388 omnibus
2351 2333 2668 2386 culminibus
2699 2333 2852 2400 hujus
2872 2332 3069 2386 saeculi.
3102 2331 3398 2402 Aliquando
3423 2333 3562 2385 enim

1997 2433 2283 2494 potestates
2338 2425 2489 2478 bonae
2539 2433 2696 2488 sunt,
2743 2434 2797 2478 et
2839 2424 3020 2477 timent
3050 2423 3254 2485 Deum;
3285 2421 3566 2491 aliquando

1997 2531 2102 2568 non
2131 2516 2315 2568 timent
2346 2515 2529 2568 Deum.
2576 2513 2817 2567 Julianus
2865 2512 3066 2566 exstitit
3112 2511 3338 2566 infidelis
3393 2495 3566 2580 impe-

1995 2617 2160 2672 rator,
2196 2606 2392 2660 exstitit
2422 2613 2656 2674 apostata
2682 2643 2700 2670 ,
2727 2605 2938 2672 iniquus
2959 2646 2974 2671 ,
3023 2603 3299 2658 idololatra
3329 2620 3342 2655 :
3371 2603 3564 2657 milites

1996 2697 2268 2752 christiani
2296 2697 2590 2751 servierunt
2634 2694 2934 2764 imperatori
2984 2693 3216 2757 inlideli;
3249 2693 3335 2748 ubi
3379 2692 3564 2747 venie-

1998 2787 2153 2841 batur
2177 2786 2242 2840 ad
2268 2802 2480 2840 causam
2511 2785 2701 2839 Christi
2726 2825 2743 2851 ,
2776 2800 2878 2838 non
2906 2782 3264 2854 agnoscebant
3294 2783 3392 2836 nisi
3419 2783 3563 2835 illmn

1996 2881 2084 2950 qui
2119 2881 2167 2933 in
2195 2880 2330 2935 caelo
2353 2890 2485 2934 erat.
2518 2879 2572 2933 Si
2597 2877 2808 2948 quando
2832 2877 3038 2932 volebat
3070 2885 3124 2929 ut
3148 2876 3283 2929 idola
3311 2876 3563 2934 colerent,

2002 2983 2059 3028 ut
2091 2973 2484 3034 thuriticarent;
2532 2970 2909 3040 prteponehant
2953 2969 3028 3023 illi
3083 2969 3244 3023 Deum
3296 2985 3308 3019 :
3357 2968 3566 3035 quando

1995 3073 2169 3119 autem
2193 3063 2419 3126 dicebat,
2443 3061 2720 3116 Producite
2742 3060 2932 3125 aciem,
2959 3059 3030 3114 ite
3053 3068 3233 3114 contra
3261 3059 3398 3111 illam
3421 3073 3560 3127 gen-

1999 3163 2102 3208 tem
2127 3171 2140 3218 ;
2167 3154 2341 3207 statim
2371 3151 2825 3221 obtemperabant.
2857 3149 3256 3219 Distinguehant
3289 3148 3561 3203 dominum

1997 3257 2252 3300 azternum
2284 3259 2313 3296 a
2334 3243 2549 3297 domino
2567 3241 2876 3310 temporali;
2905 3250 2957 3294 ct
2980 3249 3152 3293 tamen
3187 3239 3380 3293 subditi
3417 3248 3567 3292 erant

1998 3344 2214 3406 propter
2237 3334 2508 3388 dominum
2534 3342 2814 3396 mternum,
2844 3331 3001 3386 etiam
3025 3331 3240 3384 domino
3263 3331 3562 3398 temporali.

2068 3428 2120 3480 8.
2149 3425 2248 3480 Sed
2283 3423 2529 3493 numquid
2553 3423 2628 3477 sic
2653 3423 2754 3477 erit
2772 3437 3004 3491 semper,
3044 3431 3098 3475 ut
3125 3421 3286 3491 iniqui
3311 3422 3570 3490 imperent

1992 3518 2188 3590 justis?
2216 3516 2330 3571 Non
2355 3521 2431 3571 sic
2456 3515 2577 3571 erit.
2607 3513 2793 3569 Videte
2819 3515 2958 3568 enim
2987 3513 3109 3582 quid
3137 3513 3276 3568 dicat
3297 3514 3394 3567 iste
3424 3514 3564 3581 psal-

1997 3625 2116 3664 mus
2149 3624 2162 3661 :
2197 3607 2448 3674 Quoniam
2495 3623 2592 3659 non
2631 3605 2935 3674 derelinquet
2961 3603 3206 3657 Dominus
3235 3605 3424 3673 virgam
3454 3620 3568 3672 pec--

1997 3708 2218 3752 calorum
2265 3714 2413 3766 super
2455 3706 2636 3749 sortem
2655 3697 2929 3764 justorum.
2983 3693 3220 3748 Sentitur
3247 3695 3312 3748 ad
3358 3703 3566 3762 tempus

1998 3789 2142 3858 virga
2175 3797 2504 3856 peccatorum
2550 3771 2710 3854 super
2748 3794 2946 3838 sortem
2991 3786 3286 3853 justorum;
3316 3784 3409 3838 sed
3458 3799 3564 3837 non

2000 3879 2071 3934 ibi
2097 3878 2435 3947 relinquitur,
2469 3891 2574 3929 non
2605 3876 2705 3929 erit
2733 3875 2783 3928 in
2814 3886 3091 3928 :nternum.
3127 3874 3312 3929 Veniet
3340 3883 3563 3942 tempus,

1997 3968 2208 4039 quando
2234 3982 2368 4021 unus
2387 3974 2699 4035 agnoscatur
2723 3966 2880 4027 Dens;
2906 3965 3079 4019 veniet
3101 3974 3330 4033 tempus,
3355 3964 3566 4032 quando

1991 4059 2242 4119 .Christus
2268 4058 2318 4112 in
2349 4059 2586 4113 claritate
2613 4071 2705 4111 sua
2736 4071 2994 4126 apparens
3036 4065 3322 4124 congreget
3347 4064 3471 4108 ante
3509 4069 3567 4108 se

1999 4165 2186 4205 omnes
2214 4160 2398 4220 gentes
2421 4191 2435 4213 ,
2484 4157 2539 4203 et
2577 4147 2772 4202 dividat
2827 4162 2947 4213 eas,
2999 4147 3136 4201 sicut
3175 4147 3359 4200 dividit
3388 4156 3567 4215 pastor

2002 4242 2184 4298 haedos
2214 4243 2280 4295 ab
2303 4241 2489 4295 ovibus
2515 4259 2528 4293 :
2561 4256 2687 4296 oves
2717 4250 2876 4309 ponet
2919 4240 2985 4294 ad
3013 4239 3290 4296 dexteram
3315 4257 3328 4303 ;
3386 4240 3568 4295 haedos

2001 4333 2066 4388 ad
2112 4333 2378 4387 sinistram
2421 4330 2650 4401 (Matth.
2682 4347 2805 4395 xxv,
2859 4331 2948 4397 52,
2991 4329 3120 4402 55).
3152 4331 3220 4384 Et
3265 4331 3467 4384 videbis
3497 4330 3570 4384 ibi

2001 4424 2200 4479 multos
2223 4438 2405 4477 servos
2454 4421 2591 4477 inter
2619 4436 2744 4475 oves
2765 4465 2778 4484 ,
2829 4432 2882 4475 et
2931 4423 3121 4476 mullos
3159 4423 3404 4476 dominos
3434 4423 3569 4476 inter

2003 4509 2203 4572 hazdos;
2227 4518 2278 4562 et
2307 4523 2490 4561 rursus
2521 4507 2712 4562 multos
2739 4507 2983 4561 dominos
3012 4508 3148 4562 inter
3176 4523 3307 4562 oves
3329 4550 3344 4573 ,
3374 4509 3570 4562 multos

2002 4613 2186 4653 servos
2213 4598 2348 4652 inter
2374 4597 2579 4651 haedos.
2606 4596 2715 4651 Non
2745 4597 2887 4652 enim
2915 4598 3032 4665 quia
3077 4599 3152 4651 sic
3180 4599 3435 4652 consolati
3475 4613 3569 4651 sn-

2003 4705 2118 4745 mus
2145 4705 2328 4745 servos
2347 4731 2361 4756 ,
2391 4704 2574 4743 omnes
2600 4689 2737 4742 servi
2769 4688 2890 4742 boni
2917 4699 3070 4752 sunt;
3100 4697 3191 4741 aut
3213 4689 3333 4758 quia
3366 4688 3443 4744 sic
3469 4705 3560 4744 re-

2004 4781 2293 4850 pressimus
2333 4779 2632 4849 superbiam
2697 4777 3071 4840 dominorum,
3118 4793 3306 4832 omnes
3369 4779 3570 4832 domini

2007 4873 2130 4927 mali
2160 4880 2300 4926 sunt.
2333 4872 2468 4926 Sunt
2493 4870 2615 4923 boni
2651 4869 2830 4923 lideles
2867 4867 3103 4931 domini,
3134 4876 3188 4922 ct
3235 4876 3359 4922 sunt
3403 4869 3565 4922 mali:

2005 4973 2128 5018 sunt
2147 4963 2268 5018 boni
2299 4961 2479 5016 ﬁdeles
2509 4959 2646 5015 servi
2670 5000 2682 5022 ,
2737 4967 2791 5012 et
2832 4969 2954 5013 sunt
3003 4959 3143 5012 mali.
3174 4959 3278 5013 Sed
3321 4957 3570 5027 quamdiu

2006 5056 2143 5109 servi
2169 5053 2290 5107 boni
2321 5050 2556 5106 serviunt
2583 5050 2736 5103 malis
2763 5049 3007 5112 dominis,
3043 5047 3296 5104 ferautad
3327 5059 3566 5116 tempus:

2010 5145 2142 5210 Quia
2170 5159 2267 5195 non
2291 5141 2590 5210 derelinquet
2617 5139 2860 5194 Dominus
2881 5140 3067 5208 virgam
3088 5148 3398 5209 peccatorum
3422 5155 3573 5208 super

2008 5245 2190 5288 sortem
2210 5235 2480 5304 justorum.
2529 5232 2703 5299 Quare
2749 5230 2880 5286 hoc?
2929 5229 2995 5285 Ut
3025 5248 3123 5283 non
3156 5229 3422 5283 extendant
3441 5230 3574 5299 justi

2008 5324 2075 5376 ad
2103 5323 2408 5393 iniquitatem
2446 5339 2625 5375 manus
2648 5337 2765 5374 suas
2788 5335 2807 5374 :
2835 5330 2890 5374 ut
2911 5320 2974 5373 ad
3014 5328 3220 5388 tempus
3259 5317 3428 5373 ferant
3443 5321 3588 5388 justi.

2009 5416 2215 5484 iniquos
2241 5413 2574 5467 dominantes
2592 5453 2606 5475 ,
2635 5421 2688 5466 et
2716 5397 3007 5480 intelligant
3036 5425 3136 5462 non
3159 5424 3278 5463 esse
3305 5408 3404 5464 hoc
3425 5425 3572 5463 sem~

2012 5506 2274 5574 piteruum
2300 5544 2315 5570 ,
2343 5502 2432 5556 sed
2462 5509 2756 5572 praeparent
2785 5516 2844 5555 se
2880 5499 2943 5554 ad
2987 5498 3354 5568 possidendam
3382 5501 3585 5570 sempi--

2076 5667 2089 5695 ¹
2118 5663 2188 5712 Sic
2211 5668 2308 5709 Am.
2335 5666 2407 5708 Fr.
2435 5665 2484 5708 et
2509 5656 2673 5720 plures
2693 5663 2799 5720 ttss.
2827 5661 2880 5704 Αι
2902 5661 3028 5720 t.ov.,
3060 5651 3246 5706 serviat.
3268 5661 3320 5704 Et
3343 5661 3391 5704 ut
3411 5667 3577 5706 corro-

2015 5725 2216 5785 boraret.
2243 5721 2426 5785 Aliquot
2450 5715 2551 5770 Mss.
2569 5755 2585 5782 ,
2609 5716 2774 5768 seruiet
2797 5723 2844 5766 ut
2867 5715 3146 5766 coriotimet.
