4032 6202
614 292 635 323 ξ’

644 326 675 339 ὑ.

469 338 491 392 1
504 339 606 392 055

466 462 668 505 ternam
714 444 1093 502 hmreditatem.
1144 440 1310 505 Quam
1359 431 1758 491 btereditatem?
1789 428 1886 483 Ubi
1929 426 2024 482 de-

463 551 700 595 struetur
736 537 906 591 omnis
952 541 1252 604 potentatus
1271 571 1285 593 ,
1316 538 1367 583 et
1402 527 1573 580 omnis
1595 533 1857 593 potestas,
1880 529 1936 574 ut
1960 518 2029 573 sit

463 633 607 690 Dens
631 632 804 686 omnia
830 631 881 683 in
905 627 1149 683 omnibus
1187 625 1203 692 (
1231 623 1245 675 l
1275 622 1388 676 Cor.
1421 635 1506 679 xv,
1532 617 1603 672 28
1646 614 1687 688 ).
1718 614 1798 669 Ad
1826 612 1926 667 hoc
1970 625 2029 665 se

465 735 736 781 servantes
756 762 771 787 ,
800 730 853 774 et
881 720 981 774 huc
1007 717 1166 772 corde
1198 712 1615 780 contemplantes
1633 748 1647 771 ,
1694 714 1748 760 et
1775 703 1945 767 adhuc
1975 702 2026 754 in

464 817 568 871 fide
599 819 613 847 ι
646 815 963 872 retinentes,
998 821 1053 865 et
1077 792 1131 861 ut
1154 807 1364 860 videant
1396 803 1741 872 perdurantes
1766 841 1781 864 ,
1809 813 1911 851 non
1929 811 2027 850 ex—

468 906 694 961 tendunt
741 921 920 958 manus
961 919 1077 955 snas
1124 897 1546 966 ininiquitutem.
1574 891 1704 945 Nam
1730 890 1773 942 si
1818 887 2029 941 videant

464 999 586 1067 quia
612 1012 824 1064 semper
851 1002 934 1049 est
979 993 1122 1059 virga
1156 998 1486 1059 peccatorum
1525 997 1685 1048 super
1710 992 1906 1034 sortem
1941 978 2026 1047 ju-

462 1097 694 1150 storum,
720 1085 952 1155 cogitant
976 1082 1110 1151 apud
1137 1097 1215 1145 se,
1238 1088 1291 1132 (ιι
1311 1078 1493 1132 dicunt
1518 1092 1530 1125 :
1562 1073 1695 1140 Quid
1718 1072 1844 1128 mihi
1867 1071 2027 1140 prod-

463 1187 549 1233 est
612 1178 733 1247 quia
775 1177 946 1243 justus
995 1171 1154 1227 sum?
1225 1169 1446 1236 Semper
1496 1166 1622 1219 mihi
1675 1161 2031 1218 dominabitur

461 1271 676 1339 iniquus
694 1311 709 1335 ,
736 1277 788 1323 et
812 1282 1024 1335 semper
1047 1278 1233 1318 servus
1259 1261 1392 1316 ero?
1440 1259 1647 1313 Faciam
1697 1272 1823 1326 ergo
1851 1264 1903 1309 et
1931 1269 2029 1322 ego

464 1361 795 1430 iniquitatem
822 1375 835 1421 ;
868 1359 989 1427 quia
1020 1356 1147 1409 nihil
1178 1353 1391 1424 prodest
1437 1360 1619 1404 tenere
1644 1349 1922 1415 justitiam.
1954 1344 2030 1399 Ne

465 1458 644 1506 autem
688 1449 790 1503 hoc
809 1449 983 1508 dicat,
1014 1446 1306 1500 insinuatur
1334 1442 1404 1495 illi
1439 1441 1568 1495 fides
1593 1481 1605 1503 ,
1636 1438 1755 1507 quia
1784 1436 1847 1490 ad
1893 1446 2028 1489 tem-

467 1556 571 1614 pus
597 1550 769 1610 potest
815 1552 934 1592 esse
971 1539 1114 1606 virga
1142 1543 1480 1603 peccatorum
1534 1544 1697 1598 super
1720 1537 1915 1583 sortem
1949 1526 2029 1591 ju-

463 1647 711 1688 storum:
763 1647 863 1683 non
909 1644 1025 1682 eam
1078 1626 1318 1694 relinquet
1366 1622 1609 1675 Dominus
1658 1634 1806 1689 super
1850 1628 2028 1670 sortem

459 1724 711 1794 iustorum
737 1762 751 1784 ,
781 1728 833 1773 ut
860 1737 961 1773 non
1003 1718 1268 1772 extendant
1285 1715 1413 1786 justi
1433 1715 1483 1767 in
1510 1712 1818 1781 iniquitatem
1851 1725 2029 1762 manus

465 1829 626 1880 suas;
652 1814 744 1867 sed
775 1820 991 1868 teneant
1017 1810 1084 1864 ab
1104 1809 1376 1879 iniquitate
1401 1821 1585 1859 manus
1606 1818 1727 1857 suas
1746 1843 1760 1865 ,
1789 1810 1842 1854 et
1863 1803 2029 1854 lerant

465 1905 825 1976 iniquitatem,
858 1920 962 1957 non
993 1903 1200 1956 faciant.
1232 1899 1416 1954 Melius
1439 1906 1522 1950 est
1541 1896 1681 1949 enim
1724 1892 2027 1960 iniustitiam

463 1999 606 2054 ferre
633 2014 787 2069 quam
815 1997 1007 2052 facere.
1037 1995 1188 2050 Unde
1216 2009 1317 2047 non
1345 2007 1555 2059 semper
1583 1988 1722 2043 erit?
1752 1986 1883 2054 Quia
1930 2003 2029 2039 non

464 2091 771 2160 derelinquat
798 2088 1041 2143 Dominus
1065 2089 1254 2158 uirgam
1301 2093 1614 2154 peccatorum
1658 2095 1809 2146 super
1847 2087 2029 2131 sortem

461 2182 732 2254 iustorum.

525 2256 581 2326 9.
615 2268 762 2342 [vera
789 2269 844 2335 4,
872 2266 949 2340 5.]
997 2267 1105 2321 Hoc
1131 2267 1362 2336 cogitant
1391 2264 1476 2333 qui
1523 2262 1651 2316 recti
1682 2271 1803 2314 sunt
1828 2259 1986 2314 corde
2007 2296 2024 2323 ,

464 2364 533 2419 de
556 2363 747 2433 quibus
784 2361 941 2430 paulo
963 2369 1086 2413 ante
1125 2359 1230 2411 dixi
1254 2399 1270 2419 ,
1315 2359 1402 2427 qui
1444 2355 1764 2409 voluntatem
1801 2353 1888 2407 Dei
1938 2367 2026 2405 se-

461 2464 713 2526 quuntur,
741 2469 845 2509 non
873 2454 1196 2507 voluntatem
1214 2466 1383 2505 suam.
1410 2448 1513 2504 Sed
1531 2447 1619 2517 qui
1645 2448 1666 2477 ⁸
1688 2446 1830 2515 sequi
1862 2445 2025 2497 Deum

460 2548 675 2613 volunt,
708 2532 904 2600 faciunt
924 2544 1068 2598 illum
1098 2541 1480 2610 prauedentem
1508 2580 1521 2601 ,
1549 2547 1603 2592 et
1625 2553 1683 2591 se
1712 2544 2023 2605 sequentes;

460 2653 568 2691 non
595 2646 773 2690 autem
814 2649 873 2689 se
901 2633 1294 2702 praecedentes,
1325 2640 1379 2685 et
1418 2630 1563 2699 illum
1595 2636 1898 2697 sequentem
1929 2642 1941 2677 ε
1973 2636 2029 2681 et

462 2728 516 2782 iu
539 2728 782 2781 omnibus
803 2740 923 2781 eum
949 2724 1143 2779 bonum
1164 2722 1465 2786 inveniunt,
1494 2720 1605 2775 sive
1630 2719 2022 2781 emendautem,

462 2819 573 2872 sive
600 2817 982 2881 consolantem,
1014 2815 1126 2869 sive
1153 2820 1507 2870 exercentem.
1531 2811 1642 2864 sive
1661 2818 2021 2869 coronantem.

461 2909 574 2963 sive
603 2916 908 2977 purgantem
935 2947 950 2972 ,
983 2905 1094 2959 sive
1120 2903 1498 2959 illuminantem
1520 2942 1533 2964 ,
1564 2902 1702 2954 sient
1738 2900 2026 2968 Apostolus

461 2999 569 3064 ait,
599 2997 797 3053 Scimus
820 2997 1058 3064 quoniam
1083 2994 1398 3064 diligentibus
1429 2992 1589 3046 Deum
1612 3034 1626 3053 ,
1656 2991 1821 3045 omnia
1850 3007 2026 3060 coope-

460 3098 636 3144 rantur
652 3090 704 3142 in
733 3087 915 3141 bonum
938 3084 957 3158 (
981 3087 1127 3141 Rom.
1179 3100 1286 3149 vttt,
1325 3083 1396 3139 28
1424 3082 1467 3151 ).
1518 3083 1578 3136 Et
1606 3082 1726 3137 ideo
1766 3082 2021 3151 sequitur,

462 3177 680 3250 Benefac
703 3220 718 3243 ,
749 3178 964 3233 Domine
985 3219 1000 3241 ,
1039 3178 1178 3231 bonis
1200 3218 1214 3239 ,
1242 3187 1294 3249 et
1327 3176 1472 3229 rectis
1498 3175 1667 3227 corde.
1867 3246 1872 3251 .

531 3271 618 3325 10.
649 3269 795 3323 Sicut
823 3279 997 3322 autem
1029 3268 1255 3321 declinat
1283 3281 1312 3319 a
1342 3266 1511 3328 malo,
1559 3275 1612 3318 et
1660 3263 1780 3317 facit
1827 3265 2020 3317 bonum

461 3369 639 3415 rectus
682 3358 845 3413 corde
874 3357 894 3431 (
922 3357 1067 3412 ἴδιαι.
1096 3372 1252 3410 xxxv:
1277 3397 1292 3420 ,
1333 3355 1402 3408 ‘27
1430 3355 1468 3420 ),
1505 3351 1628 3423 quia
1673 3370 1776 3407 non
1807 3361 1941 3406 Zelttl
1973 3356 2021 3407 in

463 3450 859 3520 peccatoribus,
921 3462 1103 3517 pacem
1152 3457 1488 3516 peccatorum
1556 3446 1765 3513 intuens
1807 3448 1822 3512 (
1877 3444 2022 3497 Psnl.

464 3557 602 3596 Lxxu
628 3584 642 3605 ,
687 3542 720 3596 3
746 3538 785 3613 );
837 3541 915 3593 sic
959 3540 1102 3607 pravi
1139 3538 1315 3593 cordis
1336 3538 1400 3602 ³,,
1425 3537 1513 3606 qui
1544 3535 1933 3592 scandalizatur
1971 3538 2022 3590 iu

460 3632 559 3685 \iis
585 3631 788 3685 Domini
811 3673 826 3697 ,
855 3630 1080 3685 declinat
1106 3646 1134 3682 a
1167 3630 1272 3684 Deo
1291 3670 1304 3694 ,
1331 3638 1383 3684 et
1407 3628 1531 3682 facit
1551 3628 1743 3682 malum
1764 3668 1779 3695 ,
1808 3637 1861 3682 et
1884 3628 2024 3682 ines-

462 3734 609 3779 catur
637 3722 920 3777 dulcedine
967 3721 1178 3785 saeculi,
1210 3730 1263 3775 et
1292 3735 1352 3774 ea
1385 3719 1695 3789 illaqueatus
1741 3723 1796 3772 et
1839 3726 2024 3786 captus

467 3832 677 3871 amaras
710 3830 891 3884 penus
934 3815 1048 3868 luit.
1086 3813 1378 3868 Declinanti
1409 3823 1584 3867 autem
1615 3827 1643 3865 a
1676 3812 1785 3866 Deo
1808 3852 1823 3875 ,
1873 3810 2024 3880 cujus

460 3907 791 3976 disciplinam
841 3908 981 3959 ferre
1033 3905 1231 3970 noluit,
1280 3904 1338 3957 lit
1379 3903 1453 3957 illi
1509 3901 1877 3971 perjudicium
1923 3902 2020 3958 Dei

461 4013 616 4052 verus
644 3999 862 4068 laqueus
888 3996 1013 4050 falsa
1038 3997 1294 4050 malorum
1329 3995 1568 4049 felicitas.
1599 3993 1747 4050 Unde
1767 3995 2021 4049 continuo

460 4092 726 4162 subjungit
759 4111 773 4147 :
806 4091 1122 4145 Declinantes
1150 4098 1315 4144 autem
1358 4090 1412 4143 in
1461 4088 1904 4158 strangulationent
1931 4086 2022 4141 (tb—

461 4184 606 4239 ducct
637 4181 661 4214 ⁴
684 4182 933 4237 Dominus
973 4198 1085 4234 cum
1109 4182 1427 4251 aperantibus
1452 4180 1746 4251 injustitiant
1777 4195 1796 4233 :
1826 4180 1875 4233 id
1900 4189 1981 4233 est
2006 4220 2020 4241 ,

461 4291 686 4342 quorum
736 4274 871 4329 facta
923 4274 1107 4328 imitati
1153 4282 1307 4334 sunt;
1340 4273 1459 4343 quia
1506 4288 1687 4327 eorum
1734 4280 2023 4342 prmsentes

463 4366 670 4420 Iustitias
693 4375 1037 4425 amaverunt,
1074 4373 1128 4418 et
1154 4362 1320 4417 futura
1351 4364 1602 4433 supplicia
1647 4379 1751 4419 non
1781 4362 2023 4418 credide-

461 4465 603 4511 runt.
634 4456 732 4523 Qui
759 4471 883 4525 ergo
909 4454 1042 4509 recti
1072 4464 1195 4507 sunt
1222 4454 1382 4508 corde
1405 4496 1419 4516 ,
1465 4464 1517 4507 et
1568 4471 1667 4508 non
1714 4454 2020 4519 declinant,

460 4548 585 4617 quid
614 4546 901 4601 habebunt?
926 4545 1040 4601 Jam
1059 4544 1333 4599 veniamus
1354 4543 1417 4597 ad
1438 4544 1605 4612 ipsam
1635 4544 2019 4611 haereditatem,

459 4639 686 4705 fratres,
719 4639 839 4709 quia
886 4638 977 4691 lilii
1020 4652 1222 4691 sumus.
1268 4635 1402 4702 Quid
1444 4635 1864 4704 possidebimus?
1904 4653 2022 4706 qum

460 4739 545 4784 est
573 4728 888 4783 hzrreditas?
940 4744 1058 4799 qua:
1112 4728 1274 4797 patria
1331 4727 1548 4780 nostra?
1592 4726 1719 4796 quid
1763 4728 2022 4781 vocatur?

460 4820 591 4875 Pax.
638 4820 740 4874 Per
764 4818 902 4873 hanc
932 4834 1023 4874 vos
1052 4820 1374 4886 salutamus,
1400 4818 1534 4872 hanc
1564 4817 1709 4871 vobis
1741 4820 2022 4872 annuntia-

458 4930 577 4968 mus
600 4955 616 4981 ,
652 4914 787 4967 hanc
837 4911 1126 4979 Suscipiunt
1164 4920 1409 4974 montes,
1463 4919 1516 4964 et
1553 4909 1718 4965 colles
1766 4910 2020 4977 justitiam

458 5007 479 5074 (
518 5001 664 5059 Psal.
714 5019 872 5068 LXXI,
926 5004 959 5057 3
988 5003 1027 5074 ).
1088 5002 1201 5070 ipsa
1253 5008 1335 5056 est
1385 4998 1673 5054 Christus:
1722 4998 1842 5070 Ipse
1893 5001 2023 5052 enim

460 5111 533 5153 est
562 5114 665 5169 pax
690 5108 859 5151 nostra
883 5138 897 5161 ,
944 5096 1026 5164 qui
1058 5096 1171 5166 fecit
1216 5105 1424 5162 utraque
1472 5109 1661 5158 unum,
1707 5103 1752 5146 et
1806 5092 2022 5145 medium

463 5194 699 5264 parietem
740 5190 971 5244 maceria:
994 5187 1137 5241 solvit
1189 5184 1421 5257 (Ep/tes.
1470 5201 1526 5250 ιι,
1576 5186 1642 5240 14
1670 5188 1707 5256 ).
1747 5184 1876 5253 Quia
1930 5185 2021 5238 lilii

612 168 621 179 .

622 236 639 271 τ

614 292 635 323 ξ’

644 326 675 339 ὑ.

523 5351 539 5381 ί
565 5355 656 5398 Iov
680 5383 696 5407 ,
716 5352 760 5395 et
783 5345 871 5395 hoc
897 5358 957 5409 in
978 5340 1077 5409 [ide
1099 5356 1118 5393 :
1139 5341 1535 5409 dissentientibus
1556 5339 1666 5409 illd.
1683 5339 1862 5409 _aliis__et
1886 5348 1988 5409 uss.

457 5464 469 5476 ο
492 5411 543 5476 ,ξ
568 5419 667 5476 Am.
684 5401 767 5457 'F.r.
794 5418 845 5476 et
865 5401 1173 5476 aliquotetss.
1208 5404 1450 5475 omittunt,
1485 5402 1569 5453 sed
1609 5401 1691 5466 qui
1715 5415 1731 5451 :
1755 5401 1832 5451 alii
1858 5401 2022 5465 plures

454 5467 505 5517 id
527 5472 726 5535 habent.
746 5470 831 5519 sed
857 5467 1329 5535 non—addunt,_seqlﬁi_-
1416 5531 1426 5535 _
1569 5524 1580 5534 .
1635 5533 1655 5535 ς
1722 5525 1750 5535 ,.

523 5533 544 5564 ⁸
566 5538 640 5579 Er.
679 5538 732 5579 et
767 5537 855 5581 Iov
887 5547 900 5582 :
945 5528 1019 5581 sic
1042 5523 1339 5588 ρινιηῖεοίαῶ
1359 5531 1455 5583 est,
1498 5524 1597 5585 qui.
1634 5523 1891 5588 Particulo,
1918 5530 2018 5581 est,

460 5603 558 5639 non
580 5593 821 5654 reperitur
843 5594 967 5654 apud
1128 5602 1291 5653 neque
1312 5590 1487 5654 namss.
1513 5584 1717 5649 quorum
1741 5584 1886 5654 aliqui
1909 5600 2019 5634 cum

457 5661 558 5700 stu.
584 5645 780 5707 habent,
801 5645 1129 5715 prtiricordins
1157 5665 1174 5701 :
1200 5645 1480 5715 etquidem.
1505 5645 1677 5715 pravus
1699 5645 1858 5715 corde.

520 5723 542 5742 ι
562 5725 658 5758 am.
686 5718 758 5772 ur.
782 5708 831 5760 e't
854 5712 1070 5771 plerique
1094 5721 1220 5768 Mss,
1256 5708 1307 5761 in
1350 5709 1763 5772 strangulationan
1791 5708 2016 5759 adducet.

446 5778 509 5834 At
526 5774 665 5832 LW,
688 5767 900 5823 abducet.
919 5767 1062 5824 Graec.
1086 5780 1191 5822 va
1212 5767 1403 5837 πρωί.

1692 319 1751 373 S.
1792 307 2149 370 AUGUSTINI
2191 310 2487 368 EPISCOPI

3558 304 3694 362 £656

2136 436 2346 484 sumus.
2379 424 2738 480 hzrreditatrm
2793 426 3118 480 habebimus.
3151 424 3217 480 Et
3255 423 3380 494 quid
3425 424 3702 480 vocabitur

2134 513 2246 583 ipsa
2277 513 2556 570 bmreditas
2581 556 2597 581 ,
2630 518 2727 570 nisi
2759 516 2891 585 pax?
2917 516 2981 571 Et
3027 516 3203 571 videte
3229 515 3350 586 quia
3369 514 3699 570 exbzeredati

2133 615 2256 658 sunt
2281 606 2369 673 qui
2393 621 2495 658 non
2531 616 2710 663 amant
2738 623 2917 676 pacem
2952 626 2964 660 :
2996 624 3099 661 non
3149 617 3325 660 autem
3372 615 3553 660 ainant
3599 621 3696 675 pa-

2133 711 2286 764 cem,
2334 698 2423 767 qui
2451 697 2692 753 dividunt
2722 701 2992 753 unitatem.
3035 699 3142 753 Pax
3184 699 3449 769 possessio
3487 699 3695 767 piorum

2134 797 2216 842 est
2238 828 2253 853 ,
2297 787 2560 856 pessessio
2589 788 2871 843 haeredum.
2905 791 2967 844 Et
2991 790 3079 859 qui
3101 799 3224 845 sunt
3248 788 3526 844 met-edes?
3552 788 3696 843 Filii.

2132 878 2327 932 Audite
2352 879 2689 948 Evangelium
2720 898 2730 932 :
2756 878 2898 933 Beati
2938 881 3135 950 paciﬁci
3159 921 3173 943 ,
3203 881 3436 950 quoniam
3474 880 3570 949 ipsi
3600 879 3700 948 lilii

2136 967 2228 1021 Dei
2264 970 2566 1022 vocabuntur
2593 969 2612 1039 (
2643 968 2828 1023 Matth.
2861 986 2910 1036 ν,
2934 971 3030 1040 9).
3075 970 3263 1026 Audite
3301 978 3357 1025 et
3397 970 3700 1026 conclusio-

2134 1076 2255 1114 nem
2283 1060 2437 1130 hujus
2471 1062 2692 1130 psalmi:
2725 1061 2841 1116 Pax
2861 1080 3011 1132 super
3051 1062 3234 1118 Israel.
3266 1064 3466 1128 Israel,
3497 1063 3699 1119 Videas
3742 1098 3745 1101 -

2134 1153 2335 1218 Deum;
2362 1154 2690 1223 Jerusalem,
2741 1155 2881 1210 V'isio
2926 1158 3070 1224 paris
3114 1159 3506 1226 interpretatur.
3538 1157 3746 1236 lntel-t

2134 1246 2260 1316 ligat
2286 1246 2529 1303 Charitas
2573 1257 2746 1303 vestra
2795 1265 2809 1301 :
2863 1249 3020 1303 Israel
3066 1249 3462 1319 interpretatur,
3498 1250 3696 1304 Videtis

2136 1339 2335 1406 Deum;
2384 1340 2675 1395 Jerusalem
2727 1341 3103 1409 interpretatur
3130 1383 3146 1405 ,
3193 1339 3335 1395 Visio
3378 1341 3542 1410 pacis.
3595 1340 3696 1405 Qui

2133 1446 2233 1483 non
2257 1430 2687 1483 commovebuntur
2710 1430 2763 1484 in
2792 1440 3032 1484 tetanum
3055 1431 3078 1482 ?
3108 1430 3209 1495 Qui
3233 1431 3514 1485 inhabitant
3537 1430 3694 1485 Jeru-

2133 1519 2307 1572 sulem.
2338 1519 2449 1573 Non
2477 1520 2950 1574 commovebuntur
2985 1535 3113 1590 ergo
3158 1520 3211 1574 in
3258 1530 3551 1587 aeternum,
3603 1522 3692 1589 qui

2134 1609 2426 1662 inhabitant
2456 1609 2712 1663 visionem
2746 1610 2907 1676 pacis.
2942 1609 3009 1663 Et
3035 1626 3137 1679 pax
3160 1626 3309 1680 super
3337 1607 3523 1664 Israel.
3554 1611 3692 1680 Ergo

2136 1700 2294 1754 Israel
2318 1702 2407 1769 qui
2447 1700 2631 1755 videns
2671 1699 2835 1755 Deum
2870 1711 2983 1762 est.
3015 1701 3199 1756 videns
3247 1716 3426 1771 pacem
3469 1714 3597 1757 est:
3641 1712 3695 1758 et

2135 1792 2246 1861 ipse
2264 1791 2422 1846 Israel
2449 1801 2529 1845 est
2548 1800 2601 1845 et
2618 1790 3065 1861 Jerusalem;quia
3091 1788 3418 1860 populus‘ille
3434 1792 3552 1859 Dei,
3581 1794 3692 1863 ipss

2134 1893 2216 1937 est
2243 1884 2427 1938 civitas
2449 1884 2566 1938 Dei.
2594 1883 2651 1939 Si
2675 1898 2801 1954 ergo
2827 1885 3011 1938 videns
3040 1900 3245 1954 pacem,
3281 1885 3380 1939 hoc
3403 1894 3485 1939 est
3509 1886 3695 1940 videns

2136 1973 2328 2037 Deum;
2360 1974 2549 2027 merito
2571 1982 2625 2027 et
2653 1975 2788 2027 [lous
2817 1974 2928 2041 ipse
2951 1984 3032 2028 est
3060 1988 3179 2043 pas.
3240 1974 3377 2043 Ergo
3401 1974 3521 2045 quia
3550 1975 3695 2029 Chri-

2132 2072 2245 2117 stus
2271 2058 2431 2117 Filius
2456 2064 2549 2118 Dei
2578 2079 2678 2132 pax
2701 2074 2780 2118 est
2800 2104 2815 2129 ,
2858 2063 2977 2118 ideo
3004 2065 3147 2118 venit
3165 2065 3412 2135 colligere
3438 2081 3566 2120 suos
3586 2105 3605 2131 ,
3643 2076 3696 2121 et

2132 2171 2409 2211 secernere
2435 2156 2503 2211 ab
2532 2156 2742 2226 iniquis.
2791 2158 2833 2210 Α
2862 2156 3052 2223 quibus
3081 2157 3309 2226 iniquis?
3339 2158 3438 2224 Qui
3468 2156 3697 2212 oderunt

2132 2246 2424 2302 Jerusalem
2447 2285 2465 2313 ,
2491 2247 2579 2315 qui
2610 2246 2837 2301 oderunt
2865 2262 3045 2315 pacem
3063 2289 3077 2309 ,
3104 2247 3190 2316 qui
3220 2248 3401 2300 volunt
3443 2248 3693 2301 conscin-

2132 2337 2260 2392 dere
2286 2338 2574 2401 unitatem,
2598 2338 2685 2407 qui
2714 2354 2814 2391 non
2850 2337 3073 2393 credunt
3097 2339 3211 2407 paci
3233 2378 3249 2403 ,
3272 2339 3359 2408 qui
3390 2338 3572 2393 falsam
3596 2355 3695 2407 pa.

2132 2444 2246 2484 cem
2273 2431 2624 2499 pronuntiant
2674 2431 2725 2483 in
2777 2429 3002 2499 populo,
3035 2439 3089 2484 et
3131 2446 3234 2483 nou
3289 2430 3430 2483 illam
3479 2429 3693 2484 habent.

2129 2520 2330 2590 Quibus
2378 2521 2745 2588 respondetur,
2775 2535 2894 2576 cum
2937 2521 3200 2585 dixerint,
3239 2521 3339 2576 Pax
3383 2522 3692 2589 vobiscum,

2131 2611 2343 2667 Etcum
2371 2613 2557 2681 spiritu
2611 2624 2743 2666 tuo:
2781 2612 2968 2666 falsum
3008 2613 3222 2676 dicunt,
3272 2621 3327 2667 et
3378 2613 3563 2666 falsum
3593 2630 3695 2667 au-

2130 2705 2296 2758 diunt.
2325 2704 2526 2771 Quibus
2558 2704 2766 2766 dicunt,
2802 2704 2904 2757 Pas
2936 2702 3246 2757 vobiscum?
3285 2718 3417 2772 quos
3446 2713 3696 2773 separant

2130 2812 2159 2849 a
2192 2811 2318 2865 pace
2356 2796 2499 2849 orbis
2530 2805 2806 2849 terrarum.
2840 2794 2908 2849 Et
2954 2795 3145 2863 quibus
3194 2795 3407 2860 dicitur,
3456 2795 3523 2849 Et
3565 2810 3690 2850 cum

2128 2887 2315 2955 spiritu
2345 2884 2468 2940 tuo?
2487 2885 2581 2953 Qui
2603 2884 2964 2939 dissensiones
2990 2886 3399 2955 amplectuntur,
3429 2896 3482 2941 et
3507 2888 3695 2941 odiuut

2130 2993 2313 3047 pacem
2345 2979 2384 3030 ⁸.
2417 2979 2469 3033 Si
2499 2979 2637 3032 enim
2661 2977 2712 3031 in
2743 2978 2931 3047 Spiritu
2962 2994 3144 3032 eorum
3166 2989 3306 3033 esset
3334 2995 3430 3047 pax
3458 3020 3472 3041 ,
3516 2995 3695 3034 nonue

2130 3070 2383 3123 unitatem
2410 3068 2720 3137 diligerent,
2767 3078 2820 3122 et
2872 3069 3235 3137 relinquerent
3263 3068 3693 3125 dissensionem?

2133 3163 2344 3217 Falsum
2398 3176 2523 3230 ergo
2578 3161 3001 3229 pronuntiantes,
3053 3160 3241 3215 falsum
3294 3161 3536 3216 audiunt.
3585 3161 3692 3216 Nos

2129 3268 2312 3307 verum
2364 3255 2796 3322 pronuntiemus,
2851 3264 2905 3309 et
2952 3269 3132 3309 verum
3179 3254 3473 3309 audiamus.
3515 3255 3693 3312 Simus

2130 3343 2287 3398 Israel
2312 3385 2327 3409 ,
2358 3355 2409 3397 et
2438 3344 2818 3413 amplectantur
2864 3360 3079 3415 pacem;
3124 3347 3243 3416 quia
3275 3345 3571 3402 Jerusalem
3610 3354 3695 3403 est

2131 3433 2264 3488 visio
2294 3435 2434 3503 pacis
2453 3478 2466 3500 ,
2497 3446 2550 3525 et
2573 3450 2669 3490 nos
2701 3435 2857 3491 lsrael
2880 3478 2893 3500 ,
2921 3446 2973 3491 ct
2998 3454 3100 3508 pax
3126 3454 3275 3507 super
3298 3435 3479 3493 Israel.

2524 3624 2599 3703 1N
2644 3644 3019 3705 PSALMUM
3064 3643 3291 3705 cxxv

2691 3762 3098 3818 EN.\llR.\Tl0.

2649 3892 2818 3932 εεωιυ
2845 3894 2910 3931 AD
2935 3893 3153 3932 νιεθεη.

2200 3997 2250 4050 1.
2281 3994 2429 4066 [υωέ.
2458 3994 2533 4065 1.]
2560 3995 2703 4050 Sicut
2721 3992 2828 4063 jam
2862 3993 3191 4055 meministis,
3222 4007 3288 4047 ex
3315 3992 3501 4048 ordine
3540 3992 3693 4048 nobis

2128 4088 2470 4143 tractantibus
2497 4088 2597 4141 iste
2640 4087 2871 4156 psalmus
2921 4095 3004 4141 est
3050 4087 3371 4141 centesimus
3412 4086 3694 4141 vicesimus

2128 4180 2361 4248 quintus,
2389 4180 2476 4249 qui
2525 4180 2659 4233 inter
2688 4179 2806 4233 illos
2832 4177 3062 4248 psalmos
3088 4187 3189 4245 est,
3217 4193 3440 4247 quorum
3461 4186 3543 4233 est
3569 4177 3695 4232 titu-

2128 4272 2231 4338 lus,
2266 4270 2525 4327 Canticum
2564 4272 2828 4343 graduum.
2868 4269 3345 4334 Estautem,-sicut
3372 4270 3558 4334 nostis,
3588 4283 3693 4323 vos

2127 4365 2520 4419 ascendentium
2553 4378 2711 4433 :quo,
2741 4363 2837 4415 nisi
2864 4361 2930 4416 ad
2973 4362 3114 4416 illam
3158 4375 3439 4430 supernam
3480 4359 3696 4414 Jerusa-

2129 4456 2254 4520 lem,
2303 4466 2524 4509 matrem
2578 4454 2811 4507 omnium
2862 4462 3123 4518 nostrum,
3161 4467 3278 4526 quze
3320 4460 3401 4506 est
3448 4452 3499 4505 in
3542 4451 3695 4507 caelis

2129 4546 2322 4617 (Gnlat.
2350 4562 2422 4609 ιν,
2449 4545 2580 4617 20)?
2606 4547 2732 4614 Qua:
2778 4560 3003 4614 superna
3053 4532 3315 4614 est,'ipsa
3357 4552 3413 4599 et
3448 4552 3645 4598 aeterna
3677 4561 3692 4598 :

2080 4666 2099 4683 ι
2130 4638 2242 4693 lure
2269 4649 2443 4693 autem
2474 4654 2590 4708 qum
2618 4637 2670 4691 iu
2698 4649 2833 4693 terra
2865 4636 2982 4702 fuit,
3009 4637 3251 4691 umbram
3278 4635 3504 4691 habebat
3530 4636 3694 4690 illius.

2127 4730 2306 4800 Itaque
2352 4732 2448 4785 ista
2507 4730 2725 4794 recidit,
2777 4729 2860 4784 illa
2912 4737 3187 4798 permanet
3231 4747 3245 4782 :
3291 4729 3404 4783 haec
3458 4729 3698 4799 implevit

2128 4831 2334 4891 tempus
2367 4822 2771 4890 prmdicationis,
2806 4821 2893 4875 illa
2917 4829 3057 4875 tenet
3099 4822 3447 4875 aeternitatem
3499 4829 3698 4875 nostra:

2126 4918 2489 4987 reparationis.
2533 4917 2612 4971 Ab
2655 4916 2740 4969 illa
2784 4915 3179 4985 perrgriuamur
3225 4915 3275 4969 in
3323 4914 3419 4968 hac
3460 4913 3586 4979 vita,
3628 4913 3695 4968 ad

2126 5012 2240 5080 ejus
2265 5012 2487 5065 reditum
2528 5010 2884 5078 suspiramus:
2914 5006 3112 5060 tamdiu
3157 5006 3333 5059 misnri
3360 5017 3413 5059 ct
3445 5005 3697 5059 laboran-

2129 5113 2228 5167 tes,
2259 5102 2427 5155 donec
2456 5101 2518 5155 ad
2552 5101 2693 5155 illam
2722 5098 3019 5153 redeamus.
3048 5097 3155 5151 Nec
3196 5098 3339 5152 cives
3379 5097 3544 5151 nostri
3590 5100 3699 5150 An—

2126 5196 2226 5264 geli
2257 5195 2567 5247 tlilttisortu'l
2610 5207 2705 5245 nos
2746 5190 2795 5242 in
2825 5189 3266 5258 peregrinatione,
3298 5188 3390 5244 sed
3417 5191 3700 5249 annuntia-

2126 5294 2315 5339 vet'unt
2368 5284 2518 5359 nobis
2566 5283 2734 5350 ipsum
2784 5282 2978 5349 [legem
3026 5287 3304 5333 venturum
3354 5279 3420 5333 ad
3473 5295 3588 5333 uos.
3633 5279 3701 5334 Ει

2126 5377 2271 5430 venit
2307 5375 2371 5428 ad
2400 5389 2515 5436 nos,
2547 5383 2598 5427 et
2623 5382 2956 5441 contemptus
2981 5381 3062 5425 est
3089 5371 3225 5425 inter
3259 5386 3356 5425 nos
3382 5386 3411 5423 a
3444 5371 3619 5434 nobis,
3648 5378 3703 5424 et

2126 5476 2307 5537 postea
2376 5464 2712 5519 nobiscum“:
2743 5472 2796 5517 et
2853 5461 3033 5517 docuit
3093 5478 3187 5516 nos
3244 5463 3532 5527 contemni,
3577 5463 3701 5532 quia

2188 5582 2203 5612 ¹
2234 5578 2396 5627 tsthaec
2419 5577 2598 5625 verba:
2626 5573 2715 5635 oui
2738 5574 3052 5625 dissemiones
3085 5573 3450 5636 nntplcctuntnr,
3470 5581 3515 5623 et
3538 5574 3704 5624 adimit

2124 5654 2305 5707 pacem,
2331 5640 2504 5707 absunt
2536 5638 2717 5707 annm.
2762 5644 2813 5685 et
2843 5638 2904 5705 ab
2949 5637 3172 5686 omnibus
3196 5644 3318 5693 uss,
3361 5650 3547 5684 necnon
3588 5651 3704 5688 suav

2129 5696 2291 5755 tentia:
2310 5700 2653 5759 subsequentis
2672 5711 2783 5753 vox,
2809 5696 2951 5747 enim.

2198 5769 2214 5795 π
2243 5763 2374 5822 tidd.,
2398 5758 2761 5820 nobisa-unﬁt.
2785 5762 2948 5810 Abest.
2977 5758 3087 5823 fuit,
3114 5774 3135 5807 τι
3161 5766 3263 5811 mss.
