4032 6202
333 285 475 344 1637

340 410 673 474 contemptus
722 416 841 471 est;
896 407 1073 462 docuit
1126 407 1387 471 tolerare,
1437 409 1554 478 quia
1618 411 1890 474 toleravit;

336 499 512 551 docuit
538 498 661 567 pati,
692 497 809 567 quia
842 512 1026 569 passus
1048 508 1162 562 est;
1210 508 1259 553 et
1291 500 1530 568 promisit
1568 510 1893 554 resurrectu-

336 606 441 654 ros,
468 590 588 659 quia
616 591 922 656 resurrexit,
942 591 993 643 in
1021 592 1196 660 seipse
1219 591 1504 646 ostendens
1530 591 1652 661 quid
1679 606 1893 662 sperare

335 680 639 734 debeamus.
669 678 724 734 Si
751 695 896 750 ergo,
939 679 1148 746 fratres,
1176 680 1448 749 Propheta:
1470 681 1688 751 antiqui,
1718 689 1892 750 patres

333 769 519 832 nostri,
561 780 842 839 antequam
886 769 1136 825 Dominus
1160 771 1313 826 Jesus
1342 769 1585 826 Christus
1612 772 1812 827 veniret
1836 772 1890 828 in

329 876 507 927 carne,
527 871 802 933 antequam
831 872 1067 917 mortuus
1098 862 1470 917 resurrexisset
1495 873 1549 918 et
1569 861 1890 918 ascendisset

328 952 381 1005 in
417 952 631 1016 caelum,
676 952 1010 1022 suspirabant
1052 963 1224 1009 tamen
1264 953 1336 1007 illi
1375 953 1598 1020 civitati;
1639 962 1887 1023 quantum

324 1056 424 1095 nos
464 1030 674 1112 Oportet
713 1042 1035 1107 desiderare,
1079 1058 1182 1112 quo
1230 1058 1326 1097 nos
1369 1045 1481 1112 ipse
1508 1044 1805 1112 prmcessit,
1836 1049 1890 1099 et

324 1132 467 1187 unde
530 1148 794 1202 nunquam
843 1134 1099 1187 recessit?
1159 1133 1273 1187 Non
1320 1135 1459 1189 enim
1510 1134 1760 1188 Dominus
1810 1133 1888 1188 sic

322 1224 467 1278 venit
494 1222 559 1277 ad
598 1238 711 1288 nos,
735 1233 793 1277 ut
828 1224 1097 1279 desereret
1125 1224 1354 1293 Angelos
1383 1242 1397 1277 :
1427 1233 1480 1279 et
1505 1225 1606 1278 illis
1635 1225 1885 1291 mansit’,

319 1322 374 1368 et
399 1312 465 1367 ad
513 1329 609 1368 nos
649 1318 823 1378 venit;
874 1315 974 1369 illis
1016 1315 1210 1370 mansit
1250 1315 1300 1369 in
1339 1316 1629 1385 majestate,
1675 1317 1739 1371 ad
1787 1332 1886 1372 nos

317 1405 464 1459 venit
496 1405 545 1458 in
580 1420 757 1460 carne.
803 1405 1027 1460 Eramus
1070 1416 1244 1461 autem
1284 1406 1452 1462 ubi"!
1475 1407 1534 1462 Si
1582 1407 1887 1477 redemptor

316 1481 499 1553 noster
526 1497 612 1552 ille
651 1497 842 1552 dicitur
870 1499 1063 1568 captivi
1092 1498 1418 1553 tenebamur.
1446 1484 1544 1554 Ubi
1574 1514 1699 1568 ergo
1732 1509 1882 1554 tene-

313 1585 523 1651 bamur,
551 1595 608 1642 ut
630 1588 718 1643 ille
746 1588 945 1642 veniret
970 1587 1229 1643 redimere
1253 1588 1521 1659 captivos?
1548 1588 1632 1642 ubi
1666 1588 1882 1644 teneba-

312 1679 473 1735 mur?
497 1679 657 1735 Forte
698 1679 835 1750 apud
865 1679 1155 1735 barbaros?
1194 1681 1349 1752 Pejor
1393 1689 1473 1736 est
1502 1680 1738 1736 barbaris
1764 1682 1882 1735 dia-

311 1769 469 1825 bolus
513 1780 566 1825 et
609 1772 779 1842 angeli
830 1772 965 1841 ej‘us.
1017 1770 1119 1840 Ipsi
1184 1782 1338 1827 antea
1400 1772 1649 1827 tenebant
1711 1788 1878 1843 genus

309 1860 601 1917 humanum
642 1882 657 1918 :
693 1863 760 1917 ab
814 1863 891 1918 eis
936 1863 1161 1919 redemit
1212 1879 1328 1931 nos,
1386 1864 1477 1934 qui
1533 1879 1635 1918 non
1691 1880 1876 1919 aurum

306 1967 484 2023 neque
529 1965 821 2025 argentum,
871 1952 966 2009 sed
1010 1954 1319 2026 sanguinem
1375 1936 1529 2011 suum
1579 1969 1677 2026 pro
1728 1955 1878 2010 nobis

304 2042 475 2098 dedit.
1219 2094 1225 2099 .

371 2133 431 2187 2.
458 2132 736 2201 Quomodo
776 2143 949 2188 autem
994 2132 1153 2188 homo
1180 2141 1398 2189 venerat
1421 2134 1472 2189 in
1499 2135 1873 2205 captivitatem,

302 2224 526 2280 Paulum
566 2226 859 2296 apostolum
912 2226 1316 2296 interrogemus.
1341 2226 1547 2281 Etenim
1588 2228 1700 2298 ipse
1742 2243 1876 2299 prte-

300 2318 460 2385 eipue
507 2318 670 2387 gemit
721 2319 772 2372 in
822 2318 919 2372 ista
964 2318 1281 2388 captivitate.
1344 2320 1615 2388 suspirans
1661 2332 1873 2376 aeterna:

299 2404 634 2471 Jerusalem;
665 2414 722 2462 et
747 2407 925 2461 docuit
951 2424 1045 2461 nos
1067 2423 1278 2477 gemere
1305 2423 1366 2462 ex
1408 2408 1521 2477 ipso
1542 2408 1740 2479 Spiritu
1768 2425 1871 2480 quo

298 2505 350 2550 et
379 2496 475 2550 ille
506 2497 755 2566 impletus
787 2497 1051 2566 gemebat.
1084 2497 1192 2550 Hoc
1220 2498 1358 2551 enim
1390 2498 1463 2552 ait
1490 2516 1502 2550 :
1534 2497 1708 2554 Omnis
1734 2517 1873 2574 creo:-

298 2594 411 2640 tura
442 2587 762 2657 congcmiscit
798 2599 843 2641 et
879 2587 1008 2641 dolet
1043 2603 1195 2658 usque
1232 2604 1380 2640 nunc.
1412 2589 1473 2642 Et
1498 2588 1684 2643 iterum
1715 2609 1727 2644 :
1764 2589 1869 2643 Va-

296 2678 444 2731 nitati
487 2680 619 2731 enim
655 2688 879 2732 creatura
908 2678 1129 2748 subjecta
1173 2689 1266 2741 est,
1312 2678 1404 2743 ait,
1436 2696 1534 2732 non
1561 2692 1754 2749 sponte,
1784 2683 1871 2735 sed

295 2778 505 2840 propter
548 2784 659 2821 eum
699 2769 785 2840 qui
828 2767 1034 2838 subjecit
1079 2770 1131 2822 in
1174 2786 1280 2839 spe.
1316 2770 1537 2824 Omnem
1576 2782 1866 2826 creaturam

295 2860 431 2914 dixit
459 2860 510 2912 itt
543 2859 844 2914 hominibus
873 2859 1029 2914 etiam
1060 2877 1162 2913 non
1192 2860 1547 2927 credentibus,
1572 2863 1663 2917 scd
1693 2872 1864 2918 tamen

294 2949 604 3009 credituris.
625 2950 970 3019 ingemiscere
995 2960 1288 3005 creaturam
1321 2952 1371 3004 in
1399 2951 1681 3006 laboribus.
1706 2952 1868 3006 Num-

293 3041 545 3111 quidnam
572 3043 621 3095 in
654 3042 734 3096 Itis
764 3050 965 3096 tantum
1003 3041 1226 3112 gemit”,
1258 3043 1344 3112 qui
1375 3043 1601 3096 nondum
1626 3045 1866 3100 credide-

292 3133 458 3187 runt?
493 3133 599 3200 jam
641 3148 767 3188 vero
819 3135 869 3187 in
902 3133 981 3187 his
1031 3135 1117 3203 qui
1163 3134 1499 3188 crediderunt
1536 3152 1637 3188 non
1681 3138 1862 3203 gemit,

292 3239 392 3279 nec
442 3225 664 3293 parturit
704 3224 976 3279 creatura?
1008 3223 1125 3278 Non
1168 3225 1328 3278 solum
1347 3236 1529 3285 autem,
1560 3226 1745 3295 inquit,
1775 3228 1862 3282 sed

291 3327 334 3370 et
378 3332 474 3370 nos
502 3315 600 3386 ipsi
637 3316 882 3387 primitias
909 3316 1113 3386 spiritus
1140 3314 1394 3376 habentes.
1423 3317 1472 3369 id
1495 3325 1596 3381 est,
1626 3317 1711 3386 qui
1748 3317 1859 3388 jam

290 3409 483 3478 spiritu
510 3408 615 3463 Deo
640 3410 920 3474 servimus,
940 3408 1026 3478 qui
1051 3407 1158 3478 jam
1182 3417 1356 3463 mente
1375 3408 1481 3463 Deo
1521 3408 1858 3475 credidimus,

289 3512 341 3557 et
361 3501 418 3555 in
443 3501 553 3571 ipsa
578 3501 677 3555 ﬁde
695 3501 953 3571 primitias
974 3499 1224 3570 quasdam
1242 3500 1503 3563 dedimus,
1525 3510 1580 3554 ut
1603 3502 1860 3571 primitias

289 3601 500 3649 nostras
516 3606 798 3662 sequamur
816 3610 829 3643 :
850 3607 974 3661 ergo
993 3600 1044 3644 et
1059 3608 1148 3644 nos
1163 3590 1259 3659 ipsi
1273 3590 1323 3643 in
1339 3589 1698 3663 nobismetipsis
1716 3592 1860 3663 inge-

289 3685 566 3748 miscimus,
578 3682 890 3753 adoptionem
914 3691 1268 3751 exspectantes,
1285 3662 1671 3751 redemptionem
1690 3696 1861 3752 corpo-

289 3777 355 3830 ris
371 3778 552 3830 nostri.
576 3773 831 3829 Gemebat
850 3789 975 3842 ergo
996 3782 1047 3826 et
1074 3772 1206 3839 ipse,
1223 3779 1277 3825 et
1291 3779 1507 3840 gemunt
1526 3785 1709 3824 omnes
1733 3770 1860 3829 lide-

289 3862 389 3932 les,
446 3865 781 3934 adoptionem
835 3869 1222 3931 exspectantes,
1274 3859 1690 3928 redemptionem
1736 3875 1858 3914 cor-

289 3955 434 4026 poris
480 3957 583 4010 sui.
634 3955 730 4010 Ubi
773 3953 1027 4024 gemunt?
1076 3951 1131 4005 In
1176 3953 1270 4005 ista
1322 3951 1658 4005 mortalitate.
1692 3951 1856 4017 Quam

286 4046 703 4115 redemptionem
723 4042 1062 4113 exspectant?
1077 4040 1324 4110 Corporis
1342 4041 1445 4107 sui,
1460 4056 1575 4112 qua:
1591 4043 1860 4110 prazcessit

286 4138 337 4194 in
364 4139 610 4199 Domino,
656 4138 742 4207 qui
788 4134 1124 4190 resurrexita
1154 4132 1414 4197 mortuis,,
1438 4141 1490 4186 et
1527 4132 1764 4185 ascendit
1805 4133 1856 4186 in

286 4230 501 4286 coelum.
552 4228 663 4283 Hoc
692 4226 841 4281 nobis
880 4235 1159 4294 antequam
1206 4222 1475 4284 reddatur,
1512 4235 1729 4277 necesse
1772 4230 1854 4276 est

286 4336 580 4392 getnamus,
610 4321 767 4374 etiam
810 4317 1011 4382 ﬁdeles,
1052 4316 1209 4371 etiam
1252 4321 1542 4383 sperantes.
1605 4313 1726 4367 Ideo
1774 4328 1859 4368 se-

284 4415 467 4485 quitur
510 4413 600 4479 ibi,
640 4422 692 4468 et
715 4412 874 4475 dicit;
901 4424 1019 4464 cum
1047 4408 1265 4472 diceret,
1285 4404 1347 4458 Et
1375 4405 1479 4475 ipsi
1512 4404 1563 4457 in
1592 4405 1857 4459 nobismet-

285 4505 407 4573 ipsis
446 4503 846 4574 ingemisrirrus,
889 4499 1207 4567 adeptionem
1247 4505 1614 4565 exspectantes,
1666 4496 1857 4551 redeat-

285 4597 505 4667 ptionem
548 4592 772 4662 corporis
817 4591 1004 4656 nostri;
1035 4588 1181 4658 quasi
1210 4587 1475 4642 diceretur
1498 4587 1569 4653 ei,
1600 4587 1733 4654 Quid
1761 4587 1853 4642 tibi

286 4701 411 4756 ergo
457 4683 650 4754 profuit
690 4682 949 4747 Christus,
988 4681 1033 4734 si
1077 4673 1248 4734 adlmc
1291 4678 1484 4749 gemis;
1513 4685 1567 4733 et
1594 4679 1856 4750 quomodo

285 4776 525 4832 Salvator
567 4776 768 4830 salvum
815 4782 864 4828 te
906 4771 1061 4827 fecit?
1115 4769 1203 4841 qui
1253 4769 1434 4839 gemit,
1466 4768 1638 4823 adhuc
1683 4784 1854 4839 a-gro-

286 4868 706 4939 tatzsulijnnxit
760 4875 814 4921 et
854 4864 944 4927 ait,
993 4864 1100 4933 Spe
1131 4864 1261 4916 enim
1316 4861 1441 4915 salvi
1488 4860 1608 4931 facti
1662 4877 1850 4915 sumus.

288 4962 420 5027 Spes
477 4972 644 5015 autem
675 4972 787 5022 qua:
838 4956 1050 5021 videtur,
1095 4970 1195 5008 non
1240 4961 1312 5006 est
1349 4968 1461 5024 spes
1489 4968 1508 5006 :
1533 4950 1667 5023 quod
1723 4952 1853 5004 enim

285 5057 413 5110 ridet
455 5054 588 5120 quis,
638 5051 757 5123 quid
800 5048 1009 5119 sperat?
1048 5046 1109 5102 Si
1145 5055 1310 5100 autem
1349 5043 1484 5115 quod
1509 5060 1607 5097 non
1632 5043 1853 5096 videmus

283 5163 540 5214 speramus
559 5186 573 5211 ,
608 5160 695 5213 per
736 5140 1026 5213 patientiam
1055 5145 1397 5206 exspectamus
1432 5132 1609 5203 (Rom.
1629 5132 1854 5196 vm,20-

282 5220 580 5311 23$).3Ecce
623 5251 787 5306 quare
834 5232 1111 5306 gemimus,
1155 5240 1209 5283 et
1254 5228 1517 5298 quomodo
1558 5226 1848 5297 gemimus;

284 5333 403 5404 quia
429 5329 570 5401 quod
615 5341 911 5398 Speramus,
939 5324 1047 5393 jam
1088 5321 1297 5393 quidem
1341 5329 1727 5391 eXSpectamus,
1755 5318 1850 5375 sed

344 5448 358 5476 ¹
386 5447 458 5495 Sic
477 5450 583 5492 Mss.
612 5448 666 5490 Αι
688 5439 818 5488 Hdde
848 5444 1027 5488 Etcum
1045 5433 1142 5485 illis
1158 5431 1346 5484 mansit.

343 5508 365 5537 ¹
390 5491 470 5554 uie
483 5491 615 5566 apud
638 5510 713 5551 Er.
736 5506 930 5566 et_t.ov.
974 5496 1219 5566 post,_ubi,
1244 5495 1449 5566 additur,
1483 5491 1754 5566 redemptor
1771 5503 1855 5540 no-

281 5572 378 5618 ster
399 5566 481 5618 ille
509 5554 689 5616 venisse
710 5561 908 5620 dicitur,
923 5554 1159 5629 etlcnptivi
1180 5557 1452 5629 terteliantur
1471 5568 1490 5617 ;
1517 5554 1648 5619 quod
1667 5555 1730 5603 ab
1751 5566 1849 5602 sm.

282 5637 336 5679 et
361 5638 461 5679 Mss.
488 5629 647 5676 abest.
676 5640 688 5674 :
718 5632 770 5677 et
794 5630 927 5682 ante,
944 5619 1264 5682 ubi,:haben_t,

347 5691 369 5723 ⁸
394 5698 438 5739 tu
454 5678 509 5737 ‘n.
529 5687 673 5738 deest
693 5678 1093 5749 verbum,’gentit,
1111 5680 1237 5745 quod
1264 5694 1324 5729 ex
1346 5687 1417 5729 Er.
1438 5678 1583 5740 tugrl.
1602 5685 1718 5728 ven.
1737 5684 1865 5726 t.ov.‘

287 5754 599 5808 restituamur.
692 5756 749 5800 tt.

1418 291 1800 349 ENARRATIO
1837 294 1902 349 ts
1941 295 2258 356 psauwu
2298 278 2500 365 cxxv.

3226 128 3551 395 .1658

2005 416 2233 509 nondum
2276 429 2540 505 tenemus,
2587 426 2828 486 etdonec
2872 440 3172 501 teneamus,
3221 433 3272 490 in
3315 447 3554 509 tempore

2000 507 2342 577 suspiramus,
2372 515 2492 585 quia
2522 515 2900 591 desideramus,
2943 527 3081 595 quod
3124 528 3353 586 nondum
3396 507 3547 592 tune-

1997 614 2135 655 mus.
2176 601 2387 671 Quare?
2432 605 2563 683 Quia
2605 624 2692 677 spe
2721 612 2847 666 salvi
2886 615 3006 683 [acti
3036 633 3226 673 sumus.
3268 620 3385 679 Jam
3422 639 3550 681 caro

1996 700 2200 761 sumpta
2244 693 2309 748 de
2332 695 2484 753 nobis
2511 696 2562 753 in
2589 698 2831 767 Domino,
2855 721 2959 761 non
3011 722 3125 778 spe,
3159 711 3251 767 sed
3299 730 3359 770 re
3400 718 3545 772 salva

1994 780 2128 837 facta
2154 793 2255 839 est.
2277 785 2578 843 Resurrexit
2606 793 2817 848 enimet
2841 798 3077 852 ascendit
3098 800 3146 854 in
3174 803 3345 873 capite
3368 817 3549 863 nostro

1978 888 2116 953 carp
2158 884 2334 931 nostra
2383 878 2556 943 salva;
2597 880 2647 934 in
2678 884 2926 939 membris
2961 888 3129 944 adhuc
3169 884 3417 950 Salvanda
3442 907 3543 951 est.

1992 962 2189 1018 Secura
2223 965 2484 1036 gaudeant
2505 970 2758 1037 membra,
2786 975 2904 1040 quia
2932 991 2959 1028 a
2985 980 3155 1046 capite
3178 997 3272 1036 suo
3299 1000 3401 1039 non
3425 996 3544 1042 sunt
3566 995 3584 1001 ”

1990 1052 2217 1110 deserta.
2252 1056 2393 1112 Dixit
2429 1060 2567 1112 enim
2608 1063 2856 1118 membris
2884 1066 3236 1127 laborantibus
3264 1090 3278 1129 :
3308 1075 3438 1130 Ecce
3457 1097 3544 1148 ego

1988 1144 2234 1240 volziscum
2260 1163 2367 1200 sum
2397 1164 2550 1221 usque
2572 1152 2638 1203 ad
2652 1157 3120 1213 consummationem
3138 1164 3307 1217 saeculi
3332 1144 3540 1237 (Matth.

1987 1234 2167 1300 xxi'tu,
2183 1234 2295 1304 20).
2315 1236 2388 1291 Ita
2418 1237 2609 1294 factum
2631 1252 2714 1297 est
2741 1254 2795 1297 ut
2814 1257 3241 1306 converteremur
3269 1234 3544 1314 ad‘Deum.

1986 1322 2143 1394 Spem
2197 1328 2337 1383 enim
2378 1346 2482 1386 non
2532 1332 2872 1403 habebamus,
2913 1340 3019 1393 nisi
3055 1342 3119 1395 ad
3169 1346 3451 1414 szeculum;
3492 1359 3542 1405 et

1985 1416 2108 1474 inde
2131 1422 2267 1475 servi
2294 1422 2494 1488 miseri,
2520 1435 2575 1481 et
2605 1427 2684 1483 bis
2722 1431 2922 1496 miseri,
2953 1435 3071 1503 quia
3116 1437 3246 1492 etin
3291 1438 3389 1495 hac
3440 1444 3544 1499 vita

1984 1523 2131 1578 spem
2173 1517 2569 1585 posueramus‘,
2597 1527 2650 1573 et
2679 1518 2862 1576 fackm
2903 1521 3153 1580 habentes
3177 1528 3240 1582 ad
3267 1531 3541 1597 sarculum,
3620 1503 3630 1516 .

1982 1599 2197 1656 dorsum
2244 1613 2425 1658 contra
2475 1607 2660 1663 Deum.
2709 1610 2839 1665 Cum
2904 1629 3027 1668 vero
3077 1621 3396 1675 converterit
3447 1637 3542 1677 nos

1983 1689 2258 1786 Dominus,
2283 1703 2340 1748 ιιι
2360 1694 2469 1765 jam
2497 1698 2808 1769 incipiamus
2831 1702 3027 1786 faciem.
3042 1704 3232 1762 habere
3258 1710 3323 1765 ad
3351 1711 3539 1780 Deum,

1982 1790 2037 1837 et
2079 1783 2293 1840 dorsum
2333 1786 2399 1843 ad
2424 1788 2697 1857 sacculum,
2727 1794 2812 1863 qui
2839 1783 3086 1851 adhuc'in
3115 1797 3194 1851 via
3224 1813 3426 1869 sumus,
3458 1812 3540 1858 ta-

1980 1888 2104 1928 men
2142 1875 2366 1944 patriam
2406 1880 2764 1937 attendimus:
2795 1892 2850 1939 et
2889 1887 3100 1955 quando
3143 1887 3279 1946 forte
3311 1894 3537 1963 aliquam

1978 1964 2369 2023 tribulationem
2399 1972 2643 2041 patimur,
2681 1974 2773 2030 sed
2801 1986 2973 2032 tamen
3022 1988 3260 2039 tenemus
3298 1985 3454 2051 viam,
3487 1998 3539 2042 et.

1977 2053 2118 2126 ligno
2145 2069 2443 2128 portamur;
2461 2079 2618 2135 asper
2636 2067 2846 2137 quidem
2868 2080 3073 2137 ventus,
3088 2075 3179 2128 sed
3206 2086 3392 2133 ventus
3413 2096 3536 2147 pro-

1977 2160 2100 2217 sper
2124 2153 2278 2215 est';
2308 2167 2427 2207 cum
2451 2155 2630 2212 labore
2670 2158 2901 2228 quidem,
2932 2162 3025 2218 sed
3072 2164 3177 2219 cito
3224 2166 3386 2234 ducit,
3431 2174 3536 2227 cito

1975 2237 2234 2307 perducit.
2257 2240 2387 2309 Quia
2412 2258 2538 2314 ergo
2561 2245 2629 2301 de
2652 2249 2955 2318 captivitate
2981 2262 3156 2307 nostra
3171 2257 3533 2323 gemebamus,

1973 2338 2191 2398 gemunt
2214 2341 2389 2386 autem
2416 2344 2470 2389 et
2500 2335 2571 2389 illi
2598 2337 2685 2407 qui
2719 2338 2827 2407 jam
2858 2341 3227 2410 crediderunt;
3270 2351 3534 2416 quomodo

1977 2428 2152 2477 autem
2194 2420 2316 2476 lacti
2369 2438 2552 2481 sumus
2597 2428 2811 2496 captivi,
2853 2430 3001 2485 obliti
3048 2431 3260 2499 fuimus,
3304 2440 3396 2492 sed
3442 2424 3535 2509 per

1973 2509 2296 2581 Scripturam
2343 2530 2821 2574 commemoramur
2852 2537 2866 2574 :
2898 2520 3115 2576 Paulum
3165 2524 3333 2595 ipsum
3385 2529 3532 2598 Apo-

1972 2602 2607 2677 stolum‘interrngentus;
2636 2609 2707 2663 ait
2732 2611 2896 2678 enim,
2940 2611 3138 2668 Scimus
3162 2616 3290 2669 enim
3313 2618 3431 2688 quia
3453 2618 3533 2673 lea:

1969 2697 2243 2762 spiritualis
2268 2709 2405 2777 _est;
2444 2715 2534 2771 ego
2580 2710 2743 2756 autem
2787 2704 3006 2758 carnalis
3043 2721 3174 2769 sum,
3221 2709 3532 2765 venundatus

1969 2791 2059 2841 sub
2102 2800 2302 2856 peccato
2341 2791 2512 2861 (liam.
2541 2808 2634 2857 vn,
2677 2794 2788 2865 14).
2822 2795 2961 2850 Ecce
3004 2799 3142 2852 unde
3187 2799 3302 2853 facti
3348 2815 3531 2856 sumus

1969 2877 2312 2947 captivi,quia
2359 2881 2637 2936 venundati
2683 2899 2864 2939 sumus
2885 2886 2983 2940 sub
3024 2897 3260 2956 peccato.
3289 2888 3415 2956 Quis
3435 2890 3532 2944 nos

1969 2966 2238 3022 vendidit»?
2266 2969 2371 3024 Nos
2399 2971 2518 3040 ipsi,
2550 2974 2637 3042 qui
2664 2976 3026 3031 consensimus
3067 2978 3352 3033 seductori.
3384 2979 3527 3035 Ven-

1968 3055 2094 3111 dere
2156 3074 2251 3112 nos
2296 3062 2582 3130 potuimus,
2627 3063 2886 3126 redimere
2935 3081 3032 3120 nos
3076 3083 3178 3121 non
3228 3084 3526 3137 possumus.

1972 3147 2306 3203 Vendidimus
2323 3166 2419 3207 nos
2430 3154 2775 3211 consensione
2790 3156 3008 3223 peccati,
3029 3157 3333 3212 redimimur
3347 3160 3397 3212 iu
3428 3159 3529 3215 lide
3615 3182 3621 3188 ν

1961 3236 2201 3309 justitiaa.
2231 3240 2453 3311 Sanguis
2480 3246 2618 3296 enim
2646 3244 2903 3301 innocens
2928 3247 3081 3300 datus
3109 3257 3191 3303 est
3229 3264 3324 3318 pro
3348 3249 3523 3315 nobis,

1967 3340 2022 3383 ut
2048 3331 2446 3388 redimeremur.
2465 3334 2485 3366 ³
2512 3332 2904 3408 Quemcumque
2943 3341 3249 3409 sanguinem
3279 3341 3368 3397 ille
3396 3341 3527 3397 fudit

1946 3423 2328 3497 persequendo
2370 3426 2562 3496 justas,
2590 3428 2797 3497 qualem
2823 3431 3131 3500 sanguinem
3156 3431 3326 3487 fudit?
3350 3432 3527 3489 Justu-

1962 3528 2078 3567 rum
2112 3515 2323 3584 quidem
2349 3519 2656 3588 sanguinem
2693 3520 2854 3585 fudit;
2888 3521 3291 3593 Prophetarum,
3320 3535 3522 3593 patrum

1964 3615 2283 3671 nostrorum,
2333 3608 2596 3677 justoruni
2624 3612 2929 3680 sanguinem
2956 3612 3087 3666 fudit
3115 3622 3168 3668 et
3192 3625 3475 3684 martyrum
3506 3631 3519 3668 :

1960 3704 2135 3750 tamen
2165 3713 2351 3752 omnes
2377 3698 2444 3753 de
2474 3701 2758 3769 propagine
2806 3703 3002 3771 peccati
3029 3703 3320 3757 venientes.
3350 3703 3527 3758 Unum-

1960 3789 2268 3859 sanguinem
2298 3782 2430 3844 ludit
2458 3792 2572 3861 ejus
2600 3794 2687 3861 qui
2716 3809 2819 3847 non
2854 3794 3190 3862 justilicatus,
3218 3794 3309 3848 sed
3346 3794 3522 3865 justus

1960 3891 2113 3937 natus
2137 3893 2213 3937 est
2248 3900 2260 3934 :
2293 3883 2383 3936 illo
2411 3885 2667 3954 sanguine
2691 3886 2825 3951 fuso,
2859 3885 3083 3954 perdidit
3110 3902 3241 3956 quos
3288 3888 3517 3942 tenebat.

1961 3974 2065 4030 Pro
2091 3976 2279 4046 quibus
2300 3977 2440 4031 enim
2471 3977 2623 4031 datus
2654 3986 2735 4034 est
2764 3979 3018 4033 innocens
3060 3980 3290 4049 sanguis.
3311 3979 3520 4034 redem-

1959 4067 2034 4136 pti
2079 4076 2233 4132 sunt;
2288 4076 2343 4124 et
2385 4069 2625 4122 conversi
2654 4071 3050 4152 a‘captivitate,
3106 4077 3318 4124 cantant
3363 4071 3520 4129 istum

1958 4160 2238 4229 psalmum.
2869 4172 2885 4191 '
3040 4234 3049 4239 _
3366 4232 3373 4239 Ι

2029 4251 2082 4306 5.
2128 4247 2255 4306 Cum
2306 4260 2606 4303 converteret
2636 4256 2658 4288 δ
2703 4249 2949 4306 Dominus
2991 4234 3318 4323 captivitatem
3358 4234 3519 4322 Sion,

1958 4339 2081 4410 [acti
2115 4356 2288 4394 sumus
2324 4340 2449 4393 sicut
2497 4341 2759 4410 consolati.
2807 4341 2919 4397 Hoc
2946 4342 3110 4397 voluit
3134 4343 3329 4409 dicere,
3375 4343 3519 4399 Facti

1959 4444 2139 4485 sumus
2163 4431 2468 4500 gaudentes.
2500 4405 2759 4498 Quando?
2785 4431 2908 4494 Cum
2950 4444 3247 4489 converteret
3273 4434 3521 4491 Dominus

1932 4524 2291 4592 -raptivitatem
2329 4521 2475 4577 Sion.
2524 4523 2654 4592 Quae
2698 4525 2866 4579 Sinti?
2914 4525 3026 4594 Ipsa
3078 4525 3404 4589 Jerusalem,
3467 4537 3521 4581 et

1958 4623 2153 4667 teterna
2173 4612 2318 4668 Sion.
2340 4614 2615 4679 Quomodo
2634 4624 2829 4670 mterna
2851 4616 2998 4677 Sion,
3016 4618 3280 4685 quomodo
3299 4618 3505 4687 captiva

1957 4703 2120 4761 Sion?
2149 4705 2202 4760 ln
2223 4706 2436 4776 angelis.
2466 4713 2683 4769 teterna,
2712 4706 2763 4759 iu
2795 4705 3094 4761 hominibus
3144 4708 3373 4778 captiva.
3404 4707 3518 4765 Non

1957 4797 2096 4854 enim
2127 4812 2312 4855 omnes
2336 4798 2474 4852 illius
2500 4797 2728 4852 civitatis
2754 4798 2897 4853 cives
2924 4797 3113 4869 eaptivi
3135 4809 3289 4863 sunt;
3309 4799 3401 4855 sed
3431 4802 3518 4870 qui

1958 4888 2081 4945 inde
2128 4889 2547 4959 peregrinantur,
2574 4888 2673 4957 ipsi
2710 4888 2900 4957 captivi
2922 4897 3063 4942 sunt.
3095 4889 3262 4944 llomo
3289 4889 3417 4944 civis
3440 4901 3523 4944 est

1956 4983 2270 5049 Jerusalem,
2298 4982 2392 5037 sed
2430 4981 2669 5037 venditus
2690 4981 2789 5035 sub
2836 4993 3070 5051 peccato,
3104 4981 3379 5036 factusvest
3405 4996 3521 5049 per-

1958 5077 2187 5145 egrinus.
2218 5076 2292 5129 De
2331 5073 2616 5144 propagine
2641 5072 2806 5142 ipsius
2836 5084 3013 5128 uatum
3043 5083 3309 5144 cstgenus
3336 5075 3519 5126 huma-

1958 5182 2107 5230 num,
2156 5176 2211 5219 et
2259 5164 2493 5239 implevit
2544 5174 2710 5220 terras
2753 5165 3027 5234 captivitas
3073 5163 3258 5219 Sion“.
3304 5164 3371 5216 Et
3421 5162 3520 5217 ista

2021 5301 2037 5332 ι
2068 5307 2165 5347 Am.
2194 5306 2243 5348 et
2260 5310 2430 5363 omnes
2449 5311 2597 5362 prope
2621 5306 2724 5363 Mss,
2748 5301 2989 5363 omittunt,
3013 5311 3144 5363 spem
3164 5311 3488 5363 posueramus.

2018 5364 2040 5394 ²
2063 5363 2136 5410 Sic
2158 5367 2230 5409 Er.
2259 5367 2311 5409 et
2339 5359 2520 5421 aliquot
2538 5359 2645 5413 'Mss.
2673 5361 2759 5409 Alii
2785 5374 2902 5409 vero
2925 5359 3050 5419 libri,
3073 5359 3228 5409 ποθέειν
3249 5366 3336 5411 est.

2022 5424 2043 5454 ³
2063 5429 2135 5471 Er.
2163 5430 2214 5471 et
2235 5429 2344 5471 Lov.
2362 5456 2377 5481 ,
2400 5430 2500 5470 non
2519 5435 2876 5486 quemcumque.
2913 5423 3058 5471 Abest
3074 5455 3089 5481 ,
3113 5433 3232 5482 non,
3269 5423 3330 5470 ab
3349 5430 3450 5471 Am.
3470 5429 3522 5496 et

2020 5546 2042 5577 ⁵
2066 5545 2139 5594 Sic
2156 5542 2469 5594 Fleriacensis
2490 5551 2571 5594 Ms.
2594 5544 2689 5593 hoc
2711 5542 2832 5593 loco.
2856 5550 2911 5592 At
2946 5542 3079 5600 Edd.,
3098 5555 3207 5594 cum
3222 5544 3518 5600 converterit.

2019 5608 2041 5639 ⁵
2066 5592 2230 5655 ρἰιτθε
2249 5592 2371 5673 ttss.,
2391 5592 2701 5673 captivitate._
2717 5592 2779 5654 Et,
2789 5592 2976 5673 quidam
2999 5592 3106 5673 cum
3125 5592 3526 5673 mitissimus

1958 5669 2082 5735 ξίοη.
2112 5674 2210 5717 Mox
2234 5681 2244 5727 |
2264 5665 2460 5735 lerique'
2478 5675 2602 5735 Mss,
2623 5673 2669 5715 et
2684 5665 2775 5715 ista
2797 5665 2987 5735 captiva?
3002 5666 3128 5735 Sion.
3153 5665 3392 5735 Quomodo
3415 5680 3527 5717 um-

1960 5728 2065 5790 bra,
2091 5738 2186 5781 etc.
2216 5737 2266 5779 Al.
2289 5728 2615 5781 Noviomensis
2634 5736 2715 5779 tus.
2733 5728 2926 5791 omittit,
2944 5734 2990 5779 et
3020 5728 3111 5780 ista
3133 5730 3377 5794 captivitas
3397 5738 3528 5781 Stoa.
