4032 6202
510 321 645 376 i630

503 434 777 502 captivitas
829 432 952 485 Sion
998 430 1261 502 quomodo
1309 431 1490 487 umbra
1536 431 1674 487 illius
1728 433 2056 487 Jerusalem?

507 524 699 579 Umbra
733 524 869 577 illius
897 523 1022 577 Sion
1064 538 1220 590 quam
1265 532 1583 591 acceperunt
1608 521 1772 577 Judaei
1800 523 1850 576 in
1872 523 2057 592 imagi-

506 630 594 679 ne,
623 618 670 668 in
703 617 860 682 figura
892 612 989 666 fuit
1015 613 1066 666 in
1104 613 1402 680 captivitate
1441 613 1492 667 in
1522 613 1828 683 Babylonia,
1859 623 1912 667 et
1943 623 2058 682 post
2092 601 2098 610 ”

504 705 824 772 septuaginta
863 717 1027 757 annos
1073 703 1226 756 rediit
1271 704 1358 756 ille
1417 703 1640 773 populus
1683 703 1748 758 ad
1794 704 2055 758 civitatem

502 810 646 847 suam
675 791 892 865 (Jercm.
916 809 1058 856 χχιχ,
1080 793 1173 857 1ος
1201 805 1245 846 et
1271 793 1460 847 lEsdr.
1488 794 1557 863 ι).
1575 794 1908 865 Septuaginta
1935 796 2057 849 anni

501 884 796 953 significant
814 899 969 937 omne
992 891 1196 952 tempus
1213 884 1350 954 quod
1375 894 1576 954 septem
1599 885 1784 941 diebus
1803 888 2056 944 volvitur:

502 988 618 1028 cum
661 983 833 1028 autem
885 975 1145 1028 transierit
1172 989 1328 1028 omne
1355 984 1577 1043 tempus,
1601 985 1723 1030 tunc
1751 976 1982 1032 redimus
2005 987 2059 1033 et

500 1082 597 1121 nos
625 1067 687 1121 ad
719 1068 933 1136 patriam
975 1077 1203 1121 nostram
1226 1083 1240 1129 ;
1267 1067 1530 1136 quomodo
1571 1068 1657 1123 ille
1682 1069 1904 1138 populus
1941 1081 2060 1140 past

500 1160 822 1229 septuaginta
867 1175 1032 1214 annos
1063 1160 1216 1214 rediit
1238 1177 1266 1213 a
1292 1161 1600 1229 captivitate
1617 1160 1933 1232 Babyloniae.
1959 1164 2058 1216 Ba-

501 1249 708 1320 bylonia
735 1259 816 1304 est
839 1250 976 1304 enim
1009 1250 1232 1304 mundus
1259 1251 1354 1304 iste
1386 1268 1399 1304 :
1429 1250 1712 1322 Babylonia
1738 1251 1877 1306 enim
1903 1255 2058 1308 inter.

501 1334 754 1410 pretatur,
785 1339 1053 1393 Coufusio.
1097 1339 1284 1394 Videte
1326 1341 1368 1393 si
1396 1355 1501 1394 non
1546 1344 1626 1396 es't
1670 1341 1908 1396 confusio
1949 1352 2056 1398 tota

500 1430 606 1484 vita
657 1429 901 1483 humana.
945 1429 1203 1499 Quidquid
1243 1442 1403 1500 agunt
1441 1431 1680 1487 homines
1703 1433 1753 1486 in
1782 1448 1876 1502 spe
1901 1448 2054 1499 vana,

501 1519 710 1590 quando
753 1521 1088 1590 cognoverint
1131 1521 1252 1590 quid
1299 1530 1478 1590 agunt,
1520 1522 1854 1577 erubescunt.
1884 1523 2057 1590 Quare

503 1612 778 1668 laborant?
817 1613 898 1667 cui
931 1613 1206 1667 laborant?
1260 1613 1408 1667 Filiis
1435 1615 1600 1682 meis,
1631 1616 1819 1684 inquit.
1869 1616 1933 1670 Et
1959 1615 2057 1684 ipsi

500 1706 622 1760 cui?
648 1706 790 1762 Filiis
819 1707 947 1760 suis.
973 1706 1037 1760 Et
1065 1691 1158 1774 ipsi
1180 1705 1400 1774 quibus?
1419 1705 1563 1760 Filiis
1587 1705 1715 1761 suis.
1739 1706 1904 1761 Nemo
1929 1721 2058 1776 ergo

501 1796 620 1852 sibi.
652 1796 734 1862 Ab
756 1796 856 1850 ista
884 1811 1009 1865 ergo
1036 1795 1341 1850 confusione
1356 1795 1462 1863 jam
1485 1796 1728 1849 conversi
1753 1805 1922 1861 erant,
1942 1797 2058 1866 qui-

499 1886 598 1943 bus
626 1885 752 1939 dicit
778 1887 1058 1954 Apostolus
1088 1904 1100 1938 :
1129 1885 1290 1950 Quam
1330 1886 1460 1938 enim
1481 1886 1693 1956 gloriam
1721 1886 1974 1941 habebatis
2003 1888 2055 1940 in

500 1975 599 2041 his,
627 1976 678 2028 in
703 1976 873 2045 quibus
893 1992 1025 2029 nunc
1053 1973 1332 2029 erubescitis
1354 1977 1521 2047 (Rom.
1556 1992 1625 2043 vr,
1647 1975 1780 2048 il)?
1806 1976 2057 2033 Confusio

499 2081 627 2137 ergo
655 2075 736 2120 est
771 2066 867 2120 ista
896 2075 1001 2121 tota
1028 2067 1132 2120 vita
1161 2082 1335 2121 rerum
1361 2067 1729 2134 lmmanarum,
1771 2085 1874 2123 non
1899 2070 2056 2138 perti-

499 2171 632 2212 nens
660 2155 724 2210 ad
754 2157 935 2211 Deum.
963 2156 1020 2210 ln
1051 2158 1147 2212 hac
1173 2156 1500 2223 confusione,
1537 2158 1586 2211 in
1617 2158 1713 2212 ista
1744 2158 2050 2230 Babylonia,

497 2247 699 2316 captiva
745 2256 948 2303 tenetur
966 2248 1091 2303 Sion
1121 2267 1136 2302 :
1166 2248 1258 2304 sed
1291 2249 1549 2304 convertit
1592 2249 1848 2306 Dominus
1885 2252 2052 2321 capti-

497 2339 709 2394 vitatem
739 2338 886 2395 Sion.

571 2429 624 2484 4.
658 2428 724 2483 Et
759 2430 881 2499 facti
903 2447 1102 2497 sumus,
1148 2430 1331 2501 inquit,
1381 2432 1506 2486 sicut
1543 2431 1784 2486 consolati
1815 2448 1834 2486 :
1866 2432 1916 2488 id
1942 2442 2041 2500 est,

504 2521 667 2590 gavisi
719 2537 922 2586 sumus,
972 2533 1217 2592 tanquam
1265 2524 1676 2579 consolationem
1715 2525 2048 2616 accipientes.

500 2608 814 2670 Consolatio
833 2631 937 2669 non
981 2625 1064 2670 est
1092 2601 1216 2670 nisi‘
1237 2616 1571 2682 miserorum,
1607 2601 1897 2670 consolalio
1946 2633 2052 2672 non

497 2713 575 2760 est
603 2705 701 2760 nisi
728 2705 1069 2775 gementium,
1095 2705 1401 2775 lugentium,
1428 2705 1598 2771 Quare
1621 2707 1764 2775 quasi
1788 2707 2048 2772 consolati,

497 2795 599 2850 nisi
634 2797 752 2865 quia
787 2795 959 2861 adhuc
998 2797 1272 2867 gemimus.
1304 2796 1573 2854 Gemimus
1619 2797 1670 2852 in
1699 2814 1777 2863 re,
1808 2800 2050 2855 consola-

497 2899 617 2940 ntur
642 2885 694 2940 in
720 2899 812 2954 spe
842 2903 855 2938 :
883 2899 1002 2940 cum
1035 2885 1298 2940 transierit
1322 2902 1407 2942 res
1433 2888 1472 2954 ⁸,
1500 2887 1566 2940 de
1584 2889 1780 2960 gemitu
1805 2890 2048 2958 gaudium

499 2981 671 3035 veniet
691 2989 964 3045 aeternum,
993 2981 1080 3035 ubi
1106 2995 1208 3034 non
1231 2995 1364 3052 opus
1393 2983 1494 3038 erit
1523 2985 1902 3047 consolatione,
1927 2984 2048 3052 quia

494 3073 636 3131 nulla
664 3073 874 3130 miseria
913 3073 1284 3130 sauciabimur.
1313 3075 1486 3142 Quare
1513 3083 1687 3130 autem
1717 3076 1846 3128 velut
1873 3091 2050 3128 conso-

495 3166 586 3220 lati
609 3169 718 3229 ait,
745 3175 800 3221 et
825 3181 930 3220 non
957 3166 1056 3231 ait,
1087 3166 1382 3220 consolati?
1421 3165 1537 3221 Non
1573 3182 1782 3235 semper
1808 3167 1953 3236 quasi
1983 3166 2048 3220 ad

493 3257 888 3310 similitudinem
917 3257 1127 3325 ponitur
1167 3257 1275 3324 hoc,
1291 3259 1532 3321 verbum,
1558 3258 1685 3311 sicut
1717 3274 1735 3311 :
1759 3257 1896 3328 quod
1919 3257 2051 3312 dici-

494 3361 632 3410 mus,
675 3347 821 3412 sicut,
863 3347 1144 3416 aliquando
1169 3347 1234 3402 ad
1262 3349 1635 3417 proprietatem
1664 3349 1918 3415 refertur,
1948 3351 2048 3404 ali-

494 3435 700 3506 quando
727 3436 791 3490 ad
829 3437 1257 3503 similitudinem;
1286 3437 1442 3492 modo
1469 3437 1533 3491 ad
1561 3439 1931 3508 pr0prietatem
1960 3456 2047 3495 re-

495 3529 656 3584 latum
703 3538 803 3584 est.
849 3529 953 3585 Sed
991 3531 1229 3600 exempla
1271 3531 1424 3586 nobis
1465 3531 1620 3586 etiam
1673 3532 1739 3586 de
1784 3533 2045 3588 communi

494 3621 753 3679 locutione
774 3624 1040 3678 hominum
1070 3623 1238 3679 danda
1269 3634 1410 3690 sunt,
1445 3635 1500 3680 ut
1529 3625 1676 3682 facile
1702 3627 2037 3696 intelligatur.

494 3714 711 3782 Quando
738 3715 979 3782 dicimus,
1011 3716 1158 3771 Sicut
1185 3716 1311 3770 vixit
1347 3727 1510 3786 pater,
1548 3718 1616 3770 ita
1667 3727 1720 3780 et
1770 3718 1939 3781 filius;
1979 3719 2044 3772 ad

493 3807 882 3862 similitudinem
909 3807 1006 3863 hoc
1028 3808 1248 3863 dicimus
1281 3826 1294 3863 :
1329 3817 1400 3872 et,
1444 3810 1593 3864 Sicut
1617 3824 1780 3878 pecus
1803 3810 2042 3877 moritur,

495 3898 562 3952 ita
609 3899 766 3953 homo
808 3901 1058 3966 moritur;
1115 3900 1182 3955 ad
1231 3901 1624 3956 similitudinem
1676 3901 1776 3956 hoc
1823 3903 2040 3958 dicitur.

492 3991 710 4059 Quando
743 4001 918 4047 autem
934 3993 1180 4060 dicimus,
1212 3992 1358 4048 Fecit
1380 3995 1518 4049 sicut
1543 3994 1626 4048 vir
1655 3993 1856 4059 bonus;
1887 4011 2040 4048 num-

493 4083 612 4152 quid
641 4098 745 4138 non
772 4093 856 4138 est
878 4088 955 4137 vir
982 4084 1148 4138 bonus
1170 4125 1184 4149 ,
1216 4083 1309 4138 sed
1339 4083 1732 4139 similitudinem
1761 4085 1919 4138 habet
1947 4085 2043 4138 viri

493 4173 653 4228 boni?
674 4174 816 4229 Fecit
839 4185 1081 4245 tanquam
1103 4175 1308 4245 justus;
1336 4177 1434 4230 hoc
1461 4185 1726 4246 tanquam,
1757 4192 1858 4230 non
1891 4187 2046 4246 negat

492 4279 610 4318 eum
628 4264 824 4334 justum
850 4279 987 4329 esse,
1016 4265 1106 4319 sed
1134 4265 1504 4335 proprietatem
1526 4267 1642 4334 ejus
1667 4267 1915 4322 ostendit.
1945 4266 2044 4323 Fe-

491 4357 609 4408 cisti
644 4357 778 4410 sicut
801 4367 1015 4410 senator
1043 4373 1057 4409 :
1088 4357 1226 4425 Er’go
1256 4371 1356 4410 non
1382 4371 1498 4411 sum
1525 4369 1754 4423 senator,
1789 4360 1832 4413 si
1861 4359 1999 4413 dicat
2024 4375 2039 4411 :

492 4444 602 4500 lmo
630 4447 748 4516 quia
778 4462 856 4512 es,
887 4447 1020 4500 sicut
1065 4458 1275 4500 senator
1303 4445 1504 4511 fecisti;
1530 4459 1582 4503 et
1611 4449 1729 4516 quia
1763 4449 1936 4517 justus
1961 4465 2037 4514 es,

491 4536 627 4590 sicut
645 4537 818 4605 justus
841 4536 1006 4592 fecisti
1031 4553 1046 4601 ;
1073 4545 1125 4591 et
1143 4538 1261 4606 quia
1289 4537 1455 4592 bonus
1482 4553 1558 4600 es,
1606 4540 1740 4593 sicut
1767 4541 1934 4594 bonus
1964 4540 2043 4595 fe-

489 4627 627 4682 cisti.
660 4627 796 4698 Ergo
825 4628 943 4696 quia
967 4637 1021 4682 et
1045 4627 1127 4683 isti
1155 4644 1280 4682 vere
1302 4628 1553 4689 consolati
1576 4639 1744 4694 erant,
1773 4632 1898 4683 sicut
1918 4648 2040 4684 con-

488 4717 637 4770 solati
685 4715 1012 4786 gaudebant;
1062 4717 1111 4770 id
1163 4725 1281 4782 est,
1328 4731 1584 4786 magnum
1617 4727 1732 4771 erat
1794 4720 2039 4787 gaudium

489 4807 721 4876 ipsorum
748 4847 763 4873 ,
824 4813 1071 4876 tanquam
1127 4807 1553 4870 consolatorum,
1600 4807 1690 4861 illo
1732 4809 2039 4865 cnnsolaute

487 4897 772 4951 morituros
830 4894 921 4966 qui
993 4905 1232 4950 mortuus
1299 4907 1400 4951 est.
1476 4896 1671 4950 Omnes
1732 4897 1870 4951 enim
1930 4914 2040 4953 mo-

486 4985 672 5042 riendo
695 4980 954 5056 gemimus
984 5005 998 5039 :
1027 4988 1324 5042 consolatus
1353 4997 1433 5042 est
1459 4988 1545 5042 ille
1565 4989 1652 5058 qui
1675 4999 1911 5043 mortuus
1937 5001 2037 5057 est,

487 5093 555 5133 ne
584 5078 716 5132 mori
761 5079 1082 5132 timeremus.
1116 5078 1266 5132 Prior
1308 5080 1612 5145 resurrexit,
1649 5090 1702 5133 ut
1729 5081 2041 5138 haberemus

486 5169 626 5239 quod
664 5157 1015 5239 speraremus.
1039 5169 1170 5235 Quia
1199 5184 1327 5239 ergo
1371 5170 1512 5238 prior
1540 5173 1825 5225 resurrexit
1847 5211 1860 5236 ,
1893 5188 2039 5242 spem

489 5262 642 5315 nobis
670 5261 814 5316 dedit
843 5279 857 5316 :
880 5263 1000 5330 quia
1029 5262 1083 5315 in
1109 5261 1320 5316 miseria
1352 5262 1530 5330 positi,
1556 5277 1650 5332 spe
1668 5265 1924 5319 consolati
1951 5282 2038 5319 su-

487 5366 639 5418 mus;
668 5351 788 5406 hinc
811 5353 1058 5422 gaudium
1088 5367 1352 5423 magnum.
1399 5353 1466 5408 Et
1493 5356 1752 5409 convertit
1792 5357 2043 5410 Dominus

488 5443 843 5510 captivitatem
870 5453 1101 5499 nostram
1125 5485 1140 5510 ,
1173 5452 1231 5500 ut
1249 5444 1357 5515 jam
1381 5445 1447 5500 de
1473 5446 1775 5519 captivitate.
1794 5449 1926 5502 viam
1963 5459 2043 5505 te—

492 5549 730 5602 neamus,
757 5547 811 5592 ct
835 5554 1015 5595 eamus
1041 5539 1104 5595 ad
1127 5543 1367 5610 patriam.
1391 5539 1505 5596 Jam
1527 5557 1652 5612 ergo
1675 5542 1956 5614 redempti,
1991 5544 2042 5598 in

561 5687 576 5717 ι
603 5687 672 5735 sic
694 5701 862 5758 omnes
880 5700 988 5758 )lss.
1009 5701 1062 5742 At
1079 5694 1208 5744 md;
1232 5694 1464 5747 Gemimus
1487 5695 1536 5745 iu
1557 5709 1656 5758 spe,
1680 5697 1970 5748 consolamur
1994 5698 2042 5750 in

501 5759 551 5795 rc
573 5761 590 5796 :
612 5759 720 5796 cum
739 5755 977 5801 transierit
1006 5767 1127 5813 spes.

1721 319 1778 375 S.
1811 317 2164 375 AUGUSTI.“
2207 319 2499 380 EPISCOPI

3485 305 3488 312 ’
3579 341 3713 398 teet)

2165 437 2244 486 via
2283 451 2385 490 non
2435 438 2709 495 titucamus
2751 443 3055 501 insidiantes
3093 445 3272 504 hostes
3315 461 3541 509 nostros.
3596 457 3711 514 Ideo

2163 527 2301 580 enim
2330 527 2551 584 redemit
2583 547 2678 585 nos
2697 575 2712 599 ,
2746 545 2801 588 nt
2825 552 2926 590 non
2955 539 3144 594 audeat
3167 541 3335 597 hostis
3362 545 3598 602 insidiari
3623 566 3713 605 no-

2164 615 2263 678 bis,
2314 619 2357 672 si
2395 620 2462 674 de
2491 621 2570 675 via
2599 640 2700 678 non
2728 629 3118 683 recesserimus.
3152 631 3268 700 Ipse
3296 637 3434 688 enim
3476 637 3711 695 Christus

2163 704 2330 760 factus
2349 717 2432 762 est
2457 711 2536 764 via
2562 713 2751 784 (Joan.
2786 733 2894 782 XIV,
2924 719 3014 789 6).
3043 711 3138 774 'Vis
3168 738 3271 776 non
3306 726 3409 792 pati
3441 727 3712 786 latrones?

2161 795 2248 849 Ait
2269 797 2358 852 tibi
2388 817 2400 850 :
2433 800 2576 855 Viam
2607 804 2696 858 tibi
2726 808 2888 860 stravi
2915 809 2980 862 ad
3006 812 3259 879 patriam;
3290 816 3394 869 noli
3423 817 3489 871 de
3514 821 3596 873 via
3626 837 3710 876 re-

2161 890 2366 945 cedere.
2389 893 2568 950 Talem
2602 897 2736 952 viam
2762 900 2978 968 munivi,
3005 913 3059 957 ut
3080 903 3216 959 latro
3240 907 3304 961 ad
3329 916 3378 964 te
3395 925 3497 964 non
3524 913 3710 969 audeat

2161 981 2447 1048 accedere;
2477 993 2529 1039 tu
2558 987 2624 1042 ab
2653 988 2740 1043 illa
2766 991 2868 1044 noli
2888 987 3154 1058 recedere,
3183 1007 3237 1052 et
3267 999 3400 1055 latro
3424 1002 3490 1056 ad
3519 1013 3570 1059 te
3600 1021 3705 1061 non

2165 1071 2318 1166 audet
2341 1076 2610 1132 accedere.
2639 1079 2859 1137 Ambula
2877 1099 3002 1153 ergo
3029 1086 3078 1139 in
3101 1086 3312 1144 Christo
3341 1100 3396 1145 et
3410 1104 3562 1148 canta
3587 1112 3709 1166 gau-

2159 1160 2312 1229 dens,
2338 1180 2486 1219 canta
2512 1177 2755 1240 tanquam
2790 1177 3128 1244 consolatus;
3159 1181 3277 1249 quia
3300 1179 3386 1236 ille
3412 1192 3464 1238 te
3489 1160 3708 1255 praeces-

2159 1251 2248 1318 sit,
2276 1255 2363 1322 qui
2386 1254 2542 1324 jnssit
2570 1269 2625 1313 ut
2651 1264 2909 1332 sequaris.

2228 1347 2281 1402 5.
2312 1347 2458 1420 [νει-δ.
2489 1351 2543 1418 2,
2575 1353 2650 1426 3.]
2672 1354 2812 1409 Tum:
2834 1357 3074 1430 repletum
3092 1373 3163 1416 est
3180 1366 3367 1433 gaudio
3385 1383 3441 1422 os
3467 1381 3706 1435 nostrum,

2161 1448 2206 1491 et
2231 1439 2405 1510 lingua
2427 1455 2597 1498 nostra
2621 1449 2967 1504 exsultatione.
2987 1451 3076 1520 Os,
3096 1453 3287 1512 fratres
3315 1460 3438 1524 mei,
3467 1462 3603 1530 quod
3624 1464 3708 1517 ha-

2158 1529 2343 1587 bemus
2390 1534 2440 1588 in
2473 1551 2714 1607 corpore,
2745 1543 3008 1610 quomodo
3058 1546 3292 1616 repletur
3329 1529 3554 1620 gaudio?
3598 1555 3708 1609 Non

2159 1622 2290 1675 solet
2331 1623 2570 1693 impleri,
2602 1629 2702 1683 nisi
2732 1639 2822 1685 aut
2848 1632 2966 1688 cibo
2989 1676 3003 1700 ,
3036 1645 3126 1690 aut
3156 1648 3282 1707 potu
3311 1681 3328 1707 ,
3355 1653 3444 1697 aut
3472 1644 3710 1715 aliquare

2161 1713 2248 1765 tali
2282 1715 2439 1770 missa
2484 1719 2534 1772 in
2559 1734 2638 1774 os.
2669 1721 2918 1791 lmpletur
2956 1726 3237 1798 aliquando
3261 1747 3322 1786 os
3349 1713 3587 1790 nostrum
3614 1753 3628 1790 :
3659 1747 3710 1792 et

2161 1804 2275 1872 plus
2312 1809 2557 1878 estquod
2586 1811 2807 1868 dicimus
2831 1815 3105 1874 Sanctitati
3146 1833 3367 1892 vestras;
3399 1830 3609 1896 quando
3652 1847 3710 1888 os

2160 1896 2370 1964 plenum
2399 1899 2669 1970 habemus,
2701 1905 2842 1978 loqui
2871 1925 2972 1964 non
3001 1927 3293 1981 possumus.
3329 1919 3600 1977 Habemus
3623 1939 3707 1978 au-

2159 1996 2264 2041 tem
2310 1991 2449 2046 intus
2477 2008 2559 2060 os,
2588 1995 2638 2049 id
2666 2006 2747 2051 est
2773 1998 2824 2051 in
2854 2000 3036 2065 corde,
3065 2004 3205 2060 unde
3248 2008 3499 2080 quidquid
3526 2028 3709 2082 proce-

2158 2077 2254 2168 dit,
2285 2080 2326 2134 si
2353 2082 2546 2136 malum
2568 2094 2668 2151 est,
2692 2086 2928 2158 inquinat
2965 2109 3061 2147 nos
3084 2111 3098 2159 ;
3122 2095 3165 2150 si
3196 2077 3710 2168 bonumvest,-mun-

2157 2166 2245 2262 dat
2270 2184 2386 2225 nos.
2421 2172 2493 2227 De
2517 2173 2630 2242 ipso
2655 2178 2793 2231 enim
2819 2189 2913 2234 ore
2940 2183 3184 2252 audistis,
3211 2187 3336 2242 dum
3369 2166 3710 2262 Evangelium

2157 2257 2438 2353 legeretur.
2485 2263 2808 2322 lnsultabaut
2836 2271 2975 2325 enim
3009 2273 3172 2330 Judaei
3204 2277 3426 2334 Domino
3451 2323 3465 2346 ,
3489 2257 3606 2353 quia
3629 2287 3712 2340 di-

2156 2349 2345 2419 scipuli
2373 2351 2487 2421 ejus
2523 2370 2626 2410 non
2659 2357 2779 2413 lotis
2808 2363 3049 2418 manibus
3091 2349 3601 2432 manducahantallli
3633 2379 3713 2432 in-

2154 2438 2441 2512 sultahant,
2484 2449 2573 2517 qui
2622 2453 2930 2510 munditiam
2979 2456 3107 2513 foris
3153 2460 3436 2531 habebant,
3473 2478 3525 2521 et
3571 2469 3714 2525 intus

2151 2536 2373 2590 maculis
2394 2538 2532 2607 pleni
2562 2555 2747 2611 erant;
2781 2547 2854 2601 illi
2881 2548 3222 2618 insultabant,
3255 2571 3477 2625 quorum
3500 2560 3711 2629 justitia

2153 2641 2257 2681 non
2299 2639 2432 2695 erat,
2476 2633 2573 2688 nisi
2601 2635 2650 2689 in
2694 2637 2860 2691 oculis
2889 2640 3179 2699 hominum.
3218 2646 3470 2705 Dominus
3515 2665 3694 2710 autem

2153 2721 2420 2788 quaarebat
2447 2724 2751 2780 munditiam
2774 2739 3004 2785 nostram
3024 2733 3326 2792 interiorem
3353 2754 3507 2810 ;qu:e
3531 2746 3574 2798 si
3598 2744 3713 2801 fue-

2151 2810 2250 2874 rit,
2296 2828 2513 2870 necesse
2550 2826 2631 2871 est
2673 2829 2727 2873 ut
2771 2828 2823 2874 et
2867 2836 2983 2891 qua:
3027 2823 3153 2880 foris
3190 2838 3313 2883 sunt
3352 2833 3544 2888 munda
3585 2837 3714 2892 sint.

2153 2899 2414 2969 Mandata,
2448 2904 2631 2975 inquit,
2675 2919 2786 2978 qua:
2818 2910 2952 2966 intus
2991 2925 3126 2980 sunt,
3174 2926 3222 2970 et
3271 2935 3385 2988 qut:
3425 2926 3549 2991 foris
3597 2938 3715 2982 sunt

2151 2993 2338 3047 munda
2375 3007 2517 3050 erunt
2548 2997 2754 3067 (Matth.
2802 3015 2952 3066 xxnr,
2980 3002 3048 3057 26
3073 3005 3111 3074 ).
3156 3005 3275 3076 Ipse
3305 3008 3557 3068 Dominus
3585 3017 3718 3072 dicit

2150 3083 2254 3137 alio
2303 3085 2418 3140 loco
2464 3104 2477 3139 :
2536 3086 2712 3141 Verum
2765 3091 2879 3144 date
2913 3093 3268 3166 eleemosynas,
3313 3109 3361 3153 et
3386 3117 3494 3156 ecce
3545 3107 3716 3159 omnia

2150 3175 2337 3228 munda
2370 3187 2484 3229 sunt
2515 3177 2649 3239 vobis
2675 3179 2819 3251 (Luc.
2851 3199 2922 3248 ιι,
2949 3183 3061 3256 il).
3092 3186 3239 3243 Unde
3276 3200 3446 3246 autem
3474 3199 3715 3262 procedit

2149 3263 2530 3335 eleemosyua?
2559 3269 2630 3323 De
2655 3271 2833 3326 corde.
2861 3273 2915 3328 Si
2939 3277 3077 3329 enim
3103 3292 3311 3333 manum
3333 3284 3591 3353 porrigas,
3618 3304 3712 3344 nce

2150 3357 2202 3412 in
2247 3359 2405 3414 corde
2434 3361 2730 3417 miserearis
2749 3405 2763 3430 ,
2793 3365 2918 3420 nihil
2961 3367 3162 3435 fecisti;
3190 3372 3233 3425 si
3263 3383 3436 3428 autem
3470 3377 3522 3429 in
3549 3379 3710 3435 corde

2150 3451 2472 3522 miserearis,
2502 3458 2707 3514 etiamsi
2734 3475 2838 3514 non
2873 3460 3065 3518 habeas
3090 3467 3227 3536 quod
3269 3471 3502 3539 porrigas
3528 3487 3706 3536 manu,

2147 3550 2383 3610 acceptat
2426 3543 2564 3600 Deus
2587 3547 2974 3621 elcemosynam
3002 3562 3164 3608 tuam.
3195 3555 3273 3610 llli
3302 3567 3475 3614 autem
3522 3561 3702 3628 iniqui,

2146 3630 2276 3687 foris
2298 3635 2598 3703 quicrebant
2626 3639 2951 3696 munditiam.
2981 3643 3054 3699 De
3091 3646 3279 3702 talibus
3299 3658 3413 3703 erat
3434 3651 3591 3705 etiam
3620 3653 3706 3708 illo

2148 3723 2436 3792 pharisaaus
2464 3729 2551 3797 qui
2575 3729 2883 3787 invitaverat
2913 3733 3213 3804 Dominum,
3246 3742 3455 3809 quando
3483 3747 3706 3801 accessit

2147 3815 2336 3870 mulier
2357 3833 2474 3887 quae
2500 3819 2550 3873 in
2580 3821 2788 3878 civitate
2814 3826 3074 3893 peccatrix
3104 3839 3217 3883 erat
3242 3841 3296 3885 et
3321 3831 3517 3888 famosa
3542 3875 3556 3898 ,
3586 3852 3703 3905 quae

2147 3904 2392 3977 lacrymis
2414 3907 2537 3963 lavit
2568 3911 2728 3979 pedes
2767 3913 2994 3981 Domini,
3021 3919 3166 3972 tersit
3189 3921 3406 3990 capillis,
3435 3927 3585 3980 unxit
3606 3904 3702 3982 un-

2145 4008 2352 4067 guento.
2386 3999 2682 4057 Pharisazus
2702 4020 2847 4074 ergo,
2877 4009 2963 4077 qui
2994 4009 3304 4066 invitaverat
3330 4015 3629 4086 Dominum,
3651 4030 3704 4076 et

2145 4089 2451 4144 munditiam
2508 4108 2610 4147 non
2666 4094 2889 4152 habebat
2938 4101 3035 4153 nisi
3093 4102 3378 4159 forinsecus
3431 4123 3696 4179 corpore,

2145 4181 2304 4234 corde
2347 4190 2522 4237 autem
2565 4183 2749 4252 plenus
2785 4199 2898 4241 erat
2938 4190 3208 4260 iniquitate
3256 4203 3308 4247 ct
3332 4199 3535 4265 rapina,
3571 4202 3704 4257 dixit

2143 4273 2278 4339 apud
2307 4277 2644 4344 semetipsum
2665 4295 2679 4330 :
2702 4276 2806 4332 Iste
2821 4281 2864 4333 si
2884 4292 3006 4336 esset
3032 4286 3291 4355 propheta,
3310 4291 3453 4348 sciret
3469 4310 3704 4361 quatinu-

2145 4363 2237 4418 lier
2268 4363 2344 4418 illi
2383 4368 2584 4420 accessit
2609 4369 2675 4420 ad
2700 4371 2867 4439 pedes.
2923 4371 3070 4428 Unde
3119 4387 3339 4432 noverat
3381 4395 3552 4436 utrum
3597 4386 3702 4439 sci-
3770 4421 3771 4424 η

2143 4464 2254 4519 ret,
2281 4471 2347 4510 an
2375 4458 2758 4515 nesciret?Sed
2782 4462 2900 4517 idco
2928 4479 3046 4518 eum
3074 4469 3274 4523 nescire
3294 4471 3577 4529 arbitratus
3603 4487 3701 4542 cst,

2143 4547 2264 4616 quia
2303 4562 2406 4601 non
2443 4563 2473 4603 a
2513 4563 2570 4604 se
2597 4565 2712 4605 eam
2752 4554 2964 4621 repulit.
2996 4555 3050 4611 Si
3097 4559 3238 4612 enim
3281 4563 3597 4620 accessisset
3639 4569 3702 4621 ad

2144 4638 2312 4708 ipsum
2343 4639 2653 4708 pharisazum
2680 4643 2800 4698 talis
2819 4646 3030 4709 mulier,
3061 4649 3148 4704 illc
3170 4652 3254 4719 qui
3283 4654 3594 4711 munditiam
3623 4668 3702 4714 ιε-

2145 4731 2301 4786 nebat
2329 4733 2478 4802 quasi
2505 4733 2557 4787 in
2595 4749 2773 4801 carne,
2804 4739 3104 4794 exsufflaret
3127 4783 3142 4806 ,
3173 4744 3470 4813 repelleret,
3500 4750 3703 4817 abjice-

2143 4834 2260 4887 ret;
2295 4839 2359 4879 ne
2386 4825 2650 4880 immunda
2691 4837 2928 4898 tangeret
2955 4833 3207 4888 mundum
3234 4877 3248 4900 ,
3293 4845 3345 4890 et
3371 4843 3706 4898 contam-ina-

2143 4924 2222 4967 rct
2265 4914 2376 4981 ejus
2422 4916 2749 4972 munditiam.
2787 4920 2916 4987 Quia
2963 4921 3062 4977 hoc
3107 4940 3210 4978 non
3262 4926 3383 4982 fecit
3429 4929 3703 5000 Dominus,

2143 5003 2261 5058 ideo
2287 5006 2430 5059 illum
2453 5007 2675 5063 credidit
2698 5012 2930 5066 nescisse
2953 5015 3118 5082 qualis
3140 5017 3328 5072 mulier
3351 5019 3424 5074 illi
3445 5028 3704 5082 accessis-

2143 5106 2222 5148 set
2247 5095 2312 5149 ad
2345 5097 2539 5166 pedes;
2566 5099 2816 5155 Dominus
2842 5113 3018 5157 autem
3047 5120 3150 5159 non
3178 5107 3347 5161 solum
3373 5111 3515 5166 illam
3549 5130 3708 5172 nove-

2143 5195 2243 5251 rat,
2272 5186 2364 5240 sed
2393 5196 2445 5241 ct
2463 5188 2805 5258 cogitationes
2834 5191 2970 5248 illius
2989 5195 3232 5250 audiebat
3258 5216 3272 5254 :
3302 5201 3422 5268 quia
3449 5205 3548 5259 etsi
3576 5222 3706 5260 cnn-

2142 5284 2313 5333 tactus
2337 5280 2574 5347 corporis
2616 5282 2810 5354 aliquid
2855 5284 2995 5351 facit,
3036 5302 3068 5341 o
3116 5288 3383 5347 immunde
3425 5294 3704 5364 pharisa:e,

2141 5381 2268 5420 caro
2307 5367 2508 5424 Domini
2539 5383 2717 5440 posset
2743 5374 2902 5443 pollui
2929 5387 3174 5432 contactu
3203 5383 3458 5448 mulieris,
3485 5400 3554 5440 an
3589 5403 3706 5442 mu-

2145 5457 2244 5511 lier
2267 5458 2506 5512 mundari
2557 5470 2803 5517 contactu
2848 5463 3097 5521 Domini?
3142 5468 3484 5534 Permittebat
3529 5488 3702 5532 autem

2147 5547 2381 5602 medicus
2397 5558 2643 5618 aegrotam
2670 5559 2882 5622 tangere
2903 5556 3336 5614 medicamentum
3361 5578 3376 5628 ;
3400 5573 3454 5618 et
3480 5565 3569 5621 illa
3589 5584 3706 5636 qua:

2145 5647 2378 5702 venerat,
2424 5650 2641 5694 noverat
2671 5643 2966 5712 medicum;
3009 5657 3056 5701 et
3107 5666 3223 5718 qua
3263 5652 3465 5709 solebat
3505 5657 3556 5710 in
3611 5677 3705 5714 sua

2154 5730 2494 5788 fornicatione
2525 5731 2743 5790 fortasse
2787 5751 2904 5792 esse
2940 5737 3191 5808 frontosa,
3239 5741 3521 5800 frontosi‘or
3571 5752 3704 5805 facta
