4032 6202
358 325 480 381 “iiii

351 537 494 592 tata;
541 527 632 582 sed
679 529 892 583 vulnera
928 529 1172 594 habebat,
1199 540 1252 585 et
1294 530 1414 586 illuc
1436 541 1651 586 venerat
1675 531 1761 586 ubi
1790 549 1903 589 me-

349 621 500 675 dicus
528 622 882 676 recumbebat.
931 622 1025 678 llle
1062 632 1234 678 autem
1264 624 1352 695 qui
1383 625 1693 680 invitaverat
1733 625 1901 680 medi-

348 725 491 777 cum,
519 726 678 766 sanus
702 712 800 766 sibi
829 712 1130 778 videbatur;
1155 724 1434 786 propterea
1463 730 1566 770 non
1600 717 1901 772 curabatur.

345 801 461 856 Jam
488 818 605 873 quae
646 814 937 873 sequuntur
979 806 1032 860 in
1076 806 1356 876 Evangelio
1399 808 1586 872 nostis,
1637 809 1902 878 quomodo

342 893 596 947 confusus
621 903 702 948 est
735 895 846 965 ipse
875 896 1180 965 pharisatus,
1211 913 1331 952 cum
1359 898 1406 954 ei
1436 899 1742 955 ostenderet
1772 902 1893 970 quia

343 993 397 1035 et
423 984 563 1037 illam
594 985 866 1040 mulierem
895 998 1128 1053 noverat,
1159 999 1210 1044 et
1230 990 1599 1060 cogitationem
1631 993 1795 1062 ipsius
1814 1009 1903 1048 au-

341 1075 511 1131 dierat
537 1077 684 1148 (Luc.
713 1094 804 1145 vn,
838 1079 1002 1136 36-50
1021 1081 1060 1151 ).

411 1166 464 1246 6_.
491 1165 594 1223 Sed
619 1167 685 1222 ad
714 1168 765 1224 id
792 1179 1120 1224 revertamur
1160 1171 1298 1240 quod
1328 1172 1484 1228 modo
1525 1173 1591 1228 de
1617 1174 1900 1246 Evangelia

341 1240 535 1310 lectum
561 1265 677 1323 est,
709 1258 846 1327 quod
877 1259 1101 1328 pertinet
1127 1259 1193 1314 ad
1221 1271 1532 1330 praesentem
1559 1240 1789 1318 versum.
1810 1263 1897 1320 ubi

339 1346 536 1408 dictum
567 1358 668 1411 est,
695 1347 966 1418 Impletura
989 1360 1060 1405 est
1082 1350 1266 1422 gaudio
1289 1368 1345 1404 os
1383 1361 1625 1414 nostrum,
1659 1365 1703 1407 et
1724 1355 1897 1424 lingua

340 1449 512 1493 nostra
551 1441 879 1496 exsultatione
899 1459 918 1496 :
943 1443 1225 1513 quierimus
1249 1444 1388 1498 enim
1417 1444 1553 1515 quod
1585 1461 1664 1506 os.
1696 1456 1749 1500 et
1778 1463 1896 1517 quae

340 1529 534 1598 lingua.
563 1529 812 1585 Attendat
849 1530 1088 1586 Charitas
1132 1541 1326 1588 vestra.
1353 1533 1658 1588 Insultatum
1682 1546 1761 1589 est
1794 1537 1890 1592 Do-

339 1622 503 1687 mino,
535 1622 654 1692 quia
679 1637 782 1677 non
806 1623 924 1678 lotis
946 1623 1186 1679 manibus
1208 1623 1448 1696 discipuli
1471 1627 1586 1694 ejus
1611 1627 1896 1683 manduca-

339 1722 473 1766 rent.
512 1712 799 1782 Respondit
829 1714 930 1768 illis
959 1715 1210 1769 Dominus
1234 1715 1369 1770 sicut
1391 1716 1684 1784 oportebat,
1716 1726 1770 1771 et
1799 1733 1893 1771 vo-

335 1803 467 1856 catis
507 1803 671 1857 turbis
714 1804 823 1857 ait:
855 1804 1034 1858 Audite
1074 1816 1277 1869 omnes,
1322 1815 1368 1859 et
1411 1807 1685 1878 intelligite.
1737 1807 1895 1862 Omne

334 1891 470 1960 quod
512 1893 664 1946 intrat
708 1894 759 1946 in
785 1909 858 1954 os,
889 1911 986 1948 non
1029 1897 1314 1967 coinquinat
1343 1897 1613 1963 hominem,
1650 1897 1740 1952 sed
1763 1900 1894 1969 quod

332 1984 456 2037 exit.
487 1983 632 2051 Quid
647 1994 726 2040 est
745 1984 842 2039 hoc
860 1985 884 2038 ‘i
903 1985 1032 2040 Cum
1055 1985 1205 2051 dixit,
1238 1987 1385 2054 Quod
1403 1987 1557 2040 intrat
1577 1988 1627 2041 in
1647 2004 1722 2052 os,
1757 2005 1886 2042 non-

332 2075 433 2128 nisi
461 2089 521 2128 os
551 2076 785 2144 corporis
809 2076 973 2130 voluit
1011 2077 1303 2131 ostendere.
1359 2078 1554 2132 latrant
1580 2077 1717 2133 enim
1747 2081 1847 2135 cibi
1871 2121 1888 2147 ,

330 2174 386 2219 et
410 2181 513 2218 non
543 2167 880 2237 coinquinant
901 2167 1140 2222 homines
1165 2169 1301 2232 cibi;
1327 2169 1468 2239 quia,
1495 2169 1679 2225 Omnia
1703 2173 1890 2226 munda

327 2258 570 2320 mundis;
595 2267 667 2323 et,
699 2257 873 2312 Omnis
912 2270 1137 2313 creatura
1171 2258 1265 2312 Dei
1285 2260 1413 2314 bona
1440 2271 1533 2326 est,
1561 2271 1605 2314 et
1643 2262 1772 2316 nihil
1798 2261 1888 2316 ab-

319 2348 596 2417 jiciendum
615 2350 748 2421 quod
766 2367 879 2404 cum
897 2353 1172 2422 gratiarum
1191 2354 1387 2407 actione
1404 2356 1673 2424 percipitur
1689 2354 1730 2427 (ι
1751 2355 1884 2411 Tim.

323 2454 398 2504 vr,
432 2439 510 2510 4).
551 2439 605 2494 ln
634 2443 794 2510 figura
823 2440 1016 2496 ludatis
1043 2444 1210 2511 posita
1234 2451 1386 2498 erant
1408 2445 1667 2513 qua‘dam,
1695 2455 1750 2500 et
1791 2447 1888 2500 im-

325 2530 528 2584 munda
551 2530 688 2584 dicta
713 2541 834 2584 sunt
864 2529 1040 2602 (Leuit.
1062 2533 1160 2597 χι).
1178 2533 1280 2588 Sed
1292 2541 1471 2604 postea
1493 2550 1646 2604 quam
1670 2537 1754 2590 lux
1776 2537 1885 2606 ipsa

322 2623 490 2685 venit,
523 2633 739 2677 remota:
765 2632 886 2678 sunt
908 2623 1124 2690 umbrm,
1155 2640 1256 2678 non
1286 2639 1465 2679 sumus
1489 2628 1677 2680 retenti
1705 2628 1755 2680 in
1797 2628 1884 2683 lit-

306 2707 456 2778 tera,
508 2715 600 2770 sed
645 2716 886 2771 viviticati
941 2717 992 2771 in
1037 2719 1269 2786 spiritu:
1311 2728 1364 2773 et
1419 2735 1525 2774 non
1560 2731 1640 2775 est
1671 2722 1886 2792 imposi-

320 2815 432 2860 tum
453 2806 633 2873 jugum
660 2807 1040 2862 observationis
1060 2807 1388 2868 Christianis.
1417 2810 1554 2879 quod
1582 2811 1882 2880 impositum

321 2905 439 2950 erat
468 2895 705 2961 Judmis;
733 2899 853 2967 quia
887 2899 1136 2952 Dominus
1165 2899 1328 2964 dixit,
1360 2898 1548 2971 Jugum
1571 2903 1701 2956 enim
1724 2919 1885 2957 meum

315 2988 471 3041 simiae
496 2997 587 3055 est,
613 2999 660 3042 et
684 2989 885 3043 sarcina
912 3007 1020 3044 mea
1045 2989 1164 3044 leuis
1189 3001 1260 3045 est
1284 2992 1302 3062 (
1325 2991 1506 3046 Matth.
1536 3008 1610 3059 xt,
1642 2993 1730 3064 50)
1767 3011 1780 3046 :
1807 3004 1879 3060 et,

320 3078 528 3141 Omnia,
561 3079 631 3132 ait
658 3080 941 3147 Apostolus
965 3121 980 3143 ,
1009 3080 1198 3134 munda
1223 3082 1421 3136 mundis
1449 3097 1468 3136 :
1496 3082 1768 3138 immundis
1788 3101 1882 3138 au-

315 3177 415 3221 tem
455 3178 500 3222 et
534 3169 815 3236 inﬁdelibus
834 3211 849 3237 ,
880 3171 1007 3225 nihil
1033 3183 1102 3225 est
1128 3172 1366 3225 mundum
1388 3187 1409 3236 ,'
1432 3173 1518 3227 sed
1555 3174 1744 3243 polluta
1767 3185 1882 3230 sunt

255 3249 266 3258 ’
313 3276 489 3314 eorum
513 3271 559 3315 et
588 3271 806 3316 mens-et
833 3265 1134 3318 conscientia
1155 3266 1171 3336 (
1189 3263 1294 3319 Tit.
1318 3281 1354 3332 ι,
1388 3266 1452 3320 15
1473 3265 1512 3336 ).
1558 3266 1692 3335 Quid
1718 3270 1882 3325 voluit

311 3349 582 3421 intelligi?
628 3352 817 3407 Mundo
864 3352 1061 3407 homini
1091 3365 1142 3409 et
1183 3356 1330 3425 panis
1363 3363 1416 3410 et
1443 3358 1656 3426 porcina
1683 3358 1875 3413 munda

310 3449 415 3504 est,
437 3440 706 3496 immundo
723 3457 818 3496 nec
839 3442 1006 3512 panis,
1025 3459 1121 3498 nec
1140 3445 1374 3514 porcina.
1393 3445 1416 3498 Ι
1426 3447 1675 3501 mutandis
1689 3458 1874 3516 autem,

310 3533 504 3603 inquit,
528 3541 571 3587 et
595 3535 878 3601 infidelibus
897 3536 1021 3596 nihil
1045 3545 1116 3590 est
1143 3537 1409 3592 mundum.
1441 3537 1614 3606 Quare
1640 3539 1766 3594 nihil
1796 3551 1877 3596 est

311 3625 613 3680 mundum?
647 3625 753 3682 Sed
776 3627 970 3698 polluta
997 3639 1132 3694 sunt,
1166 3630 1365 3701 inquit,
1393 3648 1564 3686 eorum
1600 3642 1646 3687 et
1668 3650 1806 3687 mens
1826 3644 1873 3688 et

309 3715 612 3770 conscientia
654 3732 675 3770 :
721 3719 840 3787 quia
882 3719 1188 3775 si'interius
1235 3722 1374 3790 quod
1402 3730 1503 3788 est,
1549 3724 1872 3780 immundum

310 3814 393 3860 est
416 3822 432 3870 ;
460 3806 587 3860 foris
609 3807 746 3877 quod
768 3819 867 3875 est,
888 3808 1017 3864 nihil
1041 3810 1290 3866 mundum
1312 3827 1430 3868 esse
1453 3824 1642 3882 potest.
1674 3815 1727 3870 Si
1749 3832 1874 3886 ergo

308 3898 418 3952 illis
443 3898 632 3969 quibus
654 3900 902 3956 interiora
930 3903 1196 3957 immunda
1226 3914 1368 3970 sunt,
1391 3906 1651 3960 exteriora
1677 3907 1869 3962 munda

307 4003 430 4043 esse
454 4002 557 4042 non
580 4000 829 4058 possunt;
859 3991 901 4044 si
923 3991 1149 4046 volueris
1174 4002 1228 4046 ut
1248 3995 1508 4048 exteriora
1527 3995 1720 4050 munda
1743 3997 1868 4064 sint,

305 4078 561 4134 interiora
601 4079 875 4136 mundato.
909 4083 982 4136 lbi
1010 4092 1092 4137 est
1134 4085 1273 4138 enim
1299 4098 1360 4138 os
1386 4085 1525 4155 quod
1575 4086 1872 4156 implebitur

304 4169 398 4224 tibi
440 4169 652 4239 gaudio,
696 4180 750 4226 et
789 4172 997 4243 quando
1034 4183 1175 4228 taces
1204 4192 1218 4228 :
1249 4175 1457 4244 quando
1481 4177 1619 4231 enim
1651 4187 1792 4234 taces
1818 4189 1872 4234 et

302 4262 524 4332 gaudes,
564 4277 625 4317 os
667 4271 808 4318 tuum
859 4265 1048 4320 clamat
1088 4265 1153 4320 ad
1201 4266 1385 4322 Deum.
1434 4267 1536 4323 Sed
1583 4269 1700 4324 vide
1731 4270 1870 4326 unde

301 4354 560 4424 gaudeas.
585 4354 640 4411 Si
666 4356 731 4412 de
755 4358 947 4412 s:rculo
967 4359 1183 4427 gaudes,
1211 4360 1480 4416 immundo
1507 4363 1696 4432 gaudio
1722 4366 1868 4419 voci-

301 4444 492 4500 feraris
538 4448 602 4500 ad
652 4448 814 4502 Deum
849 4451 936 4505 :si
978 4466 1104 4506 vero
1129 4451 1196 4506 de
1241 4453 1607 4524 redemptione
1646 4457 1864 4526 gaudes,

299 4539 570 4608 quomodo
591 4540 714 4594 dixit
748 4543 982 4610 psalmus
1007 4543 1125 4608 iste,
1155 4542 1280 4598 Cum
1303 4556 1602 4601 converteret
1618 4546 1868 4604 Dominus

299 4629 635 4697 captivitatem
661 4628 802 4695 Sion,
835 4632 956 4703 facti
975 4649 1147 4686 sumus
1182 4634 1494 4703 jucundati;
1525 4645 1648 4693 tunc
1677 4639 1864 4708 imple-

300 4727 383 4773 tur
411 4734 543 4774 vero
566 4720 755 4790 gaudio
785 4737 843 4775 os
873 4732 1034 4787 tuum,
1066 4732 1117 4778 et
1149 4725 1320 4793 lingua
1348 4733 1432 4780 tua
1462 4728 1815 4784 exsultatione
1845 4748 1858 4784 :

297 4809 636 4872 manifestum
665 4820 746 4865 est
788 4813 908 4880 quia
940 4814 990 4866 in
1019 4830 1111 4881 spe
1136 4813 1353 4882 gaudes,
1385 4824 1438 4869 et
1485 4828 1755 4886 acceptum
1784 4830 1865 4874 ρει

296 4903 547 4972 gaudium
603 4911 746 4957 tuum
785 4903 919 4972 apud
972 4905 1155 4959 Deum.
1205 4904 1259 4959 In
1304 4907 1418 4975 ipso
1441 4907 1652 4976 gaudio,
1681 4911 1761 4964 vel
1810 4911 1861 4965 in

296 4993 414 5062 ipso
438 5010 534 5049 ore
562 4995 700 5064 quod
747 4995 998 5050 habemus
1025 4999 1162 5050 intus
1182 5039 1196 5060 ,
1228 5007 1282 5052 et
1308 4999 1682 5055 manducamus
1709 5009 1762 5055 et
1788 5001 1863 5055 hi~

295 5083 474 5141 bimus
506 5104 519 5138 τ
553 5087 687 5141 sicut
719 5087 785 5142 de
810 5087 911 5142 isto
931 5104 1024 5143 ore
1049 5089 1112 5144 ad
1137 5089 1476 5146 refectionem
1505 5084 1764 5160 corporis,
1788 5095 1864 5149 sic

296 5188 348 5232 ct
377 5179 446 5233 de
474 5178 565 5232 illo
588 5194 680 5233 ore
709 5181 772 5233 ad
801 5181 1140 5237 refectionem
1169 5183 1363 5237 cordis.
1395 5183 1523 5238 Nam
1555 5185 1694 5250 inde,
1722 5185 1864 5241 Beati

295 5270 376 5336 qui
426 5272 653 5324 esuriant
681 5282 727 5325 et
752 5274 926 5326 sitiunt
943 5276 1192 5342 justitiam
1211 5315 1224 5338 ,
1273 5277 1508 5344 quoniam
1537 5277 1632 5346 ipsi
1661 5288 1862 5332 satura-

297 5363 480 5414 buntur
509 5361 716 5432 (Matth.
749 5379 802 5430 ν,
830 5363 920 5435 6

365 5453 418 5506 7.
450 5453 504 5508 Si
532 5463 705 5510 autem
735 5471 836 5509 non
871 5457 991 5511 facit
1014 5457 1336 5513 immundum
1367 5460 1464 5514 nisi
1489 5460 1629 5531 quod
1654 5461 1760 5516 exit
1790 5463 1860 5517 de

297 5555 411 5604 ore,
440 5553 494 5596 et
520 5542 620 5598 hoc
645 5560 761 5596 cum
793 5545 1034 5600 audimus
1062 5547 1110 5599 in
1136 5548 1439 5617 Evangelio,
1471 5566 1574 5604 non
1608 5551 1857 5618 intelligi-

296 5650 414 5689 mus
445 5637 543 5690 nisi
567 5652 626 5690 os
649 5639 918 5707 corporis;
947 5639 1232 5694 absurdum
1259 5654 1338 5698 est
1359 5655 1411 5698 et
1431 5645 1589 5700 nimis
1609 5647 1850 5711 stultum,

297 5734 351 5779 ut
378 5735 503 5781 tunc
535 5735 773 5799 putemus
801 5746 902 5784 non
931 5731 1040 5785 fieri
1069 5728 1392 5789 immundum
1422 5734 1709 5805 hominem,
1737 5752 1855 5793 cum

1425 326 1813 384 ENARRATIO
1853 329 1916 384 IN
1955 332 2268 392 PSALMUM
2305 339 2509 396 CXXV.

350 449 427 490 est
469 437 534 491 ad
565 436 803 492 salutem.
832 436 1018 508 Irrupit
1052 439 1102 493 in
1130 438 1342 495 domum
1371 455 1476 511 quo
1505 455 1607 495 non
1641 453 1753 496 erat
1777 442 1908 496 invi-

2020 449 2297 504 mandueat
2318 492 2334 516 ,
2363 462 2484 508 tunc
2527 465 2698 514 autem
2747 470 2984 530 putemus
3014 466 3336 526 lmmtmdum
3357 513 3373 540 ,
3403 476 3447 528 si
3477 489 3572 529 voc

2011 547 2138 590 mat.
2185 540 2271 594 Ait
2297 543 2436 596 enim
2465 545 2712 604 Dominus
2754 568 2766 604 :
2797 552 2916 608 Non
2943 558 3077 626 quod
3101 559 3251 614 intrat
3282 563 3334 617 in
3359 581 3433 631 os,
3479 566 3567 620 sed

2009 627 2143 695 quod
2182 631 2301 699 exit,
2342 636 2644 704 coinquinat.
2687 641 2908 708 Quando
2946 663 3070 718 ergo
3112 627 3429 728 mandpcas,
3461 673 3567 712 non

2009 717 2072 770 fis
2098 718 2429 790 immundus;
2457 735 2510 781 et
2532 731 2740 798 quando
2766 737 2951 802 vomis,
2984 739 3208 795 eftieeris
3232 717 3566 802 immundus?

2006 806 2226 875 Quando
2271 813 2406 868 bibis
2427 857 2441 878 ,
2475 832 2578 872 non
2627 836 2684 874 es
2713 823 3011 882 immundus
3035 846 3048 893 ;
3079 841 3132 884 et
3159 835 3368 902 quando
3394 840 3560 905 spois,

2007 899 2304 958 immundus
2331 907 2430 961 es?
2457 908 2675 976 Quando
2716 915 2860 982 spuis
2905 921 3044 973 enim
3069 963 3084 986 ,
3118 922 3181 977 de
3207 941 3297 978 ore
3343 937 3429 978 Ino
3457 927 3564 982 exit

2003 989 2236 1083 aliquid;
2267 997 2475 1064 quando
2503 999 2656 1067 bibis,
2700 1003 2751 1057 in
2781 1020 2840 1059 os
2871 1007 3027 1062 intrat
3066 1012 3279 1081 aliquid.
3309 1015 3442 1083 Quid
3468 1032 3563 1071 vo-

2004 1078 2098 1133 luit
2119 1081 2292 1138 dicere
2338 1086 2608 1154 Dominus,
2639 1091 2758 1147 Non
2787 1099 2920 1165 quod
2959 1101 3110 1152 intrat
3137 1078 3188 1154 in
3217 1121 3292 1165 os,
3321 1078 3409 1158 sed
3433 1107 3564 1174 quod

2003 1172 2124 1235 exit,
2170 1175 2446 1247 inquinat?
2471 1180 2693 1237 Secutus
2731 1187 2914 1253 eodem
2943 1189 3060 1243 loco
3089 1195 3375 1249 secundum
3401 1172 3560 1252 alium

1999 1265 2372 1331 evangelistam
2403 1269 2532 1323 dixit
2563 1288 2680 1341 qua:
2717 1286 2843 1330 sunt
2867 1294 2983 1347 quae
3018 1282 3310 1347 procedunt
3338 1285 3404 1340 de
3427 1303 3556 1351 ore;
3617 1273 3621 1278 ’

1999 1361 2056 1406 ut
2077 1353 2335 1426 intelligas
2363 1375 2464 1414 non
2493 1361 2557 1415 de
2577 1375 2670 1418 ore
2694 1371 2934 1437 corporis
2957 1386 3076 1425 eum
3124 1373 3342 1441 dixisse,
3377 1378 3467 1432 sed
3495 1378 3562 1434 de

1997 1458 2090 1499 ore
2114 1447 2308 1502 cordis.
2333 1450 2419 1504 Ait
2441 1454 2580 1506 enim
2611 1472 2626 1509 :
2653 1455 2730 1510 De
2763 1460 2911 1511 corde
2936 1462 3065 1514 enim
3091 1474 3272 1517 exeunt
3293 1468 3560 1536 cogitatio-

1996 1549 2082 1589 nes
2111 1540 2277 1605 malaz,
2309 1543 2690 1613 fornicationes,
2715 1549 3004 1620 homicidia,
3055 1555 3373 1626 blasphemia:
3385 1574 3405 1621 ,'
3451 1561 3560 1613 hth

1993 1637 2110 1680 sunt
2173 1646 2284 1700 qua:
2333 1634 2653 1704 coinquinant
2715 1639 2962 1695 hominem
3015 1659 3034 1697 :
3092 1662 3191 1699 non
3239 1648 3350 1702 lotis
3398 1662 3560 1704 autem

1995 1719 2220 1773 manibus
2246 1725 2567 1792 manducare,
2598 1745 2696 1782 non
2741 1733 3028 1802 coinquinat
3064 1738 3314 1792 hominem
3343 1740 3557 1809 (Matth.

1995 1822 2086 1875 xv,
2118 1811 2283 1878 1-20;
2309 1824 2358 1868 et
2389 1816 2548 1871 Marc.
2580 1835 2670 1884 vu,
2700 1822 2829 1878 5-25
2850 1823 2887 1894 ).
2925 1825 3010 1880 llla
3036 1843 3181 1897 ergo,
3215 1829 3405 1886 fratres
3430 1834 3556 1900 mei,

1991 1903 2256 1968 quomodo
2296 1912 2491 1961 exeunt
2533 1908 2597 1962 de
2639 1925 2732 1982 ore
2756 1952 2770 1974 ,
2800 1914 2896 1968 nisi
2932 1917 3051 1984 quia
3092 1931 3271 1972 exeunt
3295 1921 3358 1974 de
3382 1924 3557 1989 corde,

1989 1991 2124 2045 sicut
2156 1993 2268 2062 ipse
2292 1996 2542 2052 Dominus
2557 2000 2718 2056 dicit?
2739 2002 2850 2058 Non
2879 2006 3017 2059 enim
3043 2009 3254 2076 quando
3275 2012 3359 2064 illa
3385 2012 3557 2082 loqui-

1989 2095 2126 2149 mur,
2155 2090 2280 2139 tunc
2308 2101 2403 2140 nos
2442 2091 2723 2145 maculant.
2762 2092 2839 2148 Ne
2867 2097 2981 2164 quis
3011 2096 3150 2152 dicat
3175 2117 3187 2153 :
3215 2099 3434 2167 Quando
3479 2103 3558 2156 lo-

1989 2171 2223 2240 quimur,
2276 2173 2343 2229 de
2368 2191 2462 2232 ore
2507 2189 2688 2234 nostro
2733 2194 2946 2250 exeunt,
2975 2188 3093 2256 quia
3120 2190 3274 2244 verba
3302 2201 3355 2244 et
3401 2206 3558 2248 voces

1988 2261 2054 2317 de
2084 2278 2175 2318 ore
2203 2275 2384 2320 nostro
2401 2281 2630 2336 exeunt;
2662 2281 2714 2326 et
2737 2275 2947 2342 quando
2973 2279 3107 2332 mala
3143 2279 3424 2348 loquimur,
3454 2283 3556 2337 im-

1989 2353 2169 2406 mundi
2216 2353 2494 2411 elficimur.
2549 2360 2682 2427 Quid
2737 2364 2781 2416 si
2821 2365 3008 2434 aliquis
3061 2383 3164 2422 non
3208 2369 3470 2440 loquatur,
3501 2382 3554 2429 et

1986 2452 2186 2500 tantum
2206 2449 2400 2516 cogitet
2427 2452 2582 2516 mala,
2625 2455 2850 2510 mundus
2878 2466 2958 2511 est
2987 2499 3002 2525 ,
3035 2459 3154 2528 quia
3180 2461 3245 2514 de
3269 2477 3362 2516 ore
3392 2463 3553 2531 ipsius

1984 2537 2220 2605 corporis
2247 2538 2372 2592 nihil
2397 2543 2690 2611 processit?
2710 2545 2811 2600 Sed
2842 2546 2910 2602 de
2935 2563 3028 2603 ore
3076 2551 3251 2605 cordis
3277 2553 3384 2621 jam
3416 2555 3551 2610 Deus

1984 2626 2198 2682 audivit.
2223 2627 2376 2694 ECce,
2399 2630 2589 2688 fratres
2606 2636 2740 2701 mei,
2766 2639 3151 2711 attenditequre
3167 2643 3302 2698 dico.
3328 2645 3549 2702 Nomino

1985 2715 2177 2773 furtum
2208 2738 2222 2773 :
2250 2722 2408 2779 modo
2454 2727 2717 2782 nominavi
2748 2721 2974 2797 furtum;
3017 2737 3268 2804 numquid
3297 2739 3417 2806 quia
3447 2755 3548 2794 no-

1983 2810 2176 2866 minavi
2218 2811 2445 2880 furtum,
2497 2819 2874 2876 contaminavit
2922 2839 3007 2878 me
3053 2825 3288 2882 furtum?
3315 2828 3452 2885 Ecce
3479 2831 3546 2886 de

1982 2913 2075 2954 ore
2098 2916 2219 2956 meo
2243 2905 2390 2966 exiit,
2415 2915 2464 2960 et
2489 2922 2594 2961 non
2621 2924 2704 2963 me
2725 2910 2848 2966 fecit
2868 2912 3214 2970 immundum.
3241 2917 3348 2972 Fur
3371 2929 3545 2976 autem

1981 2991 2146 3059 surgit
2188 2991 2240 3046 in
2269 3002 2444 3061 nocte,
2476 3005 2527 3050 et
2556 2997 2685 3050 nihil
2716 2999 2844 3053 dicit
2871 3015 2964 3056 ore
2983 3043 2996 3066 ,
3025 3012 3078 3057 et
3102 3004 3342 3061 faciendo
3371 3008 3427 3062 fit
3451 3009 3545 3063 im-

1981 3080 2226 3136 mundus.
2251 3082 2361 3138 Non
2388 3085 2557 3140 solum
2589 3103 2691 3142 non
2717 3089 2862 3156 dicit,
2906 3092 3002 3146 sed
3031 3102 3085 3146 ct
3113 3097 3306 3164 premit
3343 3097 3543 3155 facinus

1981 3177 2090 3224 toto
2117 3171 2355 3239 silentio;
2377 3185 2430 3230 et
2451 3191 2613 3247 usque
2641 3178 2772 3234 adeo
2795 3195 2978 3236 vocem
2996 3196 3144 3238 suam
3174 3186 3320 3241 timet
3345 3189 3542 3257 audiri,

1980 3268 2036 3333 ut
2058 3276 2155 3316 nec
2184 3263 2409 3333 vestigia
2435 3279 2526 3319 sua
2551 3268 2678 3322 velit
2705 3283 2899 3324 sonare
2928 3289 2942 3325 :
2975 3275 3227 3344 numquid
3268 3291 3396 3346 ergo
3421 3279 3541 3347 quia

1978 3348 2046 3402 ita
2069 3349 2212 3416 silet,
2244 3352 2473 3407 mundus
2510 3365 2590 3408 est
2610 3356 2633 3409 ἳ
2657 3357 2780 3412 Plus
2805 3371 2980 3414 autem
3007 3363 3150 3428 dico,
3191 3365 3376 3422 fratres
3415 3371 3539 3424 mei.

1977 3439 2114 3495 Ecce
2137 3431 2310 3496 adhuc
2353 3443 2404 3498 in
2443 3453 2611 3500 stratu
2642 3463 2738 3503 suo
2763 3450 2926 3519 jacet,
2974 3455 3204 3510 nondum
3233 3460 3460 3522 surrexit
3487 3469 3541 3516 ut

1975 3530 2169 3587 furtum
2209 3533 2401 3599 faciat;
2436 3536 2644 3606 vigilat,
2674 3549 2727 3594 et
2754 3553 3028 3611 exspectat
3067 3555 3124 3600 ut
3151 3545 3393 3605 homines
3414 3551 3536 3605 dor-

1975 3623 2140 3676 miant
2169 3641 2183 3676 :
2206 3623 2313 3693 jam
2342 3625 2448 3678 Deo
2478 3627 2688 3694 clamat,
2716 3630 2824 3697 jam
2856 3632 2938 3685 fur
2964 3642 3063 3698 est,
3104 3635 3214 3703 jam
3240 3638 3540 3694 immundus

1973 3723 2074 3774 est,
2100 3713 2208 3782 jam
2239 3714 2439 3770 facinus
2467 3716 2534 3771 de
2561 3734 2654 3774 ore
2704 3720 2956 3778 interiore
2997 3727 3272 3793 processit.
3320 3730 3539 3796 Quando

1971 3803 2111 3856 enim
2162 3803 2364 3860 facinus
2389 3821 2453 3860 ex
2482 3821 2580 3862 ore
2627 3810 2904 3877 procedit?
2943 3812 3165 3878 Quando
3189 3818 3428 3872 voluntas
3455 3820 3536 3873 fa-

1971 3893 2139 3948 ciendi
2156 3894 2471 3951 decernitur.
2493 3899 2775 3954 Decrevisti
2797 3899 2966 3957 facere
2991 3921 3005 3968 ;
3033 3904 3228 3973 dixisti,
3263 3908 3450 3964 fecisti.
3479 3912 3536 3968 Si

1971 3985 2164 4050 furtum
2186 4002 2288 4040 non
2317 3986 2503 4042 feceris
2525 3987 2683 4050 foris;
2716 3989 2932 4047 forsitan
2959 3993 3044 4048 ille
3070 4011 3185 4064 non,
3201 4001 3392 4053 meruit
3419 4016 3537 4070 per-

1969 4075 2116 4142 dere,
2145 4077 2227 4131 cui
2266 4077 2581 4148 disponebas
2627 4082 2834 4136 auferre
2862 4100 2876 4136 :
2905 4093 2960 4137 et
3001 4085 3091 4140 ille
3122 4088 3249 4142 nihil
3286 4091 3531 4160 perdidit,

1969 4176 2022 4222 et
2058 4177 2110 4221 tu
2155 4167 2222 4223 de
2271 4168 2408 4224 furto
2441 4169 2794 4226 damnaberis.
2826 4174 3110 4230 Decrevisti
3151 4179 3393 4236 occidere
3429 4184 3528 4239 bo-

1967 4258 2162 4312 minem
2187 4259 2380 4318 :dixisti
2412 4260 2462 4314 in
2488 4261 2663 4324 corde,
2707 4265 2882 4318 sonuit
2929 4265 2996 4321 de
3036 4282 3128 4323 ore
3159 4278 3247 4324 tuo
3286 4271 3534 4329 interiore

1971 4348 2313 4406 homicidium
2339 4369 2351 4404 :
2375 4352 2549 4409 adhuc
2573 4355 2698 4410 vivit
2734 4347 2928 4436 homo,
2959 4369 3012 4415 et
3059 4370 3112 4415 tu
3141 4362 3396 4419 homicida
3439 4383 3533 4436 pu-

1967 4440 2114 4494 niris.
2144 4432 2276 4509 Quid
2303 4443 2375 4497 sis
2405 4445 2543 4497 enim
2569 4446 2706 4514 apud
2748 4433 2910 4502 Deum
2932 4490 2947 4514 ,
2971 4454 3243 4521 qumritur,
3275 4472 3379 4510 non
3405 4432 3530 4528 quid

1966 4544 2070 4582 non
2089 4531 2219 4598 (dum
2245 4534 2548 4602 apparueris
2564 4536 2698 4605 apud
2714 4537 2973 4596 homines.

2035 4622 2087 4676 8.
2128 4620 2282 4676 Certe
2308 4638 2435 4693 ergo
2461 4627 2724 4694 novimus,
2765 4639 2820 4684 et
2857 4637 3014 4686 nosse
3057 4633 3330 4699 debemus.
3365 4647 3420 4692 et
3448 4649 3525 4694 te-

1967 4727 2094 4766 nere
2120 4713 2239 4782 quia
2267 4722 2349 4768 est
2375 4730 2435 4769 os
2455 4716 2651 4784 cordis,
2670 4729 2751 4772 est
2777 4729 2831 4773 et
2854 4721 3022 4790 lingua
3046 4725 3238 4779 cordis.
3269 4725 3437 4795 Ipsum
3466 4745 3527 4784 os

1965 4803 2212 4873 impletur
2257 4807 2560 4875 gaudiozin
2608 4808 2723 4876 ipso
2768 4825 2861 4865 ore
2899 4811 3040 4866 intus
3084 4830 3296 4870 oramus
3336 4817 3523 4882 Deum,

1964 4895 2174 4964 quando
2206 4896 2340 4951 labia
2365 4898 2539 4951 clausa
2568 4909 2708 4964 sunt,
2734 4908 2787 4953 et
2808 4912 2948 4970 patet
2978 4907 3320 4960 conscientia.
3354 4909 3526 4962 Silen-

1965 4987 2092 5040 tium
2119 4996 2219 5054 est,
2256 4995 2310 5040 et
2344 4988 2535 5040 Clamat
2569 4985 2790 5057 pectus:
2822 4991 2913 5044 sed
2952 4994 3165 5048 auribus
3191 4997 3370 5064 cujus?
3409 4997 3522 5052 Non

1965 5077 2213 5140 hominis,
2244 5077 2334 5132 sed
2373 5079 2482 5132 Dei.
2529 5077 2759 5134 Securus
2786 5097 2911 5152 ergo
2949 5095 3096 5148 esto;
3141 5087 3228 5140 ille
3256 5086 3402 5140 audit
3433 5088 3522 5156 qui

1963 5169 2264 5237 miseretur.
2310 5168 2376 5222 Et
2413 5185 2596 5224 rursus
2628 5172 2850 5240 quando
2877 5190 3033 5228 nemo
3079 5177 3344 5231 hominum
3377 5179 3521 5234 audit

1963 5259 2119 5323 mala,
2165 5257 2206 5311 si
2238 5259 2525 5326 procedunt
2567 5261 2632 5316 de
2667 5277 2759 5317 ore
2798 5263 2945 5331 tuo‘,
2974 5266 3076 5318 noli
3121 5281 3238 5320 esse
3277 5282 3516 5335 securus,
3579 5273 3582 5283 '

1966 5349 2081 5420 quia
2110 5349 2195 5404 ille
2223 5350 2366 5403 audit
2391 5351 2478 5420 qui
2508 5350 2745 5407 damnat.
2776 5354 3014 5409 Susanna
3045 5371 3147 5410 non
3174 5356 3519 5412 audiebatur’

1963 5442 2031 5494 ab
2060 5441 2267 5508 injustis
2297 5441 2582 5511 judicibus,
2612 5445 2819 5500 tacebat
2859 5455 2910 5502 et
2939 5447 3137 5500 arabat.
3161 5447 3235 5502 Os
3273 5448 3386 5516 ejus
3411 5463 3516 5505 non

1964 5532 2276 5586 audiebatur
2336 5533 2402 5587 ab
2452 5533 2784 5603 hominibus,
2838 5551 2931 5590 cor
2979 5537 3094 5607 ejus
3132 5538 3392 5594 clamabat
3451 5541 3515 5596 ad

2024 5643 2040 5674 ι
2066 5648 2258 5702 Septem
2279 5650 2404 5702 Mss.,
2421 5642 2483 5693 de
2501 5645 2646 5694 corde
2667 5651 2762 5694 tuo.

2021 5706 2055 5774 tl.
2069 5703 2253 5774 aliquot
2273 5711 2395 5754 Mss..
2419 5713 2628 5774 Susanna
2636 5707 2965 5767 judicabatur.
2986 5715 3036 5760 Et
3055 5709 3219 5773 plures
3234 5711 3416 5774 absque
3438 5725 3516 5761 nu-

1961 5764 2172 5829 gatione,
2193 5772 2402 5815 Susanna
2424 5764 2718 5818 audiebatur.

3435 353 3570 410 1663
3649 351 3652 356 ’
