4032 6202
539 300 676 358 1683

542 420 705 476 Dctnn
731 419 887 490 (Dan.
918 435 1027 483 sui,
1051 419 1139 482 35,
1167 415 1305 487 ctc.).
1330 415 1589 486 Numquid
1611 414 1730 486 quia
1760 430 1861 472 vox
1891 416 2004 485 ejus
2028 414 2094 471 de

538 530 633 568 ore
667 511 902 583 corporis
949 526 1051 563 non
1081 508 1357 579 processit,
1404 517 1679 577 propterea
1716 506 1952 562 exaudiri
1989 519 2094 559 non

540 604 771 659 meruit?
810 599 1063 655 Exaudita
1091 610 1173 656 est
1201 599 1321 663 illa;
1349 596 1558 669 quando
1594 597 1783 663 oravit,
1816 610 1972 652 nemo
1999 595 2096 648 ho-

540 696 738 750 minum
777 692 949 747 scivit.
996 691 1154 759 Ergo;
1186 690 1394 755 fratres,
1441 687 1567 758 quid
1596 688 1880 743 habeamus
1924 687 1976 740 in
2005 700 2099 741 ore

434 798 443 811 ·
542 784 815 849 interiore,
847 782 1089 852 cogitate.
1118 778 1191 835 lbi
1224 778 1395 832 videte
1426 793 1494 833 ne
1517 777 1640 847 quid
1666 777 1787 831 mali
1815 775 2000 831 dicatis
2028 775 2100 829 in-

539 883 642 935 tus,
669 884 723 930 et
758 873 887 927 nihil
916 872 1038 926 mali
1067 871 1240 925 facitis
1280 870 1407 925 foris
1437 886 1451 923 :
1484 884 1588 922 non
1613 875 1787 937 potest
1812 866 1955 921 enim
1986 864 2098 920 ﬁeri

538 967 605 1019 ah
637 965 850 1020 homine
874 963 1025 1030 foris,
1075 962 1173 1016 nisi
1204 961 1343 1032 quod
1389 960 1583 1015 dictum
1616 960 1769 1014 fuerit
1807 959 1964 1012 intus.
1994 958 2099 1013 Cu-

538 1057 676 1111 stodi
719 1072 781 1112 os
822 1055 999 1112 cordis
1036 1071 1067 1108 a
1098 1054 1261 1118 malo,
1294 1061 1348 1108 et
1376 1052 1629 1106 innocens
1668 1051 1777 1106 eris
1808 1067 1819 1102 :
1852 1051 2102 1104 innocens

536 1150 640 1205 erit
685 1150 857 1218 lingua
904 1146 1142 1216 corporis
1187 1145 1279 1208 tui,
1331 1144 1636 1197 innocentes
1681 1155 1865 1195 manus
1910 1148 2098 1225 erunt;

536 1243 698 1298 etiam
722 1240 880 1309 pedes
910 1240 1213 1293 innocentes
1233 1242 1410 1300 erunt,
1432 1235 1570 1288 oculi
1598 1235 1903 1289 innocentes
1921 1240 2095 1295 erunt,

541 1347 699 1389 aures
729 1332 1034 1386 innocentes
1059 1329 1244 1383 erunt1
1267 1346 1280 1392 ;
1303 1326 1478 1379 omnia
1510 1326 1742 1379 membra
1773 1334 1858 1376 tua
1884 1322 2103 1393 justitite

537 1424 857 1489 militabant,
889 1423 1008 1492 quia
1042 1422 1325 1489 imperator
1346 1420 1518 1487 justus
1550 1417 1714 1470 tenuit
1740 1430 1850 1471 cor.

608 1514 657 1570 9.
706 1512 846 1569 Tunc
879 1512 1041 1566 dicent
1077 1508 1440 1579 irtterlGentes,
1475 1505 1820 1576 Magni/icarit
1853 1504 2099 1558 Dominus

539 1609 704 1677 facere
729 1621 845 1658 cum
863 1605 951 1658 eis.
990 1600 1331 1672 Magni/icavit
1364 1599 1604 1675 Dominus
1626 1598 1789 1666 facere
1810 1594 2061 1689 nobiscum
2081 1603 2103 1646 .‘

537 1700 658 1767 facti
690 1680 862 1751 sumus
881 1694 1167 1767 jucundati.
1212 1691 1416 1756 Videte,
1444 1690 1657 1755 fratres,
1689 1688 1734 1743 si
1775 1684 1934 1742 modo
1971 1684 2097 1740 Sion

539 1802 646 1841 non
677 1786 802 1840 illud
832 1786 959 1840 dicit
988 1788 1125 1839 inter
1161 1782 1374 1847 Gentes,
1406 1797 1499 1852 per
1535 1790 1698 1843 totum
1726 1778 1908 1834 orbem
1936 1786 2100 1831 terra-

535 1877 891 1944 rum;videte
932 1877 974 1932 si
1024 1893 1127 1930 non
1174 1874 1238 1929 ad
1275 1874 1562 1929 Ecclesium
1604 1871 1852 1926 curritur.
1904 1867 1958 1923 In
1991 1876 2100 1921 ιυιο

536 1971 665 2025 orbe
693 1979 949 2025 terrarum
980 1969 1202 2038 pretium
1245 1947 1479 2019 nostrqu
1505 1963 1792 2032 accipitur;
1820 1962 1985 2017 Amen
2012 1974 2099 2014 re-
2126 2042 2131 2045 Δ

536 2060 843 2129 spondetur.
892 2059 1081 2112 Dicunt
1116 2072 1243 2126 ergo
1272 2057 1409 2111 inter
1446 2054 1642 2110 Gentes
1666 2048 2097 2155 ierosolymitani

536 2150 750 2219 captivi.
771 2147 1195 2219 Jerosolymitaui
1219 2145 1431 2200 redituri
1449 2146 1492 2207 ³,
1524 2142 1805 2241 peregrini,
1833 2142 2101 2241 suspiran-

539 2251 619 2296 tes
663 2242 843 2311 patriae
883 2255 1014 2296 suae.
1044 2237 1177 2307 Quid
1223 2235 1440 2291 dicunt?
1486 2233 1827 2333 Dlagniﬁoavit
1854 2229 2100 2333 Dominus

538 2338 703 2405 facere
728 2332 1024 2394 nobiscum;
1053 2330 1175 2401 facti
1199 2345 1372 2385 sumus
1402 2326 1684 2419 iucundati.
1712 2322 1975 2419 Numquid
2001 2322 2097 2419 ipsi

536 2440 716 2480 secum
747 2422 1023 2479 fecerunt?
1063 2421 1163 2492 ipsi
1189 2420 1328 2475 male
1362 2434 1539 2475 secum
1568 2416 1822 2482 Iacet-unt,
1848 2415 1968 2485 quia
1999 2415 2099 2469 sub

538 2526 753 2586 peccato
789 2529 849 2571 se
891 2512 1256 2569 vendiderunt.
1300 2510 1624 2579 Redemptor
1666 2507 1828 2573 venit,
1869 2515 1924 2561 et
1962 2505 2099 2608 bene

536 2622 656 2662 cum
680 2606 781 2661 illis
802 2605 923 2660 fecit
945 2623 957 2658 :
982 2614 1036 2660 et
1057 2604 1392 2675 magni/ienuit
1420 2600 1667 2654 Dominus
1689 2603 1978 2670 {orerecum
2005 2600 2093 2652 eis.

538 2697 883 2769 Magniﬁcavit
928 2695 1173 2751 Dominus
1220 2696 1381 2764 facere
1428 2693 1713 2756 nobiscum;
1756 2690 1877 2762 facti
1926 2706 2097 2745 sumus

529 2787 811 2860 jucundati.

609 2881 692 2934 10.
725 2877 875 2951 (vers.
917 2875 995 2950 ι]
1039 2876 1293 2942 Converte,
1350 2876 1583 2938 Domine,
1624 2874 1956 2945 captivitatem
2000 2890 2094 2971 no.-

537 2979 714 3032 stram,
738 2968 864 3023 sicut
892 2979 1085 3025 torrens
1121 2968 1175 3022 in
1211 2977 1400 3023 austro.
1430 2967 1565 3034 Quid
1608 2965 1824 3031 sithoc,
1861 2964 2097 3021 attenda't

535 3058 777 3116 Charitas
806 3070 999 3115 vestra.
1028 3059 1145 3115 Jam
1172 3059 1396 3123 dixerat,
1422 3058 1543 3112 Cum
1582 3065 1880 3112 converteret
1915 3055 2095 3110 Domi-

535 3170 632 3208 nus
650 3153 984 3222 captivitatem
1009 3152 1156 3207 Sion.
1186 3152 1344 3216 Quasi
1370 3151 1437 3205 de
1459 3149 1725 3219 praeterito
1751 3148 2090 3218 loquebatur:

535 3246 630 3298 sed
672 3245 806 3298 solet
835 3244 945 3298 fieri
988 3251 1045 3296 ut
1070 3241 1137 3296 de
1164 3240 1429 3310 prteterito
1462 3240 1702 3308 loquens,
1744 3238 1915 3293 futura
1956 3254 2094 3305 prze-

535 3334 740 3389 nuntiet
767 3333 1051 3402 Propheta.
1092 3331 1224 3386 Nam
1262 3331 1408 3401 quasi
1445 3329 1510 3383 de
1552 3328 1812 3397 prmterito
1841 3327 2094 3396 loqueba-

538 3430 642 3482 tur,
687 3436 808 3476 cum
859 3421 910 3475 in
956 3421 1062 3475 alio
1103 3419 1304 3489 psalmo
1350 3418 1568 3483 diceret,
1621 3416 1880 3471 Foderunt
1918 3433 2094 3471 manus

535 3528 682 3567 meas
707 3521 754 3566 et
795 3512 942 3582 pedes
978 3528 1132 3579 meos,
1174 3511 1606 3565 dinumeraverunt
1636 3509 1803 3563 omnia
1834 3525 1948 3562 ossa
1985 3525 2094 3563 mea

536 3601 702 3673 (Psal.
724 3619 833 3667 xxr,
860 3603 970 3673 l7).
996 3602 1109 3658 Non
1128 3602 1279 3669 dixit,
1311 3601 1496 3657 fossuri
1524 3608 1678 3667 sunt;
1706 3615 1808 3655 non
1829 3599 1981 3665 dixit,
2009 3601 2090 3659 di-

534 3694 912 3757 numerabunt;
937 3709 1042 3749 nou
1062 3694 1213 3757 dixit,
1232 3692 1466 3749 dividant
1487 3691 1589 3747 sibi
1608 3692 1917 3748 vestimenta
1943 3707 2088 3757 mea;

533 3803 638 3841 non
667 3787 817 3854 dixit,
847 3801 1006 3856 super
1031 3787 1397 3840 vestimentum
1427 3800 1602 3839 meum
1627 3784 1832 3838 mittent
1859 3792 2088 3839 sortem:

532 3876 704 3932 futura
732 3886 905 3944 erant,
933 3887 986 3931 et
1003 3876 1152 3948 quasi
1177 3874 1319 3931 facta
1341 3876 1708 3930 conlabantur.
1734 3874 1920 3929 Omnia
1947 3873 2089 3929 enim

531 3968 850 4039 quarfutura
877 3977 1019 4033 sunt,
1060 3968 1168 4024 Deo
1189 3968 1296 4037 jam
1332 3967 1465 4022 facta
1510 3975 1652 4021 sunt.
1697 3965 1792 4020 Hic
1816 3980 1942 4035 ergo
1970 3980 2089 4020 cum

531 4060 765 4127 diceret,
826 4079 843 4113 ι
887 4060 1018 4116 Cum
1061 4067 1393 4116 converteret
1441 4058 1695 4113 Dominus
1733 4058 2088 4128 captivitatem

529 4151 678 4217 Sion,
702 4151 825 4206 facti
868 4165 1049 4205 sumus
1080 4151 1215 4206 sicut
1241 4148 1536 4214 consolati;
1567 4156 1689 4202 tunc
1716 4147 1975 4216 repletum
2009 4155 2091 4202 est

529 4243 719 4312 gaudio
752 4257 812 4297 os
840 4252 1099 4308 nostrum,
1143 4250 1199 4297 et
1227 4241 1398 4310 lingua
1428 4246 1605 4294 nostra
1643 4237 2027 4301 exsultatione;
2062 4255 2082 4289 ι

531 4342 588 4386 ut
611 4331 914 4387 ostenderet
939 4345 998 4385 ac
1025 4331 1187 4401 figura
1220 4329 1468 4398 praeteriti
1499 4328 1670 4383 futura
1708 4327 1960 4397 cogitare,
1990 4327 2085 4393 ait,

535 4443 554 4474 α
584 4424 730 4477 Tunc
753 4423 932 4478 dicent
974 4423 1106 4477 inter
1139 4421 1354 4477 Gentes.
1391 4438 1410 4471 ι
1445 4418 1642 4484 Dicent,
1662 4419 1769 4489 jam
1800 4412 1868 4473 dé
1908 4418 2087 4473 futuro

529 4523 627 4568 est.
684 4533 702 4566 ι
730 4513 1079 4583 Maguificavit
1122 4511 1374 4566 Dominus
1409 4508 1581 4564 facere
1625 4510 1929 4574 nobiscum;
1964 4509 2084 4565 facti

528 4604 1060 4677 sumusjucundati'.
1090 4623 1110 4656 ι
1153 4603 1305 4658 Tunc
1335 4617 1454 4657 cum
1498 4601 1865 4667 cantabantur,
1913 4603 2085 4657 futura

528 4704 696 4760 erant,
733 4705 788 4750 et
828 4710 965 4749 nunc
993 4694 1236 4749 videntur
1274 4691 1571 4762 prtesentia.
1616 4690 1757 4758 Ergo
1799 4700 1915 4745 orat
1964 4700 2083 4745 tan-

525 4802 681 4858 quam
710 4787 777 4842 de
803 4786 1008 4845 futuris.
1049 4786 1134 4855 qui
1168 4784 1339 4838 futura
1367 4793 1611 4851 tanquam
1647 4781 1910 4869 praeterita
1946 4797 2083 4850 prae-

523 4880 733 4935 cinebat
756 4896 768 4931 :
790 4878 1045 4943 Converte,
1069 4875 1299 4939 Domine,
1324 4873 1657 4943 captivitatem
1673 4880 1911 4924 nostram.
1933 4870 2080 4925 Non-

520 4971 648 5027 dum
664 4979 779 5027 erat
803 4984 927 5039 ergo
947 4982 1199 5024 conversa
1227 4966 1515 5039 captivitas,
1544 4963 1662 5033 quia
1685 4961 1914 5016 nondum
1937 4962 2077 5018 Red-

520 5074 726 5135 emptor
753 5062 1055 5118 advenerat.
1103 5060 1263 5127 Ergo,
1284 5056 1493 5126 quando
1513 5055 1707 5110 eantati
1724 5063 1844 5108 sunt
1863 5054 2073 5120 Psalmi,

521 5158 658 5228 quod
693 5155 941 5211 orab‘atur
985 5163 1126 5216 tunc,
1150 5152 1258 5220 jam
1290 5148 1481 5203 factum
1521 5159 1602 5203 est
1633 5166 1645 5202 :
1672 5145 1925 5210 Converte,
1967 5146 2075 5201 Do-

519 5253 666 5317 utine,
711 5248 1044 5322 captivitatem
1081 5253 1318 5307 nostram,
1367 5242 1493 5296 sicut
1539 5250 1730 5296 torrens
1780 5241 1833 5294 in
1879 5250 2073 5301 austroc

576 5429 595 5460 ι
620 5435 668 5477 ιιι
687 5434 734 5476 B.
763 5437 886 5490 post,
908 5422 1033 5475 oculi
1059 5418 1507 5490 innocentem-deest
1529 5433 1637 5490 vox,
1663 5425 1970 5490 ertmt;i_post,
1987 5432 2074 5490 au-

515 5499 618 5546 res,
650 5482 969 5551 praetermissa
1006 5492 1119 5535 sunt
1152 5484 1320 5540 verba,
1342 5482 1610 5532 innocentes
1630 5489 1783 5532 erant.
1819 5488 1891 5532 Er.
1926 5482 2068 5545 Lugd.

516 5550 765 5598 Ven.Lov.
789 5550 941 5598 secuti
965 5560 1144 5616 stultus.
1206 5551 1295 5616 "It.
1354 5553 1359 5559 '

575 5612 596 5673 ξ
619 5617 836 5673 ουωοιῄ
856 5617 980 5669 Mss,
1004 5609 1262 5673 redempti;
1410 5664 1421 5673 .
1593 5671 1600 5673 Α
1663 5663 1674 5673 ι

575 5671 597 5703 ³
718 5670 840 5730 apud
864 5677 936 5725 Er.
954 5664 1006 5720 et
1027 5678 1136 5723 Lov.
1161 5667 1362 5729 additur,
1388 5664 1447 5716 de
1481 5664 1720 5729 pra‘tcrita
1740 5677 1757 5715 :
1776 5665 1901 5729 quod
1935 5679 1961 5715 a
1978 5678 2070 5716 ca:-

513 5729 790 5783 tcris'libr‘ts
806 5730 960 5779 abest.
1076 5777 1084 5783 ,

1743 298 1803 357 S.
1835 296 2193 358 AUGUSTINI
2234 300 2525 359 EPlSCOPl

3625 315 3755 370 1665
3789 364 3797 383 ,

2206 415 2350 471 Sicut
2376 427 2753 475 convertuntur
2779 430 3035 479 torrentes
3065 425 3116 480 in
3161 436 3361 493 austro,
3407 428 3482 486 sic
3509 447 3757 491 converte

2200 509 2554 577 captivitatem
2595 523 2846 569 nostram.
2875 517 3220 585 Quaerebatur
3259 521 3384 591 quid
3420 525 3521 592 sit;
3551 527 3642 583 sed
3668 545 3760 599 pa-

2204 600 2329 655 tebit
2371 603 2546 670 modo,
2588 604 2867 674 adiuvante
2908 609 3148 673 Domino,
3178 614 3367 669 vestris
3410 619 3755 677 orationibus.

2202 688 2439 755 Quodam
2465 692 2580 747 loco
2614 693 2904 765 Scriptura,
2953 716 3073 756 cum
3102 704 3411 775 przeciperet
3445 718 3499 764 et
3521 721 3756 769 moueret

2202 779 2267 834 de
2295 784 2541 851 operibus
2568 787 2735 854 bonis,
2760 790 2831 844 ait
2855 810 2867 843 :
2897 790 3042 847 Sicut
3062 795 3247 865 glacies
3270 798 3322 852 in
3349 816 3540 868 sereno,
3567 803 3636 856 ita
3658 806 3759 860 sof-

2202 880 2373 925 ventur
2398 885 2596 942 peccata
2640 887 2726 930 tua
2754 879 2938 949 (Eucti.
2970 898 3045 948 tu,
3074 883 3182 956 17).
3213 886 3354 957 Ergo
3380 901 3590 959 peccata
3630 894 3762 966 liga-

2205 960 2330 1029 ba,nt
2357 979 2469 1017 nos.
2510 965 2822 1032 Quomodo?
2842 973 3116 1038 Quomodo
3143 976 3304 1047 frigus
3332 980 3456 1050 ligat
3480 960 3764 1053 aquamvne

2204 1063 2401 1107 currat.
2428 1055 2494 1110 Et
2524 1057 2705 1128 illigati
2733 1061 2928 1132 frigore
2953 1076 3286 1134 peccatorum
3314 1072 3621 1141 gelavimus.
3655 1078 3768 1133 Au-

2203 1152 2313 1198 ster
2349 1156 2527 1202 autem
2556 1149 2755 1206 calidus
2801 1165 2985 1212 ventus
3029 1168 3111 1214 est
3139 1177 3153 1214 :
3184 1164 3394 1230 quando
3431 1164 3523 1220 flat
3562 1178 3765 1239 auster,
3862 1148 3873 1161 ’

2205 1234 2445 1305 liquescit
2481 1241 2695 1311 glacies,
2738 1255 2794 1299 et
2833 1246 3116 1317 implentur
3154 1263 3434 1312 torrentes.
3475 1234 3767 1320 Ter-rentes

2203 1338 2377 1384 autem
2417 1331 2666 1390 dicuntur
2690 1335 2903 1394 ﬂumina
2937 1341 3213 1412 hiemalia;
3258 1362 3450 1419 magno
3485 1352 3625 1409 enim
3667 1354 3765 1409 im-

2208 1431 2326 1486 petu
2368 1426 2661 1493 repentinis
2688 1432 2839 1501 aquis
2873 1433 3084 1504 impleta
3122 1451 3358 1495 currunt.
3392 1443 3768 1506 Gelaveramus

2204 1524 2330 1580 ergo
2372 1512 2424 1567 in
2454 1518 2790 1587 captivitate;
2833 1527 3263 1598 constringebant
3300 1548 3398 1588 nus
3428 1548 3639 1605 peccata
3668 1555 3763 1596 no-

2203 1610 2307 1654 stra
2338 1620 2353 1683 ε
2379 1605 2521 1662 flavit
2546 1620 2727 1668 auster
2751 1612 2975 1684 Spiritus
3001 1630 3214 1677 sanctus
3236 1638 3251 1689 ;
3272 1623 3486 1682 dimissa
3514 1640 3636 1685 sunt
3660 1649 3765 1686 no-

2205 1691 2283 1757 bis
2310 1706 2544 1763 peccata.
2573 1701 2728 1758 soluti
2771 1719 2955 1763 sumus
2989 1724 3021 1764 a
3054 1710 3247 1784 frigore
3288 1716 3611 1787 iniquitatis;
3642 1732 3763 1779 tan-

2203 1797 2357 1850 quam
2395 1787 2588 1856 glaeies
2632 1791 2683 1846 in
2727 1801 2940 1863 sereno;
2978 1802 3259 1861 solvuntur
3303 1819 3513 1875 peccata
3558 1823 3762 1869 nostra.

2202 1871 2488 1934 Gurramus
2514 1879 2580 1935 ad
2616 1885 2859 1952 patriam,
2890 1892 3037 1957 quasi
3071 1902 3330 1950 torrentes
3354 1899 3405 1952 in
3432 1911 3633 1956 austro.
3664 1905 3764 1963 Diu

2202 1965 2341 2020 enim
2367 1967 2733 2037 laboravimus,
2758 1986 2813 2031 et
2837 1978 3133 2038 laboramus
3157 1986 3317 2040 etiam
3335 1987 3587 2047 facientes
3603 1992 3762 2053 bene.

2202 2053 2333 2110 Nam
2370 2058 2476 2125 ipsa
2503 2063 2607 2117 vita
2636 2064 2865 2124 humana
2891 2086 3046 2141 quam
3090 2075 3310 2147 ingressi
3334 2095 3536 2152 sumus,
3567 2087 3762 2143 misera

2202 2152 2301 2212 est,
2348 2148 2611 2206 laboribus
2641 2155 2812 2223 plena,
2845 2159 3133 2231 doloribus,
3175 2170 3443 2239 periculis,
3486 2148 3763 2246 aerumnis,

2203 2241 2595 2297 tentationibus.
2639 2246 2811 2304 Nolite
2849 2253 3028 2308 seduci
3069 2257 3258 2327 gaudio
3287 2278 3459 2318 rerum
3501 2241 3763 2324 humana;

2201 2341 2350 2391 rum;
2377 2328 2549 2386 flenda
2578 2334 2628 2388 in
2671 2337 2830 2394 rebus
2858 2340 3102 2399 humanis
3130 2347 3404 2408 advertite.
3448 2354 3652 2412 Poterat
3687 2360 3763 2413 ri-

2199 2415 2324 2473 dere
2343 2421 2487 2490 prius
2518 2441 2646 2493 puer
2668 2430 2758 2499 qui
2788 2436 3017 2491 nascitur
3043 2453 3058 2490 :
3080 2454 3242 2509 quare
3264 2459 3293 2497 a
3323 2444 3446 2500 ﬂetu
3475 2448 3655 2519 incipit
3686 2454 3762 2506 vi-

2201 2511 2362 2565 vere?
2390 2512 2580 2571 Ridere
2622 2521 2851 2576 nondutn
2880 2528 3059 2593 novit;
3099 2544 3262 2599 quare
3292 2534 3497 2602 plomre
3520 2511 3627 2607 join
3661 2558 3762 2596 no-

2200 2598 2310 2653 vit?
2335 2602 2466 2667 Quia
2509 2610 2668 2675 cmpit
2715 2612 2791 2667 ire
2833 2614 2887 2668 in
2932 2616 3086 2674 istam
3117 2598 3302 2677 vitam.-
3342 2625 3453 2681 Sed
3475 2598 3539 2683 si-
3559 2631 3624 2687 de
3657 2634 3763 2690 illis

2199 2691 2427 2760 captivis.
2446 2705 2544 2759 est,
2571 2695 2657 2753 hic
2686 2701 2775 2756 llet
2803 2714 2855 2758 et
2878 2708 3072 2775 gemit;
3100 2710 3193 2767 sed
3219 2716 3395 2771 veniet
3418 2719 3687 2789 gaudium.

2270 2784 2355 2838 ll.
2389 2783 2537 2859 [vei-s.
2565 2789 2644 2865 5.]
2680 2792 2924 2864 Sequitur
2962 2801 3140 2857 enim:
3167 2802 3267 2870 Qui
3308 2783 3553 2863 sentinam
3591 2812 3644 2866 in
3685 2816 3761 2866 la-

2198 2875 2400 2945 crymis,
2427 2878 2479 2933 in
2513 2880 2698 2951 gaudio
2732 2896 2932 2942 metent.
2963 2890 3016 2944 In
3058 2892 3153 2947 ista
3180 2895 3305 2961 vita,
3345 2913 3464 2969 qua:
3492 2902 3642 2971 plena
3677 2916 3759 2960 est

2186 2956 2479 3065 ‘laerymis,
2529 2973 2870 3033 seminemus.
2920 2979 3056 3048 Quid
3119 2956 3763 3065 seminabimus-tom;

2199 3054 2354 3111 bona.
2402 3056 2572 3127 Opera
2608 3063 2984 3123 misericordiae
3028 3074 3230 3129 semina
3278 3088 3455 3135 nostra
3502 3054 3761 3143 sunl'ule

2197 3147 2387 3213 quibus
2418 3151 2707 3207 seminibus
2731 3156 2805 3209 ait
2848 3159 3152 3227 Apostolus,
3191 3185 3210 3217 ι
3245 3167 3448 3225 Battum
3478 3184 3655 3231 autem
3686 3180 3761 3232 fa-
3788 3243 3799 3249 ,

2198 3235 2396 3293 cientes
2425 3256 2527 3295 non
2551 3243 2887 3315 deficiamus;
2915 3258 3150 3322 tempore
3176 3258 3316 3313 enim
3348 3263 3560 3332 proprio
3585 3277 3763 3325 mete-

2198 3341 2314 3380 mus
2340 3327 2701 3400 infatigabiles.
2732 3335 2912 3408 itaque
2948 3340 3072 3398 dum
3100 3354 3306 3417 tempus
3343 3327 3597 3410 habemus
3619 3371 3759 3427 ope-

2199 3433 2375 3474 remur
2402 3421 2596 3478 bonum
2618 3426 2684 3481 ad
2708 3444 2911 3497 omnes,
2944 3437 3175 3494 maxime
3202 3451 3376 3500 autem
3401 3446 3468 3500 ad
3493 3447 3759 3506 domesti-

2195 3525 2287 3613 cos
2318 3510 2436 3583 fidei
2468 3535 2487 3569 ι
2516 3515 2803 3589 (Colat..vt,
2833 3524 3003 3599 8-l0).
3026 3528 3272 3600 Loquens
3300 3536 3471 3607 itaque
3510 3540 3579 3596 de
3621 3542 3761 3613 ipsis

2195 3602 2562 3676 eleemosynis,
2591 3611 2715 3680 quid
2740 3614 2855 3679 ait?
2885 3615 2997 3672 Hoc
3015 3630 3180 3676 autem
3205 3625 3337 3690 dico,
3367 3602 3469 3696 Qui
3495 3602 3758 3700 ρανσεέε-

2195 3693 2370 3761 minat,
2402 3714 2551 3767 parce
2569 3711 2616 3755 et
2630 3713 2773 3758 metet
2793 3705 2867 3776 (ll
2891 3707 3009 3764 Cor.
3040 3727 3113 3778 rx,
3144 3714 3219 3784 6).
3251 3693 3505 3792 Ergo'qui
3525 3724 3758 3783 multum

2181 3786 2439 3860 seminat,
2476 3793 2697 3850 multum
2740 3807 2903 3854 metet
2930 3820 2945 3857 :
2970 3805 3054 3869 qui
3083 3822 3233 3874 parce
3258 3786 3488 3880 seminat,
3530 3834 3687 3887 parce
3712 3829 3759 3875 et

2194 3888 2372 3946 metet;
2396 3890 2449 3938 et
2479 3886 2566 3954 qui
2593 3886 2722 3942 nihil
2746 3891 2992 3959 seminat,
3032 3896 3158 3953 nihil
3191 3910 3372 3957 metet.
3403 3904 3577 3974 Quare
3603 3909 3758 3967 desi-

2194 3968 2388 4027 deratis
2430 3973 2568 4031 latos
2607 3977 2812 4046 fundos,
2859 3984 2948 4039 ubi
2981 3988 3145 4043 multa
3189 3994 3392 4049 semina
3413 3968 3715 4057 ﬁseminetis
3732 3984 3767 4060 tl

2194 4060 2369 4119 Latior
2397 4065 2544 4122 vobis
2579 4083 2687 4123 non
2721 4080 2802 4127 est
2829 4074 2915 4129 ubi
2956 4079 3249 4149 seminetis,
3296 4100 3454 4154 quam
3483 4089 3754 4159 Christus,

2192 4154 2280 4223 qui
2318 4154 2455 4212 inse
2481 4157 2647 4214 voluit
2681 4163 2953 4220 seminari.
2981 4166 3144 4225 Terra
3172 4183 3345 4229 vestra
3371 4177 3605 4236 Ecclesia
3630 4154 3754 4249 est;

2190 4244 2447 4331 seminate
2484 4258 2735 4317 quantum
2761 4256 3001 4323 potestis.
3043 4258 3149 4314 Sed
3191 4274 3374 4331 parum
3416 4266 3579 4325 habes
3607 4244 3757 4329 unde

2191 4330 2371 4389 facias.
2403 4335 2573 4392 Habes
2597 4340 2957 4401 voluntatem?
2982 4330 3258 4416 Quomodo
3284 4353 3413 4410 nihil
3438 4367 3580 4415 esset
3605 4362 3756 4431 quod

2192 4422 2373 4492 habes,
2396 4427 2440 4481 si
2469 4443 2574 4482 non
2603 4430 2811 4486 adesset
2847 4434 2981 4489 bona
3008 4439 3285 4506 voluntas;
3315 4446 3389 4499 sic
3414 4457 3466 4500 et
3495 4422 3756 4518 quia-non

2190 4514 2371 4582 habes,
2413 4520 2520 4575 noli
2561 4537 2681 4578 esse
2724 4526 2907 4594 tristis,
2953 4529 2997 4583 si
3040 4543 3122 4586 est
3166 4535 3255 4589 tibi
3303 4536 3432 4591 bona
3480 4514 3753 4600 voluntas.

2187 4608 2321 4674 Quid
2361 4613 2501 4667 enim
2528 4616 2756 4672 seminas
2775 4619 2801 4673 τ
2842 4620 3270 4681 Misericordiam.
3300 4628 3367 4684 Et
3391 4633 3513 4701 quid
3541 4641 3757 4693 metes?

2188 4699 2396 4756 Pacem.
2417 4702 2677 4776 Numquid
2701 4720 2875 4766 autem
2897 4713 3142 4770 dixerunt
3165 4720 3366 4790 Angeli,
3392 4699 3498 4778 l’ax
3529 4726 3578 4779 iu
3603 4736 3753 4784 terra

2185 4791 2429 4850 divitibus
2451 4795 2782 4855 hominibus?
2797 4802 2920 4868 Sed,
2951 4803 3064 4860 Paa:
3081 4808 3131 4861 in
3154 4819 3282 4863 terra
3303 4812 3584 4871 hominibus
3601 4816 3752 4873 bona:

2183 4884 2448 4940 voluntatis
2476 4887 2625 4958 (Luc.
2656 4907 2711 4957 ιι,
2736 4893 2843 4964 Η).
2869 4895 2923 4949 lu
2954 4896 3206 4956 Zacchwo
3231 4918 3415 4974 magna
3446 4908 3749 4979 voluntas‘,

2183 4973 2232 5029 in
2261 4976 2511 5035 Zaccha‘o
2539 4980 2766 5039 charitas
2802 5003 3010 5059 magna.
3054 4991 3294 5063 Suscepit
3328 4973 3609 5056 Dominum
3645 5002 3750 5058 ho-

2181 5070 2354 5138 Spitio,
2379 5073 2615 5142 gaudens
2650 5080 2900 5151 suscepit,
2944 5091 2998 5137 et
3019 5083 3290 5140 dimidium
3318 5092 3620 5159 patrimonii
3654 5097 3747 5152 sui

2179 5163 2494 5230 pauperibus
2516 5166 2755 5233 promisit
2778 5185 2835 5223 se
2851 5171 3113 5239 daturum,
3134 5184 3187 5230 et
3208 5178 3250 5230 si
3278 5180 3360 5233 cui
3388 5181 3584 5251 aliquid
3615 5186 3745 5240 abs-

2180 5252 2386 5320 tulerat,
2438 5254 2783 5327 quadruplum
2824 5262 3146 5319 redditurum
3174 5266 3284 5335 (Id.
3322 5285 3437 5334 XIX,
3470 5272 3525 5339 6,
3553 5274 3642 5346 8);
3677 5288 3739 5330 ut

2177 5341 2433 5415 intelligas
2455 5358 2732 5418 propterea
2762 5352 2860 5407 sibi
2891 5369 3010 5409 eum
3043 5359 3272 5415 tenuisse
3297 5341 3598 5431 dimidium,
3624 5384 3742 5426 non

2177 5446 2234 5489 ut
2274 5437 2485 5492 haberet
2502 5440 2640 5508 quod
2671 5444 2980 5512 possideret,
3021 5448 3114 5504 sed
3140 5458 3197 5503 ut
3222 5450 3440 5508 haberet
3464 5457 3605 5513 unde
3629 5458 3734 5515 de-

2176 5527 2281 5583 bita
2309 5528 2572 5585 redderet.
2601 5530 2786 5604 Magna
2813 5536 3090 5606 voluntas;
3140 5543 3359 5597 multum
3400 5545 3565 5615 dedit,
3597 5552 3730 5607 mul-

2239 5662 2253 5738 ξ
2276 5660 2469 5738 ρξάρίξὶὲς
2486 5662 2654 5738 verba.
2672 5672 2729 5738 tt}
2771 5665 2997 5719 Zacchteo
3017 5683 3189 5738 magna
3214 5674 3441 5734 voluntas,
3465 5680 3731 5738 praemitte-

2176 5723 2312 5772 batur
2338 5724 2385 5772 in
2410 5722 2537 5774 add:
2566 5733 2618 5776 In
2640 5725 2780 5777 vidua
2796 5741 2966 5794 magna
2988 5722 3194 5784 infinitas
3213 5747 3230 5785 :
3248 5722 3372 5800 quod
3387 5722 3731 5795 his;
