3984 6200
323 216 462 272 1665

325 331 433 388 tum
467 334 762 390 seminavit.
789 333 924 402 Ergo
944 331 1091 385 vidua
1121 331 1204 384 illa
1228 346 1343 400 qua:
1368 330 1472 403 duo
1492 329 1688 382 minuta
1719 327 1879 390 misit,

324 443 506 496 parum
540 427 854 480 seminavit?
885 427 989 478 lmo
1021 436 1240 487 tanutm,
1289 435 1538 495 quantum
1579 423 1877 478 Zacclnens.

323 520 555 572 Minores
585 520 723 572 enim
767 517 1039 572 facultates
1069 517 1290 581 ferebat,
1319 516 1408 571 sed
1437 531 1614 586 parem
1642 515 1881 568 volunta-

321 619 423 663 tem
468 608 694 664 habebat
739 609 884 680 (Luc.
918 625 1026 671 tm,
1059 608 1189 678 Hi).
1245 608 1380 661 Misit
1425 608 1527 661 duo
1573 609 1769 660 minuta
1814 606 1878 659 de

318 713 460 755 tanta
492 702 777 765 voluntate,
811 702 876 754 de
903 712 1094 771 quanta
1120 699 1397 752 laet-luens
1420 698 1688 753 dimidium
1718 699 1876 767 patri-

317 793 482 844 monii
521 793 623 845 sui.
665 792 717 845 Si
749 792 988 844 attendas
1017 791 1137 859 quid
1165 791 1440 853 dederunt,
1481 789 1687 842 diversa
1730 788 1871 839 inve-

316 885 429 937 nies
461 901 474 935 :
505 884 547 936 si
600 883 840 936 attendas
891 883 1029 935 unde
1072 881 1363 939 dederunt,
1419 879 1561 946 paria
1608 879 1869 931 invenit-5'

313 974 567 1043 quidquid
599 972 776 1026 habuit
805 972 944 1026 dedit
975 973 1082 1037 illa,
1125 985 1177 1024 et
1217 970 1354 1038 quod
1386 969 1564 1024 habuit
1592 967 1736 1022 dedit
1765 967 1869 1020 illc.

385 1065 474 1120 12.
515 1066 619 1120 Fac
643 1065 865 1134 aliquem
894 1081 993 1116 non
1023 1064 1214 1115 habere
1237 1063 1313 1116 vel
1338 1061 1468 1115 duos
1493 1075 1768 1114 nummos:
1793 1069 1872 1111 est

313 1155 510 1227 aliquid
562 1157 713 1210 vilius
759 1155 897 1223 quod
943 1157 1282 1217 seminemns,
1323 1165 1378 1206 ut
1423 1137 1680 1207 metamus
1730 1151 1868 1205 illam

313 1250 579 1304 messem?
605 1250 696 1303 Est
721 1267 732 1300 :
764 1247 978 1302 Calicem
1013 1262 1154 1314 aqua:
1179 1245 1374 1316 [rigith
1401 1245 1483 1314 qui
1512 1244 1699 1297 dederit
1723 1244 1871 1296 disci-

312 1343 454 1410 pulo,
491 1356 589 1392 non
627 1339 793 1409 pendet
820 1337 1087 1391 mercedem
1118 1353 1278 1389 suam.
1303 1335 1454 1389 ‘Calix
1484 1350 1633 1404 aqua!
1664 1333 1867 1403 frigida:

314 1449 415 1484 non
458 1430 662 1484 duolms
708 1423 962 1492 nummis,
999 1427 1090 1481 sed
1117 1427 1275 1494 gratis
1301 1434 1538 1489 constat;
1575 1433 1746 1477 tamen
1774 1425 1868 1476 ali-

307 1522 520 1592 quando
557 1520 634 1574 sic
676 1521 836 1589 gratis
864 1529 1088 1583 constat,
1137 1527 1188 1569 ιιι
1217 1516 1399 1570 habeat
1430 1515 1574 1569 illum
1617 1513 1766 1577 alius,
1815 1524 1867 1566 et

314 1615 449 1666 alius
477 1628 579 1667 non
609 1612 798 1664 habeat
831 1629 843 1664 :
871 1611 912 1664 si
943 1627 1066 1679 ergo
1095 1610 1179 1662 ille
1208 1607 1292 1677 qui
1327 1606 1472 1660 illum
1501 1607 1676 1668 habet,
1705 1605 1866 1659 dede-

307 1716 372 1759 rtt
409 1705 485 1759 illi
512 1705 599 1774 qui
629 1719 730 1757 non
758 1703 947 1766 habet;
979 1711 1178 1754 tantum
1203 1699 1364 1763 dedit,
1407 1699 1449 1752 si
1474 1698 1540 1752 de
1564 1698 1713 1766 plena
1740 1697 1865 1750 cha-

306 1797 460 1850 ritate
484 1797 627 1850 dedit
652 1795 788 1865 quod
809 1793 970 1858 dedit,
1001 1800 1198 1846 tantum
1225 1790 1391 1855 dedit,
1421 1798 1670 1859 quantum
1699 1789 1784 1840 illa
1811 1789 1862 1843 in

303 1891 508 1944 duobus
533 1888 765 1953 minutis,
792 1897 1041 1955 quantum
1061 1885 1340 1938 Zaccbaeus
1365 1884 1415 1936 in
1442 1882 1657 1936 dinidio
1684 1897 1858 1935 rerum

302 1995 536 2034 Suarum.
577 1978 688 2032 Non
733 1979 872 2032 enim
921 1977 1034 2030 sine
1078 1989 1232 2028 causa
1280 1973 1497 2033 addidit.
1543 1971 1761 2042 frigidm,
1805 1982 1861 2025 ut

303 2086 584 2140 pauperem
612 2069 932 2123 ostenderet.
963 2067 1082 2120 Ideo
1111 2066 1258 2130 dixit,
1293 2063 1504 2118 Calicem
1546 2061 1686 2133 caute
1710 2065 1858 2134 frigi-

301 2167 400 2230 da',
447 2179 513 2218 ne
551 2165 668 2233 quis
711 2162 791 2216 vel
835 2161 955 2214 inde
995 2168 1301 2214 causaretur
1330 2156 1468 2226 quod
1510 2157 1704 2227 lignum
1752 2171 1854 2209 non

300 2254 541 2308 habuerit
572 2252 709 2307 unde
747 2251 1057 2306 calefaceret
1100 2264 1308 2318 aquam.
1353 2247 1566 2302 Calicem
1595 2262 1738 2315 aqum
1764 2247 1853 2314 [ri-

297 2347 429 2417 gide
466 2347 550 2414 qui
575 2344 764 2397 dederit
813 2343 899 2396 uni
937 2358 996 2394 ea:
1034 2341 1269 2402 minimis,
1317 2354 1413 2391 non
1473 2339 1640 2408 perdet
1668 2353 1852 2389 merce-

296 2441 406 2490 dem
429 2454 570 2490 suam
589 2435 770 2504 (Marc.
797 2451 875 2500 tx,
899 2433 997 2494 40;
1019 2442 1066 2485 et
1094 2431 1275 2483 Matth.
1306 2446 1361 2493 Χ,
1392 2429 1498 2499 4‘3).
1526 2428 1659 2496 Quid
1689 2428 1731 2482 si
1757 2443 1853 2481 nec

298 2532 395 2582 hoc
422 2517 641 2580 habeat?
666 2527 894 2580 Securus
934 2525 1020 2589 sit,
1048 2523 1142 2576 etsi
1177 2537 1272 2575 nec
1302 2522 1401 2574 hoc
1437 2520 1624 2582 habet;
1657 2517 1770 2571 Pax
1801 2520 1852 2572 in

296 2632 425 2672 trrra
484 2619 760 2673 hominibus
808 2618 945 2683 boum
992 2615 1254 2668 voluntatis
1296 2629 1312 2666 :
1347 2622 1544 2666 tantum
1601 2611 1725 2665 illud
1783 2611 1850 2664 ti.

295 2724 452 2777 meat,
494 2729 559 2768 ne
587 2713 773 2767 habeat
801 2721 850 2765 ct
883 2725 984 2762 non
1017 2708 1189 2761 faciat.
1231 2706 1284 2760 Si
1312 2707 1449 2760 enim
1485 2705 1642 2758 habet
1668 2713 1719 2758 et
1746 2719 1848 2757 non

293 2807 433 2870 facit,
461 2807 597 2859 intus
625 2804 860 2874 gelavit:
881 2801 1111 2855 nondum
1138 2799 1306 2852 soluta
1338 2807 1456 2850 sunt
1483 2805 1695 2865 peccata
1734 2795 1849 2864 ejus

290 2901 425 2951 sicut
469 2907 673 2952 torrens
718 2895 769 2948 in
815 2905 1012 2955 an5tro,
1073 2890 1194 2960 quia
1238 2891 1479 2943 voluntas
1528 2885 1707 2955 frigida
1745 2894 1844 2938 est.

290 2990 420 3057 Quid
454 2991 628 3044 valent
657 2997 795 3042 tanta
824 2986 960 3039 bona
992 2999 1108 3052 qua:
1137 2978 1492 3052 possidemus?
1521 2977 1733 3032 Accedit
1758 2991 1847 3028 vo-

289 3081 461 3135 luntas
507 3079 734 3141 fervens,
761 3077 868 3146 jam
909 3076 1075 3129 soluta
1111 3073 1288 3127 calore
1335 3070 1528 3132 austri;
1573 3068 1670 3123 etsi
1717 3067 1844 3120 nihil

287 3172 499 3236 habeat,
542 3177 705 3224 totum
746 3169 818 3221 illi
846 3173 1199 3235 computatur.
1230 3163 1430 3229 Quanta
1474 3159 1569 3215 sibi
1597 3168 1845 3229 priestant

285 3263 557 3320 mendici?
581 3261 821 3316 intendat
839 3259 1083 3314 Charitas
1112 3268 1282 3311 vestra
1309 3253 1572 3324 quomodo
1598 3252 1686 3305 fiat
1714 3252 1843 3306 elee-

284 3371 526 3426 mOsyna.
564 3354 721 3409 Certe
749 3351 972 3406 mendici
999 3359 1124 3406 sunt
1157 3349 1208 3402 in
1234 3362 1366 3417 quos
1394 3345 1522 3400 facis
1555 3345 1842 3414 eleemosy-

283 3462 426 3508 nam,
460 3442 683 3499 mendici
712 3453 884 3513 egent.
913 3440 1194 3495 Attenditis
1231 3437 1365 3492 forte
1397 3437 1588 3490 fratres
1615 3445 1838 3495 vestros,

282 3541 325 3592 si
360 3539 540 3607 aliquo
580 3545 767 3605 egent;
821 3533 1070 3594 tribuitis,
1112 3531 1155 3585 si
1187 3539 1269 3584 est
1314 3530 1364 3582 in
1391 3528 1540 3581 vobis
1577 3525 1837 3590 Christus,

282 3619 438 3686 etiam
462 3629 676 3685 exteris.
707 3625 807 3682 Sed
834 3626 878 3680 si
907 3625 980 3679 illi
1014 3634 1138 3678 sunt
1166 3620 1411 3683 mendici,
1444 3620 1529 3688 qui
1556 3617 1839 3686 professio-

282 3739 402 3778 nem
442 3721 634 3775 habent
659 3718 885 3790 petendt,
917 3719 967 3771 in
1009 3730 1241 3770 :erumna
1267 3725 1317 3768 et
1347 3713 1444 3781 ipsi
1477 3712 1666 3766 habent
1700 3713 1858 3780 quod-

282 3824 536 3887 prmstent
568 3814 665 3869 sibi
689 3812 933 3867 invicem.
959 3809 1074 3864 Non
1105 3808 1222 3862 illos
1251 3806 1484 3862 deseruit
1513 3806 1670 3866 Dens,
1703 3802 1840 3856 unde

281 3910 588 3978 probentur,
619 3904 736 3974 quia
769 3902 962 3958 faciunt
991 3899 1370 3968 eleemosynas.
1405 3895 1514 3949 “Iste
1539 3910 1639 3947 non
1665 3899 1840 3964 potest

280 4000 590 4062 ambulare;
629 3997 716 4066 qui
747 4003 920 4066 potest
951 3990 1242 4052 ambulare,
1280 3987 1438 4058 pedes
1474 4000 1596 4039 suos
1634 3999 1840 4038 accom-

280 4091 464 4146 modat
508 4088 727 4151 claudo;
772 4086 858 4157 qui
891 4084 1054 4150 videt,
1091 4081 1272 4138 oculos
1309 4094 1432 4134 suos
1481 4075 1840 4133 accommodat

278 4197 456 4246 czeco;
481 4189 535 4236 et
561 4179 646 4249 qui
669 4178 876 4249 juvenis
907 4184 989 4232 est
1025 4184 1077 4230 et
1105 4187 1285 4238 sanus,
1308 4171 1446 4225 vires
1475 4184 1595 4223 suas
1633 4184 1838 4222 accom-

280 4271 465 4328 modat
489 4270 570 4324 vel
591 4271 701 4324 seni
730 4269 811 4324 vel
838 4276 1057 4339 εδει-σω,
1089 4272 1261 4335 portat
1289 4263 1432 4317 illum
1461 4278 1474 4313 :
1510 4260 1597 4314 ille
1620 4259 1835 4328 indiget,

241 4366 248 4372 ’
278 4368 370 4421 ille
399 4366 545 4418 dives
565 4373 664 4416 est.

356 4459 439 4510 15.
483 4453 772 4523 Aliquando
814 4460 867 4505 et
919 4450 1063 4503 dives
1117 4447 1377 4501 invenitur
1423 4458 1650 4514 panper,
1703 4451 1758 4496 et
1808 4456 1838 4495 a

279 4563 512 4619 paupere
541 4553 817 4614 prmstatnr
844 4544 915 4596 illi
944 4540 1155 4610 aliquid.
1187 4537 1341 4592 Venit
1387 4536 1564 4592 nescio
1607 4535 1722 4604 quis
1772 4532 1838 4585 ad

279 4643 474 4695 ﬂumen
495 4680 510 4705 ,
543 4647 688 4691 tanto
718 4635 991 4689 delicatior
1029 4641 1222 4702 quanto
1265 4629 1451 4692 ditior;
1485 4626 1706 4680 transire
1735 4640 1837 4678 non

279 4740 452 4802 potest
499 4749 512 4783 :
558 4730 600 4782 si
633 4727 838 4781 nudatis
867 4724 1115 4779 membris
1171 4722 1444 4782 transiret,
1490 4719 1793 4787 frigesceret
1821 4755 1837 4780 ,

277 4834 560 4894 :rgrotaret
591 4865 604 4884 ,
635 4827 947 4873 quereretur
976 4835 990 4872 :
1020 4817 1221 4872 accedit
1273 4828 1465 4883 pauper
1507 4811 1842 4864 exercitatior

275 4930 498 4984 corpore
519 4953 534 4977 ,
568 4912 758 4980 trajicit
783 4909 1030 4972 divitem;
1054 4907 1438 4974 eleetnosynam
1470 4903 1590 4955 facit
1619 4903 1667 4955 in
1703 4900 1838 4953 (1.νί-

279 5019 405 5061 tero.
436 5007 573 5076 Ergo
601 5005 760 5057 nolite
785 5016 877 5055 eos
899 5010 1096 5054 tantum
1123 5008 1300 5066 putare
1323 5011 1596 5065 pauperes,
1625 4993 1710 5062 qui
1736 5008 1836 5045 non

276 5099 467 5153 habent
491 5097 782 5167 pecuniam.
807 5094 860 5147 ιιι
882 5108 986 5162 quo
1015 5093 1233 5160 quisque
1262 5103 1458 5158 pauper
1476 5095 1576 5151 est,
1597 5086 1665 5140 ibi
1696 5086 1838 5138 illum

275 5188 428 5250 vide;
461 5187 579 5255 quia
612 5184 742 5238 forte
765 5193 816 5237 tu
847 5183 896 5236 in
924 5198 987 5236 eo
1013 5182 1158 5235 dives
1184 5197 1240 5233 es
1260 5223 1273 5243 ,
1306 5179 1357 5232 in
1395 5193 1498 5248 quo
1528 5177 1614 5230 ille
1644 5191 1841 5244 panper

275 5288 379 5348 est,
401 5286 454 5332 et
471 5265 633 5331 habes
651 5277 785 5330 unde
801 5271 1182 5328 accommodes.
1205 5271 1358 5325 Forte
1387 5269 1619 5323 membra
1642 5276 1727 5320 tua
1751 5281 1840 5319 ac-

275 5369 604 5433 commodas,
627 5378 678 5422 et
704 5368 814 5436 plus
835 5375 915 5420 est
932 5379 1086 5434 quam
1115 5364 1157 5417 si
1178 5362 1449 5431 pecuniam
1475 5357 1840 5413 accommoda-

278 5476 385 5515 tes.
410 5459 643 5513 Consilio
663 5457 876 5526 indiget,
903 5465 952 5508 tu
976 5454 1162 5523 plenus
1182 5467 1239 5507 es
1262 5451 1516 5512 consilio;
1549 5449 1600 5501 in
1621 5436 1841 5500 consilio

279 5551 364 5604 ille
394 5564 612 5619 pauper,
645 5558 699 5602 ttt
743 5548 886 5601 dives
915 5561 994 5599 es.
1027 5544 1164 5597 Ecce
1191 5559 1284 5596 nec
1321 5542 1526 5595 laboras
1556 5580 1570 5604 ,
1601 5553 1698 5594 nec
1743 5538 1840 5591 ali—

278 5641 401 5711 quid
423 5639 630 5711 perdis;
650 5639 740 5692 das
757 5637 1051 5700 consilium,
1070 5645 1120 5690 et
1146 5633 1407 5704 prmsitisti
1433 5633 1836 5701 eleemosynam.

1374 197 1756 271 ENARRATIO
1795 211 1858 266 IN
1888 207 2204 270 PSALMUM
2242 216 2445 272 cxxv.

1937 320 1939 322 ’
1991 325 2160 387 Modo,
2193 326 2377 382 fratres
2406 331 2536 392 mei,
2564 345 2679 384 cum
2710 331 2988 399 lmptitnur,
3020 333 3164 403 quasi
3196 350 3451 404 pauperes
3475 340 3542 394 ad

3412 229 3432 283 1
3443 228 3542 284 666

1986 433 2081 471 nos
2107 421 2264 485 estis;
2289 431 2342 474 et
2369 422 2486 490 quia
2514 423 2662 474 nobis
2687 424 2824 478 Deus
2859 425 3096 495 dignatus
3143 437 3222 481 est
3245 428 3370 483 dare
3400 470 3414 486 .
3443 431 3538 482 da-

1983 526 2100 564 mus
2131 512 2248 565 inde
2269 513 2444 576 vobis;
2476 522 2529 567 et
2555 528 2736 567 onmes
2757 515 2822 568 ab
2848 516 2938 569 illo
2962 517 3264 585 accipimus,
3287 520 3372 587 qni
3395 522 3540 576 solus

1982 613 2061 657 est
2087 605 2250 659 dives.
2301 605 2389 659 Sic
2417 621 2474 659 se
2499 621 2623 675 ergo
2645 616 2791 662 tenet
2817 623 3004 678 corpus
3034 589 3226 663 Christi
3252 650 3267 675 ,
3299 613 3536 666 membra

1979 696 2118 746 socia
2149 695 2224 748 sic
2267 696 2666 765 compinguntur
2695 706 2748 750 et
2791 697 3082 751 adunantur
3108 700 3157 752 in
3187 699 3440 753 charitate
3481 709 3538 755 et

1981 785 2028 837 in
2061 785 2266 838 vinculo
2296 791 2456 854 pacis,
2486 802 2603 840 cum
2623 773 2848 857 quisque
2877 789 2924 842 id
2955 791 3088 858 quod
3115 791 3288 857 habet,
3324 803 3536 859 lmeatat

1977 877 2021 926 ei
2045 877 2129 944 qui
2158 891 2258 930 non
2289 877 2443 930 habet
2467 879 2480 908 ¹
2508 895 2521 930 :
2553 895 2602 930 ιιι
2624 893 2688 932 eo
2707 879 2842 948 quod
2873 880 3060 946 habet,
3081 881 3228 935 dives
3253 893 3360 942 est;
3392 883 3440 936 in
3470 901 3532 938 co

1975 967 2115 1036 quod
2141 969 2226 1022 ille
2257 984 2356 1020 non
2387 969 2560 1033 habet,
2591 985 2789 1039 pauper
2815 980 2914 1025 est.
2947 970 3035 1026 Sic
3057 987 3150 1026 vos
3175 973 3402 1043 diligite,
3455 976 3530 1030 sic

1975 1075 2067 1113 vos
2104 1071 2290 1115 amate.
2325 1061 2491 1116 Notite
2519 1063 2582 1116 ad
2609 1076 2699 1116 vos
2727 1063 2868 1118 solos
2897 1065 3200 1131 attendere;
3231 1066 3324 1120 sed
3358 1076 3530 1122 atten-

1973 1151 2080 1205 dite
2130 1153 2421 1222 indigentes
2465 1154 2599 1208 circa
2629 1170 2740 1209 vos.
2771 1155 2873 1211 Sed
2900 1159 3016 1226 quia
3044 1173 3160 1212 cum
3189 1159 3451 1214 laboribus
3476 1171 3530 1215 et

1972 1244 2218 1298 ternmnis
2247 1245 2376 1299 ﬁunt
2400 1247 2494 1300 ista
2519 1247 2570 1299 in
2601 1248 2695 1301 ista
2723 1248 2828 1300 vita
2850 1290 2863 1313 ,
2897 1250 3056 1303 nolite
3091 1249 3333 1304 deficere.
3370 1252 3422 1306 in
3449 1253 3528 1306 la-

1971 1337 2165 1406 erymis
2191 1339 2478 1405 seminatis,
2505 1339 2552 1392 in
2571 1339 2761 1409 gaudio
2788 1343 3012 1395 metetis.
3041 1341 3172 1408 Quid
3210 1345 3348 1398 enim
3375 1386 3388 1408 ,
3420 1346 3527 1399 fra-

1972 1435 2076 1479 tres
2105 1428 2244 1481 mei?
2269 1427 2384 1496 ipse
2410 1430 2635 1499 agricola
2665 1431 2873 1500 quando
2915 1434 3149 1500 procedit
3176 1450 3292 1488 cum
3320 1446 3521 1500 aratro,

1970 1528 2021 1571 et
2053 1529 2221 1588 portat
2247 1537 2448 1588 semen,
2479 1538 2650 1577 nonne
2678 1524 2956 1592 aliquando
2984 1526 3195 1595 frigidus
3217 1538 3521 1596 estventus,

1968 1623 2012 1661 et
2049 1612 2214 1666 imber
2235 1613 2496 1668 deterret?
2526 1616 2760 1670 Attendit
2786 1617 2975 1670 cmlum
2995 1660 3009 1682 ,
3041 1618 3179 1672 videt
3211 1620 3378 1685 triste,
3412 1631 3523 1677 tre-

1968 1703 2060 1755 mit
2111 1702 2298 1773 frigore
2322 1745 2335 1769 ,
2367 1715 2420 1758 et
2459 1714 2629 1760 tamen
2675 1706 2945 1774 procedit,
2986 1716 3038 1761 et
3083 1709 3324 1761 seminat.
3352 1710 3523 1765 Timet

1964 1811 1993 1847 e
2034 1794 2102 1846 im
2145 1810 2210 1849 ne
2245 1810 2362 1850 cum
2395 1794 2592 1849 tristem
2615 1795 2750 1850 diem
2776 1796 2993 1850 attendit
3019 1804 3072 1850 et
3091 1809 3355 1866 exspecmt
3380 1799 3521 1854 diem

1963 1886 2161 1951 laetum,
2196 1895 2398 1956 tempus
2427 1895 2673 1952 transeat,
2702 1901 2752 1942 et
2783 1905 2886 1942 non
2909 1889 3132 1943 inveniat
3165 1892 3302 1960 quod
3337 1903 3516 1948 ntetat.

1960 1975 2130 2032 Nolite
2160 1977 2370 2032 diti'erre
2395 2021 2408 2043 ,
2439 1977 2625 2034 fratres
2656 1979 2758 2034 mei
2783 1997 2796 2043 ;
2831 1981 3086 2035 seminate
3116 1984 3166 2034 in
3195 1983 3362 2035 hieme
3385 2025 3398 2045 ,
3430 2000 3518 2038 se-

1961 2066 2156 2120 minate
2180 2067 2312 2120 bona
2343 2083 2501 2136 opera
2533 2077 2584 2121 et
2608 2085 2724 2122 cum
2755 2069 2998 2138 ploratis;
3021 2072 3140 2139 quia
3167 2073 3251 2140 qui
3275 2074 3519 2128 seminnnt

1958 2157 2008 2209 in
2038 2158 2270 2227 lacrymis
2298 2201 2312 2223 ,
2345 2160 2397 2211 in
2445 2159 2628 2228 gaudio
2671 2170 2866 2212 nictent.
2915 2161 3121 2214 Mittunt
3161 2164 3358 2216 semina
3385 2177 3476 2216 sua
3499 2203 3515 2229 ,

1959 2245 2146 2299 bonam
2175 2248 2492 2301 voluntatem
2524 2259 2576 2301 et
2602 2249 2732 2301 bona
2763 2265 2940 2316 Opera.

2027 2340 2111 2392 14.
2141 2338 2305 2410 [vera
2337 2338 2426 2412 6.]
2457 2340 2644 2395 Enntes
2671 2342 2824 2406 ibant,
2857 2353 2901 2395 et
2923 2342 3104 2412 ﬂebant
3126 2385 3139 2406 ,
3169 2321 3412 2399 mittentes
3432 2362 3513 2400 se-

1954 2433 2087 2486 mina
2115 2450 2225 2487 sua.
2255 2433 2428 2499 Quare
2469 2432 2698 2487 ﬂebant?
2724 2434 2850 2501 Quia
2882 2435 3018 2492 inter
3059 2435 3282 2490 miseros
3329 2447 3511 2500 erant,

1953 2532 2007 2577 et
2032 2524 2204 2576 miseri
2231 2539 2396 2578 erant.
2428 2522 2611 2578 Metius
2637 2533 2735 2584 est,
2765 2523 2949 2578 fratres
2975 2525 3075 2579 mei
3102 2565 3116 2587 ,
3148 2535 3202 2578 ut
3231 2527 3401 2580 nullus
3445 2530 3514 2582 sit

1953 2614 2132 2679 miser,
2156 2629 2309 2682 quam
2351 2624 2405 2667 ut
2430 2623 2484 2668 tu
2520 2614 2677 2669 facias
2704 2615 3135 2669 misericordiam.
3163 2617 3259 2684 Qui
3291 2619 3430 2672 enim
3456 2627 3514 2673 ut

1951 2702 2527 2758 faciatmisericordiam
2557 2715 2699 2774 optat
2720 2721 2836 2760 esse
2859 2707 3099 2771 miseros,
3121 2709 3386 2762 crudelem
3414 2709 3509 2762 ha-

1949 2792 2036 2847 bet
2062 2794 2471 2848 misericordiam
2512 2811 2525 2847 :
2556 2795 2819 2864 quomodo
2849 2797 2889 2848 si
2922 2797 3154 2851 medicus
3197 2806 3253 2850 ut
3293 2814 3508 2853 exerce-

1949 2891 2030 2935 ret
2051 2891 2216 2936 artem
2246 2898 2414 2942 snam.
2447 2894 2652 2953 optaret
2674 2899 2791 2938 esse
2817 2885 3010 2938 multos
3041 2895 3286 2954 :egrotos,
3316 2887 3509 2940 crude-

1948 2972 2010 3026 lis
2057 2973 2310 3028 medicina
2356 2983 2515 3029 esset.
2565 2974 2746 3030 Melius
2788 2985 2868 3030 est
2910 2986 2961 3029 ut
3008 2991 3194 3031 omnes
3220 2978 3334 3030 sani
3368 2977 3502 3042 sint;

1946 3065 2104 3135 quani
2133 3075 2188 3120 ut
2214 3076 2520 3121 exerceatur
2563 3081 2649 3121 ars
2701 3067 2908 3121 medici.
2964 3068 3147 3122 Melius
3189 3077 3423 3138 estergo
3452 3077 3509 3122 ut

1945 3171 2130 3211 omnes
2156 3157 2290 3212 beati
2310 3167 2532 3226 regnent
2555 3157 2602 3211 in
2627 3158 2709 3212 illa
2730 3159 2919 3234 patria,
2943 3173 3098 3228 quam
3123 3169 3176 3210 ut
3199 3159 3301 3210 sint
3319 3157 3507 3227 quibus

1944 3249 2274 3318 impendatur
2294 3248 2669 3303 misericordia.
2688 3249 2884 3302 Tamen
2901 3247 3150 3318 quamdiu
3177 3257 3298 3302 sunt
3319 3248 3506 3317 quibus

1943 3341 2274 3413 impendatur
2297 3383 2310 3406 ,
2341 3358 2444 3396 non
2469 3343 2776 3397 deficiamus
2801 3342 2850 3394 in
2891 3343 2988 3395 ista
3018 3355 3250 3394 aerumna
3295 3343 3507 3394 mittere

1943 3433 2164 3488 semina.
2192 3433 2302 3487 Etsi
2325 3449 2444 3488 cum
2476 3433 2598 3487 ﬂetu
2644 3434 2961 3488 scmiuamns
2989 3474 3006 3496 ,
3036 3443 3208 3487 tamen
3237 3446 3355 3485 cum
3381 3447 3507 3501 gan-

1942 3524 2028 3577 dio
2045 3536 2325 3580 metemus.
2360 3525 2413 3578 In
2460 3525 2546 3578 illa
2588 3525 2725 3578 enim
2767 3525 3152 3599 resurrectione
3181 3503 3504 3577 mortuorum

1941 3617 2159 3684 recipiet
2185 3617 2406 3685 quisque
2451 3617 2742 3684 manipulos
2766 3630 2890 3668 suos
2915 3657 2929 3679 ,
2960 3615 3008 3666 id
3039 3624 3118 3667 est
3144 3613 3368 3668 fructum
3415 3629 3504 3669 sc-

1942 3705 2118 3771 minis,
2147 3720 2393 3759 coronam
2422 3705 2728 3775 gaudiorum
2747 3713 2799 3757 et
2823 3704 3207 3758 exsultationis.
3231 3703 3379 3758 Tunc
3403 3696 3514 3759 erit-

1943 3797 2234 3866 triumphus
2261 3796 2544 3851 laetantium
2571 3837 2584 3859 ,
2629 3805 2682 3850 et
2721 3795 2817 3864 ipsi
2843 3795 2994 3849 morti
3026 3795 3380 3849 insultantium
3404 3836 3419 3859 ,
3450 3797 3502 3850 in

1941 3905 2042 3959 qua
2069 3891 2375 3961 gemebatur
2405 3907 2417 3943 :
2444 3899 2566 3944 tunc
2619 3889 2794 3943 dicent
2835 3888 3023 3950 morti,
3056 3887 3154 3943 Ubi
3191 3897 3288 3950 est,
3335 3905 3500 3954 mors,

1941 3983 2185 4036 contentio
2213 3982 2341 4034 tua?
2371 3980 2466 4036 Ubi
2489 3991 2580 4046 est,
2609 3997 2765 4043 mors,
2786 3980 2987 4032 aculeus
3023 3991 3134 4032 tuus
3161 3979 3180 4050 (
3204 3979 3223 4032 l
3249 3977 3366 4032 Cor.
3403 3994 3499 4045 xv,
3545 4039 3548 4042 _

1941 4074 2008 4129 55
2035 4075 2090 4142 )i
2125 4072 2227 4128 Sed
2258 4087 2418 4142 quare
2435 4072 2542 4140 jam
2565 4071 2790 4140 gaudent
2809 4069 2974 4138 ?Quia
3006 4053 3201 4139 portant
3224 4070 3506 4138 manipulos

1941 4181 2075 4217 suos.
2098 4163 2228 4230 Quia
2253 4173 2420 4217 euntes
2433 4162 2590 4229 ibant,
2617 4172 2662 4214 et
2677 4161 2879 4231 ﬂebant,
2911 4162 3153 4215 mittentes
3179 4162 3368 4214 semina
3387 4178 3498 4216 sua.

1940 4254 2112 4322 Quare
2131 4295 2152 4320 λ,
2183 4253 2424 4306 mittentes
2444 4253 2630 4306 semina
2657 4253 2787 4306 sua?
2813 4251 2942 4320 Quia
2968 4252 3053 4322 qui
3079 4252 3321 4306 seminam
3349 4251 3400 4305 in
3419 4251 3501 4305 Ia-

1939 4345 2139 4414 crymis,
2170 4345 2221 4396 in
2251 4343 2434 4414 gaudio
2462 4352 2659 4397 metent.

2013 4433 2097 4488 15.
2138 4434 2242 4487 Isto
2264 4434 2463 4502 psalmo
2479 4433 2746 4488 exhortati
2771 4447 2863 4487 vos
2894 4431 3144 4486 fuerimus
3172 4432 3398 4487 maxime
3435 4433 3504 4488 ad

1942 4523 2228 4578 faciendam
2274 4523 2724 4586 misericordiam,
2776 4525 2893 4592 quia
2939 4524 3064 4576 hinc
3091 4523 3504 4589 ascenditur;et

1943 4615 2130 4670 videtis
2150 4616 2268 4685 quia
2298 4615 2388 4670 ille
2409 4624 2583 4670 cantat
2603 4611 2861 4670 canticum
2884 4615 3136 4685 graduum
3161 4657 3176 4679 ,
3207 4617 3294 4685 qni
3320 4631 3504 4670 ascen-

1941 4709 2038 4764 dit.
2095 4708 2445 4773 Mementote;
2501 4707 2662 4761 nolite
2713 4722 2889 4760 amare
2936 4705 3260 4761 descendere
3298 4717 3350 4761 et
3397 4722 3505 4771 non

1943 4799 2228 4854 ascendere
2250 4836 2274 4864 ,-
2294 4798 2385 4851 sed
2410 4797 2476 4850 de
2500 4799 2806 4851 ascensione
2834 4797 3059 4865 cogi-tate
3100 4816 3113 4850 :
3143 4798 3262 4866 quia
3291 4797 3378 4866 qui
3403 4795 3504 4850 de-

1942 4891 2226 4945 scendebat
2245 4890 2310 4942 ab
2338 4888 2627 4943 Jerusalem
2651 4888 2701 4940 in
2722 4887 2951 4949 Iericho,
2973 4887 3150 4941 incidit
3178 4887 3225 4938 in
3250 4887 3492 4939 latrones.

1943 4984 2055 5039 Non
2083 4981 2429 5037 descenderet
2456 4981 2498 5045 ³,
2527 4990 2579 5033 et
2607 4996 2708 5033 non
2738 4979 2988 5032 incideret
3016 4980 3066 5032 in
3109 4979 3356 5032 latrones.
3387 4976 3505 5029 Jam

1943 5089 2067 5142 ergo
2098 5073 2262 5126 Adam
2289 5070 2595 5131 descendit,
2625 5081 2680 5125 et
2724 5069 2904 5124 incidit
2933 5070 2982 5122 in
3015 5071 3245 5122 latrones
3275 5086 3292 5122 :
3318 5081 3507 5120 omnes

1944 5167 2081 5219 enim
2109 5179 2203 5217 nos
2237 5162 2397 5215 Adam
2424 5177 2623 5214 sumus.
2651 5160 2752 5215 Sed
2785 5160 2984 5213 transiit
3005 5158 3275 5217 sacerdos,
3304 5165 3359 5211 et
3377 5170 3507 5209 con-

1947 5239 2184 5322 tempsit;
2219 5253 2422 5307 transiit
2448 5253 2645 5317 Levita,
2674 5260 2728 5307 et
2754 5252 3103 5320 contempsit;
3131 5249 3250 5318 quia
3277 5247 3388 5302 Lex
3415 5261 3502 5300 sa-

1947 5364 2072 5402 nare
2093 5363 2197 5401 non
2212 5348 2412 5416 potuit.
2440 5346 2668 5400 Transiit
2687 5345 3050 5400 Samaritanus
3068 5341 3281 5411 quidam
3301 5381 3316 5404 ,
3347 5339 3397 5394 id
3424 5349 3506 5396 est

2010 5511 2025 5542 ι
2057 5516 2150 5556 Am.
2178 5514 2249 5555 Er.
2277 5513 2327 5556 et
2348 5504 2568 5568 plerique
2592 5512 2680 5553 Mss
2703 5539 2716 5563 ,
2735 5516 2842 5553 cum
2875 5514 3072 5564 qmsque
3093 5499 3146 5551 id
3165 5500 3291 5563 quod
3313 5503 3504 5563 precatui

1947 5571 1992 5623 ei
2014 5571 2094 5631 qui
2115 5582 2205 5618 non
2227 5568 2381 5617 habet.

2012 5626 2121 5680 I'Er.
2147 5631 2290 5694 Lugd.
2317 5638 2432 5679 ven.
2452 5636 2577 5679 Lov.:
2606 5627 2702 5679 Nisi
2725 5626 3044 5687 descenderet,
3062 5637 3173 5686 non,
3199 5634 3292 5675 etc.
3325 5631 3382 5673 It.
