4032 6202
520 320 655 376 1607

516 431 766 486 Dominus
787 439 963 482 noster
989 425 1144 481 Jesus
1167 424 1408 480 Christus
1434 441 1449 479 :
1480 423 1552 478 illi
1580 423 1718 478 enim
1747 423 1942 478 dictum
1963 434 2063 488 est,

514 523 698 578 Nonne
723 537 885 575 verum
913 519 1120 572 dicimus
1147 535 1237 571 nos
1256 557 1272 583 ,
1301 517 1414 584 quia
1455 515 1802 571 Samaritanus
1828 531 1878 569 es
1907 527 1958 568 tu
1981 556 1995 578 ,
2023 526 2071 569 et

513 613 810 669 daemonium
837 610 1020 663 habes?
1043 609 1132 664 Ille
1164 623 1265 661 non
1298 607 1470 673 dixit,
1496 606 1609 660 Non
1639 616 1762 661 sunt
1784 607 2070 660 Samarita—

511 719 609 758 nus
629 721 642 764 ;
666 703 758 757 sed
789 700 946 764 dixit,
980 697 1090 770 Ego
1114 699 1413 754 dazmanium
1439 715 1537 750 non
1565 697 1718 751 habeo
1745 697 1930 767 (Joan.
1954 713 2068 762 vui,

507 795 614 860 48,
643 793 710 848 49
735 793 775 863 ).
823 792 1110 847 Samarites
1151 791 1289 845 enim
1334 790 1724 857 interpretatur,
1770 788 1976 843 Custos.
2013 789 2066 844 Si
2091 775 2104 790 ’

509 887 706 941 diceret
733 927 748 946 .
797 884 908 939 Non
960 900 1074 938 sum
1104 882 1461 938 Samaritanus
1489 930 1503 947 ,
1533 881 1768 946 diceret,
1809 880 1920 935 Non
1951 895 2066 934 sum

505 986 705 1030 custos.
729 975 924 1043 thuis
952 975 1082 1027 alius
1103 972 1420 1027 custodiret?
1444 971 1638 1026 Deinde
1658 985 1856 1041 ponens
1882 971 2064 1031 simili-

506 1065 742 1119 tudinem
785 1083 796 1116 :
820 1063 1040 1117 Transiit
1071 1062 1345 1117 Samarites
1365 1101 1379 1126 ,
1405 1070 1451 1114 et
1479 1060 1592 1129 fecit
1621 1077 1730 1112 cum
1762 1060 1850 1113 illo
1876 1055 2068 1113 miseri-

506 1153 750 1215 cordiam,
768 1154 904 1208 sicut
932 1153 1094 1206 scitis.
1119 1150 1332 1205 Jacebat
1355 1159 1529 1204 autem
1557 1149 1608 1203 in
1634 1150 1715 1203 via
1743 1150 2066 1215 vulneratus,

431 1244 626 1325 Juia
649 1243 942 1298 descendit.
973 1241 1256 1296 Transiens
1285 1241 1642 1295 Samaritanus
1671 1254 1775 1294 non
1805 1254 1900 1293 nos
1937 1255 2064 1293 con-

506 1333 717 1402 tempsit
748 1349 760 1384 :
793 1333 994 1386 curavit
1021 1348 1116 1386 nos
1136 1373 1150 1398 ,
1191 1330 1381 1385 levavit
1409 1331 1460 1384 in
1481 1330 1798 1399 jumentum,
1830 1330 1881 1383 in
1906 1345 2067 1384 carne

505 1437 600 1477 sua
629 1423 682 1486 ¹;
714 1422 954 1492 perduxit
997 1422 1063 1476 ad
1110 1421 1371 1494 stabulum
1401 1461 1415 1486 ,
1462 1421 1513 1474 id
1541 1431 1620 1475 est
1645 1420 1712 1474 ad
1744 1421 2062 1485 Ecclesiam;

503 1513 890 1569 commendavit
919 1514 1199 1568 stabulario
1223 1555 1237 1579 ,
1269 1513 1316 1568 id
1347 1523 1429 1569 est
1449 1513 1732 1582 Apostolo;
1764 1513 1908 1567 dedit
1934 1513 2066 1567 duos

503 1605 745 1660 denarios
771 1605 908 1659 unde
923 1615 1212 1667 curaretur.
1230 1605 1538 1660 charitatem
1564 1604 1654 1658 Dei
1681 1615 1733 1658 et
1757 1604 2064 1660 charitatem

503 1695 724 1764 proximi
753 1712 765 1747 :
796 1695 846 1749 in
875 1695 954 1748 his
979 1695 1182 1749 duobus
1211 1696 1348 1750 enim
1381 1696 1652 1766 praeceptis
1677 1703 1782 1750 tota
1807 1695 1914 1750 Lex
1938 1711 2067 1764 pen-

500 1785 589 1839 det
625 1795 677 1839 et
703 1785 979 1854 Propheta:
1012 1785 1235 1856 (Matth.
1271 1801 1405 1850 χιιι,
1435 1785 1664 1856 57-40).
1703 1786 1845 1840 Dixit
1889 1795 2062 1840 autem

500 1875 784 1929 stabulario
813 1892 826 1928 :
860 1874 919 1929 Si
968 1875 1087 1944 quid
1134 1875 1349 1946 amplius
1392 1877 1667 1946 erogaveris
1694 1917 1706 1940 ,
1735 1877 1785 1929 in
1813 1877 2062 1930 redeundo

499 1966 705 2018 reddant
731 1966 815 2018 tibi
844 1965 862 2036 (
889 1964 1011 2018 Luc.
1035 1982 1087 2030 χ,
1120 1965 1286 2020 50-57
1308 1967 1347 2035 ).
1391 1967 1629 2035 Amplius
1657 1969 1891 2036 erogavit
1916 1969 2062 2037 Apo-

501 2057 702 2118 stolus;
731 2058 852 2126 quia
881 2072 999 2112 cum
1029 2057 1270 2111 omnibus
1294 2058 1557 2126 Apostolis
1579 2060 1890 2127 permissum
1918 2068 2060 2114 esset

501 2159 560 2202 ut
578 2149 876 2217 acciperent
904 2158 1149 2217 tanquam
1177 2149 1367 2203 milites
1396 2149 1586 2203 Christi
1608 2150 1863 2218 stipendia
1887 2166 1913 2203 ει
1939 2166 2058 2218 pro-

480 2241 806 2296 ‘vincialibus
835 2241 1047 2305 Christi,
1073 2242 1162 2296 ille
1188 2242 1426 2297 manibus
1451 2242 1559 2296 suis
1584 2243 1856 2306 laboravit.
1888 2253 1941 2299 et
1959 2260 2058 2298 an-

501 2346 667 2384 nonas
712 2345 834 2384 suas
882 2331 1285 2400 provincialibus
1332 2332 1545 2386 doaavit
1599 2332 1657 2406 (I
1686 2334 1800 2386 Cor.
1834 2350 1904 2400 tv,
1952 2335 2054 2404 l2;

498 2422 516 2476 l
539 2421 709 2474 Thess.
729 2423 854 2488 n.7,
876 2420 996 2484 9'.et
1013 2421 1053 2474 II
1078 2421 1250 2476 Thess.
1274 2439 1352 2488 ιιι,
1370 2422 1420 2486 8,
1442 2424 1518 2493 9).
1540 2423 1725 2478 Omnia
1749 2425 1878 2479 facta
1895 2436 2051 2482 sunt:

495 2516 540 2570 si
585 2515 950 2571 descendimus
979 2557 994 2580 ,
1020 2527 1074 2571 et
1113 2517 1371 2571 vulnerati
1420 2531 1633 2584 sumus;
1672 2518 2051 2586 ascendamus,

496 2619 785 2676 cantemus,
815 2618 869 2663 et
895 2608 1242 2679 proﬁciamus,
1272 2617 1328 2662 ut
1355 2611 1735 2678 perveniamus.

892 2790 972 2852 ΙΝ
1015 2791 1386 2853 PSALMUM
1427 2790 1685 2853 CXXVI

1064 2891 1483 2946 ENABRATIO.

1021 2997 1189 3037 SEBIO
1216 2997 1284 3036 AD
1311 2997 1530 3038 PLEIEI.
1556 3054 1563 3072 ‘

564 3097 614 3150 Ι.
664 3094 684 3167 [
709 3113 835 3151 vers.
877 3095 934 3150 'l.
958 3095 978 3168 ]
1007 3095 1144 3151 Inter
1172 3096 1346 3150 omnia
1371 3096 1571 3150 cantica
1596 3096 1784 3166 quibus
1805 3105 1888 3153 est
1921 3099 2049 3152 titu-

493 3185 604 3252 lus,
631 3185 885 3240 Canticum
915 3187 1161 3256 graduum
1187 3228 1202 3250 ,
1231 3185 1329 3240 iste
1354 3187 1582 3255 psalmus
1608 3187 1800 3256 aliquid
1825 3189 2048 3258 amplius

492 3278 545 3332 in
587 3278 737 3331 titulo
779 3282 984 3346 accepit
1004 3318 1019 3343 ,
1050 3277 1188 3345 quod
1239 3276 1470 3331 additum
1497 3287 1597 3337 est.
1629 3277 1933 3332 Salomonis.
1960 3279 2046 3334 Sic

490 3368 631 3422 enim
662 3376 1014 3436 praenotatur:
1043 3364 1303 3419 Canticum
1335 3366 1582 3435 graduum
1611 3366 1917 3421 Salomonis.
1943 3367 2046 3422 ltao

487 3470 590 3524 que
640 3455 761 3510 fecit
789 3471 886 3509 nos
932 3456 1160 3510 intentos
1189 3455 1484 3510 inusitatior
1525 3456 1706 3511 titulus
1731 3459 1956 3524 caeteris,
1987 3467 2044 3513 ut

485 3561 783 3616 quaeramus
812 3561 975 3616 quare
1001 3547 1068 3600 sit
1095 3547 1326 3600 additum
1349 3588 1364 3612 ,
1409 3547 1713 3602 Salomonis.
1760 3547 1888 3602 Nam
1917 3548 2042 3619 quid

485 3638 554 3691 sit
579 3637 835 3694 Canticum
863 3636 1111 3706 graduum
1136 3678 1150 3701 ,
1183 3652 1286 3690 non
1332 3650 1463 3713 opus
1488 3645 1570 3692 est
1599 3653 1738 3706 sape
1763 3649 2038 3708 repetere;

484 3729 632 3800 plura
669 3729 811 3784 enim
845 3728 983 3784 dicta
1010 3739 1130 3782 sunt
1161 3729 1311 3794 hinc,
1343 3730 1462 3798 quia
1488 3739 1662 3784 cantat
1708 3731 2040 3787 ascendentis

483 3833 581 3873 vox
609 3820 659 3874 in
687 3819 876 3873 aﬁectu
905 3820 1112 3888 pietatis
1132 3829 1185 3875 et
1209 3821 1480 3875 charitatis
1499 3820 1564 3874 ad
1591 3821 1729 3876 illam
1761 3837 2038 3892 supernam

481 3909 774 3966 Jerusalem
803 3952 817 3974 ,
847 3911 930 3966 cui
981 3911 1304 3980 suspiramus
1329 3911 1574 3981 quamdiu
1624 3914 2037 3983 percgrinamur,

383 3999 393 4008 '
479 4009 534 4054 et
565 4000 651 4053 ubi
691 4001 982 4055 laeuibimur
1021 4015 1138 4055 cum
1176 4015 1206 4054 a
1251 4001 1668 4072 peregrinatione
1704 4003 2034 4066 redierimus.
2079 4023 2084 4038 ι

478 4089 730 4145 Ascendit
776 4091 842 4144 ad
897 4091 1030 4144 hanc
1077 4092 1364 4160 omnisqui
1405 4091 1641 4161 proﬁcit;
1668 4091 1808 4146 cadit
1844 4093 1911 4147 ab
1939 4093 2038 4149 hac

477 4181 648 4233 omnis
671 4180 759 4250 qui
784 4179 980 4236 deﬁcit.
1010 4179 1119 4244 Nec
1139 4180 1360 4250 pedibus
1381 4180 1665 4236 ascendere
1681 4197 1906 4251 quaeras,
1939 4197 2036 4238 nec

477 4269 696 4339 pedibus
725 4279 773 4324 te
800 4270 1121 4326 descendere
1146 4281 1294 4340 putes
1327 4289 1339 4326 :
1367 4272 1590 4327 amando
1621 4273 1782 4327 Deum
1808 4313 1823 4336 ,
1853 4287 2036 4327 ascen-

475 4359 592 4424 dis;
619 4361 843 4416 amando
867 4362 1138 4426 saeculum,
1185 4362 1349 4416 cadis.
1389 4362 1524 4418 Sunt
1550 4380 1675 4434 ergo
1715 4365 1809 4418 ista
1833 4366 2033 4420 cantica

475 4451 782 4516 amantium,
809 4451 1034 4520 quodam
1061 4464 1243 4506 sancto
1266 4451 1530 4508 desiderio
1556 4457 1904 4524 ﬂagrantium.
1931 4457 2034 4510 Ar-

475 4539 602 4594 dent
624 4541 710 4609 qui
737 4541 834 4594 ista
861 4550 1076 4595 cantant
1101 4557 1167 4596 ex
1194 4541 1374 4607 corde,
1403 4559 1625 4612 quorum
1647 4547 1804 4600 etiam
1829 4563 1920 4600 cor
1939 4561 2030 4599 ar-

474 4630 605 4686 dens
633 4633 893 4687 invenitur
917 4633 966 4687 in
995 4633 1246 4697 moribus,
1277 4635 1329 4688 in
1355 4636 1487 4689 bona
1516 4638 1912 4693 conversatione
1935 4678 1950 4704 ,
1979 4639 2032 4692 in

472 4722 720 4792 operibus
746 4722 1034 4780 secundum
1064 4735 1319 4795 praecepta
1350 4727 1464 4793 Dei,
1493 4727 1544 4780 in
1573 4739 1874 4798 contemptu
1897 4740 2028 4784 tem-

472 4813 751 4884 poralium,
784 4815 835 4869 in
862 4815 1116 4872 charitate
1140 4805 1476 4873 tcternorum.
1521 4817 1625 4874 Sed
1653 4834 1817 4888 quare
1841 4821 1910 4874 sit
1940 4821 2033 4876 ad-

471 4906 638 4960 ditum
659 4947 674 4971 ,
705 4903 1025 4971 Salomonis,
1055 4917 1304 4976 quantum
1358 4908 1688 4978 inspiraverit
1734 4909 1984 4965 Dominus
2009 4951 2027 4978 ,

470 4997 643 5051 dicam
674 4997 926 5052 Charitati
949 5007 1156 5053 vestrae.

537 5085 592 5139 2.
634 5086 878 5141 Salomon
907 5096 1019 5142 erat
1039 5097 1273 5158 tempore
1295 5103 1390 5144 suo
1419 5089 1554 5145 ﬁlius
1582 5089 1741 5144 David
1767 5131 1781 5155 ,
1813 5106 2031 5162 magnus

470 5175 578 5238 ille,
613 5191 705 5244 per
727 5191 882 5246 quem
905 5176 1068 5231 multa
1097 5187 1272 5232 sancta
1300 5190 1557 5250 pnecepta
1587 5191 1639 5236 et
1659 5180 1888 5236 salubria
1918 5198 2032 5236 mo-

470 5267 575 5321 nita
599 5279 652 5322 et
679 5267 854 5322 divina
878 5278 1202 5322 sacramenta
1241 5269 1467 5340 Spiritus
1494 5280 1704 5326 sanctus
1743 5273 1793 5326 in
1841 5273 2031 5329 divinis

470 5357 683 5414 Litteris
695 5369 940 5430 operatus
959 5367 1060 5416 est.
1075 5359 1203 5414 Nam
1222 5361 1332 5430 ipse
1346 5360 1592 5416 Salomon
1607 5363 1882 5417 mulierum
1894 5379 2031 5418 ama-

473 5457 556 5502 tor
571 5448 683 5513 fuit,
705 5451 1080 5522 etreprobatus
1095 5460 1214 5506 esta
1234 5451 1340 5506 Deo
1367 5468 1380 5506 :
1412 5463 1465 5506 et
1483 5467 1646 5522 usque
1665 5453 1797 5508 adeo
1813 5454 2029 5522 laqueus

473 5537 542 5590 illi
564 5537 658 5592 luit
685 5541 769 5595 illa
791 5543 1066 5612 cupiditas,
1097 5551 1156 5598 ut
1181 5557 1211 5596 a
1237 5543 1540 5598 mulieribus
1569 5546 1725 5598 etiam
1758 5544 1908 5598 idolis
1933 5561 2020 5600 sa-

470 5627 706 5684 criﬁcare
729 5644 1018 5702 cogeretur,
1059 5636 1194 5688 sicut
1218 5634 1284 5690 de
1311 5635 1402 5690 illo
1448 5636 1713 5706 Scriptura
1761 5638 1907 5692 testis
1949 5648 2027 5693 est

535 5759 552 5790 ⁸
574 5757 646 5806 sic
667 5765 761 5807 Am.
787 5765 858 5809 Fr.
898 5770 950 5812 et
971 5771 1072 5814 Mss.
1100 5774 1152 5816 At
1172 5774 1298 5829 Lov.,
1325 5767 1378 5818 id
1399 5775 1466 5823 est
1489 5766 1537 5818 in
1561 5783 1750 5820 carnem
1773 5785 1928 5822 suam.

1739 312 1795 368 s.
1837 308 2194 368 aueusrnu
2234 307 2527 364 EPISCOPI
2623 281 2626 284 ’

3600 309 3727 363 1668

2183 419 2284 489 (III
2334 420 2461 489 Reg.
2510 417 2614 490 in).
2646 418 2748 475 Sed
2795 434 2838 474 SI
2888 420 2975 475 illo
3020 421 3276 486 cadente,
3306 436 3422 492 qua:
3452 435 3545 490 per
3589 422 3731 476 illum

2173 513 2310 566 dicta
2337 522 2478 577 sunt,
2505 511 2810 567 delerentur
2828 528 2843 577 ;
2863 513 3185 577 judicaretur
3209 514 3329 583 quia
3359 514 3470 584 ipse
3494 513 3728 580 dixerat,

2175 621 2278 658 non
2302 620 2394 674 per
2420 605 2561 658 illum
2591 605 2726 659 dicta
2764 615 2934 660 erant.
2976 604 3182 676 Optime
3235 607 3390 676 igitur
3430 608 3587 663 etiam
3633 607 3733 664 hoc

2173 698 2278 768 egit
2297 696 2650 750 misericordia
2677 697 2766 752 Dei
2787 707 2841 751 et
2859 697 3084 768 Spiritus
3105 699 3238 767 ejus.
3258 708 3314 752 ut
3338 697 3587 769 quidquid
3612 699 3736 755 boui

2173 805 2267 858 per
2281 789 2825 861 Salomonemdictum
2847 800 2927 844 est
2942 833 2957 859 ,
2972 790 3080 845 Deo
3104 791 3440 857 tribueretur;
3461 802 3735 861 peccatum

2172 891 2344 936 autem
2375 859 2850 936 hominis’humini.
2889 881 3023 948 Quid
3064 883 3254 936 mirum
3296 884 3416 952 quia
3458 859 3509 938 in
3540 885 3734 953 populo

2174 972 2264 1026 Dei
2291 971 2479 1026 cecidit
2497 969 2784 1026 Salomon?
2825 971 2877 1024 In
2906 971 3146 1040 [uiradiso
3177 989 3280 1026 non
3301 974 3491 1028 cecidit
3515 974 3684 1028 Adam
3711 975 3735 1028 2

2171 1061 2282 1115 Non
2309 1061 2497 1115 cecidit
2522 1061 2589 1116 de
2617 1062 2753 1117 cmlo
2780 1062 2995 1130 angelus
3014 1103 3029 1127 ,
3057 1071 3112 1117 et
3152 1063 3392 1140 diabolus
3419 1065 3584 1118 lactus
3607 1076 3689 1118 est
3712 1064 3737 1118 2

2171 1153 2289 1206 adeo
2329 1151 2581 1206 docemur
2608 1152 2662 1206 in
2688 1153 2831 1206 nullo
2857 1153 3126 1206 hominum
3171 1161 3321 1222 spem
3361 1169 3482 1208 esse
3528 1170 3736 1224 ponen-

2169 1241 2309 1294 dam.
2337 1241 2467 1308 Quia
2497 1251 2551 1296 et
2580 1243 2677 1296 iste
2703 1242 2950 1297 Salomon
2977 1241 3334 1298 a'diﬁcaverat
3355 1243 3606 1313 templum
3633 1245 3738 1298 Do-

2170 1333 2310 1386 mino
2338 1331 2465 1405 (1d.
2495 1349 2545 1387 Vl
2573 1332 2614 1402 ),
2666 1333 2714 1386 in
2761 1345 2882 1402 typo
2925 1332 3135 1401 quidem
3166 1341 3222 1387 et
3261 1333 3312 1388 in
3353 1334 3514 1404 ﬁgura
3545 1333 3737 1390 futura:

2169 1423 2416 1478 Ecclesia:
2445 1433 2498 1478 et
2539 1425 2778 1494 corporis
2809 1425 3046 1488 Domini;
3075 1425 3214 1480 unde
3257 1425 3386 1480 dicit
3414 1427 3463 1479 in
3494 1427 3736 1495 Evange-

2168 1514 2266 1580 lio,
2299 1514 2487 1569 Soluite
2531 1517 2768 1583 templum
2815 1515 2906 1568 hoc
2926 1557 2940 1580 ,
2972 1526 3016 1568 et
3045 1515 3097 1568 in
3147 1516 3312 1569 triduo
3357 1517 3578 1570 excitabo
3606 1519 3736 1572 illud

2171 1603 2345 1675 (Joan.
2376 1620 2432 1669 ιι,
2463 1603 2547 1674 l9)
2581 1619 2596 1658 :
2623 1605 2741 1673 quia
2769 1620 2894 1674 ergo
2923 1607 3037 1674 ipse
3056 1605 3409 1660 tediﬁcaverat
3436 1607 3565 1660 illud
3597 1616 3736 1661 tem-

2165 1695 2330 1766 plum,
2357 1695 2634 1750 tediﬁcavit
2661 1694 2760 1749 sibi
2791 1695 3042 1765 templum
3073 1712 3229 1750 verus
3252 1694 3499 1751 Salomon
3549 1697 3735 1752 Domi-

2165 1803 2265 1841 nus
2307 1796 2486 1841 noster
2530 1785 2683 1841 Jcsus
2711 1787 2952 1844 Christus
2981 1828 2996 1850 ,
3041 1803 3196 1842 verus
3233 1787 3496 1856 pacificus.
3526 1787 3736 1844 Nomen

2164 1877 2305 1932 enim
2347 1877 2646 1931 Salomonis
2691 1876 3066 1946 interpretatur
3109 1877 3364 1933 Paciﬁcus
3395 1897 3409 1932 :
3439 1889 3521 1934 est
3555 1891 3736 1936 autem

2163 1967 2251 2021 ille
2274 1982 2430 2022 verus
2456 1968 2721 2036 pacilicus,
2748 1967 2816 2022 de
2839 1982 2942 2037 quo
2989 1968 3116 2024 dicit
3153 1969 3436 2039 Apostolus
3464 2013 3478 2034 ,
3509 1969 3630 2040 Ipse
3659 1982 3737 2026 est

2160 2060 2291 2113 enim
2319 2075 2420 2130 pax
2443 2071 2633 2120 nostra,
2657 2060 2742 2130 qui
2760 2061 2874 2131 fecit
2897 2070 3103 2128 utraque
3125 2078 3298 2116 unum.
3327 2061 3442 2132 Ipse
3462 2073 3542 2117 est
3569 2079 3736 2120 verus

2161 2152 2437 2220 paciﬁcus,
2467 2151 2553 2220 qui
2582 2150 2715 2205 duos
2746 2151 2973 2220 parietes
2995 2168 3025 2206 e
3050 2153 3260 2208 diverso
3285 2154 3555 2209 venientes
3585 2155 3641 2209 in
3672 2172 3736 2209 se

2163 2243 2447 2312 c0pulavit,
2473 2243 2661 2312 quibus
2689 2242 2856 2298 laetus
2879 2252 2964 2314 est
3003 2244 3134 2314 lapis
3162 2247 3427 2317 augularis
3451 2288 3464 2309 .
3495 2249 3734 2304 venienti

2156 2334 2351 2403 popqu
2381 2349 2446 2388 ex
2471 2334 2869 2390 circumcisione
2889 2335 3212 2390 credentium
3236 2378 3250 2402 ,
3280 2348 3332 2392 et
3375 2339 3592 2394 venienti
3625 2355 3734 2409 po-

2158 2423 2280 2492 pulo
2329 2438 2394 2478 ex
2427 2425 2680 2494 prmputio
2722 2424 2966 2480 Gentium
3016 2437 3068 2480 et
3096 2427 3326 2496 ipsorum
3356 2431 3731 2495 credentium;

2155 2511 2278 2568 fecit
2305 2531 2458 2568 uuam
2501 2515 2786 2568 Ecclesiam
2813 2515 2879 2570 de
2907 2515 3113 2570 duobus
3144 2517 3356 2586 populis
3383 2559 3400 2585 ,
3434 2519 3598 2574 Iactus
3647 2532 3732 2575 est

2155 2602 2260 2657 illis
2284 2603 2416 2672 lapis
2445 2605 2708 2674 angularis
2746 2606 2763 2675 (
2791 2605 2976 2674 Ephes.
3007 2622 3061 2671 ιι,
3096 2607 3259 2672 14-2Ξ
3279 2606 3321 2678 ),
3354 2617 3409 2663 et
3437 2609 3556 2664 ideo
3600 2626 3731 2666 vere

2157 2695 2424 2761 pacilicus.
2453 2693 2583 2761 Quia
2608 2711 2732 2765 ergo
2762 2695 2847 2750 ille
2873 2713 3026 2750 verus
3047 2696 3295 2752 Salomon
3315 2714 3332 2764 ;
3349 2699 3598 2754 Salomon
3630 2719 3731 2756 au-

2156 2795 2256 2840 tem
2307 2785 2394 2839 ille
2423 2787 2558 2839 lilius
2589 2785 2746 2840 David
2788 2786 2854 2841 de
2896 2789 3114 2843 muliere
3157 2788 3448 2845 Bethsabee
3478 2792 3496 2861 (
3525 2791 3565 2846 ll
3592 2793 3724 2864 Reg.

2150 2892 2245 2942 xu,
2274 2878 2344 2932 24
2363 2877 2407 2948 ),
2429 2893 2522 2933 rex
2551 2877 2708 2933 Israel
2732 2919 2746 2943 ,
2780 2879 2996 2950 ﬁguram
3025 2882 3264 2950 gestabat
3293 2882 3449 2952 hujus
3493 2884 3724 2954 paciﬁci,

2151 2968 2356 3038 quando
2379 2969 2628 3039 templum
2659 2969 2971 3024 mdiﬁeavit:
3000 2971 3119 3026 ideo
3140 2989 3205 3027 ne
3225 2972 3373 3028 illum
3407 2986 3553 3044 putes
3569 2975 3724 3030 Salo-

2151 3075 2359 3114 monem
2387 3061 2471 3130 qui
2502 3060 2777 3116 mdiﬁcavit
2802 3061 3013 3116 domum
3040 3063 3168 3130 Deo,
3193 3065 3353 3118 alium
3383 3065 3722 3122 Salomonem

2150 3149 2245 3202 tibi
2293 3151 2574 3203 ostendens
2618 3150 2884 3220 Scriptura
2923 3153 2999 3207 sic
3026 3153 3187 3222 cmpit
3224 3155 3278 3208 in
3307 3155 3555 3210 Psalmo:
3604 3155 3723 3211 Nisi

2148 3237 2394 3294 Dominus
2437 3239 2758 3308 redi/icaverit
2787 3243 2988 3296 domum
3013 3285 3028 3309 ,
3056 3245 3106 3296 in
3134 3261 3317 3298 vanum
3365 3244 3716 3300 laboraverunt

2145 3331 2446 3398 aediﬁcantes
2476 3347 2603 3384 eam.
2634 3333 2885 3387 Dominus
2905 3349 3029 3405 ergo
3057 3333 3280 3391 mdiﬁcat
3306 3335 3522 3390 deruunt
3553 3378 3568 3400 ,
3613 3339 3719 3392 Do-

2145 3425 2320 3478 minus
2345 3422 2500 3479 Jesus
2521 3422 2758 3479 Christus
2779 3425 3001 3481 aediﬁcat
3021 3427 3234 3482 domum
3257 3443 3424 3484 suam.
3448 3429 3716 3486 Laborant

2144 3518 2292 3574 multi
2311 3519 2360 3572 in
2378 3517 2718 3584 :edilicando;
2749 3518 2841 3574 sed
2858 3519 2904 3574 si
2924 3535 3028 3575 non
3060 3520 3147 3575 ille
3179 3521 3422 3587 aediﬁcet,
3447 3523 3498 3576 in
3531 3539 3716 3576 vanum

2144 3609 2487 3662 laboraverunt
2514 3607 2819 3676 wdi/ieantes
2856 3625 2982 3663 eam.
3039 3609 3136 3674 Qui
3178 3619 3303 3666 sunt
3327 3611 3418 3680 qui
3474 3612 3714 3668 laborant

2143 3697 2509 3752 mdiﬁcantes?
2533 3697 2728 3753 Omnes
2745 3699 2831 3768 qui
2854 3699 2905 3753 in
2929 3699 3162 3754 Ecclesia
3189 3701 3474 3769 pradicant
3492 3705 3711 3758 verbum

2142 3785 2256 3850 Dei,
2292 3787 2514 3840 ministri
2558 3786 3016 3844 Sacramentorum
3052 3789 3164 3846 Dei.
3185 3790 3380 3846 Omnes
3401 3793 3700 3857 currimus.

2140 3891 2325 3932 onmes
2353 3877 2679 3944 laboramus,
2707 3894 2892 3935 omnes
2921 3879 3240 3936 mdiﬁcamus
3283 3883 3441 3937 modo
3465 3901 3479 3948 ;
3506 3895 3559 3938 et
3587 3896 3708 3940 ante

2141 3983 2240 4022 nos
2260 3981 2622 4036 cucurrerunt,
2643 3970 3030 4039 laboraverunt,
3046 3972 3437 4029 ardiﬁcaverunt
3461 3994 3476 4030 :
3503 3977 3594 4030 sed
3613 3978 3706 4030 nisi

2139 4057 2384 4113 Dominus
2411 4059 2731 4127 ardiﬁcaverit
2778 4061 2979 4114 domum
3001 4102 3018 4128 ,
3047 4063 3100 4115 in
3125 4078 3308 4118 vanum
3337 4065 3699 4134 laboraverunt,

2137 4151 2441 4218 aediﬁcantes
2474 4167 2604 4205 eam.
2650 4151 2773 4206 Ideo
2816 4153 3068 4221 quosdam
3099 4154 3336 4208 videntes
3363 4171 3519 4210 ruere
3561 4158 3701 4225 Apo-

2136 4240 2277 4305 stoli,
2307 4250 2360 4295 et
2385 4242 2594 4310 proprie
2625 4241 2816 4296 Paulus
2835 4243 2908 4296 ait
2938 4259 2950 4296 :
2980 4242 3100 4297 Dies
3125 4244 3410 4312 observatis,
3443 4257 3490 4300 et
3513 4264 3691 4315 annos,

2136 4338 2183 4382 et
2203 4346 2390 4384 menses
2413 4371 2426 4394 ,
2457 4341 2503 4384 et
2531 4341 2790 4398 tempora;
2819 4333 2963 4386 timeo
2997 4349 3082 4388 uos
3109 4321 3158 4401 ιζ’
3182 4352 3243 4389 ne
3265 4336 3394 4404 forte
3417 4337 3525 4391 sine
3552 4355 3701 4391 causa

2137 4416 2459 4474 laboraverim
2487 4422 2538 4475 in
2563 4437 2647 4474 vos
2678 4422 2696 4493 (
2715 4421 2882 4477 Galal.
2915 4439 2986 4490 tv,
3031 4425 3118 4491 l0,
3151 4427 3208 4480 ll
3313 4428 3443 4494 Quia
3485 4441 3701 4484 noverat

2134 4525 2194 4565 se
2219 4512 2358 4566 intus
2381 4529 2409 4567 a
2437 4514 2656 4568 Domino
2671 4513 2940 4574 :ediﬁcari.
2966 4517 3244 4587 plangebat
3265 4519 3413 4582 istos,
3438 4522 3560 4588 quia
3587 4523 3700 4576 sine

2135 4617 2291 4658 causa
2318 4605 2648 4661 laboraverat
2676 4607 2725 4660 in
2756 4608 2853 4662 eis.
2875 4607 2981 4662 Nos
3005 4625 3128 4679 ergo
3150 4611 3411 4680 loquimur
3439 4612 3588 4678 foris,
3613 4615 3700 4668 ille

2135 4694 2357 4749 :ediﬁeat
2399 4696 2558 4751 intus.
2587 4697 2866 4763 Quomodo
2895 4697 3119 4755 audiatis
3146 4741 3162 4765 ,
3211 4715 3308 4754 nos
3334 4701 3696 4769 advertimus;

2135 4787 2258 4858 quid
2282 4788 2543 4858 cogitetis.
2570 4790 2658 4844 ille
2684 4791 2830 4844 solus
2857 4791 3002 4845 novit
3025 4793 3112 4860 qui
3134 4793 3476 4863 cogitationes
3495 4806 3698 4850 vestras

2132 4877 2291 4933 videt.
2321 4879 2438 4948 Ipse
2463 4877 2686 4933 mdiﬁcat
2705 4921 2720 4946 ,
2750 4881 2860 4949 ipse
2881 4891 3094 4946 monet,
3123 4883 3235 4952 ipse
3262 4893 3446 4948 terret.
3480 4885 3594 4953 ipse
3616 4889 3698 4940 in-

2132 4968 2398 5023 tellectum
2424 4968 2617 5038 aperit,
2668 4969 2780 5038 ipse
2810 4969 2877 5025 ad
2905 4970 3062 5026 ﬁdem
3088 4974 3315 5043 applicat
3351 4989 3566 5029 sensum
3605 4993 3700 5030 ve-

2131 5071 2299 5116 strum
2325 5080 2338 5116 :
2365 5071 2418 5116 et
2437 5071 2608 5116 tamen
2632 5063 2931 5119 laboramus
2954 5076 3008 5118 et
3032 5080 3128 5120 nos
3165 5075 3411 5136 tanquam
3432 5070 3696 5136 operarii;

2131 5150 2224 5206 sed
2243 5151 2340 5206 nisi
2358 5151 2601 5207 Dominus
2625 5154 2946 5223 aediﬁcaverit
2973 5155 3195 5225 domum,
3220 5159 3274 5212 in
3298 5173 3483 5211 vanum
3500 5159 3699 5213 labora-

2131 5252 2300 5296 verunt
2325 5242 2629 5312 aediﬁcantes
2656 5261 2784 5297 eam.

2201 5331 2255 5386 ’5.
2284 5332 2410 5397 Qua:
2445 5343 2620 5387 autem
2647 5333 2836 5388 domus
2875 5335 2987 5401 Dei,
3036 5344 3090 5390 et
3121 5336 3234 5406 ipsa
3267 5337 3469 5392 civitas.
3501 5339 3698 5392 Domus

2131 5424 2270 5478 enim
2299 5423 2411 5490 Dei,
2441 5424 2662 5493 populus
2681 5425 2796 5492 Dei;
2819 5427 2938 5496 quia
2957 5427 3142 5482 domus
3166 5427 3280 5495 Dei,
3310 5430 3562 5499 templum
3583 5429 3695 5484 Dei.

2135 5513 2199 5568 Et
2227 5513 2349 5584 quid
2389 5515 2515 5568 dicit
2542 5516 2865 5586 Apostolus?
2895 5515 3155 5586 Templum
3196 5519 3327 5573 enim
3353 5517 3446 5571 Dei
3471 5529 3696 5572 sanctum

2172 5689 2212 5757 _‘
2240 5687 2308 5758 sic
2339 5693 2446 5798 Moss.
2476 5694 2524 5738 Μ
2549 5687 2659 5738 Edd.
2683 5697 2867 5752 carent,
2888 5703 2965 5742 vos
2990 5703 3007 5742 :
3028 5701 3078 5744 et
3101 5693 3220 5743 intra
3238 5692 3435 5753 habent,
3455 5693 3703 5742 laborare-

2172 5763 2289 5798 uum
2313 5763 2365 5798 τυ
2397 5764 2454 5798 ts.

2134 5764 2227 5800 run
2241 5763 2289 5799 ιιι
2313 5763 2454 5800 υυωδ.
