4032 6202
324 321 458 380 1609

321 445 411 498 est,
439 430 574 500 qtmd
597 429 711 484 estis
737 443 818 481 vos
847 425 888 494 (I
916 423 1032 482 Cor.
1057 441 1131 490 ιιι,
1165 423 1272 495 l7).
1321 422 1516 478 Omnes
1542 431 1714 477 autem
1748 421 1875 475 ﬁde-

319 523 417 590 les,
438 538 556 591 qua:
582 520 870 576 estdomus
903 517 1012 580 Dei,
1064 533 1167 571 non
1207 517 1375 570 solum
1418 517 1504 585 qui
1551 515 1706 569 modo
1735 523 1877 580 sunt,

317 620 410 669 sed
431 624 486 668 et
509 613 596 683 qui
626 621 746 666 ante
771 625 864 664 nos
894 607 1100 663 fuerunt
1127 618 1180 663 et
1201 607 1308 677 jam
1337 607 1684 671 dormierunt,
1713 613 1766 659 et
1790 605 1878 674 qui

318 718 442 776 post
466 721 562 760 nos
591 703 746 758 futuri
774 712 915 770 sunt,
950 702 1121 757 adlmc
1146 702 1231 772 qui
1254 702 1396 756 nasci
1425 700 1618 754 habent
1645 700 1697 753 in
1722 700 1880 754 rebus

318 799 563 853 humanis
591 812 754 867 usque
791 797 840 849 iu
871 797 1026 849 ﬁnem
1057 794 1255 860 smCuli,
1297 793 1594 863 congregati
1632 793 1682 846 in
1720 807 1878 845 unum

316 891 502 944 fideles
526 888 946 951 innumerabiles,
981 886 1072 940 sed
1105 887 1325 939 Domino
1357 885 1635 947 munerati,
1667 885 1733 938 de
1760 885 1879 952 qui-

314 981 416 1036 bus
464 981 593 1036 dicit
646 979 950 1049 Apostolus,
1003 977 1157 1031 Novit
1207 977 1451 1030 Dominus
1497 976 1581 1045 qui
1615 986 1729 1029 sunt
1773 977 1912 1045 ejus.

315 1075 390 1144 (Il
419 1073 558 1130 Tim.
601 1087 656 1135 Il,
700 1069 787 1143 19)
814 1089 827 1136 ;
875 1086 1037 1140 grana
1065 1070 1150 1122 illa
1181 1085 1297 1139 qua:
1324 1069 1479 1124 modo
1505 1078 1721 1138 gemunt
1746 1067 1883 1121 inter

315 1169 514 1240 paleas.
540 1183 656 1238 quae
684 1181 910 1220 massam
932 1179 1087 1218 unam
1121 1163 1316 1218 factura
1349 1171 1491 1226 sunt,
1522 1161 1730 1232 quando
1757 1175 1881 1214 area

315 1261 368 1314 in
409 1259 512 1312 ﬁne
555 1250 708 1311 fuerit
750 1255 995 1309 ventilata
1034 1253 1240 1325 (Matth.
1272 1269 1346 1316 ιιι,
1373 1251 1458 1322 12)
1492 1269 1506 1305 :
1549 1251 1721 1305 omnis
1758 1265 1883 1319 ergo

316 1363 571 1404 numerus
611 1347 842 1401 Iidelium
869 1355 1188 1404 sanctorum,
1231 1359 1293 1396 ex
1325 1342 1622 1395 hominibus
1647 1357 1884 1396 commu-

315 1441 595 1494 tandorum
624 1448 680 1492 ut
701 1438 823 1491 ﬁant
843 1436 1070 1506 aequales
1091 1433 1307 1505 Angelis
1331 1434 1440 1497 Dei,
1465 1433 1692 1502 adjuncti
1723 1433 1882 1486 etiam

316 1533 416 1601 ipsi
438 1532 675 1601 Angelis,
704 1530 789 1599 qui
819 1529 974 1582 modo
1003 1513 1105 1582 non
1131 1528 1548 1597 peregrinantur,
1577 1525 1669 1581 sed
1696 1540 1881 1594 exspe-

317 1630 458 1676 ctant.
491 1635 589 1675 nos
615 1620 824 1690 quando
849 1635 878 1672 a
908 1618 1327 1688 peregrinatione
1357 1618 1669 1680 redeamus;
1699 1631 1882 1671 omnes

317 1713 474 1767 simul
511 1727 668 1766 unam
697 1711 912 1765 domum
949 1711 1038 1764 Dei
1072 1709 1278 1772 faciunt,
1332 1718 1381 1764 et
1410 1724 1564 1762 unam
1595 1708 1879 1762 civitatem.

318 1805 434 1875 Ipsa
465 1815 545 1860 cst
578 1802 888 1858 Jerusalem.
925 1802 1089 1856 Habet
1118 1801 1364 1856 custodes
1396 1819 1409 1852 :
1437 1800 1700 1870 quomodo
1726 1797 1883 1854 habet

318 1895 656 1959 mdilicantes,
689 1896 985 1950 laborantes
1016 1903 1071 1948 ut
1089 1892 1409 1957 :ediﬁcetur;
1441 1893 1516 1949 sic
1535 1892 1694 1946 habet
1712 1887 1770 1946 ‘ct
1793 1906 1884 1945 cu-

317 1988 627 2042 stodientes.
677 1987 808 2041 Nam
857 1986 923 2040 ad
966 1984 1256 2040 custodiam
1307 1985 1534 2054 pertinet
1575 1985 1713 2054 quod
1757 1983 1882 2039 dicit

316 2081 639 2150 Apostolus:
672 2078 838 2132 Timeo
868 2095 927 2131 ne
947 2079 1071 2150 sicut
1097 2092 1297 2147 serpens
1328 2075 1481 2128 Evam
1512 2075 1707 2128 seduxit
1741 2085 1880 2129 astu-

318 2171 389 2224 tia
423 2187 538 2238 sua,
583 2171 654 2224 sic
695 2177 739 2223 et
777 2178 949 2222 vestra:
980 2174 1162 2221 mentes
1188 2175 1574 2237 corrumpantur
1599 2182 1630 2216 a
1661 2166 1886 2218 castitate

316 2278 432 2332 qua
461 2273 532 2316 est
555 2262 606 2315 in
632 2261 828 2316 Christo
857 2259 933 2331 (Il
955 2256 1070 2313 Cor.
1100 2273 1172 2322 xt,
1198 2255 1273 2328 5).
1316 2255 1675 2322 Custodiebat,
1706 2266 1884 2309 custos

320 2362 436 2408 erat
461 2354 476 2385 ¹
502 2370 518 2419 ;
549 2352 812 2422 vigilabat,
855 2360 1104 2420 quantum
1134 2357 1354 2419 poterat,
1400 2364 1557 2417 super
1585 2363 1676 2403 eos
1697 2348 1885 2419 quibus

317 2451 564 2512 praeerat.
599 2441 663 2495 Et
682 2441 912 2511 episcopi
939 2440 1037 2494 hoc
1065 2438 1276 2493 faciunt.
1307 2439 1433 2492 Nam
1468 2439 1587 2494 ideo
1620 2438 1774 2493 altior
1802 2439 1883 2492 10·-

317 2549 408 2588 cus
435 2533 643 2604 positus
671 2541 752 2586 est
789 2530 1065 2600 episcopis,
1119 2541 1172 2583 ut
1200 2530 1296 2599 ipsi
1329 2531 1782 2598 superintendant,
1830 2537 1885 2585 et

317 2636 570 2696 tanquam
599 2624 896 2679 custodiant
919 2621 1188 2692 populum.
1219 2621 1349 2674 Nam
1375 2630 1426 2674 et
1448 2636 1619 2690 graece
1643 2621 1778 2688 quod
1800 2621 1885 2675 di-

316 2720 456 2773 citur
494 2716 794 2787 episcopus,
838 2714 939 2769 hoc
961 2714 1122 2769 latine
1147 2712 1538 2780 superinteutor
1565 2712 1881 2787 interpreta-

319 2821 438 2876 tur;
465 2783 584 2880 qu'ia
615 2783 1017 2876 superintendit,
1041 2804 1161 2874 quia
1181 2803 1406 2872 desuper
1428 2802 1586 2857 videt.
1611 2783 1885 2870 Quomodo

317 2904 460 2958 enim
490 2899 701 2955 vinitori
727 2899 882 2952 altior
910 2896 966 2950 ﬁt
986 2897 1132 2950 locus
1160 2894 1225 2948 ad
1243 2894 1638 2949 custodiendam
1654 2895 1881 2958 vineam,

315 2995 394 3050 sic
417 3002 472 3048 et
495 2991 756 3062 episcopis
781 2989 935 3042 altior
958 2988 1105 3042 locus
1131 2984 1298 3040 factus
1325 2995 1424 3040 est.
1465 2984 1532 3039 Et
1561 2985 1626 3040 de
1653 2987 1752 3039 isto
1777 2985 1885 3040 allo

316 3087 439 3143 loco
466 3083 756 3155 periculosa
785 3080 1022 3136 redditur
1061 3079 1212 3138 ratio.
1254 3077 1351 3131 nisi
1397 3091 1462 3132 eo
1488 3077 1646 3132 corde
1685 3087 1884 3132 stemus

314 3179 427 3242 hic,
447 3185 502 3229 ut
523 3173 818 3228 humilitate
834 3170 933 3225 sub
952 3168 1170 3238 pedibus
1188 3167 1376 3222 veSIris
1396 3167 1581 3231 simus,
1605 3176 1656 3221 et
1678 3182 1772 3235 pro
1794 3182 1886 3220 vo-

314 3267 399 3322 bis
415 3279 650 3329 oremus,
675 3271 730 3316 ut
749 3261 835 3331 qui
857 3261 1000 3315 novit
1021 3268 1226 3314 mentes
1248 3265 1448 3312 vestras
1472 3257 1582 3326 ipse
1603 3256 1880 3311 custodiat.

315 3359 450 3427 Quia
479 3371 576 3411 nos
601 3356 854 3409 intrantes
880 3367 973 3406 vos
995 3359 1048 3405 et
1076 3343 1340 3404 exeuntes'
1357 3361 1636 3416 possumus
1665 3347 1881 3413 videre;

315 3466 486 3520 usque
510 3449 642 3504 adeo
668 3455 839 3500 autem
871 3459 976 3498 non
1003 3443 1240 3497 videmus
1267 3440 1390 3511 quid
1420 3440 1661 3511 cogitetis
1690 3440 1739 3494 in
1761 3455 1883 3495 cor-

315 3542 473 3598 dibus
502 3540 712 3603 vestris,
743 3544 803 3591 ut
831 3551 1000 3606 neque
1023 3534 1147 3605 quid
1174 3533 1339 3603 agatis
1358 3533 1407 3586 in
1430 3531 1673 3586 domibus
1696 3533 1884 3587 vestris

315 3636 502 3691 videre
531 3632 816 3702 possimus.
864 3627 1138 3697 Quomodo
1164 3641 1289 3696 ergo
1331 3623 1694 3679 custodimus?
1738 3623 1884 3690 Quo—

317 3727 481 3782 modo
511 3703 788 3784 homines;
816 3726 1066 3789 quantum
1111 3731 1412 3786 possumus,
1453 3723 1706 3784 quantum
1731 3729 1885 3768 acce-

317 3819 513 3889 pimus.
539 3815 606 3870 Et
624 3813 744 3884 quia
771 3825 869 3865 nos
887 3811 1024 3864 sicut
1048 3807 1288 3863 homines
1313 3805 1658 3872 custodimus,
1691 3813 1748 3867 et.
1765 3821 1888 3875 per-

318 3912 458 3966 fecte
503 3905 770 3962 custodire
816 3917 920 3957 non
965 3912 1276 3971 possumus,
1336 3896 1455 3951 ideo
1505 3896 1620 3951 sine
1672 3894 1887 3950 custode

318 3997 700 4060 remanebitis?
741 3995 908 4052 Absit.
940 3992 1070 4047 Nam
1100 3991 1188 4046 ubi
1213 3999 1294 4046 est
1319 3989 1406 4044 ille
1433 3988 1499 4044 de
1527 4003 1632 4058 quo
1673 3988 1882 4054 dicitur,

320 4091 440 4147 Nisi
469 4089 715 4144 Dominus
738 4083 1026 4140 custodierit
1051 4082 1316 4146 civitatem,
1358 4079 1410 4132 in
1443 4094 1621 4133 vanum
1649 4079 1888 4132 laboravit

319 4182 405 4253 qui
426 4179 639 4234 custodit
667 4176 814 4231 eam?
841 4174 1164 4229 Laboramns
1193 4171 1244 4224 in
1281 4167 1644 4231 custodiendo,
1672 4166 1765 4221 sed
1792 4181 1885 4220 va-

319 4288 423 4328 nus
449 4279 534 4326 est
556 4268 926 4328 labor-noster,
974 4262 1074 4317 nisi
1105 4261 1194 4315 ille
1222 4258 1484 4315 custodiat
1509 4258 1597 4327 qui
1623 4256 1765 4312 videt
1795 4271 1886 4311 co-

317 4361 603 4431 gitationes
625 4365 846 4413 vestras.
867 4353 1108 4409 Custodit
1128 4351 1216 4406 ille
1240 4365 1358 4405 cum
1383 4348 1630 4419 vigilatis,
1661 4347 1888 4402 custodit

319 4465 372 4508 et
425 4465 545 4506 cum
595 4445 970 4504 dormieritis'.
1022 4442 1114 4498 Ille
1168 4442 1308 4497 enim
1351 4439 1598 4494 dormivit
1638 4438 1688 4492 in
1731 4453 1888 4493 cruce

223 4560 232 4570 ·
319 4542 514 4610 semel,
550 4549 606 4598 et
643 4539 909 4604 surrexit;
946 4536 1054 4606 jam
1093 4549 1198 4589 non
1227 4531 1440 4588 dormit.
1473 4530 1656 4586 Estote
1696 4529 1884 4594 Israel;

319 4633 446 4705 quia
503 4645 608 4686 non
658 4629 871 4694 dormit,
915 4640 1085 4696 neque
1131 4621 1455 4686 dormitabit,
1521 4619 1611 4690 qui
1659 4619 1890 4675 custodit

320 4723 484 4780 Israel
537 4718 706 4793 (Psal.
755 4733 876 4784 cxx,
921 4716 1000 4790 4).
1041 4715 1153 4780 Eia,
1201 4712 1407 4776 fratres,
1442 4711 1487 4766 si
1525 4711 1768 4765 volumus
1792 4710 1889 4764 sub

321 4819 512 4872 umbra
540 4814 743 4869 alarum
765 4810 857 4866 Dei
880 4807 1152 4874 custodiri,
1184 4805 1349 4861 simus
1373 4803 1592 4859 Israel“.
1649 4802 1891 4858 Custodi-

321 4923 447 4964 mus
471 4906 615 4963 enim
642 4919 736 4960 vos
760 4919 826 4958 ex
850 4899 1025 4957 ofﬁcio
1051 4897 1490 4972 dispensationis;
1519 4895 1612 4950 sed
1639 4894 1890 4950 custodiri

322 5001 575 5053 volumus
599 4996 890 5050 vobiscum.
916 4993 1188 5062 Tanquam
1224 4991 1373 5046 vobis
1399 4999 1636 5058 pastores
1666 5002 1847 5042 sumus
1872 5029 1886 5054 ,

319 5091 417 5147 sed
446 5089 545 5144 sub
577 5087 669 5142 illo
696 5087 914 5142 Pastore
936 5084 1204 5139 vobiscum
1233 5096 1360 5136 oves
1392 5063 1593 5135 sumus.
1621 5080 1888 5149 Tanquam

319 5182 475 5236 vobis
501 5197 565 5236 ex
609 5178 711 5234 hoc
738 5178 854 5233 loco
892 5176 1135 5232 doctores
1161 5190 1382 5240 sumus;
1423 5158 1513 5228 sed
1544 5172 1642 5226 sub
1669 5173 1758 5227 illo
1787 5187 1890 5226 uno

321 5276 577 5346 Magistro
602 5272 655 5327 in
686 5271 782 5326 hac
811 5270 990 5326 schola
1020 5268 1291 5323 vobiscum
1319 5265 1661 5335 condiscipuli
1689 5279 1886 5318 sumus.

396 5369 449 5422 4.
479 5365 630 5439 [vers.
656 5361 737 5437 2.]
763 5363 818 5419 Si
849 5362 1092 5416 volumus
1116 5359 1365 5416 custodiri
1391 5360 1456 5413 ab
1479 5357 1569 5411 illo
1603 5356 1689 5428 qui
1716 5355 1888 5410 Immi-

388 5481 405 5510 ι
426 5479 499 5526 sic
515 5474 696 5532 aliquot
714 5483 817 5524 Mss.
838 5472 922 5522 Alii
945 5479 1106 5522 autem
1128 5475 1369 5532 omittunt,
1395 5474 1550 5519 custos
1571 5472 1674 5519 erat
1703 5479 1721 5518 :
1751 5468 1887 5530 cujus

319 5539 434 5590 loco
457 5532 566 5586 laid.
591 5532 790 5593 habent,
813 5541 979 5584 cauttts
993 5539 1111 5584 erat.

387 5603 408 5633 ⁸
432 5609 507 5650 Er.
531 5599 678 5662 Lugd.
701 5604 972 5662 t’en._bov.,
990 5593 1222 5662 dormitis.
1319 5600 1373 5662 at.

391 5662 410 5694 ³
431 5653 782 5716 tsthazc'verba,
801 5658 948 5708 simus
961 5653 1132 5712 'Israel,
1152 5655 1324 5703 absunt
1338 5653 1398 5701 ab
1421 5662 1518 5716 Am.
1542 5657 1787 5716 etga_t_tss.._
1803 5661 1894 5698 uec

320 5735 601 5774 necessaria
626 5712 934 5776 videbuntur,
958 5719 997 5767 si
1021 5717 1273 5776 sententia
1299 5714 1518 5776 superior
1542 5713 1613 5776 ad
1639 5712 1682 5776 id
1707 5712 1890 5759 refera-

321 5773 425 5847 tur,
447 5788 575 5849 quod
604 5783 743 5848 paulo
765 5784 884 5831 iu‘ra
906 5773 1172 5842 Subjicitur,
1195 5773 1394 5836 scilicet,
1421 5773 1618 5825 humiles
1641 5774 1807 5823 situas.

1369 310 1757 366 ENARRATIO
1798 310 1859 365 IN
1900 311 2208 369 PSALMUM
2249 316 2476 372 CXXVI.

3412 325 3541 388 I670

1992 424 2144 479 Iiatus
2169 437 2248 481 est
2277 440 2486 498 propter
2510 445 2625 495 nos,
2657 441 2708 498 et
2734 432 2988 488 exaltatus
3025 443 3101 489 est
3146 435 3211 491 ad
3240 442 3543 492 CtISiOtlit‘u-

1982 514 2078 570 dos
2106 533 2218 582 nos,
2268 519 2488 574 humiles
2525 522 2706 576 siruus.
2747 524 2910 579 Nemo
2953 526 3050 580 sibi
3085 539 3296 597 arroget
3322 530 3540 599 aliquid.

1983 605 2146 660 Nemo
2201 609 2353 663 habet
2407 611 2602 680 aliquid
2648 613 2792 678 boui,
2858 617 2956 670 nisi
3003 619 3070 671 ab
3123 618 3211 672 illo
3256 622 3536 690 acceperit,

1985 698 2071 768 qui
2118 700 2261 753 solus
2308 701 2474 755 bonus
2517 712 2614 756 est.
2678 704 2773 770 Qui
2822 718 2993 760 autem
3048 709 3145 763 sibi
3192 711 3412 766 voluerit
3458 730 3545 767 ar-

1984 805 2170 858 rogare
2207 793 2546 860 sapientiam,
2594 796 2783 850 stultus
2823 809 2921 852 est.
2965 800 3042 854 Sit
3073 801 3302 867 humilis,
3352 815 3406 857 ut
3451 823 3542 860 ve-

1986 879 2092 933 niat
2115 881 2369 948 sapientia
2397 894 2449 936 et
2478 883 2734 939 illuminet
2767 886 2931 941 illum.
2976 891 3029 944 Si
3061 902 3234 947 autem
3263 904 3542 964 antequam

1985 971 2160 1023 veniat
2205 972 2254 1023 in
2293 972 2435 1026 illum
2475 975 2747 1044 sapientia,
2802 988 2951 1048 putat
2991 997 3047 1036 sc
3073 993 3189 1037 esSe
3219 986 3542 1053 sapientem;

1983 1072 2104 1114 ante
2135 1065 2302 1116 lucem
2332 1065 2515 1134 surgit,
2565 1077 2616 1119 et
2645 1069 2876 1123 ambulat
2929 1073 2980 1125 in
3023 1074 3270 1128 tenebris.
3317 1077 3384 1130 Et
3419 1078 3544 1147 quid

1984 1152 2127 1205 audit
2169 1153 2220 1206 in
2257 1153 2357 1208 isto
2390 1157 2631 1224 psalmo?
2670 1158 2736 1212 In
2765 1177 2945 1214 vanum
2977 1173 3046 1216 est
3087 1165 3221 1220 vobis
3249 1178 3362 1221 ante
3388 1168 3546 1222 lucem

1983 1260 2201 1314 surgere.
2227 1246 2358 1312 Quid
2387 1258 2494 1313 est,
2524 1247 2589 1302 In
2617 1267 2798 1305 vanum
2842 1264 2914 1306 est
2938 1255 3071 1309 vobis
3111 1269 3225 1310 ante
3248 1259 3406 1312 lucent
3429 1277 3547 1314 sur-

1985 1336 2138 1403 gere?
2165 1337 2217 1391 Si
2264 1340 2490 1409 surgatis
2532 1351 2812 1411 antequam
2854 1356 3033 1415 surgat
3070 1347 3178 1410 lux,
3208 1364 3423 1405 necesse
3465 1362 3550 1406 est

1987 1435 2043 1478 ut
2063 1427 2112 1479 in
2142 1430 2365 1484 vanitate
2390 1434 2722 1496 remanentis,
2745 1436 2865 1504 quia
2893 1437 2944 1488 in
2970 1439 3200 1493 tenebris
3223 1441 3389 1494 eritis.
3413 1443 3549 1497 Sur-

1985 1517 2120 1570 rexit
2151 1518 2236 1572 lux
2283 1532 2458 1575 nostra
2483 1520 2754 1589 Christus;
2800 1525 2992 1580 bonum
3023 1541 3104 1583 est
3143 1529 3234 1583 tibi
3275 1540 3328 1584 ut
3365 1547 3550 1603 surgas

1986 1617 2102 1675 pOst
2131 1608 2419 1674 Christum,
2465 1629 2565 1666 non
2604 1630 2786 1684 surgas
2823 1627 2946 1672 ante
2973 1616 3257 1674 Christum.
3307 1622 3404 1690 Qui
3436 1640 3552 1678 sur-

1985 1706 2114 1766 gunt
2142 1711 2263 1755 ante
2292 1700 2603 1758 Christum?
2649 1705 2748 1772 Qui
2779 1723 2835 1762 se
2867 1709 3047 1763 volunt
3070 1727 3376 1780 praeponere
3397 1716 3551 1770 Chri-

1986 1797 2088 1842 sto.
2121 1791 2182 1844 Iit
2223 1795 2308 1860 qui
2339 1803 2461 1848 sunt
2488 1795 2575 1864 qui
2622 1812 2680 1851 se
2720 1799 2904 1853 volunt
2946 1816 3259 1870 praeponere
3302 1805 3549 1860 Christo?

1986 1881 2084 1948 Qui
2124 1883 2308 1938 volunt
2354 1885 2440 1940 hic
2484 1888 2679 1942 excelsi
2725 1905 2872 1955 esse,
2915 1893 3000 1946 ubi
3044 1893 3256 1949 humilis
3299 1897 3386 1951 ille
3429 1897 3547 1952 fuit.

1986 1973 2102 2028 Sint
2127 1991 2252 2045 ergo
2279 1976 2366 2031 hic
2395 1977 2641 2044 humiles,
2689 1981 2732 2034 si
2759 1982 2939 2056 volunt
2965 1983 3034 2037 ibi
3068 1999 3186 2039 esse
3220 1988 3432 2054 exet-lsi,
3457 1981 3550 2045 ubi

1983 2065 2224 2121 Christus
2249 2069 2491 2124 excelsus
2520 2080 2620 2124 est.
2648 2071 2736 2124 Ait
2764 2073 2902 2127 enim
2932 2073 2997 2128 de
3024 2075 3086 2129 iis
3111 2077 3198 2145 qui
3224 2078 3296 2131 illi
3323 2079 3553 2136 adluese.

1986 2166 2104 2211 rant
2121 2158 2240 2224 ﬁde,
2258 2161 2309 2212 in
2323 2159 2511 2228 quibus
2526 2169 2580 2215 et
2597 2176 2693 2215 nos
2709 2177 2909 2231 smnus,
2927 2164 2968 2218 si
2989 2173 3043 2218 et
3067 2181 3164 2220 nos
3181 2167 3230 2220 in
3253 2168 3399 2222 illum
3424 2186 3554 2239 puro

1984 2250 2144 2304 corde
2171 2251 2468 2306 credimus:
2503 2252 2676 2318 Pater,
2707 2254 2892 2323 inquit,
2923 2272 3045 2323 quos
3065 2259 3184 2310 ini/ti
3205 2260 3412 2324 dedisti,
3441 2264 3552 2318 volo

1985 2348 2039 2393 ut
2080 2341 2162 2394 ubi
2190 2357 2279 2412 ego
2318 2359 2458 2408 sum,
2489 2353 2535 2396 et
2578 2344 2674 2413 ipsi
2707 2345 2803 2397 sint
2838 2362 3026 2399 mecum
3069 2347 3242 2418 (Joan.
3279 2366 3403 2414 xvu,
3435 2353 3548 2424 2i).

1987 2430 2228 2501 Magnum
2277 2432 2496 2500 donum,
2557 2449 2743 2504 magna
2791 2437 2981 2506 gratia,
3039 2455 3222 2510 magna
3253 2444 3550 2511 promissio,

1987 2522 2174 2577 fratres
2202 2525 2303 2578 mei
2329 2525 2341 2578 !
2377 2525 2444 2578 Et
2465 2527 2582 2595 quis
2611 2541 2713 2579 non
2744 2528 2854 2580 vult
2899 2543 3016 2583 esse
3044 2544 3161 2583 cum
3190 2530 3420 2599 Christo,
3462 2536 3551 2590 ubi

1987 2625 2068 2670 est
2087 2615 2360 2670 Christus?
2396 2616 2498 2672 Sed
2517 2617 2625 2686 jam
2651 2617 2891 2672 excelsus
2918 2618 3157 2675 Christus
3186 2639 3198 2674 :
3231 2622 3309 2677 vis
3335 2624 3406 2678 ibi
3434 2641 3552 2682 esse

1988 2705 2074 2760 ubi
2118 2708 2518 2763 est'excelsus?
2568 2708 2696 2764 Esto
2726 2709 2957 2775 humilis,
3005 2713 3090 2768 ubi
3129 2723 3184 2768 et
3211 2716 3297 2771 ille
3341 2716 3553 2775 humilis

1988 2798 2103 2852 fuit.
2133 2800 2416 2869 Propterea
2448 2801 2552 2857 illis
2578 2801 2705 2857 dicit
2735 2804 2846 2873 ipsa
2877 2805 2966 2860 lux
2997 2823 3011 2860 :
3041 2804 3162 2860 Non
3184 2818 3255 2863 est
3279 2810 3554 2882 discipulus

1987 2909 2139 2961 super
2183 2894 2494 2963 magistrum,
2554 2911 2641 2948 nec
2687 2913 2855 2951 servus
2900 2914 3051 2968 super
3103 2901 3358 2956 dominum
3408 2922 3554 2962 suum

1993 2982 2199 3055 (Matth.
2228 3001 2280 3048 x,
2299 2983 2413 3054 24).
2437 2985 2533 3052 Qui
2552 2986 3054 3059 volebantdiscipuli
3075 3007 3194 3046 esse
3215 3009 3372 3064 super
3392 2998 3557 3067 magi-

1988 3083 2153 3127 strum
2176 3091 2190 3139 ;
2221 3083 2274 3128 et
2300 3076 2439 3130 servi
2467 3077 2712 3132 volebant
2737 3093 2855 3134 esse
2883 3093 3042 3150 super
3077 3082 3348 3140 dominum
3375 3103 3551 3155 suum,

1987 3175 2110 3220 ante
2139 3166 2308 3221 lucem
2340 3167 2585 3223 volebant
2609 3184 2861 3237 surgere;
2907 3173 2959 3226 in
3000 3189 3190 3229 vanum
3221 3176 3386 3243 ibant,
3431 3182 3555 3250 quia

1988 3271 2092 3309 non
2122 3269 2236 3324 post
2263 3257 2431 3312 lucem
2459 3258 2620 3314 ibant.
2657 3259 2763 3314 Illis
2783 3276 2910 3333 ergo
2930 3263 3057 3319 dicit
3076 3265 3176 3321 iste
3203 3270 3456 3337 psalmus,
3487 3271 3557 3326 In

1986 3362 2172 3400 vanum
2197 3359 2269 3401 est
2311 3348 2444 3402 vobis
2481 3359 2595 3403 ante
2630 3351 2788 3404 lucem
2814 3369 3034 3424 surgere.
3078 3355 3231 3412 Tales
3275 3369 3424 3414 erant
3463 3361 3558 3417 ﬁlii
3647 3410 3649 3412 .

1987 3437 2248 3504 Zebedaai,
2275 3440 2364 3509 qui
2387 3450 2666 3510 antequam
2694 3441 3100 3499 humiliarentur
3121 3449 3408 3504 secundum
3437 3466 3558 3520 pas-

1988 3531 2191 3586 sionem
2221 3531 2446 3600 Domini,
2465 3532 2576 3602 jam
2601 3532 2699 3588 sibi
2723 3533 2835 3587 loca
2860 3535 3142 3605 eligebant,
3167 3537 3254 3592 ubi
3284 3540 3553 3608 sederent,

1988 3637 2124 3678 unus
2150 3622 2215 3676 ad
2256 3622 2548 3690 dexteram,
2590 3623 2724 3677 alter
2765 3623 2832 3678 ad
2857 3626 3168 3682 sinistram:
3215 3638 3337 3684 ante
3381 3630 3554 3687 lucem

1988 3713 2233 3768 volebant
2253 3727 2499 3783 surgere;
2527 3711 2646 3768 ideo
2665 3714 2717 3766 in
2736 3729 2924 3768 vanum
2947 3715 3111 3770 ibant.
3131 3719 3416 3775 Revocavit
3436 3723 3555 3781 illos

1989 3805 2242 3859 Dominus
2261 3803 2324 3858 ad
2347 3803 2715 3868 humilitatem,
2742 3818 2860 3859 cum
2877 3804 2978 3861 hoc
2995 3807 3220 3876 audiret,
3249 3819 3304 3865 et
3321 3813 3392 3866 ait
3415 3813 3551 3870 illis:

1993 3894 2206 3950 Potestis
2225 3895 2385 3948 bibere
2407 3895 2611 3948 calicem
2634 3911 2779 3965 quem
2798 3913 2886 3967 ego
2912 3896 3149 3954 bibiturus
3184 3917 3295 3955 sum
3321 3902 3430 3969 (Id.
3461 3921 3569 3973 xx,‘

1987 3985 2076 4051 21,
2090 3983 2201 4055 εει).
2226 3986 2334 4055 Ego
2347 3986 2463 4040 veni
2483 3985 2690 4040 humilis
2700 4001 2839 4053 esse,
2861 3996 2916 4042 et
2929 3976 3021 4043 vos
3033 3999 3154 4057 ante
3167 4007 3250 4046 me
3263 3993 3418 4048 vultis
3434 4009 3554 4051 esse

1988 4077 2218 4132 excelsi?
2245 4076 2356 4145 Qua
2385 4092 2482 4148 ego
2507 4092 2592 4143 eo,
2623 4077 2744 4132 illac
2772 4081 3073 4149 sequimini,
3101 4083 3192 4137 ait.
3218 4083 3350 4138 Nam
3383 4087 3427 4140 si
3455 4087 3553 4144 hac

1988 4169 2145 4223 vultis
2164 4169 2260 4237 ire,
2289 4184 2390 4240 qua
2418 4184 2516 4240 ego
2545 4184 2650 4224 non
2673 4185 2756 4238 eo,
2785 4169 2850 4226 In
2875 4187 3059 4227 vanum
3085 4185 3156 4229 est
3179 4177 3312 4232 vobis
3333 4189 3449 4233 ante
3476 4181 3557 4234 lu-

1990 4278 2094 4316 cem
2118 4279 2335 4333 surgere.
2364 4263 2433 4317 Et
2455 4262 2641 4319 Petrus
2665 4273 2786 4319 ante
2809 4264 2978 4321 lucem
3001 4279 3323 4337 surrexerat,
3345 4273 3554 4342 quando

1989 4355 2262 4408 consilium
2286 4354 2510 4410 Domino
2534 4355 2661 4412 dare
2688 4356 2919 4427 volebat,
2949 4368 3006 4414 ut
3035 4376 3136 4415 non
3167 4373 3432 4431 pateretur
3459 4382 3554 4436 pro
3589 4347 3593 4351 h

1992 4445 2160 4500 nobis.
2193 4446 2406 4501 Dixerat
2426 4447 2566 4502 enim
2595 4447 2684 4502 ille
2708 4446 2776 4503 de
2800 4449 3046 4518 passione
3068 4465 3180 4513 sua.
3207 4453 3258 4507 in
3289 4468 3391 4524 qua
3417 4457 3553 4512 salvi

1993 4538 2148 4593 futuri
2174 4552 2404 4604 eramus,
2427 4539 2494 4594 de
2520 4539 2632 4609 ipsa
2663 4539 2996 4608 humilitate;
3027 4542 3240 4598 humilis
3259 4545 3398 4600 enim
3431 4563 3552 4618 pas-

1991 4644 2081 4684 sus
2108 4637 2229 4684 est:
2279 4644 2398 4684 cum
2442 4645 2568 4700 ergo
2600 4630 2665 4685 de
2712 4631 2958 4701 passione
2999 4648 3091 4688 sua
3131 4634 3302 4690 futura
3331 4637 3551 4704 diceret,

1991 4721 2202 4790 expavit
2241 4720 2450 4787 Petrus,
2497 4721 2586 4790 qui
2617 4721 2762 4776 illum
2792 4723 2948 4792 paqu
2987 4732 3109 4778 ante
3131 4724 3334 4782 dixerat
3365 4727 3551 4784 Filium

1993 4810 2124 4876 Dei;
2156 4809 2329 4864 timuit
2361 4825 2428 4865 ne
2458 4819 2770 4878 moreretur,
2813 4819 2867 4866 et
2888 4812 2962 4866 ait
2991 4812 3084 4879 illi,
3116 4813 3254 4867 Absit
3276 4831 3308 4869 a
3337 4826 3402 4883 te,
3443 4816 3553 4872 Do-

1992 4902 2156 4963 mine;
2182 4901 2426 4970 propitius
2452 4909 2554 4954 esto
2587 4899 2672 4953 tibi
2700 4916 2720 4954 :
2760 4917 2860 4955 non
2889 4903 2974 4970 ﬁet
3004 4903 3157 4959 istud.
3204 4909 3341 4962 Ante
3384 4909 3552 4965 lucem

1978 4991 2201 5067 .volebat
2227 5005 2461 5060 surgere,
2495 4998 2546 5044 et
2573 4989 2675 5044 luci
2703 4992 2980 5046 consilimn
3007 4993 3155 5049 dare.
3189 4995 3290 5050 Sed
3319 4997 3444 5067 quid
3475 4999 3553 5053 fe-

1992 5083 2064 5137 cit
2103 5081 2392 5136 Dominus?
2420 5079 2566 5135 Fecit
2608 5081 2752 5135 illum
2798 5092 2853 5137 ut
2901 5093 3023 5153 post
3063 5085 3232 5140 lucem
3271 5097 3554 5158 surgeret:

1994 5175 2121 5230 Redi
2141 5183 2250 5245 post
2277 5190 2374 5240 me,
2395 5183 2596 5228 satanas
2617 5173 2724 5245 (Id.
2744 5191 2850 5242 ενι,
2877 5175 3086 5248 21-25).
3110 5178 3232 5233 Ideo
3257 5181 3394 5234 enim
3418 5190 3550 5234 sata-

1993 5280 2109 5330 nas,
2135 5264 2256 5333 quia
2276 5273 2397 5317 aute
2419 5263 2586 5318 lucem
2604 5264 2682 5318 vis
2701 5281 2934 5335 surgere.
2966 5266 3096 5322 Redi
3121 5279 3230 5339 post
3251 5286 3346 5336 me,
3374 5279 3432 5323 ut
3459 5285 3558 5340 ego

1995 5355 2310 5427 pramedarn,
2343 5363 2397 5410 tu
2421 5356 2658 5425 sequaris
2691 5373 2704 5411 :
2756 5374 2854 5427 qua
2899 5375 2998 5429 ego
3023 5375 3106 5423 eo,
3139 5361 3256 5416 illac
3283 5376 3410 5429 eas;
3452 5377 3558 5421 non

1994 5461 2094 5516 qua
2123 5455 2178 5501 ιιι
2202 5445 2280 5498 vis
2309 5445 2407 5510 ire,
2439 5445 2555 5500 illac
2584 5461 2670 5500 me
2698 5446 2826 5501 velis
2853 5447 3066 5502 ducere.

2066 5538 2117 5592 5.
2147 5537 2286 5608 Ergo
2314 5536 2414 5590 illis
2442 5536 2529 5605 qui
2558 5536 2802 5592 volebant
2843 5547 2964 5591 ante
2991 5538 3158 5592 lucem
3184 5553 3399 5610 surgere
3426 5541 3554 5598 dicit

1997 5628 2254 5692 Psalmus,
2309 5625 2375 5681 In
2414 5642 2593 5680 vanum
2631 5638 2701 5681 est
2725 5627 2858 5681 vobis
2897 5639 3012 5682 ante
3049 5629 3207 5684 lucem
3241 5649 3460 5704 surgere.
3491 5637 3556 5689 Et

1999 5718 2206 5791 quando
2223 5717 2541 5790 surgemus?
2569 5718 2698 5774 Cum
2725 5717 2976 5774 fuerimus
3016 5720 3271 5778 humiliati
3305 5744 3314 5776 :
3359 5725 3558 5796 Surgite
