4032 6202
502 334 633 393 1671

500 460 817 519 posteaquam
836 444 1048 499 sedistis.
1094 441 1360 498 Surrectto
1382 439 1749 496 exultationem
1775 435 2052 509 signiﬁcat,

501 541 671 595 sessio
719 537 1064 591 lmmilitatem
1106 532 1379 603 signiﬁcat.
1412 530 1544 586 Aliis
1584 531 1712 585 locis
1754 528 2059 597 intelligitur

499 631 667 687 sessio
712 630 764 683 in
815 626 1012 681 honore
1054 623 1341 695 iudicandi,
1391 622 1509 676 aliis
1535 622 1664 675 locis
1711 620 2057 674 humilitatem

496 718 744 781 ostendit.
780 715 1054 784 Quomodo
1080 715 1129 769 in
1152 713 1351 769 honore
1370 711 1636 781 judicandi
1659 710 1868 764 sessio?
1895 709 2056 764 Sede-

494 809 607 863 bitis
633 824 782 876 super
817 806 1076 860 duodecim
1110 805 1267 866 sedes,
1299 802 1585 872 judicantes
1618 800 1876 854 duodecim
1903 798 2056 852 tribus

494 897 659 951 Israel
681 895 886 968 (Matth.
911 911 1026 961 xrx,
1054 894 1124 950 ‘28
1147 895 1184 963 ).
1215 891 1552 961 Quomodoin
1583 892 1733 959 signo
1749 889 2056 943 humilitatis

492 988 697 1044 sessio?
722 987 867 1041 Hora
880 998 1026 1041 sexta
1057 985 1296 1040 Dominus
1332 984 1569 1054 fatigatus
1593 982 1719 1036 sedit
1754 982 1820 1033 ad
1854 989 2055 1047 puteum

491 1079 687 1147 (Joan.
732 1094 800 1142 tv,
846 1076 939 1147 6).
997 1075 1251 1145 Fatigatio
1305 1070 1547 1137 Domini,
1617 1070 1891 1124 inﬁrmitas
1952 1069 2056 1122 Do-

492 1171 618 1225 mini
658 1168 776 1236 fuit,
830 1168 1105 1224 inﬁrmitas
1141 1165 1364 1231 virtutis,
1418 1164 1694 1219 inﬁrmitas
1743 1162 2050 1232 sapientius:

490 1263 585 1318 sed
626 1263 735 1331 ipsa
761 1260 1056 1325 inﬁrmitas,
1088 1259 1368 1312 humilitas.
1420 1247 1560 1324 Ergo
1585 1254 1629 1308 si
1656 1253 1791 1308 sedit
1814 1267 1877 1307 ex
1910 1253 2053 1306 inﬁr-

491 1356 690 1417 mitate,
714 1356 880 1410 sessio
909 1354 993 1407 illa
1026 1351 1371 1406 humilitatem
1405 1349 1682 1419 signiﬁcat.
1718 1348 1780 1401 Et
1802 1348 1910 1415 ipsa
1939 1360 2053 1401 ses-

489 1447 570 1499 sio
602 1446 782 1514 ipsius,
818 1444 865 1497 id
894 1455 971 1497 est
1002 1443 1267 1496 humilitas
1309 1440 1491 1509 ipsius,
1533 1439 1643 1507 ipsa
1671 1452 1767 1490 nos
1797 1436 1919 1490 fecit
1942 1436 2047 1489 sal-

489 1550 582 1589 vus
604 1553 617 1598 ;
640 1534 784 1604 quia,
815 1534 959 1601 Quod
984 1534 1235 1602 in/irmum
1263 1542 1333 1585 est
1358 1530 1465 1595 Dei,
1497 1528 1672 1600 fortius
1692 1538 1762 1582 est
1786 1544 1934 1597 quam
1960 1527 2052 1580 ho-

489 1626 663 1679 mines.
699 1610 889 1694 (ICor.
917 1641 953 1687 ι,
980 1624 1107 1695 25).
1148 1623 1271 1678 Ideo
1294 1622 1424 1677 dicit
1450 1622 1503 1676 in
1540 1621 1766 1691 quodam
1808 1620 2048 1688 psalmo:

489 1716 721 1783 Domine,
764 1728 819 1771 tu
851 1717 1120 1787 cognovisti
1146 1716 1411 1770 sessionem
1440 1731 1618 1777 meam,
1660 1723 1705 1767 et
1732 1713 2050 1767 resurrectio-

488 1823 599 1860 nem
642 1824 799 1861 meum
848 1808 1293 1881 (Psal.cxxxvut,
1332 1806 1423 1877 2);
1473 1805 1524 1860 id
1571 1815 1653 1860 est
1700 1804 2045 1859 humilitatem

487 1914 679 1960 meam,
702 1909 755 1953 et
781 1900 1146 1954 exultationem
1170 1914 1360 1953 meam.
1394 1898 1525 1965 Quid
1551 1913 1677 1967 ergo
1706 1913 1800 1951 vos
1819 1908 1941 1951 ante
1961 1897 2047 1951 lu-

487 2004 604 2043 cem
631 1990 789 2043 vultis
815 1990 1052 2054 exaltari,
1096 2003 1130 2042 o
1156 1989 1247 2043 ﬁlii
1275 1988 1551 2042 Zebedmi?
1584 1988 1671 2042 Sic
1697 1988 1836 2041 enim
1856 1988 2046 2057 loqua-

488 2095 627 2145 mur,
681 2087 734 2135 ει
774 2081 915 2150 ipsos
962 2081 1135 2149 potius
1187 2079 1555 2144 nominemus,
1606 2079 1692 2149 qui
1742 2095 1844 2132 non
1895 2079 2046 2135 nobis

400 2164 403 2171 ’
487 2168 817 2233 irascuntur;
845 2170 966 2240 quia
996 2169 1111 2224 ideo
1138 2168 1205 2224 de
1234 2169 1334 2223 illis
1362 2169 1458 2223 ista
1487 2169 1783 2238 conscripta
1819 2178 1961 2235 sunt,
1990 2176 2047 2224 ut

485 2262 574 2317 alii
598 2270 845 2318 caverent
872 2262 1169 2331 superbiam
1212 2261 1385 2331 inqua
1428 2260 1526 2330 ipsi
1563 2261 1790 2331 correpti
1825 2271 1947 2315 sunt
1974 2262 1993 2293 ¹
2023 2299 2042 2318 .

485 2352 617 2421 Quid
644 2368 770 2423 ergo
795 2353 951 2407 vultis
975 2364 1089 2406 ante
1115 2353 1273 2407 lucem
1294 2352 1534 2425 surgere?
1569 2351 1635 2405 In
1655 2353 1833 2406 vanum
1859 2361 1930 2406 est
1953 2368 2043 2407 va-

484 2445 579 2497 bis.
610 2442 834 2498 Exaltari
864 2443 1041 2507 vultis,
1070 2450 1349 2513 antequam
1379 2442 1761 2497 humiliemini?
1792 2442 2043 2499 Dominus

484 2532 597 2602 ipse
622 2542 814 2595 vester,
841 2532 927 2602 qui
953 2542 1033 2586 est
1061 2533 1147 2586 lux
1173 2542 1368 2594 vestra,
1394 2531 1699 2586 humiliatus
1714 2540 1794 2585 est
1819 2540 1876 2586 ut
1898 2532 2044 2587 exal-

485 2630 699 2675 taretur.
741 2621 929 2676 Audite
955 2621 1170 2674 Paulum
1194 2621 1454 2676 dicentem
1485 2637 1500 2675 :
1545 2620 1643 2686 Qui
1667 2637 1779 2674 cum
1804 2622 2041 2691 informa

489 2713 577 2767 Dei
598 2723 742 2777 esset,
780 2726 879 2767 non
901 2714 1132 2784 rapinam
1157 2714 1422 2768 arbitratus
1446 2724 1517 2768 est
1540 2729 1648 2767 esse
1683 2714 1890 2783 aqualis
1915 2714 2038 2770 Deo.

483 2805 656 2873 Quare
682 2804 753 2858 illi
794 2820 898 2858 non
930 2815 1045 2859 erat
1091 2805 1307 2873 rapina?
1337 2804 1466 2872 Quia
1515 2815 1697 2858 natura
1742 2813 1871 2866 erat.
1919 2805 2041 2875 quia

486 2895 585 2950 hoc
608 2896 629 2927 '
668 2903 819 2950 natus
847 2904 978 2959 erat,
1020 2905 1076 2948 ut
1100 2903 1240 2951 esset
1269 2895 1483 2965 aequalis
1523 2895 1597 2949 illi
1636 2910 1667 2949 a
1703 2911 1806 2965 quo
1831 2895 2040 2965 genitus

482 2996 583 3043 est.
608 2985 712 3042 Sed
730 2987 854 3058 quid
871 2987 1026 3042 fecit?
1042 2987 1265 3056 Propter
1285 3001 1380 3040 nos
1407 2986 1721 3056 semetipsum
1744 2986 2036 3053 exinanioit,

479 3083 693 3146 formam
713 3077 839 3132 servi
861 3077 1128 3145 accipiens,
1153 3076 1205 3133 in
1223 3076 1549 3131 similitudine
1571 3076 1828 3131 hominum
1849 3080 2035 3149 factus,

478 3177 524 3221 et
548 3167 970 3222 habitudnuentus
998 3176 1052 3220 ut
1091 3167 1257 3220 homo.
1307 3165 1601 3221 llumiliavit
1626 3169 1938 3238 semetipsum
1958 3168 2041 3237 [α-

477 3266 585 3310 ctus
622 3257 852 3310 obediens
887 3272 1040 3326 usque
1065 3256 1132 3311 ad
1165 3267 1392 3321 mortem,
1435 3266 1641 3309 mortem
1666 3268 1830 3309 autent
1855 3258 2034 3312 crucis.

479 3346 603 3402 [hcc
656 3356 738 3401 est
785 3347 953 3401 sessio
994 3346 1177 3416 ipsius.
1234 3345 1336 3401 Sed
1379 3345 1500 3399 audi
1553 3348 2033 3401 resurrectionem:

483 3438 697 3508 Propter
719 3436 854 3507 quod
876 3447 923 3491 et
951 3435 1086 3491 Deus
1105 3436 1249 3490 illunt
1272 3436 1524 3497 exultavit,
1552 3446 1596 3490 et
1615 3436 1814 3491 donavit
1834 3438 1911 3492 illi
1942 3455 2035 3493 no-

479 3545 591 3583 men
625 3527 758 3600 quod
794 3540 867 3582 est
893 3544 1042 3597 super
1073 3544 1219 3582 annue
1255 3544 1431 3582 nomen
1478 3528 1727 3600 (Philipp.
1770 3545 1805 3584 ιι
1826 3573 1844 3593 ,
1889 3530 2031 3603 6-9).

477 3620 596 3675 Jatn
652 3635 748 3675 vos
795 3619 858 3674 ad
908 3620 1031 3673 illud
1080 3610 1293 3674 nomm'
1326 3619 1616 3685 festinatis;
1668 3622 1873 3693 surgite,
1940 3622 2057 3678 sed.

481 3721 798 3779 posteaquam
812 3711 1027 3766 setlistis.
1050 3711 1279 3781 Surgere
1306 3712 1479 3773 vultis,
1508 3711 1601 3766 sed
1624 3713 1793 3780 primo
1819 3713 2032 3770 sedete:

473 3812 529 3857 et
555 3816 775 3872 surgens
813 3801 880 3856 ab
908 3800 1217 3864 humilitate,
1258 3801 1502 3871 pervenis
1528 3802 1593 3856 ad
1623 3818 1862 3873 regnum.
1905 3803 2034 3859 Nam

474 3897 519 3951 si
562 3893 797 3966 praeripis
820 3909 1061 3965 regnum,
1090 3894 1236 3948 cadis
1273 3909 1301 3947 a
1332 3909 1494 3965 regno
1519 3903 1799 3965 antequam
1825 3911 2030 3969 surgas.

478 3983 695 4041 Potestis
719 3985 903 4050 bibere,
928 3985 1113 4054 inquit,
1139 3984 1341 4039 calicem
1352 4000 1500 4055 quem
1524 4001 1613 4055 ego
1632 3985 2037 4044 bibitur-assum?

477 4077 545 4131 Et
584 4076 701 4131 illi:
751 4074 1046 4130 Possumus.
1092 4075 1157 4130 Et
1185 4075 1270 4129 ille
1302 4092 1316 4128 :
1360 4073 1599 4143 Calicem,
1648 4077 1834 4147 inquit,
1872 4096 2035 4134 meum

474 4167 687 4233 bibatis;
724 4166 893 4222 sedere
933 4177 1095 4220 autem
1133 4166 1200 4219 ad
1239 4167 1512 4231 dexteram,
1559 4167 1636 4221 vel
1676 4168 1743 4222 ad
1782 4169 2033 4224 sinistram

475 4275 657 4322 nteant,
684 4257 776 4317 ait.
807 4273 905 4310 non
931 4264 1000 4310 est
1024 4271 1185 4309 meum
1206 4256 1326 4309 dare
1345 4256 1478 4310 vobis
1520 4273 1540 4312 :
1567 4258 1681 4313 aliis
1708 4269 1937 4334 paratum
1963 4271 2033 4315 est

473 4364 506 4399 α
528 4346 682 4401 Patre
717 4363 823 4400 meo
863 4345 1072 4415 (Matth.
1100 4361 1190 4410 sx,
1229 4345 1320 4412 2‘2,
1349 4346 1461 4417 25).
1506 4347 1642 4414 Quid
1670 4360 1771 4412 est.
1821 4368 1919 4406 non
1958 4362 2033 4407 est

474 4454 637 4491 meum
663 4437 783 4489 dare
804 4437 971 4490 vobis?
1013 4434 1125 4490 Non
1152 4444 1234 4490 est
1258 4452 1433 4490 meum
1464 4437 1589 4493 dare
1612 4440 1887 4509 superbis;
1929 4441 2032 4498 hoc

472 4529 613 4584 enim
640 4527 811 4582 adhuc
835 4534 1003 4581 erant.
1034 4525 1137 4580 Sed
1165 4526 1208 4580 si
1237 4527 1397 4580 vultis
1424 4526 1546 4582 illud
1568 4530 1828 4599 accipere,
1869 4533 2031 4591 nolite

471 4636 593 4677 esse
619 4620 757 4691 quod
784 4620 934 4674 estis.
963 4618 1089 4673 Aliis
1114 4627 1347 4689 paratum
1372 4630 1484 4684 est;
1517 4628 1569 4675 et
1598 4636 1689 4676 vos
1726 4622 1813 4676 alii
1839 4633 2027 4692 estote,

468 4722 525 4769 ct
550 4712 697 4768 vobis
727 4720 962 4781 paratum
983 4719 1081 4765 est.
1108 4709 1243 4776 Quid
1267 4718 1368 4773 est,
1392 4709 1490 4764 Alii
1518 4712 1726 4768 estote?
1757 4714 1905 4768 Prius
1925 4714 2027 4769 hu-

470 4805 767 4869 tniliamini,
795 4803 885 4874 qui
914 4805 1023 4873 jam
1050 4803 1209 4857 vultis
1233 4802 1474 4858 exaltari.
1506 4802 1879 4861 lntclleserunt
1902 4824 2028 4877 ergo

469 4898 818 4954 humilitatem
857 4890 1180 4967 profuturam
1206 4881 1340 4958 sibi.
1375 4902 1429 4949 et
1453 4895 1670 4950 correcti
1697 4907 1837 4951 sunt.
1889 4898 2027 4970 Ergo

465 5000 520 5046 et
559 5006 655 5045 nos
688 4988 790 5043 hoc
829 4987 1124 5048 audiamus,
1172 4986 1294 5055 quia
1333 4985 1435 5041 hoc
1463 4986 1591 5043 dicit
1634 4988 1863 5057 psalmus
1890 4991 2020 5045 iste:

467 5083 673 5154 Surgite
701 5090 1017 5151 posteaquam
1045 5079 1258 5133 sedistis.

536 5176 590 5234 6.
616 5174 721 5231 Sed
763 5189 829 5228 ne
852 5172 971 5242 quis
992 5180 1131 5241 putet
1159 5186 1216 5225 se
1242 5170 1309 5225 ad
1334 5169 1435 5225 hoc
1479 5171 1665 5228 sedere
1690 5182 1746 5228 ut
1777 5173 2010 5231 honore-

467 5275 580 5331 tur;
609 5276 667 5320 ut
686 5264 990 5320 ostenderet
1022 5261 1140 5333 quia
1162 5260 1402 5317 sessione
1429 5261 1527 5316 ista
1558 5261 1902 5321 humilitatem
1933 5284 2016 5322 vo-

467 5355 565 5412 luit.
597 5354 1002 5418 commendare;
1054 5366 1122 5406 ne
1160 5350 1277 5422 quis
1312 5365 1375 5405 se
1413 5363 1620 5420 putaret
1658 5354 1861 5424 iussum
1901 5375 2019 5416 esse

466 5448 653 5505 sedere
674 5458 764 5503 aut
789 5448 853 5503 ad
875 5445 1236 5519 iudicandum,
1263 5452 1352 5499 aut
1380 5444 1446 5499 ad
1467 5446 1784 5515 epulandum
1808 5461 1862 5504 et
1887 5467 2016 5523 gau-

527 5617 542 5649 ι
566 5618 639 5670 sic
660 5625 760 5666 Mss.
779 5618 1029 5668 Μάκαι-ο,
1052 5616 1255 5669 correcti
1265 5625 1388 5671 sunt.

468 5678 640 5790 ἠοέδιο
654 5679 873 5749 plerique
894 5687 984 5730 uss
1023 5679 1108 5731 alii
1129 5693 1237 5730 cum
1261 5690 1380 5744 Αω..
1411 5681 1461 5734 in
1477 5683 1581 5735 hoc.
1610 5691 1682 5736 Er.
1722 5693 1773 5738 et
1792 5694 1921 5752 Low,
1947 5697 2012 5743 att

1713 325 1770 382 s.
1813 321 2168 381 ACCUSTINI
2209 307 2506 415 ertseori

3589 333 3718 390 167⁸2

2156 420 2426 504 ὶΙθηάιιηι,
2472 448 2526 495 et
2576 439 2829 506 majorem
2885 445 3183 513 superbiam
3226 446 3295 502 ibi
3337 463 3637 519 quzereret;
3668 456 3715 510 ia

2158 520 2597 599 signiﬁcationem
2637 529 2945 587 humilitatis
2983 534 3223 600 addidit,
3259 537 3355 603 Qui
3406 534 3718 596 manducutis

2160 637 2341 690 panem
2385 620 2593 675 doloris.
2625 622 2702 677 illi
2743 637 2868 690 ergo
2906 627 3224 682 manducant
3265 644 3452 698 panem
3482 631 3716 701 doloris,

2156 710 2246 780 qui
2278 720 2494 781 gemunt
2535 712 2586 766 in
2617 712 2713 767 ista
2745 715 3180 783 peregrinatione.
3211 718 3310 788 Ipsi
3355 730 3478 774 sunt
3508 722 3559 775 in
3594 740 3718 777 coo-

2157 804 2292 858 valle
2336 804 2662 873 plorationis.
2711 807 3243 863 Ascensiones-enim
3288 806 3422 865 ‘facit
3474 812 3614 867 Deus
3663 813 3715 867 in

2159 895 2337 949 corde.
2371 895 2473 950 Sed
2505 896 2588 949 ubi
2622 896 2737 950 illas
2765 896 2993 966 disponit
3014 899 3036 951 ?
3060 899 3406 963 Aseensiones,
3427 903 3594 972 inquit
3618 945 3632 965 ,
3661 905 3715 958 in

2126 987 2306 1043 .corde
2348 988 2456 1056 ejus
2503 988 2765 1059 disposuit.
2810 989 2975 1057 Quis?
3003 990 3159 1046 Deus.
3190 992 3245 1047 Si
3286 996 3627 1051 ascensioncs
3663 996 3715 1048 in

2156 1079 2333 1143 corde,
2369 1079 2485 1133 ideo
2514 1092 2726 1135 emittant
2762 1084 3021 1138 canticum
3051 1086 3326 1154 graduum.
3372 1087 3716 1147 llumiliemur

2157 1169 2208 1223 in
2252 1171 2481 1225 saeculo:
2527 1174 2932 1230 ascendamns‘.
2982 1178 3300 1245 Quomodo?
3345 1181 3538 1238 Corde.
3583 1184 3719 1253 Quia

2156 1258 2265 1328 ipsa
2293 1263 2533 1317 ascensio
2560 1266 2751 1329 cordis,
2778 1282 2806 1319 a
2826 1269 3068 1324 convalle
3101 1270 3409 1339 plorationis
3439 1276 3628 1345 surgit.
3649 1276 3714 1332 In

2153 1354 2394 1416 cont-alte,
2419 1355 2604 1424 inquit,
2637 1355 2927 1426 plorationis
2955 1358 3125 1427 (Psul.
3151 1378 3372 1428 Lxxxnt,
3397 1365 3451 1431 6,
3469 1367 3549 1437 7).
3574 1368 3715 1434 Quo-

2153 1442 2311 1497 modo
2327 1446 2485 1513 erecti
2516 1458 2637 1500 sunt
2665 1460 2889 1514 montes,
2910 1452 2985 1505 sic
3000 1452 3253 1508 sederunt
3268 1457 3531 1511 convalles
3555 1475 3568 1511 :
3589 1475 3715 1513 con-

2153 1533 2317 1588 valles
2350 1536 2488 1589 enim
2526 1537 2771 1593 dicuntur
2800 1541 2911 1595 loca
2941 1540 3190 1610 depressa
3222 1553 3517 1607 terrarum:
3548 1550 3712 1604 colles

2149 1634 2322 1680 autem
2352 1627 2695 1685 eminentiora
2723 1632 2854 1696 loca,
2885 1634 3057 1689 minus
3085 1646 3255 1709 tamen
3300 1653 3456 1709 quam
3486 1651 3709 1708 montes;

2151 1717 2371 1771 multum
2401 1720 2610 1775 excelsa
2636 1721 2750 1777 loca
2792 1731 3048 1778 terrarum
3086 1737 3293 1783 montes
3318 1729 3583 1785 dicuntur.
3618 1734 3713 1788 Pa-

2148 1819 2265 1860 rum
2295 1816 2377 1861 est
2404 1825 2416 1861 :
2441 1824 2547 1863 non
2575 1810 2667 1876 ait,
2699 1813 2740 1866 A
2768 1812 2903 1867 colle
2929 1815 3161 1889 surgite;
3191 1833 3288 1872 nec
3312 1820 3406 1885 ait,
3431 1835 3460 1873 a
3486 1837 3708 1893 campo;

2148 1899 2267 1967 sed,
2289 1915 2318 1953 a
2345 1903 2605 1969 convalle,
2635 1912 2691 1958 ut
2723 1905 2792 1959 sit
2817 1906 3011 1977 aliquid
3046 1910 3291 1965 humilius
3313 1926 3468 1981 quam
3495 1929 3711 1984 campus

2149 1999 2250 2046 est.
2273 1990 2330 2048 Si
2356 2007 2482 2063 ergo
2509 1995 2560 2049 in
2591 1997 2830 2051 convalle
2855 2000 3166 2068 plorationis
3207 2005 3490 2059 manducas
3521 2023 3709 2076 panem

2148 2082 2367 2150 doloris,
2391 2096 2445 2141 et
2471 2086 2619 2152 dicis,
2646 2087 2818 2144 Facta:
2839 2102 2954 2145 sunt
2984 2093 3103 2146 mihi
3130 2095 3366 2165 lacrynue
3403 2114 3526 2152 mea:
3567 2102 3710 2167 panis

2140 2172 2227 2229 die
2251 2193 2309 2229 ac
2347 2187 2505 2243 nocte,
2535 2178 2654 2231 dum
2683 2180 2868 2234 dicitur
2895 2183 3020 2236 mihi
3048 2187 3312 2254 'quotidie,
3349 2187 3444 2242 Ubi
3474 2200 3542 2243 est
3573 2188 3706 2245 Deus

2144 2279 2261 2325 tuus
2296 2270 2464 2340 (Ptol.
2496 2287 2602 2337 xu,
2625 2272 2719 2343 4)?
2746 2273 2877 2329 bene
2898 2277 3090 2346 surgis,
3114 2279 3233 2349 quia
3265 2279 3465 2337 sedisti.

2217 2361 2266 2416 7.
2318 2361 2384 2417 Et
2436 2364 2581 2430 quasi
2617 2362 2821 2427 diceres
2849 2408 2864 2431 ,
2895 2365 3116 2432 Quando
3164 2384 3441 2440 surgemus
3474 2372 3498 2423 ἲ
3550 2372 3710 2427 modo

2138 2451 2385 2522 iubemur
2402 2453 2620 2520 sedere;
2651 2456 2859 2525 quando
2873 2457 2974 2512 erit
2996 2469 3171 2513 nostra
3199 2463 3476 2525 surrectio,
3498 2465 3709 2532 quando

2144 2542 2242 2597 fuit
2290 2543 2514 2599 Domini.
2561 2545 2639 2599 Ad
2691 2562 2810 2601 eum
2879 2550 3132 2617 attende,
3183 2553 3349 2621 quite
3396 2557 3700 2623 praecessit:

2143 2651 2263 2690 nam
2294 2635 2336 2690 si
2364 2652 2467 2690 non
2530 2637 2698 2707 ipsum
2729 2639 2955 2694 attendis
2976 2682 2990 2705 ,
3028 2641 3078 2696 in
3108 2658 3298 2697 vanum
3329 2654 3409 2699 est
3454 2645 3545 2699 tibi
3583 2660 3707 2703 ante

2142 2726 2313 2782 lucem
2365 2742 2598 2797 surgere.
2650 2727 2767 2799 Ipse
2807 2730 3017 2801 quando
3061 2734 3323 2788 exaltatus
3365 2744 3450 2789 est
3485 2736 3509 2790 ?
3572 2737 3703 2792 Cum

2130 2828 2379 2875 .mortuus
2406 2828 2503 2873 est.
2532 2820 2668 2891 Ergo
2696 2832 2750 2876 ct
2790 2829 2931 2877 tuam
2963 2824 3343 2895 exultationem
3395 2837 3510 2896 post
3554 2844 3701 2885 mor-

2142 2917 2247 2965 tem
2312 2924 2461 2979 Spera
2496 2952 2510 2977 ,
2560 2911 2612 2966 in
2683 2913 3065 2969 resurrectione
3119 2926 3445 2971 mortuorum
3504 2914 3699 2986 spera,

2141 3002 2260 3071 quia
2292 3001 2377 3056 ille
2404 3003 2690 3058 resurrexit
2746 3013 2799 3058 et
2841 3006 3095 3060 ascendit.
3123 3007 3226 3062 Sed
3278 3008 3366 3063 ubi
3414 3009 3703 3065 dormivit?

2143 3090 2197 3145 in
2240 3106 2413 3145 cruce.
2458 3092 2675 3160 Quando
2701 3092 2944 3148 dormivit
2982 3090 3245 3168 incrucen
3290 3099 3493 3170 signum
3525 3110 3705 3171 gesta-

2140 3181 2262 3247 hat,
2296 3182 2400 3236 imo
2444 3182 2691 3252 implebat
2736 3188 2873 3254 quod
2916 3187 3262 3256 signiﬁcatum
3285 3198 3367 3244 est
3409 3191 3459 3244 in
3506 3193 3700 3248 Adam:

2138 3276 2260 3344 quia
2284 3292 2401 3330 cum
2431 3277 2683 3332 dormiret
2708 3278 2871 3333 Adam
2897 3319 2913 3344 ,
2944 3292 3087 3335 costa
3118 3281 3190 3335 illi
3236 3281 3471 3339 detracta
3502 3293 3621 3352 est,
3648 3295 3704 3341 et

2140 3369 2246 3424 Eva
2275 3369 2408 3426 facta
2454 3380 2536 3426 est
2560 3373 2709 3442 (Gen.
2734 3390 2801 3439 n,
2823 3374 2912 3435 ‘21,
2942 3376 3068 3448 22);
3100 3378 3176 3432 sic
3215 3387 3267 3432 et
3310 3378 3535 3433 Domino
3579 3389 3698 3434 cum

2138 3458 2397 3515 dormiret
2445 3460 2497 3515 in
2531 3478 2687 3517 cruce
2711 3505 2725 3527 ,
2757 3465 2894 3519 latus
2919 3467 3035 3535 ejus
3063 3466 3242 3523 iuncea
3284 3484 3591 3538 percussum
3619 3481 3701 3526 est

2139 3546 2314 3617 (Joaa.
2345 3564 2460 3615 xm,
2490 3551 2629 3619 54),
2656 3565 2710 3606 ct
2747 3552 3089 3611 Sacramenta
3124 3557 3490 3627 proﬂuxerunt
3514 3601 3529 3623 ,
3563 3560 3700 3615 unde

2139 3637 2270 3695 facta
2294 3650 2376 3694 est
2400 3640 2658 3697 Ecclesia.
2682 3643 2919 3700 Ecclesia
2943 3647 3083 3701 enim
3109 3648 3298 3717 coojax
3330 3649 3536 3704 Domini
3564 3650 3697 3705 hacta

2136 3738 2218 3784 est
2245 3729 2312 3785 de
2339 3730 2504 3787 latere
2531 3773 2547 3797 ,
2576 3735 2841 3803 quomodo
2870 3736 2976 3791 Eva
3005 3737 3138 3794 laeta
3160 3748 3242 3794 est
3268 3739 3334 3794 de
3375 3740 3560 3797 latere.
3584 3743 3694 3798 Sed

2142 3825 2411 3893 quomodo
2436 3826 2524 3880 illa
2548 3840 2656 3882 non
2687 3837 2767 3882 est
2792 3828 2926 3883 facta
2956 3829 3055 3885 nisi
3079 3829 3145 3886 de
3173 3832 3335 3887 latere
3364 3832 3694 3898 dormientis,

2074 3976 2081 3983 κ
2136 3917 2213 3970 sic
2232 3917 2331 3972 ista
2362 3934 2466 3972 non
2498 3927 2579 3974 est
2607 3919 2739 3975 facta
2770 3922 2870 3975 nisi
2898 3922 2966 3977 de
2989 3918 3149 3979 latere
3181 3926 3473 3981 morientis.
3496 3927 3552 3983 Si
3570 3942 3697 3999 ergo

2138 4007 2223 4062 ille
2272 4023 2374 4063 non
2421 4012 2706 4067 resurrexit
2736 4012 2834 4067 nisi
2886 4023 3162 4082 mortuus,
3208 4025 3264 4071 tu
3312 4018 3695 4074 exultationem

2136 4110 2318 4167 speras
2365 4100 2463 4153 nisi
2512 4111 2629 4169 post
2658 4100 2794 4157 hanc
2820 4104 3016 4157 vitam?
3064 4104 3168 4161 Sed
3208 4117 3258 4161 ut
3301 4107 3488 4164 doceat
3512 4119 3564 4164 te
3596 4111 3698 4165 iste

2137 4189 2368 4256 psalmus
2390 4230 2405 4255 ,
2434 4191 2583 4260 quasi
2614 4192 2967 4263 interrogares
2990 4237 3005 4263 ,
3038 4195 3257 4263 Quando
3304 4213 3513 4270 surgam
3533 4201 3558 4253 ἲ
3585 4202 3695 4256 [οι-ο

2135 4279 2288 4336 tussis
2308 4280 2610 4352 priusquam
2638 4283 2863 4338 sedero?
2888 4282 3014 4340 Cum
3034 4286 3246 4354 dederit,
3279 4290 3468 4360 inquit,
3500 4292 3696 4347 dilectis

2134 4366 2240 4441 ejus
2266 4387 2511 4425 somnum.
2546 4372 2643 4428 Dat
2673 4372 2773 4429 hoc
2801 4370 2941 4432 Deus
2977 4418 2992 4444 ,
3017 4393 3135 4433 cum
3163 4378 3479 4437 dormierint
3515 4383 3691 4440 dilecti

2134 4460 2283 4526 ejus;
2317 4472 2440 4517 tunc
2466 4473 2683 4535 surgent
2702 4465 2877 4522 dilecti
2907 4467 3041 4536 ejus,
3066 4469 3114 4524 id
3142 4480 3223 4524 est
3250 4472 3461 4527 Christi.
3495 4475 3695 4531 Omnes

2132 4551 2271 4605 enim
2313 4563 2561 4623 surgent,
2607 4556 2700 4611 sed
2749 4573 2854 4612 non
2886 4561 3166 4629 ,quomodo
3195 4562 3373 4618 dilecti
3403 4565 3538 4635 ejus.
3561 4568 3691 4623 Om-

2133 4641 2274 4695 nium
2301 4651 2385 4698 est
2411 4647 2728 4701 resurrectio
2758 4657 3085 4704 mortuorum
3114 4667 3130 4715 ;
3169 4652 3262 4706 sed
3289 4653 3413 4723 quid
3439 4657 3513 4709 ait
3550 4659 3694 4727 Apo-

2131 4734 2339 4789 slolus?
2369 4734 2551 4790 Omnes
2569 4737 2763 4806 quidem
2786 4755 3099 4809 resurgemus
3127 4783 3141 4803 ,
3169 4744 3258 4797 sed
3280 4762 3378 4799 non
3397 4763 3570 4801 omnes
3592 4752 3691 4802 im-

2131 4825 2433 4880 mutabimnr
2464 4827 2504 4898 (l
2528 4825 2642 4881 Cor.
2673 4844 2763 4894 xv,
2786 4829 2896 4899 51).
2926 4829 3228 4901 Resurgunt
3273 4834 3345 4887 illi
3381 4834 3446 4889 ad
3479 4851 3691 4905 pinnas;

2131 4916 2452 4985 resurgimus
2480 4933 2576 4971 nos
2603 4919 2867 4986 quomodo
2893 4923 3184 4977 resurrexit
3209 4924 3467 4979 Dominus
3489 4939 3688 4994 noster,

2130 5018 2185 5062 ut
2207 5016 2490 5079 sequamur
2507 5019 2661 5080 caput
2684 5022 2942 5079 nostrum,
2966 5015 3008 5067 si
3032 5016 3269 5072 membra
3299 5019 3466 5087 ipsius
3486 5038 3687 5079 sumus.

2125 5100 2179 5155 Si
2211 5108 2386 5154 autem
2425 5101 2656 5162 membra
2701 5104 2815 5170 ejus
2860 5120 3042 5160 sumus
3069 5148 3084 5172 ,
3120 5118 3243 5163 tunc
3284 5125 3468 5165 sttmus
3510 5112 3689 5171 dilecti

2125 5192 2257 5260 eius,
2290 5201 2412 5247 tunc
2441 5192 2505 5247 ad
2554 5208 2649 5247 nos
2674 5195 2900 5264 pertinet
2933 5196 3017 5250 illa
3049 5205 3370 5254 resurrectio
3393 5218 3514 5271 qua:
3552 5195 3685 5274 prte-

2124 5286 2281 5341 cessit
2310 5285 2362 5339 in
2399 5286 2640 5348 Domino,
2687 5296 2743 5341 ut
2793 5289 2880 5343 lux
2927 5292 3217 5345 surrexerit
3269 5303 3392 5350 ante
3442 5311 3558 5360 nos,
3595 5314 3686 5353 nos

2124 5385 2241 5445 post
2290 5375 2501 5429 lucem:
2539 5375 2656 5445 quia
2708 5376 2758 5430 in
2794 5392 2982 5432 vanum
3028 5389 3110 5435 est
3159 5383 3309 5437 nobis
3337 5394 3462 5439 ante
3514 5386 3683 5443 lucem

2122 5479 2369 5536 surgere,
2393 5464 2443 5519 id
2471 5474 2554 5520 est
2575 5507 2590 5529 ,
2614 5466 2941 5521 altitudinem
2967 5483 3207 5538 qumrere
3252 5480 3534 5543 antequam
3573 5492 3683 5532 mo-

2122 5556 2349 5623 riamur;
2375 5571 2496 5611 cum
2518 5556 2756 5613 Christus
2786 5559 2874 5613 lux
2901 5569 3078 5614 nostra
3107 5577 3210 5618 non
3239 5565 3307 5618 sit
3337 5564 3599 5621 exaltatus
3628 5568 3679 5621 in

2183 5691 2200 5722 ι
2220 5688 2625 5765 ltahhlgsqttiifdd.
2645 5725 2661 5749 ,
2697 5698 2747 5758 ut
2769 5691 3096 5765 gscendamus.
3127 5696 3368 5760 l’auloqnc
3403 5707 3511 5762 post
3534 5707 3607 5751 Er.
3631 5708 3682 5751 et

2120 5759 2251 5805 ιον..
2273 5755 2389 5813 Quia
2412 5755 2514 5813 ipsa
2535 5755 2744 5803 ascensio
2764 5755 2814 5805 in
2835 5755 3075 5816 cordibus,
3103 5765 3196 5808 etc.
