4032 6202
319 361 454 416 N575

316 491 496 543 carne,
529 479 627 532 nisi
661 489 996 548 posteaquam
1029 487 1269 532 mortuus
1297 487 1395 531 cst.
1424 475 1701 530 CttIISlllUll
1743 489 1873 544 ergo

317 572 554 626 membra
577 573 691 642 ejus
713 613 728 636 ,
756 582 808 627 et
843 573 893 627 in
919 571 1168 626 membris
1204 571 1316 640 ejus
1356 570 1532 626 dilecti
1564 570 1678 640 ejus
1701 609 1716 632 ,
1747 585 1868 625 cum

314 676 559 717 somnum
609 664 1005 733 acceperimus,
1058 672 1180 718 tunc
1229 677 1505 733 surgemus
1534 664 1584 717 in
1640 676 1882 717 resurre-

315 753 492 807 ctione
544 761 890 808 mortuorum.
926 754 1072 809 Unus
1103 755 1406 817 resurrexit,
1453 753 1562 824 jam
1615 768 1720 808 non
1770 767 1883 806 mo-

316 845 534 898 riturus.
561 845 866 900 llesurrcxit
889 845 1118 900 Lazarus
1146 844 1164 915 (
1183 845 1337 899 Joan.
1365 861 1441 910 xt,
1469 845 1572 915 44)
1592 885 1608 907 ,
1637 844 1730 900 sed
1765 860 1882 898 mo-

317 935 551 1000 riturus;
597 938 886 992 resurrexit
925 937 1026 1001 lilia
1074 937 1471 1007 archisynagogi
1505 935 1526 1010 (
1565 936 1749 992 Matth.
1806 953 1880 1007 ix,

319 1025 436 1097 9.5),
467 1027 559 1082 sed
587 1028 838 1081 moritura
865 1045 879 1093 ;
908 1029 1197 1098 resurrexit
1236 1027 1376 1083 filius
1397 1027 1602 1100 viduae(
1625 1028 1752 1083 Luc.
1784 1044 1880 1095 vn,

324 1117 436 1186 15),
458 1117 550 1171 sed
577 1118 863 1174 moriturus
892 1135 905 1171 :
939 1121 1228 1174 resurrexit
1254 1120 1514 1186 Christus,
1537 1135 1640 1175 non
1663 1122 1886 1176 moritu-

319 1225 427 1262 rus.
457 1209 595 1263 Audi
626 1211 934 1278 Apostolum
970 1229 982 1264 :
1013 1211 1241 1266 Christus
1268 1229 1528 1282 resurgens
1571 1229 1634 1267 ea:
1674 1213 1884 1267 mortuis

310 1301 421 1368 jam
465 1317 570 1354 non
609 1301 845 1368 moritur,
873 1312 921 1356 et
968 1319 1102 1357 mors
1141 1303 1186 1356 ei
1231 1303 1365 1356 ultra
1399 1320 1497 1357 non
1546 1303 1884 1358 dominabitur

325 1390 498 1454 (Rom.
520 1408 588 1454 vi,
608 1390 682 1463 9).
709 1391 888 1447 Talem
913 1407 1066 1463 spera
1096 1397 1571 1459 resurrectionem;
1598 1403 1653 1449 et
1670 1404 1884 1464 propter

331 1477 431 1534 hoc
481 1489 598 1536 esto
629 1481 947 1538 christianus
969 1525 985 1549 ,
1022 1499 1126 1538 non
1157 1493 1370 1554 propter
1398 1483 1698 1540 felicitatem
1727 1495 1882 1541 terra:

324 1572 500 1640 hujus.
526 1573 656 1628 Nam
685 1575 730 1629 si
761 1585 976 1646 propter
999 1575 1298 1632 felicitatem
1329 1579 1448 1632 vita:
1475 1578 1632 1649 hujus
1659 1579 1740 1633 vis
1764 1594 1882 1634 esse

320 1663 637 1719 clirisliantts
664 1705 680 1731 ,
737 1665 948 1736 quando
993 1668 1079 1722 illa
1121 1667 1207 1722 lux
1250 1677 1336 1722 tua
1367 1684 1472 1724 non
1500 1668 1587 1725 hic
1633 1670 1884 1740 quaesivit

327 1755 640 1810 mundanam
674 1755 1012 1826 felicitatem;
1043 1767 1166 1815 ante
1193 1761 1359 1816 lucem
1381 1763 1462 1817 vis
1496 1777 1714 1833 surgere
1737 1804 1752 1828 ,
1783 1779 1881 1818 ne-

319 1861 468 1902 cesse
496 1857 578 1902 est
598 1857 655 1902 ut
685 1849 734 1902 in
769 1849 999 1904 tenebris
1027 1866 1355 1921 perseveres.
1390 1852 1590 1908 Mutare
1614 1894 1629 1918 ,
1657 1869 1883 1924 sequere

323 1938 494 1992 lucem
528 1946 669 1994 tuam
697 1957 712 2006 ;
763 1956 863 2011 qua
892 1944 1247 2008 resurrexit‘,
1279 1959 1475 2015 surge:
1520 1947 1648 2002 sede
1692 1946 1838 2017 prius
1864 1989 1880 2013 ,

320 2039 371 2082 et
397 2029 474 2082 sic
499 2043 654 2100 surge
677 2071 691 2094 ,
717 2047 829 2084 cum
862 2031 1054 2086 dederit
1080 2049 1308 2087 somnum
1337 2035 1530 2090 dilectis
1553 2036 1682 2107 ejus.

386 2120 439 2174 8.
465 2118 594 2191 [vers
617 2119 694 2194 5.]
723 2123 880 2188 Quasi
910 2138 1176 2192 quaereres
1215 2125 1402 2204 iterum
1426 2167 1441 2193 ,
1488 2125 1690 2194 Quibus
1746 2125 1880 2182 dile-

317 2212 456 2266 ctis?
486 2206 613 2267 Ecce
638 2215 897 2268 hwreditas
926 2214 1146 2283 Domini,
1166 2217 1294 2286 ﬁlii,
1321 2235 1506 2273 merces
1531 2223 1723 2289 [ructus
1762 2235 1880 2273 ven-

316 2305 426 2359 tris.
454 2304 676 2374 Quando
703 2306 862 2370 dicit,
889 2311 1083 2378 fructus
1113 2311 1295 2363 ventris
1315 2352 1331 2376 ,
1359 2311 1599 2379 parturiti
1642 2322 1764 2365 sunt
1792 2311 1881 2366 filii

315 2394 426 2449 isti.
460 2396 554 2450 Est
598 2396 836 2466 quaedam
868 2397 1077 2462 mulier,
1111 2399 1161 2452 in
1199 2414 1298 2469 qua
1325 2400 1673 2469 spiritualiter
1697 2413 1880 2457 osten-

312 2487 457 2542 ditur
497 2487 638 2557 quod
667 2487 865 2542 dictum
899 2498 982 2544 est
1010 2490 1129 2544 Eva:
1154 2507 1167 2543 :
1201 2489 1266 2544 In
1289 2500 1472 2561 gemitu
1495 2493 1760 2563 parturies.
1784 2495 1881 2549 Pa-

315 2577 382 2631 rit
406 2579 553 2632 enim
589 2577 822 2632 Ecclesia
851 2577 987 2632 filios
1020 2578 1210 2648 conjux
1249 2579 1474 2647 Christi;
1527 2591 1582 2637 et
1625 2583 1667 2636 si
1704 2584 1880 2653 parit,

319 2670 565 2743 parturit.
592 2667 647 2723 ln
678 2670 826 2739 cujus
855 2670 1017 2741 figura
1038 2671 1196 2726 etiam
1223 2671 1330 2726 Eva
1353 2682 1512 2726 mater
1537 2673 1760 2728 vivorum
1789 2689 1882 2744 ap-

315 2753 510 2828 pellata
538 2769 619 2813 cat
647 2758 796 2830 (Gen.
826 2760 1140 2827 tit.16,20).
1173 2761 1227 2815 In
1260 2761 1513 2818 membris
1539 2764 1884 2834 parturientis

317 2858 433 2904 crat
463 2849 552 2904 illc
577 2850 664 2919 qui
687 2849 932 2904 diccbat:
964 2835 1142 2905 Filioti
1159 2852 1273 2918 mei,
1291 2868 1416 2922 quos
1436 2852 1612 2906 iterum
1632 2853 1880 2922 parturio,

313 2940 472 2994 donec
498 2939 722 2994 Christus
751 2940 992 3009 formetur
1015 2942 1067 2996 in
1105 2943 1241 2996 vobis
1263 2944 1281 3012 (
1302 2941 1472 2997 Galat.
1505 2959 1577 3010 1v,
1599 2943 1664 3000 l9
1685 2943 1730 3015 ).
1777 2943 1882 2998 Sed

317 3047 422 3085 non
449 3029 640 3086 frustra
664 3032 959 3102 parturivit,
978 3047 1075 3088 nec
1100 3032 1288 3088 frustra
1311 3035 1555 3104 peperit:
1579 3036 1679 3090 erit
1698 3051 1879 3092 semen

313 3130 556 3176 sanctum
601 3123 652 3176 in
691 3123 1078 3179 resurrectione
1120 3134 1482 3191 mortuorum;
1539 3125 1879 3182 abundabunt

312 3195 460 3282 justi,
487 3212 788 3280 qni=diffusi
818 3223 940 3272 sunt
966 3213 1123 3268 modo
1153 3223 1260 3269 toto
1296 3216 1426 3270 orbe
1455 3225 1733 3272 terrarum.
1778 3216 1881 3273 Ge-

315 3303 411 3357 mit
439 3303 557 3358 illos
582 3305 836 3370 Ecclesia,
869 3307 1094 3376 parturit
1123 3307 1241 3362 illos
1269 3307 1505 3363 Ecclesia
1536 3326 1549 3362 :
1583 3310 1634 3364 in
1669 3311 1754 3364 illa
1779 3324 1879 3365 au-

318 3401 422 3446 tem
451 3395 838 3450 resurrectione
885 3405 1210 3452 mortuorum
1254 3399 1528 3467 apparebit
1564 3411 1744 3466 partus
1774 3400 1880 3455 Ec-

317 3485 496 3540 etesia-3
520 3527 536 3551 ,
569 3487 785 3542 transiet
829 3487 980 3542 dolor
1011 3499 1065 3543 et
1095 3490 1339 3558 gemitus.
1378 3491 1443 3545 Et
1483 3490 1605 3560 quid
1639 3492 1882 3547 dicetur?

314 3574 446 3628 Ecce
491 3575 754 3631 ha'reditas
791 3577 1024 3643 Domini,
1058 3579 1182 3647 ﬁlii,
1211 3596 1394 3634 merces
1435 3585 1626 3652 fructus
1675 3583 1877 3637 ventris.

313 3667 481 3738 Hujus
507 3671 703 3739 [ructus
741 3669 857 3740 (a),
890 3686 1016 3735 non,
1046 3671 1130 3726 hic
1180 3672 1384 3727 fructus
1430 3690 1446 3737 ;
1495 3690 1680 3728 merces
1725 3674 1880 3743 hujus

313 3760 508 3829 [ructus
541 3761 744 3814 ventris.
771 3760 900 3829 Quae
941 3769 1024 3816 est
1078 3761 1188 3830 ipsa
1237 3762 1480 3816 merces?
1523 3762 1820 3832 Resurgere
1848 3780 1880 3820 a

313 3850 555 3905 mortuis.
577 3851 705 3918 Quae
730 3861 813 3906 est
840 3851 951 3920 ipsa
993 3851 1242 3906 merces?
1267 3851 1522 3939 Surgere:
1539 3863 1878 3923 posteaquam

311 3940 518 3996 sedisti.
546 3941 674 4009 Qua:
718 3951 799 3998 est
842 3942 954 4012 ipsa
1003 3945 1255 3999 merces?
1301 3944 1512 4008 Laatari,
1538 3953 1876 4015 posteaquam

312 4017 642 4088 manducasti
675 4049 863 4102 panem
889 4033 1110 4090 doloris.
1137 4033 1301 4104 Cujus
1317 4036 1560 4091 ventris?
1587 4038 1836 4092 Ecclesia:
1863 4057 1875 4092 :

313 4125 365 4178 in
392 4124 544 4195 cujus
575 4134 761 4181 ventre
784 4167 797 4191 ,
829 4126 949 4196 quia
985 4127 1100 4195 ejus
1123 4135 1302 4198 typum
1333 4126 1572 4183 Rebecca
1601 4129 1876 4199 gestabat,

310 4217 420 4272 duo
489 4217 564 4272 illi
615 4218 810 4289 gemini
863 4227 1108 4288 tanquam
1153 4220 1258 4275 duo
1315 4220 1493 4290 populi
1550 4220 1882 4276 laetabantur

314 4309 488 4380 (Gen.
517 4325 648 4376 xxv,
677 4309 769 4374 2‘2,
798 4309 918 4381 25).
950 4310 1063 4367 Una
1120 4321 1289 4365 mater
1333 4311 1385 4366 in
1430 4311 1719 4368 visceribus
1771 4313 1880 4368 suis

309 4400 686 4456 dissentientes
713 4401 904 4456 fratres
934 4401 1164 4455 nondum
1196 4413 1345 4456 natos
1374 4404 1679 4458 continebat
1709 4421 1722 4457 :
1754 4404 1873 4474 pul-

313 4491 499 4546 sabant
533 4501 770 4547 materna
800 4493 1002 4548 viscera
1040 4492 1316 4547 discordiis
1344 4494 1565 4548 internis
1592 4511 1606 4560 ;
1635 4496 1880 4565 gemebat

313 4585 424 4649 illa,
457 4584 562 4638 vim
599 4584 938 4654 patiebatur;
969 4585 1062 4639 sed
1115 4585 1323 4654 pariens
1371 4586 1706 4642 discernebat
1745 4603 1878 4656 quos

312 4679 552 4747 geminos
579 4693 857 4748 praegnans
887 4679 1193 4747 pertulerat.
1225 4678 1315 4733 Sic
1343 4688 1396 4733 et
1425 4679 1602 4745 modo,
1637 4678 1830 4735 fratres
1862 4723 1878 4745 ,

313 4770 567 4838 quamdiu
613 4770 841 4837 gemitus
869 4769 1022 4823 datus
1048 4776 1130 4823 est
1156 4767 1406 4823 Ecclesia:
1433 4810 1448 4834 ,
1480 4769 1731 4838 quamdiu
1763 4787 1880 4838 par-

313 4863 443 4916 turit
470 4859 725 4921 Ecclesia.
759 4860 854 4929 ipsi
903 4869 1024 4914 sunt
1065 4861 1204 4914 intus
1231 4869 1283 4914 et
1331 4860 1452 4915 boni
1480 4869 1534 4915 et
1562 4860 1704 4916 mali.
1750 4859 1884 4914 Fru-

311 4966 433 5009 ctus
453 4962 632 5008 autem
665 4954 865 5006 ventris
895 4953 946 5006 in
974 4953 1136 5007 Jacob
1177 4961 1313 5016 erat,
1344 4951 1468 5021 quia
1500 4951 1672 5021 ipsum
1698 4951 1881 5006 dilexit

313 5055 504 5099 mater.
524 5043 684 5096 Jacob
709 5043 879 5105 dilexi,
907 5043 1035 5097 dicit
1058 5043 1219 5108 Deus,
1249 5042 1382 5096 Esau
1408 5051 1570 5096 autem
1599 5043 1714 5095 odio
1733 5043 1882 5097 habui

309 5136 612 5206 (.lfalaclm.
638 5136 693 5199 2,
711 5137 763 5197 ὃς
785 5134 934 5188 Rom.
959 5137 1032 5199 nl,
1050 5133 1163 5204 15).
1187 5133 1355 5188 Ambo
1376 5133 1442 5188 de
1468 5148 1572 5187 uno
1589 5144 1738 5187 utero
1759 5148 1882 5202 prn-

307 5238 588 5285 ccsserunt
609 5245 624 5294 ;
649 5243 782 5298 unus
807 5229 970 5281 amari
1003 5227 1216 5289 meruit,
1243 5226 1376 5279 alius
1398 5226 1689 5295 reprobari.
1713 5226 1768 5278 lu
1797 5227 1880 5280 di-

310 5323 465 5378 lectis
480 5336 608 5392 ergo
626 5321 740 5391 ejus
757 5319 956 5374 fructus
973 5320 1237 5390 crit.Ergo
1257 5334 1440 5372 merces
1462 5322 1658 5389 fructus
1676 5321 1877 5380 ventris.

380 5414 435 5468 9.
468 5411 599 5485 [vers
614 5411 700 5484 4.]
748 5412 892 5468 Sicut
920 5413 1114 5480 sagittw
1142 5413 1192 5465 in
1230 5429 1382 5465 manu
1407 5413 1619 5482 potentis
1643 5453 1656 5475 ,
1680 5413 1751 5464 sic
1780 5413 1876 5479 ﬁlii

306 5521 660 5560 excusserunt.
681 5503 842 5559 ‘Unde
869 5504 1008 5558 enim
1040 5502 1171 5557 facta
1201 5512 1283 5558 est
1304 5503 1586 5558 hmreditas
1615 5504 1712 5556 ista
1734 5543 1748 5565 ,
1773 5502 1878 5556 fra-

307 5594 464 5650 tres?
490 5594 629 5650 unde
680 5594 818 5650 facta
846 5603 928 5649 est
966 5604 1070 5647 tam
1117 5594 1278 5648 multa
1325 5593 1605 5648 htcreditas
1634 5635 1648 5656 ,
1677 5593 1744 5648 de
1773 5609 1874 5663 qua

373 5733 389 5760 ³
420 5730 490 5779 sic
511 5736 584 5778 Er.
610 5729 753 5782 Lugd.
781 5709 896 5777 ven.
918 5735 968 5790 et
991 5734 1093 5776 Iov.
1110 5733 1160 5776 tn
1177 5732 1244 5786 8.,
1268 5739 1415 5790 quare
1437 5725 1662 5778 surrexit.
1691 5733 1745 5775 tt.

373 5790 453 5854 (α)
481 5799 628 5841 Graec.
654 5790 733 5840 toti
755 5789 948 5852 karponi.

589 5877 856 5946 Pareat.
904 5882 1232 5952 XXXV".

1582 5981 1598 5988 η
1611 5969 1678 5985 ,ιη’

1352 359 1739 415 ENARRATIO
1781 358 1841 413 lN
1884 357 2202 416 l‘SALMUM
2237 359 2467 417 CXXVI.

3418 369 3553 425 167-5

1991 471 2092 526 dici
2121 473 2276 530 habet
2304 475 2356 528 in
2388 476 2512 542 fine,
2539 474 2665 531 Ecce
2686 478 2947 532 haereditas
2984 479 3205 548 Domini,
3227 483 3342 552 ﬁlii,
3367 501 3552 540 merces

1989 564 2184 632 fructus
2204 565 2416 620 ventris?
2443 568 2660 622 Excussi
2685 578 2806 623 sunt
2832 571 3040 640 quidam
3060 571 3124 626 dc
3142 589 3298 628 manu
3319 577 3548 643 Domini,

1990 663 2236 727 tauquam
2279 657 2482 728 sagittas
2503 700 2518 724 ,
2549 667 2605 712 et
2641 659 2812 715 ierunt
2838 662 2992 733 longe
3017 706 3032 730 ,
3061 673 3114 720 et
3161 674 3323 722 totam
3359 678 3552 724 terram

1992 747 2362 818 impleverunt,
2385 749 2523 805 unde
2550 751 2810 821 pullulant
2836 756 3022 810 sancti.
3056 756 3186 810 Nam
3215 757 3327 829 ipsa
3350 773 3431 815 est.
3453 761 3551 816 Ita--

1990 835 2185 890 reditas
2210 836 2277 892 de
2299 854 2398 906 qua
2429 838 2651 895 dicitur:
2681 840 2892 897 Postulo
2920 862 2951 898 a
2978 863 3073 911 me,
3103 857 3148 901 et
3173 848 3302 903 dabo
3323 851 3410 904 tibi
3432 869 3554 923 gen—

1990 931 2062 980 tes
2100 927 2438 982 hwreditatent
2466 938 2603 983 tuam
2627 973 2642 996 ,
2670 942 2716 986 et
2754 937 3112 1003 possessionem
3155 951 3291 992 tuam
3319 943 3552 996 terminos

1990 1025 2136 1070 teme
2164 1015 2330 1087 (Psal.
2365 1035 2421 1083 ιι,
2454 1018 2530 1090 8).
2565 1022 2631 1076 Et
2675 1026 2941 1094 quomodo
2986 1027 3084 1082 ista
3122 1035 3386 1100 possessio
3425 1049 3550 1104 per-

1992 1106 2224 1162 tenditur
2247 1120 2299 1164 et
2327 1113 2518 1166 crescit
2563 1129 2729 1184 usque
2773 1115 2836 1170 ad
2887 1118 3020 1174 fines
3047 1122 3242 1176 terras?
3269 1124 3396 1191 Quia
3423 1125 3553 1180 sicut

1988 1201 2185 1270 sagith
2212 1202 2262 1256 in
2294 1221 2446 1257 mrum
2472 1207 2706 1275 potentis,
2728 1209 2798 1263 sic
2823 1211 2918 1278 ﬁlii
2951 1228 3286 1274 excussorum.
3318 1218 3392 1273 De
3422 1233 3548 1274 arcu

1989 1294 2329 1350 excutiuntur
2377 1299 2620 1368 sagitta),
2663 1309 2715 1355 ct
2768 1312 2964 1372 quanto
3008 1303 3197 1361 fortior
3224 1311 3549 1376 excusserit,

1989 1391 2134 1438 tanto
2156 1385 2366 1456 longius
2403 1389 2546 1443 vadit
2573 1390 2779 1460 sagitta.
2808 1393 2943 1461 Quid
2971 1404 3147 1452 autem
3180 1398 3364 1453 fortius
3386 1415 3551 1456 exeo.-

1991 1473 2151 1530 tiente
2173 1477 2395 1533 Domino
2413 1479 2437 1534 ἵ
2458 1480 2533 1535 De
2558 1496 2682 1536 arcu
2713 1497 2810 1537 suo
2834 1485 3050 1541 mandat
3074 1489 3357 1558 Apostolos
3383 1506 3509 1547 suos
3533 1509 3547 1546 :

1988 1581 2092 1620 non
2124 1568 2292 1636 potuit
2319 1585 2442 1625 esse
2467 1572 2759 1640 residuum,
2779 1591 2882 1644 quo
2899 1593 3006 1632 non
3033 1581 3338 1649 perveniret
3361 1583 3552 1653 sagitta

1953 1710 1957 1715 ,
1986 1670 2016 1709 a
2043 1666 2148 1712 tam
2191 1658 2317 1715 forti
2353 1677 2608 1729 excussa;
2649 1667 2887 1734 pervenit
2917 1682 3083 1739 usque
3121 1670 3186 1724 ad
3217 1671 3351 1726 fines
3374 1682 3547 1729 terrae.

1987 1747 2110 1804 Ideo
2139 1767 2242 1806 non
2273 1753 2432 1821 ultra,
2455 1755 2575 1824 quia
2606 1756 2735 1811 nihil
2774 1767 2855 1814 est
2884 1760 3021 1816 ultra
3059 1765 3268 1832 generis
3313 1763 3548 1820 humani.

1985 1837 2116 1894 Nam
2160 1850 2332 1898 tantas
2371 1845 2512 1900 vires
2542 1846 2631 1902 ille
2657 1847 2848 1916 habet,
2876 1861 2934 1905 ut
2973 1851 3130 1906 etiam
3172 1854 3215 1908 si
3246 1855 3381 1910 ultra
3409 1866 3554 1913 esset

1985 1944 2089 1999 quo
2111 1933 2449 2000 pertenderet
2477 1937 2689 2006 sagitta,
2717 1930 2992 1997 excuteret
3018 1943 3141 1999 illuc
3162 1947 3429 2017 sagittam.
3462 1948 3552 2005 Sic

1985 2030 2108 2075 sunt
2133 2033 2306 2077 autem
2332 2025 2426 2080 filii
2456 2042 2798 2085 excussorum
2821 2036 3117 2104 ,quontodo
3142 2049 3196 2092 et
3225 2039 3294 2093 illi
3318 2045 3548 2099 excussi.

1984 2108 2271 2178 Quaesitum
2295 2125 2375 2170 est
2404 2118 2544 2171 enim
2573 2119 2640 2174 de
2667 2121 2766 2176 hoc
2791 2124 2952 2179 verbo
2973 2126 3128 2180 etiam
3151 2129 3301 2185 abiis
3321 2131 3552 2202 quiante

1986 2215 2083 2255 nos
2111 2202 2208 2256 ista
2239 2214 2550 2287 tractarunt,
2571 2225 2737 2280 quare
2767 2212 2860 2268 filii
2884 2230 3231 2274 cxcussorum
3251 2220 3378 2276 dicti
3405 2234 3545 2294 sunt,

1989 2290 2070 2344 vel
2095 2291 2183 2362 qui
2213 2305 2335 2350 sunt
2377 2297 2700 2369 intelligendi
2729 2303 2822 2357 lilii
2853 2319 3196 2362 excussorum
3215 2325 3230 2374 ;
3252 2320 3306 2366 et
3333 2290 3552 2382 quibus;

1985 2383 2106 2439 dam
2139 2387 2306 2441 visum
2338 2398 2420 2444 est
2442 2433 2456 2454 ,
2481 2391 2616 2446 sicut
2643 2395 2801 2450 modo
2828 2395 2968 2464 dixi,
3001 2398 3139 2454 ﬁlios
3167 2416 3508 2459 cxcussorum
3533 2444 3549 2469 ,

1985 2471 2122 2530 filios
2149 2490 2267 2532 esse
2295 2481 2689 2548 Apostolorum.

2057 2568 2144 2624 ‘lO.
2169 2570 2408 2626 lntendat
2453 2574 2720 2642 paululum
2751 2574 2992 2634 Charitas
3020 2589 3217 2636 vestra.
3259 2581 3550 2651 Quzesitum

1986 2669 2066 2713 est
2094 2676 2256 2728 quare
2290 2665 2496 2717 excussi
2527 2665 2760 2734 Apostoli
2788 2683 2800 2720 :
2831 2667 3029 2724 dictum
3059 2681 3143 2726 est
3165 2687 3193 2725 a
3215 2663 3549 2742 quibusdam,

1988 2749 2106 2804 ideo
2129 2752 2245 2806 illos
2273 2754 2560 2822 appellatos
2587 2772 2873 2827 excussos,
2902 2761 3023 2831 quia
3057 2766 3306 2835 percepit
3330 2766 3411 2820 eis
3451 2768 3550 2822 Do-

1991 2840 2187 2904 minus,
2220 2841 2282 2896 Si
2309 2845 2528 2899 exirritis
2561 2847 2623 2901 de
2663 2849 2925 2904 civitatein
2955 2867 3054 2922 qua
3079 2870 3178 2908 non
3203 2856 3414 2910 audiunt
3436 2874 3550 2922 vos,

1986 2933 2199 3004 excutite
2221 2935 2465 3004 pulverem
2490 2937 2552 2990 de
2577 2939 2781 3009 pedibus
2803 2943 2974 2997 vestris
3005 2943 3212 3014 (Matth.
3236 2961 3292 3008 Χ,
3321 2946 3428 3018 14).
3447 2948 3550 3005 Sed

1985 3023 2058 3077 ait
2084 3024 2244 3092 alius,
2275 3026 2385 3081 Non
2412 3043 2538 3098 ergo
2568 3031 2666 3098 ﬁlii
2703 3049 3024 3090 excussorum
3067 3036 3170 3092 dici
3213 3039 3548 3110 debuerunt,

1985 3113 2078 3168 sed
2110 3113 2201 3169 ﬁlii
2233 3118 2613 3174 excuticutittm
2649 3139 2662 3175 :
2693 3124 3020 3182 excutientes
3066 3129 3206 3182 enim
3258 3129 3376 3185 illos
3425 3130 3552 3188 fecit

1987 3204 2236 3260 Dominus
2264 3250 2278 3275 ,
2303 3210 2490 3278 quibus
2516 3211 2679 3278 dixit,
2716 3214 2951 3271 Excutite
2975 3219 3226 3288 pulverem
3253 3221 3316 3276 de
3345 3225 3553 3292 pedibus

1985 3300 2198 3364 vestris;
2245 3315 2346 3354 non
2377 3317 2650 3358 excussos.
2693 3304 2970 3364 Subtiliter
2998 3310 3208 3379 quidem
3249 3314 3398 3382 quasi
3423 3327 3552 3370 con-

1985 3389 2244 3446 tradicere
2273 3392 2435 3446 voluit
2473 3395 2792 3462 praecedenti
2837 3399 3153 3455 sentcntiae’
3179 3444 3195 3469 ,
3237 3402 3326 3457 ille
3366 3419 3396 3458 a
3447 3421 3553 3477 quo

1977 3479 2088 3550 jam
2127 3481 2227 3536 ista
2273 3490 2492 3538 tractata
2520 3493 2576 3540 et
2619 3484 2759 3542 dicta
2789 3498 2943 3543 erant
2975 3509 2987 3544 :
3023 3504 3384 3550 verumtamen
3429 3510 3549 3561 nos,

1984 3580 2236 3641 quantum
2263 3572 2474 3640 adjuvat
2496 3575 2772 3644 Dominus,
2792 3589 3091 3650 quaerentes
3115 3585 3380 3652 quomodo
3406 3595 3552 3642 recte

1984 3659 2087 3715 dici
2139 3663 2402 3730 potuerint
2447 3665 2607 3719 etiam
2635 3669 2887 3734 excussi,
2920 3671 3110 3738 quibus
3157 3673 3230 3726 ait
3258 3674 3547 3742 Dominus,

1984 3749 2218 3806 Excutite
2246 3754 2494 3822 pulverem
2521 3754 2584 3808 de
2628 3757 2834 3825 pedibus
2860 3760 3033 3813 vestris
3058 3775 3078 3824 ,°
3122 3761 3416 3817 invenimus
3445 3781 3550 3822 non

1983 3842 2214 3899 absurde
2242 3844 2343 3898 dici
2368 3846 2621 3915 potuisse.
2651 3848 2899 3915 Quamvis
2926 3850 3066 3905 enim
3096 3852 3194 3922 ipsi
3215 3865 3547 3919 excuterem,

1983 3948 2042 3988 se
2086 3933 2231 4002 ipsos
2258 3937 2616 3991 excutiebant.
2652 3938 2764 3995 Hoc
2792 3939 2912 3995 dico
2939 3957 2954 3992 :
2983 3943 3070 4012 qui
3101 3946 3298 4000 excutit
3324 3988 3340 4014 ,
3369 3959 3458 4003 aut
3493 3965 3552 4005 se

1983 4026 2202 4091 excutit,
2234 4035 2324 4080 aut
2347 4028 2542 4098 aliquid
2574 4029 2716 4084 aliud
2749 4048 2764 4082 :
2807 4029 2850 4084 si
2882 4031 3078 4101 aliquid
3111 4034 3249 4088 aliud
3278 4039 3548 4106 excutiat,

1985 4118 2256 4172 excutiens
2283 4127 2364 4172 est
2391 4159 2406 4184 ,
2433 4134 2687 4175 excussus
2715 4136 2818 4175 non
2859 4133 2939 4177 est
2963 4142 2976 4179 :
3003 4124 3049 4178 si
3089 4136 3264 4180 autem
3303 4143 3362 4183 se
3389 4145 3551 4186 excu-

1985 4209 2101 4276 tiat,
2125 4219 2177 4263 et
2203 4211 2480 4266 excutiens
2509 4222 2590 4267 est
2619 4222 2671 4267 et
2700 4215 3286 4286 excussus.lntcndite;
3318 4221 3416 4277 Itoc
3437 4225 3551 4294 pla-

1987 4301 2101 4354 nius
2130 4299 2302 4354 dicant
2330 4343 2346 4366 ,
2375 4303 2418 4355 si
2447 4312 2685 4371 potuero.
2713 4305 2766 4360 Si
2795 4305 2936 4360 aliud
2962 4309 3194 4364 excutiat
3219 4351 3234 4377 ,
3264 4315 3548 4370 excutiens

1913 4400 1920 4406 ‘
1984 4399 2085 4455 est,
2109 4405 2212 4444 non
2238 4406 2488 4446 excussus
2513 4411 2528 4456 ;
2551 4394 2593 4448 si
2616 4394 2684 4448 ab
2699 4395 2802 4449 alio
2828 4399 3140 4466 excutiatur,
3167 4416 3424 4460 excussus
3448 4417 3550 4472 est,

1987 4496 2091 4535 non
2142 4482 2456 4538 excutiens:
2504 4485 2548 4538 si
2601 4497 2775 4540 autem
2822 4489 3055 4543 excutiat
3091 4482 3359 4560 scipsum,
3395 4511 3556 4551 excu-

1988 4572 2125 4626 tiens
2153 4581 2236 4627 est
2259 4615 2272 4639 ,
2294 4574 2412 4644 quia
2444 4577 2642 4630 excutit
2671 4592 2767 4642 se;
2807 4581 2859 4632 et
2905 4594 3193 4648 excussus,
3226 4585 3346 4652 quia
3396 4603 3558 4642 excu-

1989 4663 2114 4716 titur
2162 4678 2192 4715 a
2236 4679 2312 4718 se.
2369 4665 2634 4732 Quaeritur
2685 4683 2811 4739 ergo
2859 4685 2993 4740 quos
3039 4675 3367 4730 excusserint
3411 4683 3556 4747 Apo-

1987 4745 2149 4807 stoli'?
2172 4754 2362 4824 Utique
2390 4758 2594 4826 seipsos
2622 4773 2636 4808 :
2674 4773 2702 4811 a
2730 4760 2952 4827 pedibus
2978 4763 3118 4817 enim
3147 4765 3258 4821 suis
3283 4745 3554 4836 pulverem

1989 4859 2355 4904 excusserunt.
2379 4849 2481 4905 Sed
2511 4852 2582 4904 ait
2603 4852 2824 4921 aliquis:
2851 4853 2962 4908 Non
2983 4871 3042 4910 se
3069 4871 3434 4927 excusserunt,
3462 4863 3553 4915 sed

1989 4941 2282 5010 pulverem.
2301 4941 2412 4995 lloc
2439 4942 2592 5010 plane
2608 4942 2934 5001 calumniose
2953 4947 3165 5002 dicitur.
3185 4951 3395 5005 Duobus
3413 4952 3554 5006 enim

1988 5035 2160 5089 modis
2194 5035 2418 5090 dicimus
2455 5035 2651 5104 aliquid
2693 5037 2909 5103 excuti;
2952 5040 3065 5094 sive
3111 5041 3238 5096 illud
3265 5043 3403 5111 quod
3433 5043 3555 5098 inde.

1989 5129 2267 5192 excutitur,
2284 5128 2394 5182 sive
2413 5127 2538 5182 illttd
2566 5127 2706 5183 unde
2729 5130 3010 5186 excutitur.
3033 5131 3164 5187 Nam
3188 5143 3262 5197 et,
3289 5134 3555 5189 Excussus

1988 5228 2070 5273 est
2097 5219 2265 5287 pulvis
2296 5258 2310 5283 ,
2342 5218 2605 5283 dicimus;
2637 5229 2724 5282 et,
2745 5221 2977 5276 Excussa
3011 5232 3094 5277 est
3137 5224 3319 5278 vestis.
3348 5225 3554 5280 Tenent

1988 5310 2147 5378 aliqui
2169 5316 2224 5362 et
2251 5309 2522 5363 excutiunt
2547 5320 2748 5364 vestem
2780 5352 2795 5375 ,
2827 5322 2882 5366 et
2910 5313 3086 5366 exsilit
3116 5313 3237 5367 inde
3273 5314 3439 5384 pulvis
3462 5317 3550 5384 qui

1988 5403 2289 5469 inltmserat.
2321 5401 2455 5469 Quid
2483 5402 2616 5456 dicis
2635 5402 2702 5457 de
2729 5404 2976 5472 pulvere?
3017 5405 3282 5458 Excussus
3317 5414 3400 5460 est
3439 5408 3553 5475 pul-

1989 5496 2088 5549 vis.
2116 5494 2254 5562 Quid
2282 5493 2415 5548 dicis
2443 5495 2509 5548 de
2547 5495 2736 5549 veste?
2767 5497 2997 5549 Excussa
3024 5507 3104 5550 est
3128 5497 3310 5551 vestis.
3338 5498 3393 5553 Si
3423 5514 3551 5567 ergo

1988 5586 2205 5657 etquod
2233 5586 2354 5642 inde
2379 5587 2693 5642 excutienda
2719 5586 2915 5641 cxsiliit
2938 5629 2953 5654 ,
2985 5596 3040 5641 et
3067 5587 3195 5641 illud
3235 5588 3372 5643 unde
3401 5591 3545 5644 exsi-

2052 5721 2069 5753 ¹
2098 5727 2197 5783 am.
2225 5729 2276 5770 et
2299 5728 2403 5770 Mss.
2432 5729 2562 5783 post,
2598 5719 2887 5781 tumccdcnti
2925 5719 3202 5783 sententia,
3223 5720 3403 5780 ferunt,
3435 5721 3551 5782 quia

1983 5781 2090 5844 jam
2111 5780 2204 5834 ista
2226 5780 2489 5834 tractata“
2512 5780 2644 5834 dicta
2667 5791 2800 5833 erant
2825 5797 2836 5830 :
2861 5783 2988 5846 quod
3012 5784 3135 5832 forte
3160 5782 3400 5845 glossema
3419 5780 3511 5834 ext.

2620 5866 3254 5949 (Cinqucntc-trois.)
