  <div class='ocr_page' id='page_1' title='image "/cluster/home/n/w/nwhite01/storage/ocr_20150623/37/hvd.32044096580592/333.png"; bbox 0 0 4032 6202; ppageno 0'>
   <div class='ocr_carea' id='block_1_1' title="bbox 479 351 606 406">
    <p class='ocr_par' dir='ltr' id='par_1_1' title="bbox 479 351 606 406">
     <span class='ocr_line' id='line_1_1' title="bbox 479 351 606 406; baseline 0.016 -2"><span class='ocrx_word' id='word_1_1' title='bbox 479 351 606 406; x_wconf 61' lang='lat' dir='ltr'><strong>rex;</strong></span> 
     </span>
    </p>
   </div>
   <div class='ocr_carea' id='block_1_2' title="bbox 471 456 2019 534">
    <p class='ocr_par' dir='ltr' id='par_1_2' title="bbox 471 456 2019 534">
     <span class='ocr_line' id='line_1_2' title="bbox 471 456 2019 534; baseline -0.007 -16"><span class='ocrx_word' id='word_1_2' title='bbox 471 467 545 519; x_wconf 88' lang='lat' dir='ltr'><strong>liit</strong></span> <span class='ocrx_word' id='word_1_3' title='bbox 565 466 702 534; x_wconf 86' lang='lat' dir='ltr'><strong>quod</strong></span> <span class='ocrx_word' id='word_1_4' title='bbox 735 462 1010 516; x_wconf 72' lang='lat' dir='ltr'><strong>ininrscrat</strong></span> <span class='ocrx_word' id='word_1_5' title='bbox 1034 502 1047 525; x_wconf 94' lang='lat'><strong>,</strong></span> <span class='ocrx_word' id='word_1_6' title='bbox 1078 472 1354 514; x_wconf 84' lang='lat' dir='ltr'><strong>excussum</strong></span> <span class='ocrx_word' id='word_1_7' title='bbox 1377 456 1607 517; x_wconf 88' lang='lat' dir='ltr'><strong>dicitur;</strong></span> <span class='ocrx_word' id='word_1_8' title='bbox 1645 468 1698 510; x_wconf 90' lang='lat' dir='ltr'><strong>et</strong></span> <span class='ocrx_word' id='word_1_9' title='bbox 1726 456 1893 526; x_wconf 99' lang='lat' dir='ltr'><strong>pulvis</strong></span> <span class='ocrx_word' id='word_1_10' title='bbox 1919 470 2019 510; x_wconf 88' lang='lat' dir='ltr'><strong>ex-</strong></span> 
     </span>
    </p>
   </div>
   <div class='ocr_carea' id='block_1_3' title="bbox 469 550 2021 619">
    <p class='ocr_par' dir='ltr' id='par_1_3' title="bbox 469 550 2021 619">
     <span class='ocr_line' id='line_1_3' title="bbox 469 550 2021 619; baseline -0.006 -10"><span class='ocrx_word' id='word_1_11' title='bbox 469 571 655 610; x_wconf 84' lang='lat' dir='ltr'><strong>cussus</strong></span> <span class='ocrx_word' id='word_1_12' title='bbox 676 565 773 614; x_wconf 83' lang='lat' dir='ltr'><strong>est,</strong></span> <span class='ocrx_word' id='word_1_13' title='bbox 799 561 852 605; x_wconf 89' lang='lat' dir='ltr'><strong>et</strong></span> <span class='ocrx_word' id='word_1_14' title='bbox 892 550 1127 619; x_wconf 78' lang='lat' dir='ltr'><strong>Apostoli</strong></span> <span class='ocrx_word' id='word_1_15' title='bbox 1152 550 1358 608; x_wconf 78' lang='lat' dir='ltr'><strong>excussi</strong></span> <span class='ocrx_word' id='word_1_16' title='bbox 1402 557 1544 602; x_wconf 89' lang='lat' dir='ltr'><strong>sunt.</strong></span> <span class='ocrx_word' id='word_1_17' title='bbox 1574 550 1747 613; x_wconf 84' lang='lat' dir='ltr'><strong>Quare</strong></span> <span class='ocrx_word' id='word_1_18' title='bbox 1767 562 1892 617; x_wconf 79' lang='lat' dir='ltr'><strong>ergo</strong></span> <span class='ocrx_word' id='word_1_19' title='bbox 1920 563 2021 600; x_wconf 89' lang='lat' dir='ltr'><strong>non</strong></span> 
     </span>
    </p>
   </div>
   <div class='ocr_carea' id='block_1_4' title="bbox 468 640 1738 713">
    <p class='ocr_par' dir='ltr' id='par_1_4' title="bbox 468 640 1738 713">
     <span class='ocr_line' id='line_1_4' title="bbox 468 640 1738 713; baseline -0.007 -11"><span class='ocrx_word' id='word_1_20' title='bbox 468 651 707 702; x_wconf 86' lang='lat' dir='ltr'><strong>dicantur</strong></span> <span class='ocrx_word' id='word_1_21' title='bbox 735 646 827 713; x_wconf 78' lang='lat' dir='ltr'><strong>ﬁlii</strong></span> <span class='ocrx_word' id='word_1_22' title='bbox 855 661 1170 698; x_wconf 66' lang='lat' dir='ltr'><strong>excusserunt</strong></span> <span class='ocrx_word' id='word_1_23' title='bbox 1201 642 1294 697; x_wconf 79' lang='lat' dir='ltr'><strong>lilii</strong></span> <span class='ocrx_word' id='word_1_24' title='bbox 1323 642 1692 713; x_wconf 79' lang='lat' dir='ltr'><strong>Apostolorum</strong></span> <span class='ocrx_word' id='word_1_25' title='bbox 1716 640 1738 693; x_wconf 86' lang='lat'><strong>?</strong></span> 
     </span>
    </p>
   </div>
   <div class='ocr_carea' id='block_1_5' title="bbox 538 732 2019 805">
    <p class='ocr_par' dir='ltr' id='par_1_5' title="bbox 538 732 2019 805">
     <span class='ocr_line' id='line_1_5' title="bbox 538 732 2019 805; baseline -0.011 -8"><span class='ocrx_word' id='word_1_26' title='bbox 538 745 622 797; x_wconf 84' lang='lat' dir='ltr'><strong>ll.</strong></span> <span class='ocrx_word' id='word_1_27' title='bbox 656 742 759 796; x_wconf 86' lang='lat' dir='ltr'><strong>Sed</strong></span> <span class='ocrx_word' id='word_1_28' title='bbox 789 750 868 795; x_wconf 82' lang='lat' dir='ltr'><strong>est</strong></span> <span class='ocrx_word' id='word_1_29' title='bbox 892 741 993 795; x_wconf 88' lang='lat' dir='ltr'><strong>alia</strong></span> <span class='ocrx_word' id='word_1_30' title='bbox 1020 738 1278 793; x_wconf 74' lang='lat' dir='ltr'><strong>sententia</strong></span> <span class='ocrx_word' id='word_1_31' title='bbox 1310 752 1461 805; x_wconf 90' lang='lat' dir='ltr'><strong>quam</strong></span> <span class='ocrx_word' id='word_1_32' title='bbox 1488 732 1888 803; x_wconf 70' lang='lat' dir='ltr'><strong>praetermittere</strong></span> <span class='ocrx_word' id='word_1_33' title='bbox 1918 748 2019 786; x_wconf 90' lang='lat' dir='ltr'><strong>non</strong></span> 
     </span>
    </p>
   </div>
   <div class='ocr_carea' id='block_1_6' title="bbox 469 827 2023 897">
    <p class='ocr_par' dir='ltr' id='par_1_6' title="bbox 469 827 2023 897">
     <span class='ocr_line' id='line_1_6' title="bbox 469 827 2023 897; baseline -0.007 -8"><span class='ocrx_word' id='word_1_34' title='bbox 469 827 739 889; x_wconf 81' lang='lat' dir='ltr'><strong>debemus.</strong></span> <span class='ocrx_word' id='word_1_35' title='bbox 788 834 910 888; x_wconf 84' lang='lat' dir='ltr'><strong>ideo</strong></span> <span class='ocrx_word' id='word_1_36' title='bbox 939 834 1078 887; x_wconf 88' lang='lat' dir='ltr'><strong>enim</strong></span> <span class='ocrx_word' id='word_1_37' title='bbox 1108 830 1241 893; x_wconf 72' lang='lat' dir='ltr'><strong>forte</strong></span> <span class='ocrx_word' id='word_1_38' title='bbox 1267 830 1541 882; x_wconf 67' lang='lat' dir='ltr'><strong>obscurius</strong></span> <span class='ocrx_word' id='word_1_39' title='bbox 1574 827 1799 897; x_wconf 86' lang='lat' dir='ltr'><strong>positum</strong></span> <span class='ocrx_word' id='word_1_40' title='bbox 1825 835 1937 889; x_wconf 91' lang='lat' dir='ltr'><strong>est,</strong></span> <span class='ocrx_word' id='word_1_41' title='bbox 1969 834 2023 878; x_wconf 89' lang='lat' dir='ltr'><strong>ut</strong></span> 
     </span>
    </p>
   </div>
   <div class='ocr_carea' id='block_1_7' title="bbox 466 915 2025 994">
    <p class='ocr_par' dir='ltr' id='par_1_7' title="bbox 466 915 2025 994">
     <span class='ocr_line' id='line_1_7' title="bbox 466 915 2025 994; baseline -0.009 -13"><span class='ocrx_word' id='word_1_42' title='bbox 466 929 658 982; x_wconf 90' lang='lat' dir='ltr'><strong>multos</strong></span> <span class='ocrx_word' id='word_1_43' title='bbox 690 924 984 981; x_wconf 69' lang='lat' dir='ltr'><strong>intellectus</strong></span> <span class='ocrx_word' id='word_1_44' title='bbox 1014 932 1252 994; x_wconf 77' lang='lat' dir='ltr'><strong>generet,</strong></span> <span class='ocrx_word' id='word_1_45' title='bbox 1276 931 1329 975; x_wconf 89' lang='lat' dir='ltr'><strong>et</strong></span> <span class='ocrx_word' id='word_1_46' title='bbox 1354 920 1608 973; x_wconf 81' lang='lat' dir='ltr'><strong>diliores&#39;</strong></span> <span class='ocrx_word' id='word_1_47' title='bbox 1638 916 1910 972; x_wconf 78' lang='lat' dir='ltr'><strong>discedant</strong></span> <span class='ocrx_word' id='word_1_48' title='bbox 1933 915 2025 968; x_wconf 80' lang='lat' dir='ltr'><strong>ho-</strong></span> 
     </span>
    </p>
   </div>
   <div class='ocr_carea' id='block_1_8' title="bbox 465 1007 2023 1085">
    <p class='ocr_par' dir='ltr' id='par_1_8' title="bbox 465 1007 2023 1085">
     <span class='ocr_line' id='line_1_8' title="bbox 465 1007 2023 1085; baseline -0.007 -15"><span class='ocrx_word' id='word_1_49' title='bbox 465 1021 633 1072; x_wconf 86' lang='lat' dir='ltr'><strong>mines</strong></span> <span class='ocrx_word' id='word_1_50' title='bbox 656 1062 669 1079; x_wconf 84' lang='lat'><strong>,</strong></span> <span class='ocrx_word' id='word_1_51' title='bbox 711 1017 829 1085; x_wconf 70' lang='lat' dir='ltr'><strong>«una</strong></span> <span class='ocrx_word' id='word_1_52' title='bbox 870 1019 1104 1070; x_wconf 77' lang='lat' dir='ltr'><strong>clausura</strong></span> <span class='ocrx_word' id='word_1_53' title='bbox 1137 1014 1449 1067; x_wconf 71' lang='lat' dir='ltr'><strong>invenerunt</strong></span> <span class='ocrx_word' id='word_1_54' title='bbox 1477 1009 1614 1079; x_wconf 84' lang='lat' dir='ltr'><strong>quod</strong></span> <span class='ocrx_word' id='word_1_55' title='bbox 1646 1009 1823 1062; x_wconf 91' lang='lat' dir='ltr'><strong>multis</strong></span> <span class='ocrx_word' id='word_1_56' title='bbox 1853 1007 2023 1061; x_wconf 88' lang='lat' dir='ltr'><strong>modis</strong></span> 
     </span>
    </p>
   </div>
   <div class='ocr_carea' id='block_1_9' title="bbox 465 1098 2018 1175">
    <p class='ocr_par' dir='ltr' id='par_1_9' title="bbox 465 1098 2018 1175">
     <span class='ocr_line' id='line_1_9' title="bbox 465 1098 2018 1175; baseline -0.007 -16"><span class='ocrx_word' id='word_1_57' title='bbox 465 1109 787 1175; x_wconf 71' lang='lat' dir='ltr'><strong>aperiretur,</strong></span> <span class='ocrx_word' id='word_1_58' title='bbox 816 1121 972 1175; x_wconf 87' lang='lat' dir='ltr'><strong>quam</strong></span> <span class='ocrx_word' id='word_1_59' title='bbox 1020 1105 1064 1158; x_wconf 88' lang='lat' dir='ltr'><strong>si</strong></span> <span class='ocrx_word' id='word_1_60' title='bbox 1110 1119 1216 1157; x_wconf 91' lang='lat' dir='ltr'><strong>uno</strong></span> <span class='ocrx_word' id='word_1_61' title='bbox 1247 1100 1402 1154; x_wconf 88' lang='lat' dir='ltr'><strong>modo</strong></span> <span class='ocrx_word' id='word_1_62' title='bbox 1432 1110 1672 1167; x_wconf 77' lang='lat' dir='ltr'><strong>apertum</strong></span> <span class='ocrx_word' id='word_1_63' title='bbox 1702 1098 2018 1153; x_wconf 75' lang='lat' dir='ltr'><strong>invenirent.</strong></span> 
     </span>
    </p>
   </div>
   <div class='ocr_carea' id='block_1_10' title="bbox 468 1189 2024 1263">
    <p class='ocr_par' dir='ltr' id='par_1_10' title="bbox 468 1189 2024 1263">
     <span class='ocr_line' id='line_1_10' title="bbox 468 1189 2024 1263; baseline -0.006 -11"><span class='ocrx_word' id='word_1_64' title='bbox 468 1201 700 1254; x_wconf 85' lang='lat' dir='ltr'><strong>Dicimus</strong></span> <span class='ocrx_word' id='word_1_65' title='bbox 743 1198 918 1253; x_wconf 85' lang='lat' dir='ltr'><strong>excuti</strong></span> <span class='ocrx_word' id='word_1_66' title='bbox 964 1197 1121 1249; x_wconf 88' lang='lat' dir='ltr'><strong>etiam</strong></span> <span class='ocrx_word' id='word_1_67' title='bbox 1171 1192 1386 1263; x_wconf 92' lang='lat' dir='ltr'><strong>aliquid,</strong></span> <span class='ocrx_word' id='word_1_68' title='bbox 1421 1202 1478 1245; x_wconf 90' lang='lat' dir='ltr'><strong>ut</strong></span> <span class='ocrx_word' id='word_1_69' title='bbox 1520 1200 1679 1245; x_wconf 88' lang='lat' dir='ltr'><strong>exeat</strong></span> <span class='ocrx_word' id='word_1_70' title='bbox 1723 1190 1845 1245; x_wconf 90' lang='lat' dir='ltr'><strong>inde</strong></span> <span class='ocrx_word' id='word_1_71' title='bbox 1885 1189 2024 1258; x_wconf 91' lang='lat' dir='ltr'><strong>quod</strong></span> 
     </span>
    </p>
   </div>
   <div class='ocr_carea' id='block_1_11' title="bbox 467 1282 2027 1345">
    <p class='ocr_par' dir='ltr' id='par_1_11' title="bbox 467 1282 2027 1345">
     <span class='ocr_line' id='line_1_11' title="bbox 467 1282 2027 1345; baseline -0.006 -1"><span class='ocrx_word' id='word_1_72' title='bbox 467 1292 599 1345; x_wconf 80' lang='lat' dir='ltr'><strong>forte</strong></span> <span class='ocrx_word' id='word_1_73' title='bbox 619 1290 984 1344; x_wconf 89' lang='lat' dir='ltr'><strong>absconditum</strong></span> <span class='ocrx_word' id='word_1_74' title='bbox 1006 1296 1104 1342; x_wconf 88' lang='lat' dir='ltr'><strong>est.</strong></span> <span class='ocrx_word' id='word_1_75' title='bbox 1134 1288 1301 1339; x_wconf 81' lang='lat' dir='ltr'><strong>Aliter</strong></span> <span class='ocrx_word' id='word_1_76' title='bbox 1321 1285 1461 1339; x_wconf 91' lang='lat' dir='ltr'><strong>enim</strong></span> <span class='ocrx_word' id='word_1_77' title='bbox 1488 1283 1712 1337; x_wconf 88' lang='lat' dir='ltr'><strong>dicimus</strong></span> <span class='ocrx_word' id='word_1_78' title='bbox 1737 1282 1911 1338; x_wconf 89' lang='lat' dir='ltr'><strong>excuti</strong></span> <span class='ocrx_word' id='word_1_79' title='bbox 1937 1298 2027 1335; x_wconf 86' lang='lat' dir='ltr'><strong>vc-</strong></span> 
     </span>
    </p>
   </div>
   <div class='ocr_carea' id='block_1_12' title="bbox 464 1372 2026 1445">
    <p class='ocr_par' dir='ltr' id='par_1_12' title="bbox 464 1372 2026 1445">
     <span class='ocr_line' id='line_1_12' title="bbox 464 1372 2026 1445; baseline -0.004 -12"><span class='ocrx_word' id='word_1_80' title='bbox 464 1391 598 1435; x_wconf 77' lang='lat' dir='ltr'><strong>stom</strong></span> <span class='ocrx_word' id='word_1_81' title='bbox 620 1423 634 1445; x_wconf 96' lang='lat'><strong>,</strong></span> <span class='ocrx_word' id='word_1_82' title='bbox 668 1390 721 1434; x_wconf 92' lang='lat' dir='ltr'><strong>ut</strong></span> <span class='ocrx_word' id='word_1_83' title='bbox 752 1380 1017 1433; x_wconf 84' lang='lat' dir='ltr'><strong>excutiant</strong></span> <span class='ocrx_word' id='word_1_84' title='bbox 1058 1376 1180 1430; x_wconf 90' lang='lat' dir='ltr'><strong>inde</strong></span> <span class='ocrx_word' id='word_1_85' title='bbox 1211 1375 1512 1445; x_wconf 85' lang='lat' dir='ltr'><strong>pulverem;</strong></span> <span class='ocrx_word' id='word_1_86' title='bbox 1543 1382 1595 1428; x_wconf 88' lang='lat' dir='ltr'><strong>et</strong></span> <span class='ocrx_word' id='word_1_87' title='bbox 1623 1373 1775 1427; x_wconf 80' lang='lat' dir='ltr'><strong>aliter</strong></span> <span class='ocrx_word' id='word_1_88' title='bbox 1801 1372 2026 1427; x_wconf 85' lang='lat' dir='ltr'><strong>dicimus</strong></span> 
     </span>
    </p>
   </div>
   <div class='ocr_carea' id='block_1_13' title="bbox 465 1464 2021 1535">
    <p class='ocr_par' dir='ltr' id='par_1_13' title="bbox 465 1464 2021 1535">
     <span class='ocr_line' id='line_1_13' title="bbox 465 1464 2021 1535; baseline -0.004 -10"><span class='ocrx_word' id='word_1_89' title='bbox 465 1474 637 1525; x_wconf 81' lang='lat' dir='ltr'><strong>excuti</strong></span> <span class='ocrx_word' id='word_1_90' title='bbox 682 1486 927 1534; x_wconf 88' lang='lat' dir='ltr'><strong>saccum,</strong></span> <span class='ocrx_word' id='word_1_91' title='bbox 970 1480 1027 1523; x_wconf 90' lang='lat' dir='ltr'><strong>ut</strong></span> <span class='ocrx_word' id='word_1_92' title='bbox 1056 1466 1183 1522; x_wconf 90' lang='lat' dir='ltr'><strong>illud</strong></span> <span class='ocrx_word' id='word_1_93' title='bbox 1213 1465 1352 1535; x_wconf 90' lang='lat' dir='ltr'><strong>quod</strong></span> <span class='ocrx_word' id='word_1_94' title='bbox 1396 1465 1537 1520; x_wconf 89' lang='lat' dir='ltr'><strong>intus</strong></span> <span class='ocrx_word' id='word_1_95' title='bbox 1574 1464 1807 1529; x_wconf 91' lang='lat' dir='ltr'><strong>latebat,</strong></span> <span class='ocrx_word' id='word_1_96' title='bbox 1852 1474 2021 1519; x_wconf 79' lang='lat' dir='ltr'><strong>exeat.</strong></span> 
     </span>
    </p>
   </div>
   <div class='ocr_carea' id='block_1_14' title="bbox 467 1555 2028 1634">
    <p class='ocr_par' dir='ltr' id='par_1_14' title="bbox 467 1555 2028 1634">
     <span class='ocr_line' id='line_1_14' title="bbox 467 1555 2028 1634; baseline -0.008 -15"><span class='ocrx_word' id='word_1_97' title='bbox 467 1564 606 1634; x_wconf 75' lang='lat' dir='ltr'><strong>Ergo</strong></span> <span class='ocrx_word' id='word_1_98' title='bbox 626 1563 879 1631; x_wconf 81' lang='lat' dir='ltr'><strong>intelligo,</strong></span> <span class='ocrx_word' id='word_1_99' title='bbox 911 1561 1119 1625; x_wconf 80' lang='lat' dir='ltr'><strong>fratres,</strong></span> <span class='ocrx_word' id='word_1_100' title='bbox 1145 1567 1395 1629; x_wconf 89' lang='lat' dir='ltr'><strong>quantum</strong></span> <span class='ocrx_word' id='word_1_101' title='bbox 1421 1571 1656 1625; x_wconf 82' lang='lat' dir='ltr'><strong>possum.</strong></span> <span class='ocrx_word' id='word_1_102' title='bbox 1683 1555 1818 1610; x_wconf 77' lang='lat' dir='ltr'><strong>filios</strong></span> <span class='ocrx_word' id='word_1_103' title='bbox 1841 1570 2028 1609; x_wconf 69' lang='lat' dir='ltr'><strong>exem-</strong></span> 
     </span>
    </p>
   </div>
   <div class='ocr_carea' id='block_1_15' title="bbox 465 1643 2023 1720">
    <p class='ocr_par' dir='ltr' id='par_1_15' title="bbox 465 1643 2023 1720">
     <span class='ocr_line' id='line_1_15' title="bbox 465 1643 2023 1720; baseline -0.005 -13"><span class='ocrx_word' id='word_1_104' title='bbox 465 1670 644 1708; x_wconf 84' lang='lat' dir='ltr'><strong>surum</strong></span> <span class='ocrx_word' id='word_1_105' title='bbox 674 1652 894 1706; x_wconf 81' lang='lat' dir='ltr'><strong>fortasse</strong></span> <span class='ocrx_word' id='word_1_106' title='bbox 920 1652 1061 1720; x_wconf 85' lang='lat' dir='ltr'><strong>ipsos</strong></span> <span class='ocrx_word' id='word_1_107' title='bbox 1090 1648 1372 1717; x_wconf 82' lang='lat' dir='ltr'><strong>Apostolus</strong></span> <span class='ocrx_word' id='word_1_108' title='bbox 1398 1646 1590 1712; x_wconf 90' lang='lat' dir='ltr'><strong>dictos,</strong></span> <span class='ocrx_word' id='word_1_109' title='bbox 1624 1646 1759 1700; x_wconf 84' lang='lat' dir='ltr'><strong>ﬁlios</strong></span> <span class='ocrx_word' id='word_1_110' title='bbox 1790 1643 2023 1712; x_wconf 53' lang='lat' dir='ltr'><strong>Prophe-</strong></span> 
     </span>
    </p>
   </div>
   <div class='ocr_carea' id='block_1_16' title="bbox 467 1740 2026 1820">
    <p class='ocr_par' dir='ltr' id='par_1_16' title="bbox 467 1740 2026 1820">
     <span class='ocr_line' id='line_1_16' title="bbox 467 1740 2026 1820; baseline -0.005 -21"><span class='ocrx_word' id='word_1_111' title='bbox 467 1757 658 1799; x_wconf 82' lang='lat' dir='ltr'><strong>tarum.</strong></span> <span class='ocrx_word' id='word_1_112' title='bbox 702 1743 981 1812; x_wconf 67' lang='lat' dir='ltr'><strong>Propheta:</strong></span> <span class='ocrx_word' id='word_1_113' title='bbox 1023 1741 1162 1797; x_wconf 88' lang='lat' dir='ltr'><strong>enim</strong></span> <span class='ocrx_word' id='word_1_114' title='bbox 1200 1740 1375 1795; x_wconf 88' lang='lat' dir='ltr'><strong>clausa</strong></span> <span class='ocrx_word' id='word_1_115' title='bbox 1412 1745 1741 1793; x_wconf 89' lang='lat' dir='ltr'><strong>sacramenta</strong></span> <span class='ocrx_word' id='word_1_116' title='bbox 1767 1747 1819 1820; x_wconf 85' lang='lat' dir='ltr'><strong>et</strong></span> <span class='ocrx_word' id='word_1_117' title='bbox 1844 1748 2026 1807; x_wconf 83' lang='lat' dir='ltr'><strong>Operta</strong></span> 
     </span>
    </p>
   </div>
   <div class='ocr_carea' id='block_1_17' title="bbox 468 1830 2025 1899">
    <p class='ocr_par' dir='ltr' id='par_1_17' title="bbox 468 1830 2025 1899">
     <span class='ocr_line' id='line_1_17' title="bbox 468 1830 2025 1899; baseline -0.005 -9"><span class='ocrx_word' id='word_1_118' title='bbox 468 1835 806 1891; x_wconf 82' lang='lat' dir='ltr'><strong>cbntinebant</strong></span> <span class='ocrx_word' id='word_1_119' title='bbox 830 1852 844 1886; x_wconf 91' lang='lat'><strong>:</strong></span> <span class='ocrx_word' id='word_1_120' title='bbox 871 1832 1079 1888; x_wconf 82' lang='lat' dir='ltr'><strong>excussi</strong></span> <span class='ocrx_word' id='word_1_121' title='bbox 1105 1838 1260 1896; x_wconf 82' lang='lat' dir='ltr'><strong>sunt,</strong></span> <span class='ocrx_word' id='word_1_122' title='bbox 1292 1839 1347 1899; x_wconf 80' lang='lat' dir='ltr'><strong>ut</strong></span> <span class='ocrx_word' id='word_1_123' title='bbox 1374 1830 1496 1885; x_wconf 90' lang='lat' dir='ltr'><strong>inde</strong></span> <span class='ocrx_word' id='word_1_124' title='bbox 1524 1830 1798 1884; x_wconf 81' lang='lat' dir='ltr'><strong>manifesta</strong></span> <span class='ocrx_word' id='word_1_125' title='bbox 1840 1844 2025 1898; x_wconf 84' lang='lat' dir='ltr'><strong>proce-</strong></span> 
     </span>
    </p>
   </div>
   <div class='ocr_carea' id='block_1_18' title="bbox 467 1921 2022 1995">
    <p class='ocr_par' dir='ltr' id='par_1_18' title="bbox 467 1921 2022 1995">
     <span class='ocr_line' id='line_1_18' title="bbox 467 1921 2022 1995; baseline -0.003 -16"><span class='ocrx_word' id='word_1_126' title='bbox 467 1928 668 1982; x_wconf 84' lang='lat' dir='ltr'><strong>derent.</strong></span> <span class='ocrx_word' id='word_1_127' title='bbox 706 1927 833 1981; x_wconf 77' lang='lat' dir='ltr'><strong>Puta</strong></span> <span class='ocrx_word' id='word_1_128' title='bbox 862 1940 987 1995; x_wconf 77' lang='lat' dir='ltr'><strong>ergo</strong></span> <span class='ocrx_word' id='word_1_129' title='bbox 1018 1923 1328 1993; x_wconf 85' lang='lat' dir='ltr'><strong>prophetam</strong></span> <span class='ocrx_word' id='word_1_130' title='bbox 1357 1922 1586 1985; x_wconf 83' lang='lat' dir='ltr'><strong>dixisse,</strong></span> <span class='ocrx_word' id='word_1_131' title='bbox 1616 1921 1755 1976; x_wconf 84' lang='lat' dir='ltr'><strong>sicut</strong></span> <span class='ocrx_word' id='word_1_132' title='bbox 1781 1929 1836 1975; x_wconf 92' lang='lat' dir='ltr'><strong>et</strong></span> <span class='ocrx_word' id='word_1_133' title='bbox 1861 1921 2022 1975; x_wconf 82' lang='lat' dir='ltr'><strong>dixit:</strong></span> 
     </span>
    </p>
   </div>
   <div class='ocr_carea' id='block_1_19' title="bbox 469 2012 2027 2091">
    <p class='ocr_par' dir='ltr' id='par_1_19' title="bbox 469 2012 2027 2091">
     <span class='ocr_line' id='line_1_19' title="bbox 469 2012 2027 2091; baseline -0.004 -18"><span class='ocrx_word' id='word_1_134' title='bbox 469 2020 676 2091; x_wconf 80' lang='lat' dir='ltr'><strong>Agnovit</strong></span> <span class='ocrx_word' id='word_1_135' title='bbox 697 2018 782 2072; x_wconf 89' lang='lat' dir='ltr'><strong>bos</strong></span> <span class='ocrx_word' id='word_1_136' title='bbox 806 2032 1137 2086; x_wconf 74' lang='lat' dir='ltr'><strong>possessorem</strong></span> <span class='ocrx_word' id='word_1_137' title='bbox 1151 2031 1317 2077; x_wconf 84' lang='lat' dir='ltr'><strong>suum,</strong></span> <span class='ocrx_word' id='word_1_138' title='bbox 1338 2023 1385 2067; x_wconf 89' lang='lat' dir='ltr'><strong>et</strong></span> <span class='ocrx_word' id='word_1_139' title='bbox 1404 2014 1578 2068; x_wconf 83' lang='lat' dir='ltr'><strong>asinus</strong></span> <span class='ocrx_word' id='word_1_140' title='bbox 1607 2028 1826 2091; x_wconf 63' lang='lat' dir='ltr'><strong>prtesepe</strong></span> <span class='ocrx_word' id='word_1_141' title='bbox 1838 2012 2027 2067; x_wconf 83' lang='lat' dir='ltr'><strong>domini</strong></span> 
     </span>
    </p>
   </div>
   <div class='ocr_carea' id='block_1_20' title="bbox 466 2100 2027 2183">
    <p class='ocr_par' dir='ltr' id='par_1_20' title="bbox 466 2100 2027 2183">
     <span class='ocr_line' id='line_1_20' title="bbox 466 2100 2027 2183; baseline -0.003 -20"><span class='ocrx_word' id='word_1_142' title='bbox 466 2110 582 2172; x_wconf 83' lang='lat' dir='ltr'><strong>sui;</strong></span> <span class='ocrx_word' id='word_1_143' title='bbox 624 2106 784 2161; x_wconf 78' lang='lat' dir='ltr'><strong>Israel</strong></span> <span class='ocrx_word' id='word_1_144' title='bbox 825 2114 992 2159; x_wconf 87' lang='lat' dir='ltr'><strong>autem</strong></span> <span class='ocrx_word' id='word_1_145' title='bbox 1030 2121 1110 2159; x_wconf 90' lang='lat' dir='ltr'><strong>me</strong></span> <span class='ocrx_word' id='word_1_146' title='bbox 1144 2121 1245 2159; x_wconf 90' lang='lat' dir='ltr'><strong>non</strong></span> <span class='ocrx_word' id='word_1_147' title='bbox 1284 2103 1513 2173; x_wconf 85' lang='lat' dir='ltr'><strong>cognovit</strong></span> <span class='ocrx_word' id='word_1_148' title='bbox 1552 2100 1684 2175; x_wconf 87' lang='lat' dir='ltr'><strong>(Isai</strong></span> <span class='ocrx_word' id='word_1_149' title='bbox 1713 2119 1763 2167; x_wconf 82' lang='grc' dir='ltr'><strong>ι,</strong></span> <span class='ocrx_word' id='word_1_150' title='bbox 1792 2101 1883 2172; x_wconf 79' lang='lat'><strong>&#39;5).</strong></span> <span class='ocrx_word' id='word_1_151' title='bbox 1916 2103 2027 2183; x_wconf 73' lang='lat' dir='ltr'><strong>lloc</strong></span> 
     </span>
    </p>
   </div>
   <div class='ocr_carea' id='block_1_21' title="bbox 468 2194 2024 2265">
    <p class='ocr_par' dir='ltr' id='par_1_21' title="bbox 468 2194 2024 2265">
     <span class='ocr_line' id='line_1_21' title="bbox 468 2194 2024 2265; baseline -0.003 -11"><span class='ocrx_word' id='word_1_152' title='bbox 468 2200 592 2254; x_wconf 87' lang='lat' dir='ltr'><strong>mihi</strong></span> <span class='ocrx_word' id='word_1_153' title='bbox 623 2200 828 2253; x_wconf 89' lang='lat' dir='ltr'><strong>interim</strong></span> <span class='ocrx_word' id='word_1_154' title='bbox 857 2198 921 2251; x_wconf 87' lang='lat' dir='ltr'><strong>ad</strong></span> <span class='ocrx_word' id='word_1_155' title='bbox 955 2211 1186 2265; x_wconf 59' lang='lat' dir='ltr'><strong>prassens</strong></span> <span class='ocrx_word' id='word_1_156' title='bbox 1209 2196 1476 2261; x_wconf 90' lang='lat' dir='ltr'><strong>occurrit,</strong></span> <span class='ocrx_word' id='word_1_157' title='bbox 1508 2194 1646 2265; x_wconf 91' lang='lat' dir='ltr'><strong>quod</strong></span> <span class='ocrx_word' id='word_1_158' title='bbox 1674 2194 1742 2251; x_wconf 89' lang='lat' dir='ltr'><strong>de</strong></span> <span class='ocrx_word' id='word_1_159' title='bbox 1773 2195 2024 2265; x_wconf 81' lang='lat' dir='ltr'><strong>propheta</strong></span> 
     </span>
    </p>
   </div>
   <div class='ocr_carea' id='block_1_22' title="bbox 465 2286 2025 2347">
    <p class='ocr_par' dir='ltr' id='par_1_22' title="bbox 465 2286 2025 2347">
     <span class='ocr_line' id='line_1_22' title="bbox 465 2286 2025 2347; baseline -0.004 -2"><span class='ocrx_word' id='word_1_160' title='bbox 465 2292 694 2347; x_wconf 85' lang='lat' dir='ltr'><strong>dicerem</strong></span> <span class='ocrx_word' id='word_1_161' title='bbox 721 2309 733 2343; x_wconf 87' lang='lat'><strong>:</strong></span> <span class='ocrx_word' id='word_1_162' title='bbox 758 2291 800 2343; x_wconf 89' lang='lat' dir='ltr'><strong>si</strong></span> <span class='ocrx_word' id='word_1_163' title='bbox 832 2288 971 2344; x_wconf 88' lang='lat' dir='ltr'><strong>aliud</strong></span> <span class='ocrx_word' id='word_1_164' title='bbox 996 2289 1336 2347; x_wconf 87' lang='lat' dir='ltr'><strong>occurrisset.</strong></span> <span class='ocrx_word' id='word_1_165' title='bbox 1366 2286 1466 2342; x_wconf 94' lang='lat' dir='ltr'><strong>hoc</strong></span> <span class='ocrx_word' id='word_1_166' title='bbox 1491 2286 1763 2341; x_wconf 81' lang='lat' dir='ltr'><strong>dixissem.</strong></span> <span class='ocrx_word' id='word_1_167' title='bbox 1795 2288 1905 2342; x_wconf 87' lang='lat' dir='ltr'><strong>lloc</strong></span> <span class='ocrx_word' id='word_1_168' title='bbox 1932 2303 2025 2340; x_wconf 85' lang='lat' dir='ltr'><strong>an-</strong></span> 
     </span>
    </p>
   </div>
   <div class='ocr_carea' id='block_1_23' title="bbox 466 2379 2025 2448">
    <p class='ocr_par' dir='ltr' id='par_1_23' title="bbox 466 2379 2025 2448">
     <span class='ocr_line' id='line_1_23' title="bbox 466 2379 2025 2448; baseline -0.001 -12"><span class='ocrx_word' id='word_1_169' title='bbox 466 2392 567 2436; x_wconf 86' lang='lat' dir='ltr'><strong>tem</strong></span> <span class='ocrx_word' id='word_1_170' title='bbox 596 2382 816 2436; x_wconf 87' lang='lat' dir='ltr'><strong>audiens</strong></span> <span class='ocrx_word' id='word_1_171' title='bbox 847 2381 1026 2444; x_wconf 88' lang='lat' dir='ltr'><strong>homo,</strong></span> <span class='ocrx_word' id='word_1_172' title='bbox 1054 2380 1097 2434; x_wconf 89' lang='lat' dir='ltr'><strong>si</strong></span> <span class='ocrx_word' id='word_1_173' title='bbox 1125 2379 1330 2433; x_wconf 89' lang='lat' dir='ltr'><strong>asinum</strong></span> <span class='ocrx_word' id='word_1_174' title='bbox 1358 2388 1413 2433; x_wconf 90' lang='lat' dir='ltr'><strong>et</strong></span> <span class='ocrx_word' id='word_1_175' title='bbox 1439 2379 1647 2441; x_wconf 88' lang='lat' dir='ltr'><strong>bovem,</strong></span> <span class='ocrx_word' id='word_1_176' title='bbox 1674 2388 1730 2435; x_wconf 90' lang='lat' dir='ltr'><strong>et</strong></span> <span class='ocrx_word' id='word_1_177' title='bbox 1757 2394 1942 2448; x_wconf 86' lang='lat' dir='ltr'><strong>pecora</strong></span> <span class='ocrx_word' id='word_1_178' title='bbox 1973 2389 2025 2435; x_wconf 86' lang='lat' dir='ltr'><strong>et</strong></span> 
     </span>
    </p>
   </div>
   <div class='ocr_carea' id='block_1_24' title="bbox 459 2466 2024 2540">
    <p class='ocr_par' dir='ltr' id='par_1_24' title="bbox 459 2466 2024 2540">
     <span class='ocr_line' id='line_1_24' title="bbox 459 2466 2024 2540; baseline -0.002 -15"><span class='ocrx_word' id='word_1_179' title='bbox 459 2474 693 2540; x_wconf 75' lang='lat' dir='ltr'><strong>iumenta</strong></span> <span class='ocrx_word' id='word_1_180' title='bbox 740 2484 858 2539; x_wconf 64' lang='lat' dir='ltr'><strong>quae</strong></span> <span class='ocrx_word' id='word_1_181' title='bbox 903 2467 1075 2531; x_wconf 89' lang='lat' dir='ltr'><strong>videt,</strong></span> <span class='ocrx_word' id='word_1_182' title='bbox 1120 2466 1456 2535; x_wconf 75' lang='lat' dir='ltr'><strong>cogitaverit;</strong></span> <span class='ocrx_word' id='word_1_183' title='bbox 1499 2466 1680 2522; x_wconf 88' lang='lat' dir='ltr'><strong>nescio</strong></span> <span class='ocrx_word' id='word_1_184' title='bbox 1717 2466 1842 2537; x_wconf 91' lang='lat' dir='ltr'><strong>quid</strong></span> <span class='ocrx_word' id='word_1_185' title='bbox 1884 2468 2024 2522; x_wconf 90' lang='lat' dir='ltr'><strong>intus</strong></span> 
     </span>
    </p>
   </div>
   <div class='ocr_carea' id='block_1_25' title="bbox 464 2558 2023 2631">
    <p class='ocr_par' dir='ltr' id='par_1_25' title="bbox 464 2558 2023 2631">
     <span class='ocr_line' id='line_1_25' title="bbox 464 2558 2023 2631; baseline -0.003 -15"><span class='ocrx_word' id='word_1_186' title='bbox 464 2573 709 2631; x_wconf 83' lang='lat' dir='ltr'><strong>tauquam</strong></span> <span class='ocrx_word' id='word_1_187' title='bbox 749 2562 802 2614; x_wconf 90' lang='lat' dir='ltr'><strong>in</strong></span> <span class='ocrx_word' id='word_1_188' title='bbox 845 2560 1115 2614; x_wconf 89' lang='lat' dir='ltr'><strong>involucro</strong></span> <span class='ocrx_word' id='word_1_189' title='bbox 1156 2560 1384 2628; x_wconf 86' lang='lat' dir='ltr'><strong>positum</strong></span> <span class='ocrx_word' id='word_1_190' title='bbox 1414 2558 1704 2614; x_wconf 78' lang='lat' dir='ltr'><strong>forinsecus</strong></span> <span class='ocrx_word' id='word_1_191' title='bbox 1733 2569 2023 2628; x_wconf 83' lang='lat' dir='ltr'><strong>pertracta-</strong></span> 
     </span>
    </p>
   </div>
   <div class='ocr_carea' id='block_1_26' title="bbox 464 2647 2023 2720">
    <p class='ocr_par' dir='ltr' id='par_1_26' title="bbox 464 2647 2023 2720">
     <span class='ocr_line' id='line_1_26' title="bbox 464 2647 2023 2720; baseline -0.001 -15"><span class='ocrx_word' id='word_1_192' title='bbox 464 2651 567 2713; x_wconf 89' lang='lat' dir='ltr'><strong>hit;</strong></span> <span class='ocrx_word' id='word_1_193' title='bbox 598 2650 723 2719; x_wconf 87' lang='lat' dir='ltr'><strong>quid</strong></span> <span class='ocrx_word' id='word_1_194' title='bbox 749 2649 818 2704; x_wconf 90' lang='lat' dir='ltr'><strong>ibi</strong></span> <span class='ocrx_word' id='word_1_195' title='bbox 846 2650 915 2703; x_wconf 90' lang='lat' dir='ltr'><strong>sit</strong></span> <span class='ocrx_word' id='word_1_196' title='bbox 946 2649 1132 2704; x_wconf 87' lang='lat' dir='ltr'><strong>nescit.</strong></span> <span class='ocrx_word' id='word_1_197' title='bbox 1165 2647 1358 2702; x_wconf 82' lang='lat' dir='ltr'><strong>Asinus</strong></span> <span class='ocrx_word' id='word_1_198' title='bbox 1382 2658 1437 2703; x_wconf 92' lang='lat' dir='ltr'><strong>et</strong></span> <span class='ocrx_word' id='word_1_199' title='bbox 1465 2647 1559 2702; x_wconf 92' lang='lat' dir='ltr'><strong>bos</strong></span> <span class='ocrx_word' id='word_1_200' title='bbox 1582 2649 1777 2718; x_wconf 91' lang='lat' dir='ltr'><strong>aliquid</strong></span> <span class='ocrx_word' id='word_1_201' title='bbox 1819 2649 2023 2720; x_wconf 82' lang='lat' dir='ltr'><strong>signiﬁ-</strong></span> 
     </span>
    </p>
   </div>
   <div class='ocr_carea' id='block_1_27' title="bbox 460 2739 2018 2811">
    <p class='ocr_par' dir='ltr' id='par_1_27' title="bbox 460 2739 2018 2811">
     <span class='ocr_line' id='line_1_27' title="bbox 460 2739 2018 2811; baseline 0.001 -16"><span class='ocrx_word' id='word_1_202' title='bbox 460 2753 601 2796; x_wconf 78' lang='lat' dir='ltr'><strong>cant.</strong></span> <span class='ocrx_word' id='word_1_203' title='bbox 645 2741 779 2809; x_wconf 87' lang='lat' dir='ltr'><strong>Quid</strong></span> <span class='ocrx_word' id='word_1_204' title='bbox 814 2755 941 2811; x_wconf 80' lang='lat' dir='ltr'><strong>ergo</strong></span> <span class='ocrx_word' id='word_1_205' title='bbox 969 2740 1162 2794; x_wconf 89' lang='lat' dir='ltr'><strong>dicitur</strong></span> <span class='ocrx_word' id='word_1_206' title='bbox 1185 2739 1383 2794; x_wconf 89' lang='lat' dir='ltr'><strong>homini</strong></span> <span class='ocrx_word' id='word_1_207' title='bbox 1410 2739 1519 2809; x_wconf 87' lang='lat' dir='ltr'><strong>jam</strong></span> <span class='ocrx_word' id='word_1_208' title='bbox 1549 2740 1893 2809; x_wconf 86' lang='lat' dir='ltr'><strong>pronuntiare</strong></span> <span class='ocrx_word' id='word_1_209' title='bbox 1922 2756 2018 2796; x_wconf 84' lang='lat' dir='ltr'><strong>vo-</strong></span> 
     </span>
    </p>
   </div>
   <div class='ocr_carea' id='block_1_28' title="bbox 463 2832 2022 2904">
    <p class='ocr_par' dir='ltr' id='par_1_28' title="bbox 463 2832 2022 2904">
     <span class='ocr_line' id='line_1_28' title="bbox 463 2832 2022 2904; baseline -0.001 -16"><span class='ocrx_word' id='word_1_210' title='bbox 463 2834 625 2889; x_wconf 83' lang='lat' dir='ltr'><strong>lenti?</strong></span> <span class='ocrx_word' id='word_1_211' title='bbox 659 2835 944 2904; x_wconf 83' lang='lat' dir='ltr'><strong>Exspecta;</strong></span> <span class='ocrx_word' id='word_1_212' title='bbox 976 2834 1211 2887; x_wconf 90' lang='lat' dir='ltr'><strong>clausum</strong></span> <span class='ocrx_word' id='word_1_213' title='bbox 1238 2841 1320 2887; x_wconf 91' lang='lat' dir='ltr'><strong>est</strong></span> <span class='ocrx_word' id='word_1_214' title='bbox 1343 2832 1480 2901; x_wconf 89' lang='lat' dir='ltr'><strong>quod</strong></span> <span class='ocrx_word' id='word_1_215' title='bbox 1509 2836 1697 2903; x_wconf 82' lang='lat' dir='ltr'><strong>tangis,</strong></span> <span class='ocrx_word' id='word_1_216' title='bbox 1726 2842 1911 2889; x_wconf 86' lang='lat' dir='ltr'><strong>excute</strong></span> <span class='ocrx_word' id='word_1_217' title='bbox 1941 2833 2022 2888; x_wconf 91' lang='lat' dir='ltr'><strong>in-</strong></span> 
     </span>
    </p>
   </div>
   <div class='ocr_carea' id='block_1_29' title="bbox 458 2921 2021 2992">
    <p class='ocr_par' dir='ltr' id='par_1_29' title="bbox 458 2921 2021 2992">
     <span class='ocr_line' id='line_1_29' title="bbox 458 2921 2021 2992; baseline -0.001 -12"><span class='ocrx_word' id='word_1_218' title='bbox 458 2925 734 2980; x_wconf 81' lang='lat' dir='ltr'><strong>volucrum</strong></span> <span class='ocrx_word' id='word_1_219' title='bbox 770 2942 783 2977; x_wconf 90' lang='lat'><strong>:</strong></span> <span class='ocrx_word' id='word_1_220' title='bbox 817 2921 1082 2991; x_wconf 84' lang='lat' dir='ltr'><strong>Pmpheta</strong></span> <span class='ocrx_word' id='word_1_221' title='bbox 1134 2921 1314 2978; x_wconf 90' lang='lat' dir='ltr'><strong>nescio</strong></span> <span class='ocrx_word' id='word_1_222' title='bbox 1356 2921 1480 2992; x_wconf 90' lang='lat' dir='ltr'><strong>quid</strong></span> <span class='ocrx_word' id='word_1_223' title='bbox 1525 2922 1629 2977; x_wconf 89' lang='lat' dir='ltr'><strong>illis</strong></span> <span class='ocrx_word' id='word_1_224' title='bbox 1676 2923 2021 2979; x_wconf 88' lang='lat' dir='ltr'><strong>velaminibus</strong></span> 
     </span>
    </p>
   </div>
   <div class='ocr_carea' id='block_1_30' title="bbox 458 3014 2019 3086">
    <p class='ocr_par' dir='ltr' id='par_1_30' title="bbox 458 3014 2019 3086">
     <span class='ocr_line' id='line_1_30' title="bbox 458 3014 2019 3086; baseline 0 -16"><span class='ocrx_word' id='word_1_225' title='bbox 458 3017 731 3070; x_wconf 80' lang='lat' dir='ltr'><strong>nominum</strong></span> <span class='ocrx_word' id='word_1_226' title='bbox 758 3016 915 3078; x_wconf 84' lang='lat' dir='ltr'><strong>texit;</strong></span> <span class='ocrx_word' id='word_1_227' title='bbox 940 3024 994 3069; x_wconf 90' lang='lat' dir='ltr'><strong>et</strong></span> <span class='ocrx_word' id='word_1_228' title='bbox 1017 3014 1196 3068; x_wconf 88' lang='lat' dir='ltr'><strong>nescio</strong></span> <span class='ocrx_word' id='word_1_229' title='bbox 1216 3029 1369 3083; x_wconf 88' lang='lat' dir='ltr'><strong>quem</strong></span> <span class='ocrx_word' id='word_1_230' title='bbox 1396 3014 1625 3081; x_wconf 92' lang='lat' dir='ltr'><strong>asinum,</strong></span> <span class='ocrx_word' id='word_1_231' title='bbox 1661 3016 1841 3070; x_wconf 89' lang='lat' dir='ltr'><strong>nescio</strong></span> <span class='ocrx_word' id='word_1_232' title='bbox 1863 3029 2019 3086; x_wconf 88' lang='lat' dir='ltr'><strong>quem</strong></span> 
     </span>
    </p>
   </div>
   <div class='ocr_carea' id='block_1_31' title="bbox 459 3104 2015 3176">
    <p class='ocr_par' dir='ltr' id='par_1_31' title="bbox 459 3104 2015 3176">
     <span class='ocr_line' id='line_1_31' title="bbox 459 3104 2015 3176; baseline 0.001 -17"><span class='ocrx_word' id='word_1_233' title='bbox 459 3110 645 3162; x_wconf 67' lang='lat' dir='ltr'><strong>bovem</strong></span> <span class='ocrx_word' id='word_1_234' title='bbox 692 3107 971 3176; x_wconf 76' lang='lat' dir='ltr'><strong>signiﬁcat.</strong></span> <span class='ocrx_word' id='word_1_235' title='bbox 1018 3104 1147 3160; x_wconf 90' lang='lat' dir='ltr'><strong>Nam</strong></span> <span class='ocrx_word' id='word_1_236' title='bbox 1175 3105 1355 3158; x_wconf 87' lang='lat' dir='ltr'><strong>asinus</strong></span> <span class='ocrx_word' id='word_1_237' title='bbox 1381 3105 1433 3159; x_wconf 94' lang='lat' dir='ltr'><strong>in</strong></span> <span class='ocrx_word' id='word_1_238' title='bbox 1461 3105 1623 3174; x_wconf 80' lang='lat' dir='ltr'><strong>ﬁgura</strong></span> <span class='ocrx_word' id='word_1_239' title='bbox 1666 3106 1843 3176; x_wconf 88' lang='lat' dir='ltr'><strong>populi</strong></span> <span class='ocrx_word' id='word_1_240' title='bbox 1891 3108 2015 3171; x_wconf 86' lang='lat' dir='ltr'><strong>Dei.</strong></span> 
     </span>
    </p>
   </div>
   <div class='ocr_carea' id='block_1_32' title="bbox 458 3196 2019 3266">
    <p class='ocr_par' dir='ltr' id='par_1_32' title="bbox 458 3196 2019 3266">
     <span class='ocr_line' id='line_1_32' title="bbox 458 3196 2019 3266; baseline 0.002 -17"><span class='ocrx_word' id='word_1_241' title='bbox 458 3200 745 3266; x_wconf 72' lang='lat' dir='ltr'><strong>iumentum</strong></span> <span class='ocrx_word' id='word_1_242' title='bbox 794 3196 883 3249; x_wconf 80' lang='lat' dir='ltr'><strong>Dei</strong></span> <span class='ocrx_word' id='word_1_243' title='bbox 926 3202 1038 3258; x_wconf 87' lang='lat' dir='ltr'><strong>est,</strong></span> <span class='ocrx_word' id='word_1_244' title='bbox 1070 3205 1283 3262; x_wconf 86' lang='lat' dir='ltr'><strong>portans</strong></span> <span class='ocrx_word' id='word_1_245' title='bbox 1320 3202 1585 3249; x_wconf 74' lang='lat' dir='ltr'><strong>Sessorem</strong></span> <span class='ocrx_word' id='word_1_246' title='bbox 1634 3196 1911 3250; x_wconf 87' lang='lat' dir='ltr'><strong>Dominum</strong></span> <span class='ocrx_word' id='word_1_247' title='bbox 1954 3214 2019 3253; x_wconf 88' lang='lat' dir='ltr'><strong>ne</strong></span> 
     </span>
    </p>
   </div>
   <div class='ocr_carea' id='block_1_33' title="bbox 458 3282 2019 3354">
    <p class='ocr_par' dir='ltr' id='par_1_33' title="bbox 458 3282 2019 3354">
     <span class='ocr_line' id='line_1_33' title="bbox 458 3282 2019 3354; baseline 0.003 -18"><span class='ocrx_word' id='word_1_248' title='bbox 458 3297 598 3339; x_wconf 77' lang='lat' dir='ltr'><strong>erret</strong></span> <span class='ocrx_word' id='word_1_249' title='bbox 625 3286 674 3338; x_wconf 88' lang='lat' dir='ltr'><strong>in</strong></span> <span class='ocrx_word' id='word_1_250' title='bbox 706 3286 788 3337; x_wconf 84' lang='lat' dir='ltr'><strong>via</strong></span> <span class='ocrx_word' id='word_1_251' title='bbox 815 3302 825 3335; x_wconf 78' lang='grc' dir='ltr'><strong><em>τ</em></strong></span> <span class='ocrx_word' id='word_1_252' title='bbox 853 3293 905 3338; x_wconf 91' lang='lat' dir='ltr'><strong>et</strong></span> <span class='ocrx_word' id='word_1_253' title='bbox 935 3285 1029 3337; x_wconf 88' lang='lat' dir='ltr'><strong>bos</strong></span> <span class='ocrx_word' id='word_1_254' title='bbox 1056 3282 1144 3341; x_wconf 91' lang='lat' dir='ltr'><strong>ille</strong></span> <span class='ocrx_word' id='word_1_255' title='bbox 1172 3282 1239 3337; x_wconf 89' lang='lat' dir='ltr'><strong>de</strong></span> <span class='ocrx_word' id='word_1_256' title='bbox 1265 3298 1372 3352; x_wconf 89' lang='lat' dir='ltr'><strong>quo</strong></span> <span class='ocrx_word' id='word_1_257' title='bbox 1400 3283 1527 3338; x_wconf 91' lang='lat' dir='ltr'><strong>dicit</strong></span> <span class='ocrx_word' id='word_1_258' title='bbox 1555 3286 1869 3354; x_wconf 83' lang='lat' dir='ltr'><strong>Apostolus,</strong></span> <span class='ocrx_word' id='word_1_259' title='bbox 1895 3287 2019 3341; x_wconf 82' lang='lat' dir='ltr'><strong>Bovi</strong></span> 
     </span>
    </p>
   </div>
   <div class='ocr_carea' id='block_1_34' title="bbox 460 3372 2017 3445">
    <p class='ocr_par' dir='ltr' id='par_1_34' title="bbox 460 3372 2017 3445">
     <span class='ocr_line' id='line_1_34' title="bbox 460 3372 2017 3445; baseline 0.003 -18"><span class='ocrx_word' id='word_1_260' title='bbox 460 3376 712 3429; x_wconf 84' lang='lat' dir='ltr'><strong>tritvronti</strong></span> <span class='ocrx_word' id='word_1_261' title='bbox 738 3392 793 3429; x_wconf 91' lang='lat' dir='ltr'><strong>os</strong></span> <span class='ocrx_word' id='word_1_262' title='bbox 820 3392 919 3428; x_wconf 84' lang='lat' dir='ltr'><strong>non</strong></span> <span class='ocrx_word' id='word_1_263' title='bbox 945 3374 1241 3443; x_wconf 80' lang='lat' dir='ltr'><strong>infrenabis.</strong></span> <span class='ocrx_word' id='word_1_264' title='bbox 1269 3372 1533 3445; x_wconf 83' lang='lat' dir='ltr'><strong>Numquid</strong></span> <span class='ocrx_word' id='word_1_265' title='bbox 1574 3374 1637 3428; x_wconf 90' lang='lat' dir='ltr'><strong>de</strong></span> <span class='ocrx_word' id='word_1_266' title='bbox 1672 3373 1825 3429; x_wconf 86' lang='lat' dir='ltr'><strong>bobus</strong></span> <span class='ocrx_word' id='word_1_267' title='bbox 1866 3378 2017 3444; x_wconf 83' lang='lat' dir='ltr'><strong>perti-</strong></span> 
     </span>
    </p>
   </div>
   <div class='ocr_carea' id='block_1_35' title="bbox 459 3454 2012 3545">
    <p class='ocr_par' dir='ltr' id='par_1_35' title="bbox 459 3454 2012 3545">
     <span class='ocr_line' id='line_1_35' title="bbox 459 3454 2012 3545; baseline 0.001 -25"><span class='ocrx_word' id='word_1_268' title='bbox 459 3479 536 3521; x_wconf 80' lang='lat' dir='ltr'><strong>net</strong></span> <span class='ocrx_word' id='word_1_269' title='bbox 566 3468 631 3519; x_wconf 86' lang='lat' dir='ltr'><strong>ad</strong></span> <span class='ocrx_word' id='word_1_270' title='bbox 662 3464 844 3530; x_wconf 85' lang='lat' dir='ltr'><strong>Deum,</strong></span> <span class='ocrx_word' id='word_1_271' title='bbox 865 3465 1026 3518; x_wconf 77' lang='lat' dir='ltr'><strong>dixit?</strong></span> <span class='ocrx_word' id='word_1_272' title='bbox 1052 3463 1156 3518; x_wconf 88' lang='lat' dir='ltr'><strong>Sed</strong></span> <span class='ocrx_word' id='word_1_273' title='bbox 1181 3472 1383 3535; x_wconf 83' lang='lat' dir='ltr'><strong>prepter</strong></span> <span class='ocrx_word' id='word_1_274' title='bbox 1405 3454 1791 3534; x_wconf 44' lang='lat' dir='ltr'><strong>nob&#39;Scriptura</strong></span> <span class='ocrx_word' id='word_1_275' title='bbox 1823 3468 1943 3545; x_wconf 72' lang='lat' dir='ltr'><strong>dicit</strong></span> <span class='ocrx_word' id='word_1_276' title='bbox 1972 3470 2012 3536; x_wconf 88' lang='grc' dir='ltr'><strong>(Ι</strong></span> 
     </span>
    </p>
   </div>
   <div class='ocr_carea' id='block_1_36' title="bbox 452 3554 2014 3625">
    <p class='ocr_par' dir='ltr' id='par_1_36' title="bbox 452 3554 2014 3625">
     <span class='ocr_line' id='line_1_36' title="bbox 452 3554 2014 3625; baseline 0.004 -18"><span class='ocrx_word' id='word_1_277' title='bbox 452 3559 572 3611; x_wconf 72' lang='grc' dir='ltr'><strong>Ιῗον.</strong></span> <span class='ocrx_word' id='word_1_278' title='bbox 596 3574 669 3622; x_wconf 82' lang='lat' dir='ltr'><strong>1x,</strong></span> <span class='ocrx_word' id='word_1_279' title='bbox 694 3557 747 3618; x_wconf 88' lang='lat'><strong>9.</strong></span> <span class='ocrx_word' id='word_1_280' title='bbox 778 3556 885 3625; x_wconf 84' lang='grc'><strong>10).</strong></span> <span class='ocrx_word' id='word_1_281' title='bbox 913 3554 1098 3610; x_wconf 77' lang='lat' dir='ltr'><strong>Omnis</strong></span> <span class='ocrx_word' id='word_1_282' title='bbox 1118 3569 1247 3624; x_wconf 81' lang='lat' dir='ltr'><strong>ergo</strong></span> <span class='ocrx_word' id='word_1_283' title='bbox 1266 3555 1354 3623; x_wconf 91' lang='lat' dir='ltr'><strong>qui</strong></span> <span class='ocrx_word' id='word_1_284' title='bbox 1386 3554 1633 3624; x_wconf 61' lang='lat' dir='ltr'><strong>praedicat</strong></span> <span class='ocrx_word' id='word_1_285' title='bbox 1655 3557 1872 3611; x_wconf 78' lang='lat' dir='ltr'><strong>verbum</strong></span> <span class='ocrx_word' id='word_1_286' title='bbox 1904 3559 2014 3624; x_wconf 89' lang='lat' dir='ltr'><strong>Dei,</strong></span> 
     </span>
    </p>
   </div>
   <div class='ocr_carea' id='block_1_37' title="bbox 459 3642 2016 3718">
    <p class='ocr_par' dir='ltr' id='par_1_37' title="bbox 459 3642 2016 3718">
     <span class='ocr_line' id='line_1_37' title="bbox 459 3642 2016 3718; baseline 0.001 -15"><span class='ocrx_word' id='word_1_287' title='bbox 459 3659 656 3712; x_wconf 88' lang='lat' dir='ltr'><strong>monet,</strong></span> <span class='ocrx_word' id='word_1_288' title='bbox 687 3648 947 3718; x_wconf 76' lang='lat' dir='ltr'><strong>obiurgat,</strong></span> <span class='ocrx_word' id='word_1_289' title='bbox 974 3656 1165 3709; x_wconf 87' lang='lat' dir='ltr'><strong>terret;</strong></span> <span class='ocrx_word' id='word_1_290' title='bbox 1197 3642 1405 3701; x_wconf 74' lang='lat' dir='ltr'><strong>tritufat</strong></span> <span class='ocrx_word' id='word_1_291' title='bbox 1429 3662 1631 3712; x_wconf 90' lang='lat' dir='ltr'><strong>aream,</strong></span> <span class='ocrx_word' id='word_1_292' title='bbox 1662 3657 1715 3702; x_wconf 88' lang='lat' dir='ltr'><strong>et</strong></span> <span class='ocrx_word' id='word_1_293' title='bbox 1745 3649 1893 3705; x_wconf 84' lang='lat' dir='ltr'><strong>bovis</strong></span> <span class='ocrx_word' id='word_1_294' title='bbox 1920 3650 2016 3704; x_wconf 89' lang='lat' dir='ltr'><strong>im-</strong></span> 
     </span>
    </p>
   </div>
   <div class='ocr_carea' id='block_1_38' title="bbox 458 3737 2016 3810">
    <p class='ocr_par' dir='ltr' id='par_1_38' title="bbox 458 3737 2016 3810">
     <span class='ocr_line' id='line_1_38' title="bbox 458 3737 2016 3810; baseline 0.001 -16"><span class='ocrx_word' id='word_1_295' title='bbox 458 3744 565 3810; x_wconf 88' lang='lat' dir='ltr'><strong>plet</strong></span> <span class='ocrx_word' id='word_1_296' title='bbox 589 3738 1116 3795; x_wconf 80' lang='lat' dir='ltr'><strong>ofticium.Vcniebat</strong></span> <span class='ocrx_word' id='word_1_297' title='bbox 1145 3738 1240 3791; x_wconf 89' lang='lat' dir='ltr'><strong>bos</strong></span> <span class='ocrx_word' id='word_1_298' title='bbox 1265 3737 1332 3792; x_wconf 90' lang='lat' dir='ltr'><strong>de</strong></span> <span class='ocrx_word' id='word_1_299' title='bbox 1354 3748 1508 3807; x_wconf 82' lang='lat' dir='ltr'><strong>gente</strong></span> <span class='ocrx_word' id='word_1_300' title='bbox 1536 3738 1869 3806; x_wconf 68' lang='lat' dir='ltr'><strong>Judarornm;</strong></span> <span class='ocrx_word' id='word_1_301' title='bbox 1895 3742 2016 3797; x_wconf 90' lang='lat' dir='ltr'><strong>inde</strong></span> 
     </span>
    </p>
   </div>
   <div class='ocr_carea' id='block_1_39' title="bbox 457 3830 2018 3903">
    <p class='ocr_par' dir='ltr' id='par_1_39' title="bbox 457 3830 2018 3903">
     <span class='ocr_line' id='line_1_39' title="bbox 457 3830 2018 3903; baseline 0.003 -17"><span class='ocrx_word' id='word_1_302' title='bbox 457 3837 594 3890; x_wconf 76' lang='lat' dir='ltr'><strong>enim</strong></span> <span class='ocrx_word' id='word_1_303' title='bbox 640 3832 1018 3903; x_wconf 72' lang='lat' dir='ltr'><strong>praedicatores</strong></span> <span class='ocrx_word' id='word_1_304' title='bbox 1066 3830 1301 3900; x_wconf 88' lang='lat' dir='ltr'><strong>Apostoli</strong></span> <span class='ocrx_word' id='word_1_305' title='bbox 1331 3849 1344 3884; x_wconf 90' lang='lat'><strong>:</strong></span> <span class='ocrx_word' id='word_1_306' title='bbox 1372 3831 1620 3887; x_wconf 87' lang='lat' dir='ltr'><strong>veniebat</strong></span> <span class='ocrx_word' id='word_1_307' title='bbox 1655 3843 1708 3887; x_wconf 91' lang='lat' dir='ltr'><strong>et</strong></span> <span class='ocrx_word' id='word_1_308' title='bbox 1743 3835 1922 3889; x_wconf 79' lang='lat' dir='ltr'><strong>asinus</strong></span> <span class='ocrx_word' id='word_1_309' title='bbox 1951 3837 2018 3892; x_wconf 89' lang='lat' dir='ltr'><strong>de</strong></span> 
     </span>
    </p>
   </div>
   <div class='ocr_carea' id='block_1_40' title="bbox 455 3921 2012 3995">
    <p class='ocr_par' dir='ltr' id='par_1_40' title="bbox 455 3921 2012 3995">
     <span class='ocr_line' id='line_1_40' title="bbox 455 3921 2012 3995; baseline -0.001 -15"><span class='ocrx_word' id='word_1_310' title='bbox 455 3937 609 3993; x_wconf 71' lang='lat' dir='ltr'><strong>gente</strong></span> <span class='ocrx_word' id='word_1_311' title='bbox 638 3924 898 3995; x_wconf 64' lang='lat' dir='ltr'><strong>praeputii,</strong></span> <span class='ocrx_word' id='word_1_312' title='bbox 929 3923 979 3976; x_wconf 91' lang='lat' dir='ltr'><strong>id</strong></span> <span class='ocrx_word' id='word_1_313' title='bbox 1008 3931 1088 3976; x_wconf 89' lang='lat' dir='ltr'><strong>est</strong></span> <span class='ocrx_word' id='word_1_314' title='bbox 1111 3936 1139 3974; x_wconf 91' lang='lat' dir='ltr'><strong>a</strong></span> <span class='ocrx_word' id='word_1_315' title='bbox 1162 3921 1437 3977; x_wconf 88' lang='lat' dir='ltr'><strong>Gentibus.</strong></span> <span class='ocrx_word' id='word_1_316' title='bbox 1463 3922 1613 3976; x_wconf 86' lang='lat' dir='ltr'><strong>Venit</strong></span> <span class='ocrx_word' id='word_1_317' title='bbox 1638 3925 1778 3977; x_wconf 90' lang='lat' dir='ltr'><strong>enim</strong></span> <span class='ocrx_word' id='word_1_318' title='bbox 1806 3935 1862 3978; x_wconf 91' lang='lat' dir='ltr'><strong>ut</strong></span> <span class='ocrx_word' id='word_1_319' title='bbox 1890 3941 2012 3994; x_wconf 83' lang='lat' dir='ltr'><strong>por-</strong></span> 
     </span>
    </p>
   </div>
   <div class='ocr_carea' id='block_1_41' title="bbox 455 4012 2013 4087">
    <p class='ocr_par' dir='ltr' id='par_1_41' title="bbox 455 4012 2013 4087">
     <span class='ocr_line' id='line_1_41' title="bbox 455 4012 2013 4087; baseline 0.001 -18"><span class='ocrx_word' id='word_1_320' title='bbox 455 4028 589 4071; x_wconf 83' lang='lat' dir='ltr'><strong>taret</strong></span> <span class='ocrx_word' id='word_1_321' title='bbox 617 4017 892 4070; x_wconf 90' lang='lat' dir='ltr'><strong>Dominum</strong></span> <span class='ocrx_word' id='word_1_322' title='bbox 919 4031 933 4069; x_wconf 89' lang='lat'><strong>:</strong></span> <span class='ocrx_word' id='word_1_323' title='bbox 964 4021 1019 4069; x_wconf 88' lang='lat' dir='ltr'><strong>et</strong></span> <span class='ocrx_word' id='word_1_324' title='bbox 1046 4013 1167 4067; x_wconf 84' lang='lat' dir='ltr'><strong>ideo</strong></span> <span class='ocrx_word' id='word_1_325' title='bbox 1194 4014 1244 4067; x_wconf 91' lang='lat' dir='ltr'><strong>in</strong></span> <span class='ocrx_word' id='word_1_326' title='bbox 1275 4012 1426 4068; x_wconf 87' lang='lat' dir='ltr'><strong>asino</strong></span> <span class='ocrx_word' id='word_1_327' title='bbox 1454 4013 1589 4068; x_wconf 91' lang='lat' dir='ltr'><strong>sedit</strong></span> <span class='ocrx_word' id='word_1_328' title='bbox 1617 4015 1895 4081; x_wconf 88' lang='lat' dir='ltr'><strong>Dominus,</strong></span> <span class='ocrx_word' id='word_1_329' title='bbox 1927 4019 2013 4087; x_wconf 90' lang='lat' dir='ltr'><strong>qui</strong></span> 
     </span>
    </p>
   </div>
   <div class='ocr_carea' id='block_1_42' title="bbox 457 4103 2016 4178">
    <p class='ocr_par' dir='ltr' id='par_1_42' title="bbox 457 4103 2016 4178">
     <span class='ocr_line' id='line_1_42' title="bbox 457 4103 2016 4178; baseline 0 -16"><span class='ocrx_word' id='word_1_330' title='bbox 457 4123 719 4178; x_wconf 89' lang='lat' dir='ltr'><strong>nunquam</strong></span> <span class='ocrx_word' id='word_1_331' title='bbox 768 4114 1070 4175; x_wconf 87' lang='lat' dir='ltr'><strong>portaverat</strong></span> <span class='ocrx_word' id='word_1_332' title='bbox 1113 4103 1411 4168; x_wconf 91' lang='lat' dir='ltr'><strong>hominem;</strong></span> <span class='ocrx_word' id='word_1_333' title='bbox 1456 4104 1702 4173; x_wconf 89' lang='lat' dir='ltr'><strong>quoniam</strong></span> <span class='ocrx_word' id='word_1_334' title='bbox 1729 4105 1793 4160; x_wconf 89' lang='lat' dir='ltr'><strong>ad</strong></span> <span class='ocrx_word' id='word_1_335' title='bbox 1821 4106 2016 4162; x_wconf 89' lang='lat' dir='ltr'><strong>Gentes</strong></span> 
     </span>
    </p>
   </div>
   <div class='ocr_carea' id='block_1_43' title="bbox 456 4193 2014 4268">
    <p class='ocr_par' dir='ltr' id='par_1_43' title="bbox 456 4193 2014 4268">
     <span class='ocr_line' id='line_1_43' title="bbox 456 4193 2014 4268; baseline 0 -17"><span class='ocrx_word' id='word_1_336' title='bbox 456 4199 560 4253; x_wconf 80' lang='lat' dir='ltr'><strong>Lex</strong></span> <span class='ocrx_word' id='word_1_337' title='bbox 592 4213 693 4250; x_wconf 91' lang='lat' dir='ltr'><strong>non</strong></span> <span class='ocrx_word' id='word_1_338' title='bbox 724 4206 837 4251; x_wconf 90' lang='lat' dir='ltr'><strong>erat</strong></span> <span class='ocrx_word' id='word_1_339' title='bbox 867 4195 1043 4259; x_wconf 89' lang='lat' dir='ltr'><strong>missa,</strong></span> <span class='ocrx_word' id='word_1_340' title='bbox 1078 4209 1176 4249; x_wconf 91' lang='lat' dir='ltr'><strong>nec</strong></span> <span class='ocrx_word' id='word_1_341' title='bbox 1204 4193 1504 4264; x_wconf 70' lang='lat' dir='ltr'><strong>Prophetre.</strong></span> <span class='ocrx_word' id='word_1_342' title='bbox 1530 4195 1669 4266; x_wconf 82' lang='lat' dir='ltr'><strong>Ergo</strong></span> <span class='ocrx_word' id='word_1_343' title='bbox 1693 4198 1812 4268; x_wconf 86' lang='lat' dir='ltr'><strong>quia</strong></span> <span class='ocrx_word' id='word_1_344' title='bbox 1836 4197 2014 4253; x_wconf 91' lang='lat' dir='ltr'><strong>Domi-</strong></span> 
     </span>
    </p>
   </div>
   <div class='ocr_carea' id='block_1_44' title="bbox 454 4282 2012 4354">
    <p class='ocr_par' dir='ltr' id='par_1_44' title="bbox 454 4282 2012 4354">
     <span class='ocr_line' id='line_1_44' title="bbox 454 4282 2012 4354; baseline 0.001 -13"><span class='ocrx_word' id='word_1_345' title='bbox 454 4301 556 4341; x_wconf 87' lang='lat' dir='ltr'><strong>nus</strong></span> <span class='ocrx_word' id='word_1_346' title='bbox 581 4295 761 4340; x_wconf 89' lang='lat' dir='ltr'><strong>noster</strong></span> <span class='ocrx_word' id='word_1_347' title='bbox 784 4285 939 4339; x_wconf 89' lang='lat' dir='ltr'><strong>.lesus</strong></span> <span class='ocrx_word' id='word_1_348' title='bbox 962 4282 1203 4339; x_wconf 90' lang='lat' dir='ltr'><strong>Christus</strong></span> <span class='ocrx_word' id='word_1_349' title='bbox 1234 4283 1428 4338; x_wconf 88' lang='lat' dir='ltr'><strong>cibaria</strong></span> <span class='ocrx_word' id='word_1_350' title='bbox 1471 4295 1648 4340; x_wconf 87' lang='lat' dir='ltr'><strong>nostra</strong></span> <span class='ocrx_word' id='word_1_351' title='bbox 1679 4287 1842 4342; x_wconf 92' lang='lat' dir='ltr'><strong>voluit</strong></span> <span class='ocrx_word' id='word_1_352' title='bbox 1864 4303 2012 4354; x_wconf 89' lang='lat' dir='ltr'><strong>esse,</strong></span> 
     </span>
    </p>
   </div>
   <div class='ocr_carea' id='block_1_45' title="bbox 455 4373 2017 4448">
    <p class='ocr_par' dir='ltr' id='par_1_45' title="bbox 455 4373 2017 4448">
     <span class='ocr_line' id='line_1_45' title="bbox 455 4373 2017 4448; baseline 0 -17"><span class='ocrx_word' id='word_1_353' title='bbox 455 4388 509 4432; x_wconf 90' lang='lat' dir='ltr'><strong>et</strong></span> <span class='ocrx_word' id='word_1_354' title='bbox 538 4384 814 4446; x_wconf 86' lang='lat' dir='ltr'><strong>propterea</strong></span> <span class='ocrx_word' id='word_1_355' title='bbox 835 4382 988 4428; x_wconf 89' lang='lat' dir='ltr'><strong>natus</strong></span> <span class='ocrx_word' id='word_1_356' title='bbox 1013 4373 1064 4427; x_wconf 92' lang='lat' dir='ltr'><strong>in</strong></span> <span class='ocrx_word' id='word_1_357' title='bbox 1093 4373 1348 4442; x_wconf 84' lang='lat' dir='ltr'><strong>praesepio</strong></span> <span class='ocrx_word' id='word_1_358' title='bbox 1370 4373 1659 4429; x_wconf 88' lang='lat' dir='ltr'><strong>collocatus</strong></span> <span class='ocrx_word' id='word_1_359' title='bbox 1684 4386 1798 4441; x_wconf 90' lang='lat' dir='ltr'><strong>est;</strong></span> <span class='ocrx_word' id='word_1_360' title='bbox 1822 4376 2017 4448; x_wconf 85' lang='lat' dir='ltr'><strong>Cogno-</strong></span> 
     </span>
    </p>
   </div>
   <div class='ocr_carea' id='block_1_46' title="bbox 453 4464 2011 4535">
    <p class='ocr_par' dir='ltr' id='par_1_46' title="bbox 453 4464 2011 4535">
     <span class='ocr_line' id='line_1_46' title="bbox 453 4464 2011 4535; baseline 0 -14"><span class='ocrx_word' id='word_1_361' title='bbox 453 4469 521 4521; x_wconf 74' lang='lat' dir='ltr'><strong>vit</strong></span> <span class='ocrx_word' id='word_1_362' title='bbox 548 4469 632 4521; x_wconf 86' lang='lat' dir='ltr'><strong>bos</strong></span> <span class='ocrx_word' id='word_1_363' title='bbox 662 4480 991 4535; x_wconf 79' lang='lat' dir='ltr'><strong>possessorem</strong></span> <span class='ocrx_word' id='word_1_364' title='bbox 1010 4479 1176 4528; x_wconf 87' lang='lat' dir='ltr'><strong>suum,</strong></span> <span class='ocrx_word' id='word_1_365' title='bbox 1201 4472 1247 4517; x_wconf 86' lang='lat' dir='ltr'><strong>et</strong></span> <span class='ocrx_word' id='word_1_366' title='bbox 1263 4464 1433 4518; x_wconf 81' lang='lat' dir='ltr'><strong>asinus</strong></span> <span class='ocrx_word' id='word_1_367' title='bbox 1453 4480 1673 4535; x_wconf 65' lang='lat' dir='ltr'><strong>pratsepe</strong></span> <span class='ocrx_word' id='word_1_368' title='bbox 1696 4465 1895 4520; x_wconf 83' lang='lat' dir='ltr'><strong>Domini</strong></span> <span class='ocrx_word' id='word_1_369' title='bbox 1917 4469 2011 4521; x_wconf 82' lang='lat' dir='ltr'><strong>sui.</strong></span> 
     </span>
    </p>
   </div>
   <div class='ocr_carea' id='block_1_47' title="bbox 453 4552 2015 4624">
    <p class='ocr_par' dir='ltr' id='par_1_47' title="bbox 453 4552 2015 4624">
     <span class='ocr_line' id='line_1_47' title="bbox 453 4552 2015 4624; baseline 0.001 -13"><span class='ocrx_word' id='word_1_370' title='bbox 453 4557 555 4612; x_wconf 87' lang='lat' dir='ltr'><strong>Sed</strong></span> <span class='ocrx_word' id='word_1_371' title='bbox 599 4552 852 4624; x_wconf 91' lang='lat' dir='ltr'><strong>numquid</strong></span> <span class='ocrx_word' id='word_1_372' title='bbox 895 4554 994 4608; x_wconf 90' lang='lat' dir='ltr'><strong>ista</strong></span> <span class='ocrx_word' id='word_1_373' title='bbox 1023 4553 1263 4617; x_wconf 87' lang='lat' dir='ltr'><strong>exirent,</strong></span> <span class='ocrx_word' id='word_1_374' title='bbox 1304 4552 1404 4607; x_wconf 92' lang='lat' dir='ltr'><strong>nisi</strong></span> <span class='ocrx_word' id='word_1_375' title='bbox 1432 4566 1616 4607; x_wconf 85' lang='lat' dir='ltr'><strong>saccus</strong></span> <span class='ocrx_word' id='word_1_376' title='bbox 1644 4558 2015 4612; x_wconf 83' lang='lat' dir='ltr'><strong>excuteretur?</strong></span> 
     </span>
    </p>
   </div>
   <div class='ocr_carea' id='block_1_48' title="bbox 453 4643 2015 4715">
    <p class='ocr_par' dir='ltr' id='par_1_48' title="bbox 453 4643 2015 4715">
     <span class='ocr_line' id='line_1_48' title="bbox 453 4643 2015 4715; baseline 0 -13"><span class='ocrx_word' id='word_1_377' title='bbox 453 4646 562 4702; x_wconf 83' lang='lat' dir='ltr'><strong>Nisi</strong></span> <span class='ocrx_word' id='word_1_378' title='bbox 600 4644 873 4715; x_wconf 83' lang='lat' dir='ltr'><strong>prophetia</strong></span> <span class='ocrx_word' id='word_1_379' title='bbox 902 4643 1155 4707; x_wconf 89' lang='lat' dir='ltr'><strong>involuta,</strong></span> <span class='ocrx_word' id='word_1_380' title='bbox 1185 4643 1471 4698; x_wconf 87' lang='lat' dir='ltr'><strong>accedente</strong></span> <span class='ocrx_word' id='word_1_381' title='bbox 1496 4643 1758 4713; x_wconf 83' lang='lat' dir='ltr'><strong>diligentia</strong></span> <span class='ocrx_word' id='word_1_382' title='bbox 1789 4647 2015 4702; x_wconf 86' lang='lat' dir='ltr'><strong>discute-</strong></span> 
     </span>
    </p>
   </div>
   <div class='ocr_carea' id='block_1_49' title="bbox 456 4734 2016 4807">
    <p class='ocr_par' dir='ltr' id='par_1_49' title="bbox 456 4734 2016 4807">
     <span class='ocr_line' id='line_1_49' title="bbox 456 4734 2016 4807; baseline 0 -16"><span class='ocrx_word' id='word_1_383' title='bbox 456 4748 632 4799; x_wconf 86' lang='lat' dir='ltr'><strong>retur,</strong></span> <span class='ocrx_word' id='word_1_384' title='bbox 665 4734 917 4804; x_wconf 69' lang='lat' dir='ltr'><strong>tuumquid</strong></span> <span class='ocrx_word' id='word_1_385' title='bbox 946 4742 1130 4804; x_wconf 86' lang='lat' dir='ltr'><strong>operta</strong></span> <span class='ocrx_word' id='word_1_386' title='bbox 1160 4734 1366 4789; x_wconf 87' lang='lat' dir='ltr'><strong>exirent</strong></span> <span class='ocrx_word' id='word_1_387' title='bbox 1404 4734 1469 4787; x_wconf 89' lang='lat' dir='ltr'><strong>ad</strong></span> <span class='ocrx_word' id='word_1_388' title='bbox 1503 4734 1633 4789; x_wconf 88' lang='lat' dir='ltr'><strong>nos?</strong></span> <span class='ocrx_word' id='word_1_389' title='bbox 1675 4734 1859 4790; x_wconf 91' lang='lat' dir='ltr'><strong>Omnia</strong></span> <span class='ocrx_word' id='word_1_390' title='bbox 1889 4753 2016 4807; x_wconf 75' lang='lat' dir='ltr'><strong>ergo</strong></span> 
     </span>
    </p>
   </div>
   <div class='ocr_carea' id='block_1_50' title="bbox 452 4827 2016 4895">
    <p class='ocr_par' dir='ltr' id='par_1_50' title="bbox 452 4827 2016 4895">
     <span class='ocr_line' id='line_1_50' title="bbox 452 4827 2016 4895; baseline 0 -11"><span class='ocrx_word' id='word_1_391' title='bbox 452 4832 550 4885; x_wconf 87' lang='lat' dir='ltr'><strong>ista</strong></span> <span class='ocrx_word' id='word_1_392' title='bbox 576 4829 756 4883; x_wconf 86' lang='lat' dir='ltr'><strong>clausa</strong></span> <span class='ocrx_word' id='word_1_393' title='bbox 777 4836 964 4892; x_wconf 88' lang='lat' dir='ltr'><strong>erant,</strong></span> <span class='ocrx_word' id='word_1_394' title='bbox 992 4836 1273 4895; x_wconf 87' lang='lat' dir='ltr'><strong>antequam</strong></span> <span class='ocrx_word' id='word_1_395' title='bbox 1312 4827 1516 4881; x_wconf 84' lang='lat' dir='ltr'><strong>veniret</strong></span> <span class='ocrx_word' id='word_1_396' title='bbox 1555 4827 1827 4881; x_wconf 85' lang='lat' dir='ltr'><strong>Dominus.</strong></span> <span class='ocrx_word' id='word_1_397' title='bbox 1865 4830 2016 4885; x_wconf 81' lang='lat' dir='ltr'><strong>Venit</strong></span> 
     </span>
    </p>
   </div>
   <div class='ocr_carea' id='block_1_51' title="bbox 453 4915 2011 4985">
    <p class='ocr_par' dir='ltr' id='par_1_51' title="bbox 453 4915 2011 4985">
     <span class='ocr_line' id='line_1_51' title="bbox 453 4915 2011 4985; baseline -0.002 -9"><span class='ocrx_word' id='word_1_398' title='bbox 453 4920 705 4976; x_wconf 80' lang='lat' dir='ltr'><strong>Dominus</strong></span> <span class='ocrx_word' id='word_1_399' title='bbox 735 4925 790 4971; x_wconf 88' lang='lat' dir='ltr'><strong>et</strong></span> <span class='ocrx_word' id='word_1_400' title='bbox 812 4917 1045 4971; x_wconf 89' lang='lat' dir='ltr'><strong>excussit</strong></span> <span class='ocrx_word' id='word_1_401' title='bbox 1072 4916 1159 4970; x_wconf 88' lang='lat' dir='ltr'><strong>illa</strong></span> <span class='ocrx_word' id='word_1_402' title='bbox 1189 4916 1387 4978; x_wconf 87' lang='lat' dir='ltr'><strong>clausa,</strong></span> <span class='ocrx_word' id='word_1_403' title='bbox 1416 4925 1472 4970; x_wconf 90' lang='lat' dir='ltr'><strong>et</strong></span> <span class='ocrx_word' id='word_1_404' title='bbox 1500 4915 1825 4972; x_wconf 83' lang='lat' dir='ltr'><strong>manifestata</strong></span> <span class='ocrx_word' id='word_1_405' title='bbox 1856 4930 2011 4985; x_wconf 85' lang='lat' dir='ltr'><strong>sunt;</strong></span> 
     </span>
    </p>
   </div>
   <div class='ocr_carea' id='block_1_52' title="bbox 449 5005 2012 5078">
    <p class='ocr_par' dir='ltr' id='par_1_52' title="bbox 449 5005 2012 5078">
     <span class='ocr_line' id='line_1_52' title="bbox 449 5005 2012 5078; baseline -0.001 -12"><span class='ocrx_word' id='word_1_406' title='bbox 449 5009 656 5066; x_wconf 75' lang='lat' dir='ltr'><strong>excussi</strong></span> <span class='ocrx_word' id='word_1_407' title='bbox 703 5017 824 5061; x_wconf 88' lang='lat' dir='ltr'><strong>sunt</strong></span> <span class='ocrx_word' id='word_1_408' title='bbox 868 5005 1181 5074; x_wconf 74' lang='lat' dir='ltr'><strong>Prophette,</strong></span> <span class='ocrx_word' id='word_1_409' title='bbox 1227 5015 1281 5060; x_wconf 91' lang='lat' dir='ltr'><strong>et</strong></span> <span class='ocrx_word' id='word_1_410' title='bbox 1320 5007 1557 5076; x_wconf 73' lang='lat' dir='ltr'><strong>generati</strong></span> <span class='ocrx_word' id='word_1_411' title='bbox 1603 5017 1725 5062; x_wconf 90' lang='lat' dir='ltr'><strong>sunt</strong></span> <span class='ocrx_word' id='word_1_412' title='bbox 1755 5010 2012 5078; x_wconf 84' lang='lat' dir='ltr'><strong>Apostoli.</strong></span> 
     </span>
    </p>
   </div>
   <div class='ocr_carea' id='block_1_53' title="bbox 449 5097 2011 5173">
    <p class='ocr_par' dir='ltr' id='par_1_53' title="bbox 449 5097 2011 5173">
     <span class='ocr_line' id='line_1_53' title="bbox 449 5097 2011 5173; baseline -0.001 -15"><span class='ocrx_word' id='word_1_413' title='bbox 449 5104 581 5172; x_wconf 82' lang='lat' dir='ltr'><strong>Quia</strong></span> <span class='ocrx_word' id='word_1_414' title='bbox 604 5116 729 5173; x_wconf 73' lang='lat' dir='ltr'><strong>ergo</strong></span> <span class='ocrx_word' id='word_1_415' title='bbox 752 5099 989 5155; x_wconf 84' lang='lat' dir='ltr'><strong>excussis</strong></span> <span class='ocrx_word' id='word_1_416' title='bbox 1020 5097 1299 5167; x_wconf 73' lang='lat' dir='ltr'><strong>Prophetis</strong></span> <span class='ocrx_word' id='word_1_417' title='bbox 1324 5100 1557 5168; x_wconf 81' lang='lat' dir='ltr'><strong>generati</strong></span> <span class='ocrx_word' id='word_1_418' title='bbox 1588 5110 1708 5155; x_wconf 89' lang='lat' dir='ltr'><strong>sunt</strong></span> <span class='ocrx_word' id='word_1_419' title='bbox 1728 5141 1744 5167; x_wconf 95' lang='lat'><strong>,</strong></span> <span class='ocrx_word' id='word_1_420' title='bbox 1777 5103 2011 5170; x_wconf 86' lang='lat' dir='ltr'><strong>Apostoli</strong></span> 
     </span>
    </p>
   </div>
   <div class='ocr_carea' id='block_1_54' title="bbox 453 5186 2013 5262">
    <p class='ocr_par' dir='ltr' id='par_1_54' title="bbox 453 5186 2013 5262">
     <span class='ocr_line' id='line_1_54' title="bbox 453 5186 2013 5262; baseline -0.001 -14"><span class='ocrx_word' id='word_1_421' title='bbox 453 5194 540 5248; x_wconf 76' lang='lat' dir='ltr'><strong>lilii</strong></span> <span class='ocrx_word' id='word_1_422' title='bbox 580 5202 704 5247; x_wconf 87' lang='lat' dir='ltr'><strong>sunt</strong></span> <span class='ocrx_word' id='word_1_423' title='bbox 741 5200 1111 5245; x_wconf 73' lang='lat' dir='ltr'><strong>excessurum.</strong></span> <span class='ocrx_word' id='word_1_424' title='bbox 1155 5186 1256 5256; x_wconf 87' lang='lat' dir='ltr'><strong>Ipsi</strong></span> <span class='ocrx_word' id='word_1_425' title='bbox 1297 5188 1348 5241; x_wconf 93' lang='lat' dir='ltr'><strong>in</strong></span> <span class='ocrx_word' id='word_1_426' title='bbox 1389 5203 1546 5242; x_wconf 90' lang='lat' dir='ltr'><strong>manu</strong></span> <span class='ocrx_word' id='word_1_427' title='bbox 1589 5190 1816 5257; x_wconf 91' lang='lat' dir='ltr'><strong>potentis</strong></span> <span class='ocrx_word' id='word_1_428' title='bbox 1856 5194 2013 5262; x_wconf 85' lang='lat' dir='ltr'><strong>positi</strong></span> 
     </span>
    </p>
   </div>
   <div class='ocr_carea' id='block_1_55' title="bbox 453 5278 2008 5352">
    <p class='ocr_par' dir='ltr' id='par_1_55' title="bbox 453 5278 2008 5352">
     <span class='ocr_line' id='line_1_55' title="bbox 453 5278 2008 5352; baseline 0 -17"><span class='ocrx_word' id='word_1_429' title='bbox 453 5295 699 5352; x_wconf 78' lang='lat' dir='ltr'><strong>tanquam</strong></span> <span class='ocrx_word' id='word_1_430' title='bbox 731 5278 968 5350; x_wconf 66' lang='lat' dir='ltr'><strong>sagittae.</strong></span> <span class='ocrx_word' id='word_1_431' title='bbox 1011 5285 1363 5346; x_wconf 84' lang='lat' dir='ltr'><strong>pervenerunt</strong></span> <span class='ocrx_word' id='word_1_432' title='bbox 1391 5293 1557 5347; x_wconf 89' lang='lat' dir='ltr'><strong>usque</strong></span> <span class='ocrx_word' id='word_1_433' title='bbox 1587 5279 1637 5332; x_wconf 91' lang='lat' dir='ltr'><strong>in</strong></span> <span class='ocrx_word' id='word_1_434' title='bbox 1671 5279 1800 5335; x_wconf 87' lang='lat' dir='ltr'><strong>lines</strong></span> <span class='ocrx_word' id='word_1_435' title='bbox 1832 5291 2008 5337; x_wconf 69' lang='lat' dir='ltr'><strong>terrae.</strong></span> 
     </span>
    </p>
   </div>
   <div class='ocr_carea' id='block_1_56' title="bbox 459 5365 2017 5442">
    <p class='ocr_par' dir='ltr' id='par_1_56' title="bbox 459 5365 2017 5442">
     <span class='ocr_line' id='line_1_56' title="bbox 459 5365 2017 5442; baseline -0.001 -14"><span class='ocrx_word' id='word_1_436' title='bbox 459 5371 610 5428; x_wconf 82' lang='lat' dir='ltr'><strong>Unde</strong></span> <span class='ocrx_word' id='word_1_437' title='bbox 637 5372 740 5427; x_wconf 86' lang='lat' dir='ltr'><strong>dici</strong></span> <span class='ocrx_word' id='word_1_438' title='bbox 769 5371 925 5426; x_wconf 86' lang='lat' dir='ltr'><strong>habet</strong></span> <span class='ocrx_word' id='word_1_439' title='bbox 949 5368 1000 5424; x_wconf 92' lang='lat' dir='ltr'><strong>in</strong></span> <span class='ocrx_word' id='word_1_440' title='bbox 1030 5368 1168 5426; x_wconf 83' lang='lat' dir='ltr'><strong>line;</strong></span> <span class='ocrx_word' id='word_1_441' title='bbox 1193 5365 1325 5421; x_wconf 83' lang='lat' dir='ltr'><strong>Ecce</strong></span> <span class='ocrx_word' id='word_1_442' title='bbox 1349 5368 1615 5424; x_wconf 69' lang='lat' dir='ltr'><strong>Ita&#39;reditas</strong></span> <span class='ocrx_word' id='word_1_443' title='bbox 1642 5369 1863 5438; x_wconf 86' lang='lat' dir='ltr'><strong>Domini,</strong></span> <span class='ocrx_word' id='word_1_444' title='bbox 1895 5373 2017 5442; x_wconf 78' lang='lat' dir='ltr'><strong>ﬁlii,‘</strong></span> 
     </span>
    </p>
   </div>
   <div class='ocr_carea' id='block_1_57' title="bbox 452 5459 2012 5533">
    <p class='ocr_par' dir='ltr' id='par_1_57' title="bbox 452 5459 2012 5533">
     <span class='ocr_line' id='line_1_57' title="bbox 452 5459 2012 5533; baseline 0.001 -18"><span class='ocrx_word' id='word_1_445' title='bbox 452 5474 649 5516; x_wconf 65' lang='lat' dir='ltr'><strong>merces</strong></span> <span class='ocrx_word' id='word_1_446' title='bbox 667 5468 857 5533; x_wconf 75' lang='lat' dir='ltr'><strong>{ructus</strong></span> <span class='ocrx_word' id='word_1_447' title='bbox 886 5463 1087 5516; x_wconf 85' lang='lat' dir='ltr'><strong>ventris.</strong></span> <span class='ocrx_word' id='word_1_448' title='bbox 1116 5459 1247 5526; x_wconf 85' lang='lat' dir='ltr'><strong>Quia</strong></span> <span class='ocrx_word' id='word_1_449' title='bbox 1268 5459 1388 5515; x_wconf 89' lang='lat' dir='ltr'><strong>ideo</strong></span> <span class='ocrx_word' id='word_1_450' title='bbox 1412 5461 1478 5515; x_wconf 90' lang='lat' dir='ltr'><strong>de</strong></span> <span class='ocrx_word' id='word_1_451' title='bbox 1510 5461 1701 5517; x_wconf 89' lang='lat' dir='ltr'><strong>linibus</strong></span> <span class='ocrx_word' id='word_1_452' title='bbox 1727 5474 1878 5518; x_wconf 74' lang='lat' dir='ltr'><strong>terrm</strong></span> <span class='ocrx_word' id='word_1_453' title='bbox 1900 5468 2012 5519; x_wconf 89' lang='lat' dir='ltr'><strong>col-</strong></span> 
     </span>
    </p>
   </div>
   <div class='ocr_carea' id='block_1_58' title="bbox 446 5551 2016 5627">
    <p class='ocr_par' dir='ltr' id='par_1_58' title="bbox 446 5551 2016 5627">
     <span class='ocr_line' id='line_1_58' title="bbox 446 5551 2016 5627; baseline 0.004 -22"><span class='ocrx_word' id='word_1_454' title='bbox 446 5553 633 5622; x_wconf 78' lang='lat' dir='ltr'><strong>ligitur</strong></span> <span class='ocrx_word' id='word_1_455' title='bbox 661 5566 757 5607; x_wconf 78' lang='lat' dir='ltr'><strong>Ista</strong></span> <span class='ocrx_word' id='word_1_456' title='bbox 786 5552 1064 5608; x_wconf 74' lang='lat' dir='ltr'><strong>hmrcditas</strong></span> <span class='ocrx_word' id='word_1_457' title='bbox 1090 5570 1103 5610; x_wconf 91' lang='lat'><strong>:</strong></span> <span class='ocrx_word' id='word_1_458' title='bbox 1126 5552 1268 5621; x_wconf 84' lang='lat' dir='ltr'><strong>quia,</strong></span> <span class='ocrx_word' id='word_1_459' title='bbox 1296 5551 1443 5607; x_wconf 85' lang='lat' dir='ltr'><strong>Sicut</strong></span> <span class='ocrx_word' id='word_1_460' title='bbox 1461 5556 1656 5624; x_wconf 79' lang='lat' dir='ltr'><strong>sagitta:</strong></span> <span class='ocrx_word' id='word_1_461' title='bbox 1679 5556 1731 5609; x_wconf 88' lang='lat' dir='ltr'><strong>in</strong></span> <span class='ocrx_word' id='word_1_462' title='bbox 1753 5573 1904 5610; x_wconf 88' lang='lat' dir='ltr'><strong>manu</strong></span> <span class='ocrx_word' id='word_1_463' title='bbox 1925 5575 2016 5627; x_wconf 80' lang='lat' dir='ltr'><strong>po-</strong></span> 
     </span>
    </p>
   </div>
   <div class='ocr_carea' id='block_1_59' title="bbox 455 5643 2013 5716">
    <p class='ocr_par' dir='ltr' id='par_1_59' title="bbox 455 5643 2013 5716">
     <span class='ocr_line' id='line_1_59' title="bbox 455 5643 2013 5716; baseline 0.004 -19"><span class='ocrx_word' id='word_1_464' title='bbox 455 5643 635 5707; x_wconf 79' lang='lat' dir='ltr'><strong>lautis,</strong></span> <span class='ocrx_word' id='word_1_465' title='bbox 666 5645 736 5697; x_wconf 88' lang='lat' dir='ltr'><strong>sic</strong></span> <span class='ocrx_word' id='word_1_466' title='bbox 765 5645 858 5711; x_wconf 75' lang='lat' dir='ltr'><strong>ﬁlii</strong></span> <span class='ocrx_word' id='word_1_467' title='bbox 882 5659 1239 5708; x_wconf 70' lang='lat' dir='ltr'><strong>excussorum;</strong></span> <span class='ocrx_word' id='word_1_468' title='bbox 1266 5643 1317 5698; x_wconf 91' lang='lat' dir='ltr'><strong>id</strong></span> <span class='ocrx_word' id='word_1_469' title='bbox 1354 5652 1433 5698; x_wconf 91' lang='lat' dir='ltr'><strong>cst</strong></span> <span class='ocrx_word' id='word_1_470' title='bbox 1456 5684 1470 5708; x_wconf 93' lang='lat'><strong>,</strong></span> <span class='ocrx_word' id='word_1_471' title='bbox 1510 5645 1600 5699; x_wconf 88' lang='lat' dir='ltr'><strong>lilii</strong></span> <span class='ocrx_word' id='word_1_472' title='bbox 1632 5644 2013 5716; x_wconf 83' lang='lat' dir='ltr'><strong>Prophetarum</strong></span> 
     </span>
    </p>
   </div>
   <div class='ocr_carea' id='block_1_60' title="bbox 519 5753 1313 5815">
    <p class='ocr_par' dir='ltr' id='par_1_60' title="bbox 519 5753 1313 5815">
     <span class='ocr_line' id='line_1_60' title="bbox 519 5753 1313 5815; baseline 0.001 -13"><span class='ocrx_word' id='word_1_473' title='bbox 519 5757 535 5787; x_wconf 81' lang='grc' dir='ltr'>ι</span> <span class='ocrx_word' id='word_1_474' title='bbox 564 5753 692 5803; x_wconf 76' lang='lat' dir='ltr'><strong>Alter</strong></span> <span class='ocrx_word' id='word_1_475' title='bbox 716 5765 745 5802; x_wconf 88' lang='lat' dir='ltr'><strong>e</strong></span> <span class='ocrx_word' id='word_1_476' title='bbox 760 5755 895 5802; x_wconf 86' lang='lat' dir='ltr'><strong>Corb.</strong></span> <span class='ocrx_word' id='word_1_477' title='bbox 917 5761 1044 5815; x_wconf 68' lang='lat' dir='ltr'><strong>Mss,</strong></span> <span class='ocrx_word' id='word_1_478' title='bbox 1070 5755 1313 5805; x_wconf 83' lang='lat' dir='ltr'><strong>docttorcs</strong></span> 
     </span>
    </p>
   </div>
   <div class='ocr_carea' id='block_1_61' title="bbox 1677 336 2463 425">
    <p class='ocr_par' dir='ltr' id='par_1_61' title="bbox 1677 336 2463 425">
     <span class='ocr_line' id='line_1_61' title="bbox 1677 336 2463 425; baseline 0.006 -32"><span class='ocrx_word' id='word_1_479' title='bbox 1677 340 1735 393; x_wconf 89' lang='lat' dir='ltr'><strong>s.</strong></span> <span class='ocrx_word' id='word_1_480' title='bbox 1776 336 2134 396; x_wconf 80' lang='lat' dir='ltr'><strong>AUGUSTINI</strong></span> <span class='ocrx_word' id='word_1_481' title='bbox 2166 341 2463 425; x_wconf 77' lang='lat' dir='ltr'><strong>EPlSCOPl</strong></span> 
     </span>
    </p>
   </div>
   <div class='ocr_carea' id='block_1_62' title="bbox 3563 348 3698 404">
    <p class='ocr_par' dir='ltr' id='par_1_62' title="bbox 3563 348 3698 404">
     <span class='ocr_line' id='line_1_62' title="bbox 3563 348 3698 404; baseline 0 0"><span class='ocrx_word' id='word_1_482' title='bbox 3563 348 3698 404; x_wconf 70' lang='lat' dir='ltr'><strong>lb&#39;iﬁ</strong></span> 
     </span>
    </p>
   </div>
   <div class='ocr_carea' id='block_1_63' title="bbox 2130 460 3694 535">
    <p class='ocr_par' dir='ltr' id='par_1_63' title="bbox 2130 460 3694 535">
     <span class='ocr_line' id='line_1_63' title="bbox 2130 460 3694 535; baseline 0.008 -26"><span class='ocrx_word' id='word_1_483' title='bbox 2130 460 2367 527; x_wconf 76' lang='lat' dir='ltr'><strong>Apostoli</strong></span> <span class='ocrx_word' id='word_1_484' title='bbox 2412 461 2626 517; x_wconf 82' lang='lat' dir='ltr'><strong>luerunt</strong></span> <span class='ocrx_word' id='word_1_485' title='bbox 2653 466 2797 534; x_wconf 91' lang='lat' dir='ltr'><strong>quasi</strong></span> <span class='ocrx_word' id='word_1_486' title='bbox 2829 466 3031 535; x_wconf 75' lang='lat' dir='ltr'><strong>Sagittte</strong></span> <span class='ocrx_word' id='word_1_487' title='bbox 3062 467 3114 519; x_wconf 90' lang='lat' dir='ltr'><strong>in</strong></span> <span class='ocrx_word' id='word_1_488' title='bbox 3141 480 3298 520; x_wconf 90' lang='lat' dir='ltr'><strong>manu</strong></span> <span class='ocrx_word' id='word_1_489' title='bbox 3330 465 3586 535; x_wconf 86' lang='lat' dir='ltr'><strong>potentis.</strong></span> <span class='ocrx_word' id='word_1_490' title='bbox 3633 464 3694 521; x_wconf 89' lang='lat' dir='ltr'><strong>Si</strong></span> 
     </span>
    </p>
   </div>
   <div class='ocr_carea' id='block_1_64' title="bbox 2131 535 3692 626">
    <p class='ocr_par' dir='ltr' id='par_1_64' title="bbox 2131 535 3692 626">
     <span class='ocr_line' id='line_1_64' title="bbox 2131 535 3692 626; baseline 0.006 -25"><span class='ocrx_word' id='word_1_491' title='bbox 2131 559 2318 617; x_wconf 87' lang='lat' dir='ltr'><strong>potens</strong></span> <span class='ocrx_word' id='word_1_492' title='bbox 2344 535 2433 605; x_wconf 90' lang='lat' dir='ltr'><strong>ille</strong></span> <span class='ocrx_word' id='word_1_493' title='bbox 2452 596 2467 616; x_wconf 90' lang='lat'><strong>,</strong></span> <span class='ocrx_word' id='word_1_494' title='bbox 2503 562 2745 621; x_wconf 89' lang='lat' dir='ltr'><strong>potenter</strong></span> <span class='ocrx_word' id='word_1_495' title='bbox 2768 557 3037 620; x_wconf 74' lang='lat' dir='ltr'><strong>excussit;</strong></span> <span class='ocrx_word' id='word_1_496' title='bbox 3068 554 3112 611; x_wconf 89' lang='lat' dir='ltr'><strong>si</strong></span> <span class='ocrx_word' id='word_1_497' title='bbox 3155 564 3398 626; x_wconf 89' lang='lat' dir='ltr'><strong>potenter</strong></span> <span class='ocrx_word' id='word_1_498' title='bbox 3422 556 3692 624; x_wconf 89' lang='lat' dir='ltr'><strong>excussit,</strong></span> 
     </span>
    </p>
   </div>
   <div class='ocr_carea' id='block_1_65' title="bbox 2129 643 3530 718">
    <p class='ocr_par' dir='ltr' id='par_1_65' title="bbox 2129 643 3530 718">
     <span class='ocr_line' id='line_1_65' title="bbox 2129 643 3530 718; baseline 0.007 -27"><span class='ocrx_word' id='word_1_499' title='bbox 2129 656 2294 710; x_wconf 89' lang='lat' dir='ltr'><strong>usque</strong></span> <span class='ocrx_word' id='word_1_500' title='bbox 2326 643 2375 696; x_wconf 90' lang='lat' dir='ltr'><strong>in</strong></span> <span class='ocrx_word' id='word_1_501' title='bbox 2407 644 2536 698; x_wconf 82' lang='lat' dir='ltr'><strong>lines</strong></span> <span class='ocrx_word' id='word_1_502' title='bbox 2566 655 2718 700; x_wconf 77' lang='lat' dir='ltr'><strong>terra:</strong></span> <span class='ocrx_word' id='word_1_503' title='bbox 2745 657 3095 715; x_wconf 88' lang='lat' dir='ltr'><strong>pervenerunt</strong></span> <span class='ocrx_word' id='word_1_504' title='bbox 3121 663 3255 718; x_wconf 89' lang='lat' dir='ltr'><strong>quos</strong></span> <span class='ocrx_word' id='word_1_505' title='bbox 3278 648 3530 702; x_wconf 81' lang='lat' dir='ltr'><strong>excussit.</strong></span> 
     </span>
    </p>
   </div>
   <div class='ocr_carea' id='block_1_66' title="bbox 2198 732 3696 809">
    <p class='ocr_par' dir='ltr' id='par_1_66' title="bbox 2198 732 3696 809">
     <span class='ocr_line' id='line_1_66' title="bbox 2198 732 3696 809; baseline 0.004 -24"><span class='ocrx_word' id='word_1_506' title='bbox 2198 732 2282 801; x_wconf 72' lang='lat'><strong>1&#39;2.</strong></span> <span class='ocrx_word' id='word_1_507' title='bbox 2317 732 2465 805; x_wconf 78' lang='lat' dir='ltr'><strong>[vers.</strong></span> <span class='ocrx_word' id='word_1_508' title='bbox 2489 733 2566 807; x_wconf 82' lang='lat'><strong>5.]</strong></span> <span class='ocrx_word' id='word_1_509' title='bbox 2610 735 2795 792; x_wconf 85' lang='lat' dir='ltr'><strong>Beatus</strong></span> <span class='ocrx_word' id='word_1_510' title='bbox 2821 738 2968 792; x_wconf 83' lang='lat' dir='ltr'><strong>homo</strong></span> <span class='ocrx_word' id='word_1_511' title='bbox 3000 740 3086 806; x_wconf 80' lang='lat' dir='ltr'><strong>qui</strong></span> <span class='ocrx_word' id='word_1_512' title='bbox 3126 739 3347 809; x_wconf 80' lang='lat' dir='ltr'><strong>implevit</strong></span> <span class='ocrx_word' id='word_1_513' title='bbox 3390 738 3696 792; x_wconf 83' lang='lat' dir='ltr'><strong>desiderium</strong></span> 
     </span>
    </p>
   </div>
   <div class='ocr_carea' id='block_1_67' title="bbox 2126 825 3691 903">
    <p class='ocr_par' dir='ltr' id='par_1_67' title="bbox 2126 825 3691 903">
     <span class='ocr_line' id='line_1_67' title="bbox 2126 825 3691 903; baseline 0.004 -29"><span class='ocrx_word' id='word_1_514' title='bbox 2126 838 2273 875; x_wconf 86' lang='lat' dir='ltr'><strong>suum</strong></span> <span class='ocrx_word' id='word_1_515' title='bbox 2296 840 2358 877; x_wconf 80' lang='lat' dir='ltr'><strong>ea:</strong></span> <span class='ocrx_word' id='word_1_516' title='bbox 2381 827 2470 878; x_wconf 82' lang='lat' dir='ltr'><strong>eis.</strong></span> <span class='ocrx_word' id='word_1_517' title='bbox 2500 825 2613 890; x_wconf 84' lang='lat' dir='ltr'><strong>Eia,</strong></span> <span class='ocrx_word' id='word_1_518' title='bbox 2646 826 2831 903; x_wconf 75' lang='lat' dir='ltr'><strong>fratres</strong></span> <span class='ocrx_word' id='word_1_519' title='bbox 2861 828 2960 882; x_wconf 88' lang='lat' dir='ltr'><strong>mei</strong></span> <span class='ocrx_word' id='word_1_520' title='bbox 2983 869 2998 895; x_wconf 93' lang='lat'><strong>,</strong></span> <span class='ocrx_word' id='word_1_521' title='bbox 3030 829 3147 898; x_wconf 89' lang='lat' dir='ltr'><strong>quis</strong></span> <span class='ocrx_word' id='word_1_522' title='bbox 3174 829 3343 897; x_wconf 88' lang='lat' dir='ltr'><strong>replet</strong></span> <span class='ocrx_word' id='word_1_523' title='bbox 3366 827 3691 883; x_wconf 84' lang='lat' dir='ltr'><strong>desiderium</strong></span> 
     </span>
    </p>
   </div>
   <div class='ocr_carea' id='block_1_68' title="bbox 2127 915 3695 1003">
    <p class='ocr_par' dir='ltr' id='par_1_68' title="bbox 2127 915 3695 1003">
     <span class='ocr_line' id='line_1_68' title="bbox 2127 915 3695 1003; baseline 0.003 -39"><span class='ocrx_word' id='word_1_524' title='bbox 2127 928 2280 967; x_wconf 86' lang='lat' dir='ltr'><strong>suum</strong></span> <span class='ocrx_word' id='word_1_525' title='bbox 2309 930 2371 968; x_wconf 82' lang='lat' dir='ltr'><strong>ex</strong></span> <span class='ocrx_word' id='word_1_526' title='bbox 2401 915 2511 969; x_wconf 87' lang='lat' dir='ltr'><strong>eis?</strong></span> <span class='ocrx_word' id='word_1_527' title='bbox 2539 916 2636 983; x_wconf 88' lang='lat' dir='ltr'><strong>Qui</strong></span> <span class='ocrx_word' id='word_1_528' title='bbox 2670 933 2771 971; x_wconf 91' lang='lat' dir='ltr'><strong>non</strong></span> <span class='ocrx_word' id='word_1_529' title='bbox 2804 928 2945 973; x_wconf 82' lang='lat' dir='ltr'><strong>amat</strong></span> <span class='ocrx_word' id='word_1_530' title='bbox 2973 918 3245 973; x_wconf 55' lang='lat' dir='ltr'><strong>saeculum.</strong></span> <span class='ocrx_word' id='word_1_531' title='bbox 3289 919 3388 985; x_wconf 92' lang='lat' dir='ltr'><strong>Qui</strong></span> <span class='ocrx_word' id='word_1_532' title='bbox 3426 918 3695 1003; x_wconf 85' lang='lat' dir='ltr'><strong>desiderio</strong></span> 
     </span>
    </p>
   </div>
   <div class='ocr_carea' id='block_1_69' title="bbox 2126 990 3693 1082">
    <p class='ocr_par' dir='ltr' id='par_1_69' title="bbox 2126 990 3693 1082">
     <span class='ocr_line' id='line_1_69' title="bbox 2126 990 3693 1082; baseline 0.004 -24"><span class='ocrx_word' id='word_1_533' title='bbox 2126 990 2309 1060; x_wconf 69' lang='lat' dir='ltr'><strong>smcnli</strong></span> <span class='ocrx_word' id='word_1_534' title='bbox 2344 1009 2530 1075; x_wconf 87' lang='lat' dir='ltr'><strong>plenus</strong></span> <span class='ocrx_word' id='word_1_535' title='bbox 2556 1020 2655 1076; x_wconf 88' lang='lat' dir='ltr'><strong>est,</strong></span> <span class='ocrx_word' id='word_1_536' title='bbox 2686 1026 2791 1065; x_wconf 91' lang='lat' dir='ltr'><strong>non</strong></span> <span class='ocrx_word' id='word_1_537' title='bbox 2813 1022 2893 1066; x_wconf 88' lang='lat' dir='ltr'><strong>est</strong></span> <span class='ocrx_word' id='word_1_538' title='bbox 2914 1026 3018 1082; x_wconf 91' lang='lat' dir='ltr'><strong>quo</strong></span> <span class='ocrx_word' id='word_1_539' title='bbox 3040 1012 3199 1065; x_wconf 87' lang='lat' dir='ltr'><strong>intret</strong></span> <span class='ocrx_word' id='word_1_540' title='bbox 3223 1011 3361 1080; x_wconf 90' lang='lat' dir='ltr'><strong>quod</strong></span> <span class='ocrx_word' id='word_1_541' title='bbox 3388 1012 3460 1065; x_wconf 90' lang='lat' dir='ltr'><strong>illi</strong></span> <span class='ocrx_word' id='word_1_542' title='bbox 3492 1000 3693 1081; x_wconf 65' lang='lat' dir='ltr'><strong>praedi-</strong></span> 
     </span>
    </p>
   </div>
   <div class='ocr_carea' id='block_1_70' title="bbox 2128 1100 3692 1173">
    <p class='ocr_par' dir='ltr' id='par_1_70' title="bbox 2128 1100 3692 1173">
     <span class='ocr_line' id='line_1_70' title="bbox 2128 1100 3692 1173; baseline 0.006 -24"><span class='ocrx_word' id='word_1_543' title='bbox 2128 1110 2400 1152; x_wconf 88' lang='lat' dir='ltr'><strong>caverunt.</strong></span> <span class='ocrx_word' id='word_1_544' title='bbox 2426 1100 2607 1155; x_wconf 83' lang='lat' dir='ltr'><strong>Fundc</strong></span> <span class='ocrx_word' id='word_1_545' title='bbox 2635 1103 2775 1171; x_wconf 88' lang='lat' dir='ltr'><strong>quod</strong></span> <span class='ocrx_word' id='word_1_546' title='bbox 2822 1114 3001 1172; x_wconf 87' lang='lat' dir='ltr'><strong>portas</strong></span> <span class='ocrx_word' id='word_1_547' title='bbox 3022 1147 3034 1170; x_wconf 91' lang='lat'><strong>,</strong></span> <span class='ocrx_word' id='word_1_548' title='bbox 3067 1113 3122 1158; x_wconf 90' lang='lat' dir='ltr'><strong>et</strong></span> <span class='ocrx_word' id='word_1_549' title='bbox 3157 1120 3321 1173; x_wconf 80' lang='lat' dir='ltr'><strong>capax</strong></span> <span class='ocrx_word' id='word_1_550' title='bbox 3361 1104 3487 1160; x_wconf 82' lang='lat' dir='ltr'><strong>ﬁere</strong></span> <span class='ocrx_word' id='word_1_551' title='bbox 3523 1102 3592 1158; x_wconf 87' lang='lat' dir='ltr'><strong>ad</strong></span> <span class='ocrx_word' id='word_1_552' title='bbox 3636 1104 3692 1158; x_wconf 85' lang='lat' dir='ltr'><strong>id</strong></span> 
     </span>
    </p>
   </div>
   <div class='ocr_carea' id='block_1_71' title="bbox 2129 1187 3691 1266">
    <p class='ocr_par' dir='ltr' id='par_1_71' title="bbox 2129 1187 3691 1266">
     <span class='ocr_line' id='line_1_71' title="bbox 2129 1187 3691 1266; baseline 0.006 -28"><span class='ocrx_word' id='word_1_553' title='bbox 2129 1187 2265 1255; x_wconf 88' lang='lat' dir='ltr'><strong>quod</strong></span> <span class='ocrx_word' id='word_1_554' title='bbox 2294 1204 2393 1242; x_wconf 92' lang='lat' dir='ltr'><strong>non</strong></span> <span class='ocrx_word' id='word_1_555' title='bbox 2429 1190 2611 1245; x_wconf 84' lang='lat' dir='ltr'><strong>habes.</strong></span> <span class='ocrx_word' id='word_1_556' title='bbox 2637 1192 2690 1246; x_wconf 91' lang='lat' dir='ltr'><strong>Id</strong></span> <span class='ocrx_word' id='word_1_557' title='bbox 2717 1204 2818 1255; x_wconf 89' lang='lat' dir='ltr'><strong>est,</strong></span> <span class='ocrx_word' id='word_1_558' title='bbox 2841 1193 3108 1249; x_wconf 58' lang='lat' dir='ltr'><strong>desideras</strong></span> <span class='ocrx_word' id='word_1_559' title='bbox 3137 1195 3377 1260; x_wconf 84' lang='lat' dir='ltr'><strong>divitias;</strong></span> <span class='ocrx_word' id='word_1_560' title='bbox 3407 1211 3512 1250; x_wconf 89' lang='lat' dir='ltr'><strong>non</strong></span> <span class='ocrx_word' id='word_1_561' title='bbox 3535 1206 3691 1266; x_wconf 87' lang='lat' dir='ltr'><strong>potes</strong></span> 
     </span>
    </p>
   </div>
   <div class='ocr_carea' id='block_1_72' title="bbox 2129 1280 3690 1349">
    <p class='ocr_par' dir='ltr' id='par_1_72' title="bbox 2129 1280 3690 1349">
     <span class='ocr_line' id='line_1_72' title="bbox 2129 1280 3690 1349; baseline 0.007 -16"><span class='ocrx_word' id='word_1_562' title='bbox 2129 1280 2345 1349; x_wconf 88' lang='lat' dir='ltr'><strong>implere</strong></span> <span class='ocrx_word' id='word_1_563' title='bbox 2374 1299 2435 1335; x_wconf 84' lang='lat' dir='ltr'><strong>ex</strong></span> <span class='ocrx_word' id='word_1_564' title='bbox 2463 1283 2539 1337; x_wconf 88' lang='lat' dir='ltr'><strong>eis</strong></span> <span class='ocrx_word' id='word_1_565' title='bbox 2567 1284 2884 1339; x_wconf 89' lang='lat' dir='ltr'><strong>desiderium</strong></span> <span class='ocrx_word' id='word_1_566' title='bbox 2927 1296 3070 1341; x_wconf 90' lang='lat' dir='ltr'><strong>tuum</strong></span> <span class='ocrx_word' id='word_1_567' title='bbox 3097 1306 3109 1339; x_wconf 89' lang='lat'><strong>:</strong></span> <span class='ocrx_word' id='word_1_568' title='bbox 3139 1287 3413 1342; x_wconf 89' lang='lat' dir='ltr'><strong>desideras</strong></span> <span class='ocrx_word' id='word_1_569' title='bbox 3458 1289 3690 1344; x_wconf 85' lang='lat' dir='ltr'><strong>honores</strong></span> 
     </span>
    </p>
   </div>
   <div class='ocr_carea' id='block_1_73' title="bbox 2129 1369 3693 1448">
    <p class='ocr_par' dir='ltr' id='par_1_73' title="bbox 2129 1369 3693 1448">
     <span class='ocr_line' id='line_1_73' title="bbox 2129 1369 3693 1448; baseline 0.008 -25"><span class='ocrx_word' id='word_1_570' title='bbox 2129 1369 2180 1423; x_wconf 90' lang='lat' dir='ltr'><strong>in</strong></span> <span class='ocrx_word' id='word_1_571' title='bbox 2210 1381 2376 1437; x_wconf 86' lang='lat' dir='ltr'><strong>terra,</strong></span> <span class='ocrx_word' id='word_1_572' title='bbox 2412 1373 2679 1429; x_wconf 76' lang='lat' dir='ltr'><strong>desideras</strong></span> <span class='ocrx_word' id='word_1_573' title='bbox 2717 1393 2775 1429; x_wconf 83' lang='lat' dir='ltr'><strong>ea</strong></span> <span class='ocrx_word' id='word_1_574' title='bbox 2818 1394 2934 1447; x_wconf 74' lang='lat' dir='ltr'><strong>qua:</strong></span> <span class='ocrx_word' id='word_1_575' title='bbox 2983 1381 3139 1433; x_wconf 90' lang='lat' dir='ltr'><strong>etiam</strong></span> <span class='ocrx_word' id='word_1_576' title='bbox 3175 1380 3428 1448; x_wconf 88' lang='lat' dir='ltr'><strong>jumentis</strong></span> <span class='ocrx_word' id='word_1_577' title='bbox 3467 1380 3693 1436; x_wconf 73' lang='lat' dir='ltr'><strong>donavit</strong></span> 
     </span>
    </p>
   </div>
   <div class='ocr_carea' id='block_1_74' title="bbox 2131 1461 3688 1538">
    <p class='ocr_par' dir='ltr' id='par_1_74' title="bbox 2131 1461 3688 1538">
     <span class='ocr_line' id='line_1_74' title="bbox 2131 1461 3688 1538; baseline 0.01 -26"><span class='ocrx_word' id='word_1_578' title='bbox 2131 1461 2288 1525; x_wconf 78' lang='lat' dir='ltr'><strong>Deus,</strong></span> <span class='ocrx_word' id='word_1_579' title='bbox 2320 1463 2418 1516; x_wconf 88' lang='lat' dir='ltr'><strong>hoc</strong></span> <span class='ocrx_word' id='word_1_580' title='bbox 2460 1472 2541 1517; x_wconf 86' lang='lat' dir='ltr'><strong>est</strong></span> <span class='ocrx_word' id='word_1_581' title='bbox 2583 1467 2905 1534; x_wconf 86' lang='lat' dir='ltr'><strong>voluptatem</strong></span> <span class='ocrx_word' id='word_1_582' title='bbox 2952 1471 3320 1538; x_wconf 89' lang='lat' dir='ltr'><strong>temporalem,</strong></span> <span class='ocrx_word' id='word_1_583' title='bbox 3365 1482 3421 1526; x_wconf 85' lang='lat' dir='ltr'><strong>et</strong></span> <span class='ocrx_word' id='word_1_584' title='bbox 3464 1473 3688 1527; x_wconf 83' lang='lat' dir='ltr'><strong>salutem</strong></span> 
     </span>
    </p>
   </div>
   <div class='ocr_carea' id='block_1_75' title="bbox 2127 1552 3687 1630">
    <p class='ocr_par' dir='ltr' id='par_1_75' title="bbox 2127 1552 3687 1630">
     <span class='ocr_line' id='line_1_75' title="bbox 2127 1552 3687 1630; baseline 0.009 -27"><span class='ocrx_word' id='word_1_585' title='bbox 2127 1552 2381 1618; x_wconf 81' lang='lat' dir='ltr'><strong>corporis,</strong></span> <span class='ocrx_word' id='word_1_586' title='bbox 2413 1562 2467 1606; x_wconf 89' lang='lat' dir='ltr'><strong>et</strong></span> <span class='ocrx_word' id='word_1_587' title='bbox 2513 1556 2665 1615; x_wconf 87' lang='lat' dir='ltr'><strong>talia;</strong></span> <span class='ocrx_word' id='word_1_588' title='bbox 2699 1572 2801 1610; x_wconf 90' lang='lat' dir='ltr'><strong>non</strong></span> <span class='ocrx_word' id='word_1_589' title='bbox 2848 1574 2912 1611; x_wconf 88' lang='lat' dir='ltr'><strong>ex</strong></span> <span class='ocrx_word' id='word_1_590' title='bbox 2954 1559 3032 1613; x_wconf 89' lang='lat' dir='ltr'><strong>eis</strong></span> <span class='ocrx_word' id='word_1_591' title='bbox 3071 1560 3317 1630; x_wconf 89' lang='lat' dir='ltr'><strong>implebis</strong></span> <span class='ocrx_word' id='word_1_592' title='bbox 3366 1561 3687 1617; x_wconf 88' lang='lat' dir='ltr'><strong>desiderium</strong></span> 
     </span>
    </p>
   </div>
   <div class='ocr_carea' id='block_1_76' title="bbox 2128 1640 3689 1720">
    <p class='ocr_par' dir='ltr' id='par_1_76' title="bbox 2128 1640 3689 1720">
     <span class='ocr_line' id='line_1_76' title="bbox 2128 1640 3689 1720; baseline 0.01 -28"><span class='ocrx_word' id='word_1_593' title='bbox 2128 1647 2294 1694; x_wconf 92' lang='lat' dir='ltr'><strong>tuum.</strong></span> <span class='ocrx_word' id='word_1_594' title='bbox 2326 1640 2380 1697; x_wconf 91' lang='lat' dir='ltr'><strong>Si</strong></span> <span class='ocrx_word' id='word_1_595' title='bbox 2406 1654 2581 1698; x_wconf 89' lang='lat' dir='ltr'><strong>autem</strong></span> <span class='ocrx_word' id='word_1_596' title='bbox 2602 1647 2679 1700; x_wconf 90' lang='lat' dir='ltr'><strong>sic</strong></span> <span class='ocrx_word' id='word_1_597' title='bbox 2702 1647 2974 1703; x_wconf 88' lang='lat' dir='ltr'><strong>desideras</strong></span> <span class='ocrx_word' id='word_1_598' title='bbox 2994 1693 3010 1716; x_wconf 94' lang='lat'><strong>,</strong></span> <span class='ocrx_word' id='word_1_599' title='bbox 3036 1652 3300 1720; x_wconf 81' lang='lat' dir='ltr'><strong>quomodo</strong></span> <span class='ocrx_word' id='word_1_600' title='bbox 3327 1667 3516 1707; x_wconf 85' lang='lat' dir='ltr'><strong>cervus</strong></span> <span class='ocrx_word' id='word_1_601' title='bbox 3540 1653 3689 1708; x_wconf 82' lang='lat' dir='ltr'><strong>desi-</strong></span> 
     </span>
    </p>
   </div>
   <div class='ocr_carea' id='block_1_77' title="bbox 2126 1729 3692 1812">
    <p class='ocr_par' dir='ltr' id='par_1_77' title="bbox 2126 1729 3692 1812">
     <span class='ocr_line' id='line_1_77' title="bbox 2126 1729 3692 1812; baseline 0.011 -29"><span class='ocrx_word' id='word_1_602' title='bbox 2126 1729 2276 1784; x_wconf 87' lang='lat' dir='ltr'><strong>derat</strong></span> <span class='ocrx_word' id='word_1_603' title='bbox 2299 1732 2363 1786; x_wconf 84' lang='lat' dir='ltr'><strong>ad</strong></span> <span class='ocrx_word' id='word_1_604' title='bbox 2389 1731 2561 1789; x_wconf 88' lang='lat' dir='ltr'><strong>fontes</strong></span> <span class='ocrx_word' id='word_1_605' title='bbox 2585 1751 2834 1805; x_wconf 89' lang='lat' dir='ltr'><strong>aquarum</strong></span> <span class='ocrx_word' id='word_1_606' title='bbox 2863 1736 3031 1811; x_wconf 86' lang='lat' dir='ltr'><strong>(Psal.</strong></span> <span class='ocrx_word' id='word_1_607' title='bbox 3062 1756 3132 1805; x_wconf 80' lang='grc' dir='ltr'><strong>ιι,</strong></span> <span class='ocrx_word' id='word_1_608' title='bbox 3157 1740 3243 1812; x_wconf 73' lang='lat'><strong>2);</strong></span> <span class='ocrx_word' id='word_1_609' title='bbox 3277 1743 3319 1796; x_wconf 92' lang='lat' dir='ltr'><strong>si</strong></span> <span class='ocrx_word' id='word_1_610' title='bbox 3346 1743 3509 1805; x_wconf 87' lang='lat' dir='ltr'><strong>dicis,</strong></span> <span class='ocrx_word' id='word_1_611' title='bbox 3537 1742 3692 1799; x_wconf 83' lang='lat' dir='ltr'><strong>Desi-</strong></span> 
     </span>
    </p>
   </div>
   <div class='ocr_carea' id='block_1_78' title="bbox 2127 1819 3687 1903">
    <p class='ocr_par' dir='ltr' id='par_1_78' title="bbox 2127 1819 3687 1903">
     <span class='ocr_line' id='line_1_78' title="bbox 2127 1819 3687 1903; baseline 0.009 -30"><span class='ocrx_word' id='word_1_612' title='bbox 2127 1819 2266 1875; x_wconf 84' lang='lat' dir='ltr'><strong>derat</strong></span> <span class='ocrx_word' id='word_1_613' title='bbox 2286 1834 2331 1876; x_wconf 86' lang='lat' dir='ltr'><strong>et</strong></span> <span class='ocrx_word' id='word_1_614' title='bbox 2351 1823 2517 1892; x_wconf 72' lang='lat' dir='ltr'><strong>deﬁcit</strong></span> <span class='ocrx_word' id='word_1_615' title='bbox 2534 1827 2701 1880; x_wconf 89' lang='lat' dir='ltr'><strong>anima</strong></span> <span class='ocrx_word' id='word_1_616' title='bbox 2719 1845 2825 1882; x_wconf 86' lang='lat' dir='ltr'><strong>mea</strong></span> <span class='ocrx_word' id='word_1_617' title='bbox 2841 1830 2892 1883; x_wconf 91' lang='lat' dir='ltr'><strong>in</strong></span> <span class='ocrx_word' id='word_1_618' title='bbox 2912 1832 3044 1884; x_wconf 86' lang='lat' dir='ltr'><strong>atria</strong></span> <span class='ocrx_word' id='word_1_619' title='bbox 3060 1829 3264 1886; x_wconf 87' lang='lat' dir='ltr'><strong>Domini</strong></span> <span class='ocrx_word' id='word_1_620' title='bbox 3281 1831 3452 1903; x_wconf 81' lang='lat' dir='ltr'><strong>(Psal.</strong></span> <span class='ocrx_word' id='word_1_621' title='bbox 3467 1848 3687 1899; x_wconf 63' lang='lat' dir='ltr'><strong>Lxxsttt,</strong></span> 
     </span>
    </p>
   </div>
   <div class='ocr_carea' id='block_1_79' title="bbox 2128 1909 3693 1993">
    <p class='ocr_par' dir='ltr' id='par_1_79' title="bbox 2128 1909 3693 1993">
     <span class='ocr_line' id='line_1_79' title="bbox 2128 1909 3693 1993; baseline 0.009 -29"><span class='ocrx_word' id='word_1_622' title='bbox 2128 1909 2190 1981; x_wconf 80' lang='grc'>5)</span> <span class='ocrx_word' id='word_1_623' title='bbox 2222 1928 2235 1962; x_wconf 89' lang='lat'><strong>:</strong></span> <span class='ocrx_word' id='word_1_624' title='bbox 2265 1911 2452 1980; x_wconf 87' lang='lat' dir='ltr'><strong>imples</strong></span> <span class='ocrx_word' id='word_1_625' title='bbox 2491 1914 2811 1971; x_wconf 87' lang='lat' dir='ltr'><strong>desiderium</strong></span> <span class='ocrx_word' id='word_1_626' title='bbox 2854 1928 2996 1972; x_wconf 88' lang='lat' dir='ltr'><strong>tuum</strong></span> <span class='ocrx_word' id='word_1_627' title='bbox 3035 1934 3102 1974; x_wconf 86' lang='lat' dir='ltr'><strong>ex</strong></span> <span class='ocrx_word' id='word_1_628' title='bbox 3136 1922 3245 1984; x_wconf 84' lang='lat' dir='ltr'><strong>eis;</strong></span> <span class='ocrx_word' id='word_1_629' title='bbox 3275 1938 3377 1975; x_wconf 87' lang='lat' dir='ltr'><strong>non</strong></span> <span class='ocrx_word' id='word_1_630' title='bbox 3418 1923 3538 1993; x_wconf 89' lang='lat' dir='ltr'><strong>quia</strong></span> <span class='ocrx_word' id='word_1_631' title='bbox 3578 1923 3693 1992; x_wconf 84' lang='lat' dir='ltr'><strong>jam</strong></span> 
     </span>
    </p>
   </div>
   <div class='ocr_carea' id='block_1_80' title="bbox 2127 1997 3690 2079">
    <p class='ocr_par' dir='ltr' id='par_1_80' title="bbox 2127 1997 3690 2079">
     <span class='ocr_line' id='line_1_80' title="bbox 2127 1997 3690 2079; baseline 0.011 -27"><span class='ocrx_word' id='word_1_632' title='bbox 2127 1997 2200 2052; x_wconf 90' lang='lat' dir='ltr'><strong>illi</strong></span> <span class='ocrx_word' id='word_1_633' title='bbox 2244 2012 2470 2070; x_wconf 78' lang='lat' dir='ltr'><strong>possunt</strong></span> <span class='ocrx_word' id='word_1_634' title='bbox 2501 2004 2601 2058; x_wconf 88' lang='lat' dir='ltr'><strong>tale</strong></span> <span class='ocrx_word' id='word_1_635' title='bbox 2631 2004 2948 2065; x_wconf 79' lang='lat' dir='ltr'><strong>desiderium</strong></span> <span class='ocrx_word' id='word_1_636' title='bbox 2991 2010 3244 2079; x_wconf 86' lang='lat' dir='ltr'><strong>implere.</strong></span> <span class='ocrx_word' id='word_1_637' title='bbox 3274 2012 3370 2067; x_wconf 90' lang='lat' dir='ltr'><strong>sed</strong></span> <span class='ocrx_word' id='word_1_638' title='bbox 3401 2013 3533 2069; x_wconf 85' lang='lat' dir='ltr'><strong>tales</strong></span> <span class='ocrx_word' id='word_1_639' title='bbox 3560 2014 3690 2069; x_wconf 90' lang='lat' dir='ltr'><strong>imi-</strong></span> 
     </span>
    </p>
   </div>
   <div class='ocr_carea' id='block_1_81' title="bbox 2126 2089 3687 2173">
    <p class='ocr_par' dir='ltr' id='par_1_81' title="bbox 2126 2089 3687 2173">
     <span class='ocr_line' id='line_1_81' title="bbox 2126 2089 3687 2173; baseline 0.011 -30"><span class='ocrx_word' id='word_1_640' title='bbox 2126 2089 2287 2145; x_wconf 87' lang='lat' dir='ltr'><strong>tando</strong></span> <span class='ocrx_word' id='word_1_641' title='bbox 2314 2092 2462 2147; x_wconf 90' lang='lat' dir='ltr'><strong>venis</strong></span> <span class='ocrx_word' id='word_1_642' title='bbox 2482 2094 2547 2148; x_wconf 87' lang='lat' dir='ltr'><strong>ad</strong></span> <span class='ocrx_word' id='word_1_643' title='bbox 2575 2111 2692 2150; x_wconf 88' lang='lat' dir='ltr'><strong>eum</strong></span> <span class='ocrx_word' id='word_1_644' title='bbox 2719 2098 2806 2166; x_wconf 90' lang='lat' dir='ltr'><strong>qui</strong></span> <span class='ocrx_word' id='word_1_645' title='bbox 2834 2097 3069 2168; x_wconf 86' lang='lat' dir='ltr'><strong>implevit</strong></span> <span class='ocrx_word' id='word_1_646' title='bbox 3087 2101 3407 2157; x_wconf 89' lang='lat' dir='ltr'><strong>desiderium</strong></span> <span class='ocrx_word' id='word_1_647' title='bbox 3431 2108 3687 2173; x_wconf 82' lang='lat' dir='ltr'><strong>ipsorum.</strong></span> 
     </span>
    </p>
   </div>
   <div class='ocr_carea' id='block_1_82' title="bbox 2197 2180 3687 2263">
    <p class='ocr_par' dir='ltr' id='par_1_82' title="bbox 2197 2180 3687 2263">
     <span class='ocr_line' id='line_1_82' title="bbox 2197 2180 3687 2263; baseline 0.011 -27"><span class='ocrx_word' id='word_1_648' title='bbox 2197 2182 2281 2236; x_wconf 79' lang='grc'><strong>15.</strong></span> <span class='ocrx_word' id='word_1_649' title='bbox 2316 2180 2437 2237; x_wconf 85' lang='lat' dir='ltr'><strong>Non</strong></span> <span class='ocrx_word' id='word_1_650' title='bbox 2479 2187 2834 2257; x_wconf 79' lang='lat' dir='ltr'><strong>confundetur,</strong></span> <span class='ocrx_word' id='word_1_651' title='bbox 2862 2207 2975 2244; x_wconf 80' lang='lat' dir='ltr'><strong>enm</strong></span> <span class='ocrx_word' id='word_1_652' title='bbox 3014 2190 3240 2263; x_wconf 80' lang='lat' dir='ltr'><strong>loquetur</strong></span> <span class='ocrx_word' id='word_1_653' title='bbox 3264 2194 3474 2250; x_wconf 72' lang='lat' dir='ltr'><strong>inimicis</strong></span> <span class='ocrx_word' id='word_1_654' title='bbox 3496 2197 3600 2250; x_wconf 86' lang='lat' dir='ltr'><strong>suis</strong></span> <span class='ocrx_word' id='word_1_655' title='bbox 3628 2199 3687 2253; x_wconf 77' lang='lat' dir='ltr'><strong>in</strong></span> 
     </span>
    </p>
   </div>
   <div class='ocr_carea' id='block_1_83' title="bbox 2125 2272 3687 2351">
    <p class='ocr_par' dir='ltr' id='par_1_83' title="bbox 2125 2272 3687 2351">
     <span class='ocr_line' id='line_1_83' title="bbox 2125 2272 3687 2351; baseline 0.013 -27"><span class='ocrx_word' id='word_1_656' title='bbox 2125 2282 2292 2341; x_wconf 80' lang='lat' dir='ltr'><strong>porta.</strong></span> <span class='ocrx_word' id='word_1_657' title='bbox 2326 2272 2558 2341; x_wconf 84' lang='lat' dir='ltr'><strong>Fratres,</strong></span> <span class='ocrx_word' id='word_1_658' title='bbox 2591 2278 2643 2331; x_wconf 94' lang='lat' dir='ltr'><strong>in</strong></span> <span class='ocrx_word' id='word_1_659' title='bbox 2665 2288 2814 2347; x_wconf 90' lang='lat' dir='ltr'><strong>porta</strong></span> <span class='ocrx_word' id='word_1_660' title='bbox 2841 2281 3137 2351; x_wconf 87' lang='lat' dir='ltr'><strong>loquamur,</strong></span> <span class='ocrx_word' id='word_1_661' title='bbox 3169 2284 3222 2338; x_wconf 92' lang='lat' dir='ltr'><strong>id</strong></span> <span class='ocrx_word' id='word_1_662' title='bbox 3254 2295 3354 2349; x_wconf 81' lang='lat' dir='ltr'><strong>est,</strong></span> <span class='ocrx_word' id='word_1_663' title='bbox 3379 2302 3561 2343; x_wconf 88' lang='lat' dir='ltr'><strong>omnes</strong></span> <span class='ocrx_word' id='word_1_664' title='bbox 3587 2305 3687 2351; x_wconf 78' lang='lat' dir='ltr'><strong>no-</strong></span> 
     </span>
    </p>
   </div>
   <div class='ocr_carea' id='block_1_84' title="bbox 2125 2364 3686 2448">
    <p class='ocr_par' dir='ltr' id='par_1_84' title="bbox 2125 2364 3686 2448">
     <span class='ocr_line' id='line_1_84' title="bbox 2125 2364 3686 2448; baseline 0.013 -34"><span class='ocrx_word' id='word_1_665' title='bbox 2125 2364 2293 2418; x_wconf 87' lang='lat' dir='ltr'><strong>verint</strong></span> <span class='ocrx_word' id='word_1_666' title='bbox 2335 2365 2459 2434; x_wconf 88' lang='lat' dir='ltr'><strong>quid</strong></span> <span class='ocrx_word' id='word_1_667' title='bbox 2506 2367 2801 2438; x_wconf 87' lang='lat' dir='ltr'><strong>loquamur.</strong></span> <span class='ocrx_word' id='word_1_668' title='bbox 2846 2371 2946 2439; x_wconf 85' lang='lat' dir='ltr'><strong>Qui</strong></span> <span class='ocrx_word' id='word_1_669' title='bbox 2991 2375 3131 2428; x_wconf 88' lang='lat' dir='ltr'><strong>enim</strong></span> <span class='ocrx_word' id='word_1_670' title='bbox 3169 2391 3273 2430; x_wconf 89' lang='lat' dir='ltr'><strong>non</strong></span> <span class='ocrx_word' id='word_1_671' title='bbox 3315 2377 3424 2432; x_wconf 85' lang='lat' dir='ltr'><strong>vult</strong></span> <span class='ocrx_word' id='word_1_672' title='bbox 3458 2378 3598 2448; x_wconf 89' lang='lat' dir='ltr'><strong>loqui</strong></span> <span class='ocrx_word' id='word_1_673' title='bbox 3630 2381 3686 2434; x_wconf 87' lang='lat' dir='ltr'><strong>in</strong></span> 
     </span>
    </p>
   </div>
   <div class='ocr_carea' id='block_1_85' title="bbox 2130 2454 3693 2530">
    <p class='ocr_par' dir='ltr' id='par_1_85' title="bbox 2130 2454 3693 2530">
     <span class='ocr_line' id='line_1_85' title="bbox 2130 2454 3693 2530; baseline 0.015 -28"><span class='ocrx_word' id='word_1_674' title='bbox 2130 2463 2300 2520; x_wconf 85' lang='lat' dir='ltr'><strong>porta,</strong></span> <span class='ocrx_word' id='word_1_675' title='bbox 2330 2454 2494 2512; x_wconf 78' lang='lat' dir='ltr'><strong>latere</strong></span> <span class='ocrx_word' id='word_1_676' title='bbox 2517 2459 2626 2513; x_wconf 85' lang='lat' dir='ltr'><strong>vult</strong></span> <span class='ocrx_word' id='word_1_677' title='bbox 2644 2461 2782 2528; x_wconf 86' lang='lat' dir='ltr'><strong>quod</strong></span> <span class='ocrx_word' id='word_1_678' title='bbox 2805 2461 3060 2530; x_wconf 89' lang='lat' dir='ltr'><strong>loquitur;</strong></span> <span class='ocrx_word' id='word_1_679' title='bbox 3093 2474 3148 2520; x_wconf 90' lang='lat' dir='ltr'><strong>et</strong></span> <span class='ocrx_word' id='word_1_680' title='bbox 3172 2466 3305 2523; x_wconf 79' lang='lat' dir='ltr'><strong>forte</strong></span> <span class='ocrx_word' id='word_1_681' title='bbox 3335 2468 3454 2523; x_wconf 87' lang='lat' dir='ltr'><strong>ideo</strong></span> <span class='ocrx_word' id='word_1_682' title='bbox 3475 2470 3587 2525; x_wconf 85' lang='lat' dir='ltr'><strong>vult</strong></span> <span class='ocrx_word' id='word_1_683' title='bbox 3612 2471 3693 2525; x_wconf 79' lang='lat' dir='ltr'><strong>la-</strong></span> 
     </span>
    </p>
   </div>
   <div class='ocr_carea' id='block_1_86' title="bbox 2127 2548 3692 2628">
    <p class='ocr_par' dir='ltr' id='par_1_86' title="bbox 2127 2548 3692 2628">
     <span class='ocr_line' id='line_1_86' title="bbox 2127 2548 3692 2628; baseline 0.013 -32"><span class='ocrx_word' id='word_1_684' title='bbox 2127 2552 2255 2610; x_wconf 87' lang='lat' dir='ltr'><strong>tere,</strong></span> <span class='ocrx_word' id='word_1_685' title='bbox 2281 2548 2400 2615; x_wconf 89' lang='lat' dir='ltr'><strong>quia</strong></span> <span class='ocrx_word' id='word_1_686' title='bbox 2426 2549 2618 2603; x_wconf 89' lang='lat' dir='ltr'><strong>malnm</strong></span> <span class='ocrx_word' id='word_1_687' title='bbox 2648 2560 2747 2604; x_wconf 90' lang='lat' dir='ltr'><strong>est.</strong></span> <span class='ocrx_word' id='word_1_688' title='bbox 2778 2550 2831 2606; x_wconf 90' lang='lat' dir='ltr'><strong>Si</strong></span> <span class='ocrx_word' id='word_1_689' title='bbox 2856 2552 2989 2618; x_wconf 86' lang='lat' dir='ltr'><strong>lidit,</strong></span> <span class='ocrx_word' id='word_1_690' title='bbox 3019 2558 3069 2608; x_wconf 91' lang='lat' dir='ltr'><strong>in</strong></span> <span class='ocrx_word' id='word_1_691' title='bbox 3096 2567 3248 2625; x_wconf 87' lang='lat' dir='ltr'><strong>porta</strong></span> <span class='ocrx_word' id='word_1_692' title='bbox 3278 2558 3554 2628; x_wconf 83' lang='lat' dir='ltr'><strong>loquatur;</strong></span> <span class='ocrx_word' id='word_1_693' title='bbox 3581 2561 3692 2616; x_wconf 89' lang='lat' dir='ltr'><strong>sic-</strong></span> 
     </span>
    </p>
   </div>
   <div class='ocr_carea' id='block_1_87' title="bbox 2126 2635 3692 2713">
    <p class='ocr_par' dir='ltr' id='par_1_87' title="bbox 2126 2635 3692 2713">
     <span class='ocr_line' id='line_1_87' title="bbox 2126 2635 3692 2713; baseline 0.013 -27"><span class='ocrx_word' id='word_1_694' title='bbox 2126 2644 2182 2687; x_wconf 92' lang='lat' dir='ltr'><strong>ut</strong></span> <span class='ocrx_word' id='word_1_695' title='bbox 2207 2635 2398 2690; x_wconf 89' lang='lat' dir='ltr'><strong>dicitur</strong></span> <span class='ocrx_word' id='word_1_696' title='bbox 2424 2638 2492 2692; x_wconf 92' lang='lat' dir='ltr'><strong>de</strong></span> <span class='ocrx_word' id='word_1_697' title='bbox 2518 2637 2786 2709; x_wconf 83' lang='lat' dir='ltr'><strong>Sapientia</strong></span> <span class='ocrx_word' id='word_1_698' title='bbox 2813 2660 2826 2695; x_wconf 87' lang='lat'><strong>:</strong></span> <span class='ocrx_word' id='word_1_699' title='bbox 2853 2641 2915 2697; x_wconf 88' lang='lat' dir='ltr'><strong>In</strong></span> <span class='ocrx_word' id='word_1_700' title='bbox 2942 2648 3100 2713; x_wconf 85' lang='lat' dir='ltr'><strong>portis</strong></span> <span class='ocrx_word' id='word_1_701' title='bbox 3119 2660 3287 2702; x_wconf 86' lang='lat' dir='ltr'><strong>autem</strong></span> <span class='ocrx_word' id='word_1_702' title='bbox 3311 2649 3570 2709; x_wconf 82' lang='lat' dir='ltr'><strong>civitatum</strong></span> <span class='ocrx_word' id='word_1_703' title='bbox 3592 2669 3692 2706; x_wconf 78' lang='lat' dir='ltr'><strong>au-</strong></span> 
     </span>
    </p>
   </div>
   <div class='ocr_carea' id='block_1_88' title="bbox 2123 2716 3689 2809">
    <p class='ocr_par' dir='ltr' id='par_1_88' title="bbox 2123 2716 3689 2809">
     <span class='ocr_line' id='line_1_88' title="bbox 2123 2716 3689 2809; baseline 0.015 -33"><span class='ocrx_word' id='word_1_704' title='bbox 2123 2724 2294 2778; x_wconf 85' lang='lat' dir='ltr'><strong>denter</strong></span> <span class='ocrx_word' id='word_1_705' title='bbox 2319 2727 2438 2781; x_wconf 84' lang='lat' dir='ltr'><strong>dicit</strong></span> <span class='ocrx_word' id='word_1_706' title='bbox 2468 2727 2644 2800; x_wconf 83' lang='lat' dir='ltr'><strong>(Prov.</strong></span> <span class='ocrx_word' id='word_1_707' title='bbox 2670 2746 2756 2787; x_wconf 83' lang='lat' dir='ltr'><strong>vttt</strong></span> <span class='ocrx_word' id='word_1_708' title='bbox 2776 2773 2792 2799; x_wconf 91' lang='lat'><strong>,</strong></span> <span class='ocrx_word' id='word_1_709' title='bbox 2818 2733 2895 2804; x_wconf 81' lang='grc'><strong>5).</strong></span> <span class='ocrx_word' id='word_1_710' title='bbox 2920 2716 3134 2800; x_wconf 64' lang='grc' dir='ltr'><strong>’ριωηιο</strong></span> <span class='ocrx_word' id='word_1_711' title='bbox 3164 2746 3403 2808; x_wconf 88' lang='lat' dir='ltr'><strong>tempore</strong></span> <span class='ocrx_word' id='word_1_712' title='bbox 3425 2740 3689 2809; x_wconf 79' lang='lat' dir='ltr'><strong>justitiam</strong></span> 
     </span>
    </p>
   </div>
   <div class='ocr_carea' id='block_1_89' title="bbox 2125 2817 3686 2890">
    <p class='ocr_par' dir='ltr' id='par_1_89' title="bbox 2125 2817 3686 2890">
     <span class='ocr_line' id='line_1_89' title="bbox 2125 2817 3686 2890; baseline 0.013 -21"><span class='ocrx_word' id='word_1_713' title='bbox 2125 2817 2430 2874; x_wconf 88' lang='lat' dir='ltr'><strong>innocentes</strong></span> <span class='ocrx_word' id='word_1_714' title='bbox 2479 2825 2776 2890; x_wconf 86' lang='lat' dir='ltr'><strong>tenuerint,</strong></span> <span class='ocrx_word' id='word_1_715' title='bbox 2807 2840 2912 2879; x_wconf 92' lang='lat' dir='ltr'><strong>non</strong></span> <span class='ocrx_word' id='word_1_716' title='bbox 2951 2827 3315 2884; x_wconf 88' lang='lat' dir='ltr'><strong>erubescent:</strong></span> <span class='ocrx_word' id='word_1_717' title='bbox 3357 2830 3458 2887; x_wconf 86' lang='lat' dir='ltr'><strong>hoc</strong></span> <span class='ocrx_word' id='word_1_718' title='bbox 3503 2845 3585 2888; x_wconf 86' lang='lat' dir='ltr'><strong>est</strong></span> <span class='ocrx_word' id='word_1_719' title='bbox 3628 2834 3686 2890; x_wconf 88' lang='lat' dir='ltr'><strong>in</strong></span> 
     </span>
    </p>
   </div>
   <div class='ocr_carea' id='block_1_90' title="bbox 2124 2910 3688 2994">
    <p class='ocr_par' dir='ltr' id='par_1_90' title="bbox 2124 2910 3688 2994">
     <span class='ocr_line' id='line_1_90' title="bbox 2124 2910 3688 2994; baseline 0.014 -35"><span class='ocrx_word' id='word_1_720' title='bbox 2124 2918 2269 2976; x_wconf 87' lang='lat' dir='ltr'><strong>porta</strong></span> <span class='ocrx_word' id='word_1_721' title='bbox 2305 2910 2606 2977; x_wconf 70' lang='lat' dir='ltr'><strong>pra-dicare.</strong></span> <span class='ocrx_word' id='word_1_722' title='bbox 2654 2914 2720 2967; x_wconf 85' lang='lat' dir='ltr'><strong>Et</strong></span> <span class='ocrx_word' id='word_1_723' title='bbox 2747 2916 2867 2984; x_wconf 85' lang='lat' dir='ltr'><strong>quis</strong></span> <span class='ocrx_word' id='word_1_724' title='bbox 2891 2926 2972 2971; x_wconf 89' lang='lat' dir='ltr'><strong>est</strong></span> <span class='ocrx_word' id='word_1_725' title='bbox 2998 2910 3099 2988; x_wconf 62' lang='lat' dir='ltr'><strong>qui</strong></span> <span class='ocrx_word' id='word_1_726' title='bbox 3119 2921 3370 2989; x_wconf 72' lang='lat' dir='ltr'><strong>prtedicat</strong></span> <span class='ocrx_word' id='word_1_727' title='bbox 3401 2924 3451 2978; x_wconf 91' lang='lat' dir='ltr'><strong>in</strong></span> <span class='ocrx_word' id='word_1_728' title='bbox 3495 2920 3688 2994; x_wconf 72' lang='lat' dir='ltr'><strong>porta!</strong></span> 
     </span>
    </p>
   </div>
   <div class='ocr_carea' id='block_1_91' title="bbox 2122 2997 3690 3087">
    <p class='ocr_par' dir='ltr' id='par_1_91' title="bbox 2122 2997 3690 3087">
     <span class='ocr_line' id='line_1_91' title="bbox 2122 2997 3690 3087; baseline 0.014 -38"><span class='ocrx_word' id='word_1_729' title='bbox 2122 2997 2221 3065; x_wconf 85' lang='lat' dir='ltr'><strong>Qui</strong></span> <span class='ocrx_word' id='word_1_730' title='bbox 2250 3001 2499 3068; x_wconf 84' lang='lat' dir='ltr'><strong>praedicat</strong></span> <span class='ocrx_word' id='word_1_731' title='bbox 2523 3002 2574 3056; x_wconf 91' lang='lat' dir='ltr'><strong>in</strong></span> <span class='ocrx_word' id='word_1_732' title='bbox 2596 3003 2837 3070; x_wconf 83' lang='lat' dir='ltr'><strong>Christo;</strong></span> <span class='ocrx_word' id='word_1_733' title='bbox 2880 3009 3001 3077; x_wconf 88' lang='lat' dir='ltr'><strong>quia</strong></span> <span class='ocrx_word' id='word_1_734' title='bbox 3026 3007 3270 3066; x_wconf 89' lang='lat' dir='ltr'><strong>Christus</strong></span> <span class='ocrx_word' id='word_1_735' title='bbox 3298 3023 3380 3067; x_wconf 87' lang='lat' dir='ltr'><strong>est</strong></span> <span class='ocrx_word' id='word_1_736' title='bbox 3408 3024 3553 3083; x_wconf 86' lang='lat' dir='ltr'><strong>porta</strong></span> <span class='ocrx_word' id='word_1_737' title='bbox 3580 3033 3690 3087; x_wconf 83' lang='lat' dir='ltr'><strong>qua</strong></span> 
     </span>
    </p>
   </div>
   <div class='ocr_carea' id='block_1_92' title="bbox 2122 3088 3692 3177">
    <p class='ocr_par' dir='ltr' id='par_1_92' title="bbox 2122 3088 3692 3177">
     <span class='ocr_line' id='line_1_92' title="bbox 2122 3088 3692 3177; baseline 0.015 -38"><span class='ocrx_word' id='word_1_738' title='bbox 2122 3088 2378 3144; x_wconf 83' lang='lat' dir='ltr'><strong>intramus</strong></span> <span class='ocrx_word' id='word_1_739' title='bbox 2422 3090 2488 3144; x_wconf 91' lang='lat' dir='ltr'><strong>ad</strong></span> <span class='ocrx_word' id='word_1_740' title='bbox 2534 3092 2675 3171; x_wconf 80' lang='lat' dir='ltr'><strong>illam</strong></span> <span class='ocrx_word' id='word_1_741' title='bbox 2721 3095 3007 3152; x_wconf 88' lang='lat' dir='ltr'><strong>civitatem.</strong></span> <span class='ocrx_word' id='word_1_742' title='bbox 3053 3099 3299 3168; x_wconf 80' lang='lat' dir='ltr'><strong>Mentior,</strong></span> <span class='ocrx_word' id='word_1_743' title='bbox 3339 3105 3385 3158; x_wconf 92' lang='lat' dir='ltr'><strong>si</strong></span> <span class='ocrx_word' id='word_1_744' title='bbox 3425 3120 3529 3159; x_wconf 90' lang='lat' dir='ltr'><strong>nou</strong></span> <span class='ocrx_word' id='word_1_745' title='bbox 3573 3107 3692 3177; x_wconf 82' lang='lat' dir='ltr'><strong>ipse</strong></span> 
     </span>
    </p>
   </div>
   <div class='ocr_carea' id='block_1_93' title="bbox 2123 3179 3692 3266">
    <p class='ocr_par' dir='ltr' id='par_1_93' title="bbox 2123 3179 3692 3266">
     <span class='ocr_line' id='line_1_93' title="bbox 2123 3179 3692 3266; baseline 0.015 -33"><span class='ocrx_word' id='word_1_746' title='bbox 2123 3179 2276 3248; x_wconf 85' lang='lat' dir='ltr'><strong>dixit,</strong></span> <span class='ocrx_word' id='word_1_747' title='bbox 2310 3181 2418 3254; x_wconf 86' lang='lat' dir='ltr'><strong>Ego</strong></span> <span class='ocrx_word' id='word_1_748' title='bbox 2442 3200 2551 3238; x_wconf 83' lang='lat' dir='ltr'><strong>sum</strong></span> <span class='ocrx_word' id='word_1_749' title='bbox 2579 3187 2738 3255; x_wconf 77' lang='lat' dir='ltr'><strong>ianua</strong></span> <span class='ocrx_word' id='word_1_750' title='bbox 2771 3188 2943 3261; x_wconf 78' lang='lat' dir='ltr'><strong>(Joan.</strong></span> <span class='ocrx_word' id='word_1_751' title='bbox 2976 3208 3006 3244; x_wconf 86' lang='lat' dir='ltr'><strong>x</strong></span> <span class='ocrx_word' id='word_1_752' title='bbox 3029 3233 3045 3254; x_wconf 92' lang='lat'><strong>,</strong></span> <span class='ocrx_word' id='word_1_753' title='bbox 3073 3193 3166 3264; x_wconf 86' lang='lat'><strong>9).</strong></span> <span class='ocrx_word' id='word_1_754' title='bbox 3198 3194 3252 3250; x_wconf 92' lang='lat' dir='ltr'><strong>Si</strong></span> <span class='ocrx_word' id='word_1_755' title='bbox 3289 3196 3449 3266; x_wconf 85' lang='lat' dir='ltr'><strong>janua</strong></span> <span class='ocrx_word' id='word_1_756' title='bbox 3476 3209 3590 3266; x_wconf 88' lang='lat' dir='ltr'><strong>est,</strong></span> <span class='ocrx_word' id='word_1_757' title='bbox 3630 3211 3692 3257; x_wconf 76' lang='lat' dir='ltr'><strong>et</strong></span> 
     </span>
    </p>
   </div>
   <div class='ocr_carea' id='block_1_94' title="bbox 2121 3275 3691 3356">
    <p class='ocr_par' dir='ltr' id='par_1_94' title="bbox 2121 3275 3691 3356">
     <span class='ocr_line' id='line_1_94' title="bbox 2121 3275 3691 3356; baseline 0.015 -30"><span class='ocrx_word' id='word_1_758' title='bbox 2121 3282 2273 3342; x_wconf 88' lang='lat' dir='ltr'><strong>porta</strong></span> <span class='ocrx_word' id='word_1_759' title='bbox 2299 3285 2401 3329; x_wconf 90' lang='lat' dir='ltr'><strong>est.</strong></span> <span class='ocrx_word' id='word_1_760' title='bbox 2429 3275 2594 3331; x_wconf 79' lang='lat' dir='ltr'><strong>Janua</strong></span> <span class='ocrx_word' id='word_1_761' title='bbox 2624 3279 2764 3334; x_wconf 90' lang='lat' dir='ltr'><strong>enim</strong></span> <span class='ocrx_word' id='word_1_762' title='bbox 2796 3281 2988 3336; x_wconf 91' lang='lat' dir='ltr'><strong>dicitur</strong></span> <span class='ocrx_word' id='word_1_763' title='bbox 3013 3284 3231 3350; x_wconf 88' lang='lat' dir='ltr'><strong>domus;</strong></span> <span class='ocrx_word' id='word_1_764' title='bbox 3257 3288 3424 3356; x_wconf 86' lang='lat' dir='ltr'><strong>janua</strong></span> <span class='ocrx_word' id='word_1_765' title='bbox 3459 3292 3691 3349; x_wconf 84' lang='lat' dir='ltr'><strong>civitatis</strong></span> 
     </span>
    </p>
   </div>
   <div class='ocr_carea' id='block_1_95' title="bbox 2126 3370 3691 3443">
    <p class='ocr_par' dir='ltr' id='par_1_95' title="bbox 2126 3370 3691 3443">
     <span class='ocr_line' id='line_1_95' title="bbox 2126 3370 3691 3443; baseline 0.017 -29"><span class='ocrx_word' id='word_1_766' title='bbox 2126 3375 2274 3435; x_wconf 84' lang='lat' dir='ltr'><strong>porta</strong></span> <span class='ocrx_word' id='word_1_767' title='bbox 2300 3376 2400 3434; x_wconf 86' lang='lat' dir='ltr'><strong>est,</strong></span> <span class='ocrx_word' id='word_1_768' title='bbox 2432 3379 2579 3438; x_wconf 88' lang='lat' dir='ltr'><strong>porta</strong></span> <span class='ocrx_word' id='word_1_769' title='bbox 2603 3370 2791 3428; x_wconf 91' lang='lat' dir='ltr'><strong>domus</strong></span> <span class='ocrx_word' id='word_1_770' title='bbox 2814 3375 2971 3443; x_wconf 86' lang='lat' dir='ltr'><strong>janua</strong></span> <span class='ocrx_word' id='word_1_771' title='bbox 2997 3385 3101 3432; x_wconf 90' lang='lat' dir='ltr'><strong>est.</strong></span> <span class='ocrx_word' id='word_1_772' title='bbox 3130 3377 3235 3433; x_wconf 88' lang='lat' dir='ltr'><strong>Sed</strong></span> <span class='ocrx_word' id='word_1_773' title='bbox 3256 3379 3392 3436; x_wconf 80' lang='lat' dir='ltr'><strong>forte</strong></span> <span class='ocrx_word' id='word_1_774' title='bbox 3417 3399 3520 3438; x_wconf 90' lang='lat' dir='ltr'><strong>non</strong></span> <span class='ocrx_word' id='word_1_775' title='bbox 3551 3386 3691 3440; x_wconf 77' lang='lat' dir='ltr'><strong>bene</strong></span> 
     </span>
    </p>
   </div>
   <div class='ocr_carea' id='block_1_96' title="bbox 2128 3453 3692 3540">
    <p class='ocr_par' dir='ltr' id='par_1_96' title="bbox 2128 3453 3692 3540">
     <span class='ocr_line' id='line_1_96' title="bbox 2128 3453 3692 3540; baseline 0.016 -33"><span class='ocrx_word' id='word_1_776' title='bbox 2128 3453 2320 3510; x_wconf 84' lang='lat' dir='ltr'><strong>dicitur</strong></span> <span class='ocrx_word' id='word_1_777' title='bbox 2343 3468 2513 3526; x_wconf 89' lang='lat' dir='ltr'><strong>porta,</strong></span> <span class='ocrx_word' id='word_1_778' title='bbox 2543 3461 2587 3514; x_wconf 92' lang='lat' dir='ltr'><strong>si</strong></span> <span class='ocrx_word' id='word_1_779' title='bbox 2607 3478 2711 3516; x_wconf 91' lang='lat' dir='ltr'><strong>non</strong></span> <span class='ocrx_word' id='word_1_780' title='bbox 2735 3463 2870 3519; x_wconf 88' lang='lat' dir='ltr'><strong>bene</strong></span> <span class='ocrx_word' id='word_1_781' title='bbox 2890 3465 3081 3521; x_wconf 90' lang='lat' dir='ltr'><strong>dicitur</strong></span> <span class='ocrx_word' id='word_1_782' title='bbox 3099 3469 3282 3524; x_wconf 86' lang='lat' dir='ltr'><strong>civitas</strong></span> <span class='ocrx_word' id='word_1_783' title='bbox 3302 3488 3421 3540; x_wconf 72' lang='lat' dir='ltr'><strong>qua:</strong></span> <span class='ocrx_word' id='word_1_784' title='bbox 3438 3473 3579 3530; x_wconf 87' lang='lat' dir='ltr'><strong>dicta</strong></span> <span class='ocrx_word' id='word_1_785' title='bbox 3603 3487 3692 3532; x_wconf 83' lang='lat' dir='ltr'><strong>est.</strong></span> 
     </span>
    </p>
   </div>
   <div class='ocr_carea' id='block_1_97' title="bbox 2119 3544 3692 3624">
    <p class='ocr_par' dir='ltr' id='par_1_97' title="bbox 2119 3544 3692 3624">
     <span class='ocr_line' id='line_1_97' title="bbox 2119 3544 3692 3624; baseline 0.017 -27"><span class='ocrx_word' id='word_1_786' title='bbox 2119 3544 2330 3601; x_wconf 88' lang='lat' dir='ltr'><strong>domus.</strong></span> <span class='ocrx_word' id='word_1_787' title='bbox 2361 3547 2652 3621; x_wconf 88' lang='lat' dir='ltr'><strong>Utrumque</strong></span> <span class='ocrx_word' id='word_1_788' title='bbox 2680 3553 2821 3607; x_wconf 90' lang='lat' dir='ltr'><strong>enim</strong></span> <span class='ocrx_word' id='word_1_789' title='bbox 2864 3558 3020 3624; x_wconf 90' lang='lat' dir='ltr'><strong>paulo</strong></span> <span class='ocrx_word' id='word_1_790' title='bbox 3045 3569 3167 3614; x_wconf 88' lang='lat' dir='ltr'><strong>ante</strong></span> <span class='ocrx_word' id='word_1_791' title='bbox 3191 3561 3389 3617; x_wconf 89' lang='lat' dir='ltr'><strong>dictum</strong></span> <span class='ocrx_word' id='word_1_792' title='bbox 3415 3576 3496 3620; x_wconf 88' lang='lat' dir='ltr'><strong>est</strong></span> <span class='ocrx_word' id='word_1_793' title='bbox 3526 3584 3541 3620; x_wconf 88' lang='lat'><strong>:</strong></span> <span class='ocrx_word' id='word_1_794' title='bbox 3570 3566 3692 3622; x_wconf 74' lang='lat' dir='ltr'><strong>Nisi</strong></span> 
     </span>
    </p>
   </div>
   <div class='ocr_carea' id='block_1_98' title="bbox 2122 3637 3691 3714">
    <p class='ocr_par' dir='ltr' id='par_1_98' title="bbox 2122 3637 3691 3714">
     <span class='ocr_line' id='line_1_98' title="bbox 2122 3637 3691 3714; baseline 0.016 -26"><span class='ocrx_word' id='word_1_795' title='bbox 2122 3637 2365 3694; x_wconf 81' lang='lat' dir='ltr'><strong>Dominus</strong></span> <span class='ocrx_word' id='word_1_796' title='bbox 2407 3642 2725 3712; x_wconf 71' lang='lat' dir='ltr'><strong>azdiﬁcaverit</strong></span> <span class='ocrx_word' id='word_1_797' title='bbox 2771 3646 3003 3712; x_wconf 84' lang='lat' dir='ltr'><strong>domum,</strong></span> <span class='ocrx_word' id='word_1_798' title='bbox 3043 3651 3098 3703; x_wconf 89' lang='lat' dir='ltr'><strong>in</strong></span> <span class='ocrx_word' id='word_1_799' title='bbox 3124 3666 3307 3706; x_wconf 86' lang='lat' dir='ltr'><strong>vanum</strong></span> <span class='ocrx_word' id='word_1_800' title='bbox 3336 3656 3691 3714; x_wconf 75' lang='lat' dir='ltr'><strong>laboraverunt</strong></span> 
     </span>
    </p>
   </div>
   <div class='ocr_carea' id='block_1_99' title="bbox 2118 3728 3688 3817">
    <p class='ocr_par' dir='ltr' id='par_1_99' title="bbox 2118 3728 3688 3817">
     <span class='ocr_line' id='line_1_99' title="bbox 2118 3728 3688 3817; baseline 0.015 -37"><span class='ocrx_word' id='word_1_801' title='bbox 2118 3728 2422 3796; x_wconf 65' lang='lat' dir='ltr'><strong>aediﬁcantes</strong></span> <span class='ocrx_word' id='word_1_802' title='bbox 2450 3749 2590 3796; x_wconf 73' lang='lat' dir='ltr'><strong>earn;</strong></span> <span class='ocrx_word' id='word_1_803' title='bbox 2621 3742 2675 3788; x_wconf 89' lang='lat' dir='ltr'><strong>et</strong></span> <span class='ocrx_word' id='word_1_804' title='bbox 2717 3752 2784 3790; x_wconf 91' lang='lat' dir='ltr'><strong>ne</strong></span> <span class='ocrx_word' id='word_1_805' title='bbox 2826 3738 2976 3791; x_wconf 89' lang='lat' dir='ltr'><strong>istam</strong></span> <span class='ocrx_word' id='word_1_806' title='bbox 3014 3738 3228 3795; x_wconf 89' lang='lat' dir='ltr'><strong>domum</strong></span> <span class='ocrx_word' id='word_1_807' title='bbox 3259 3744 3524 3801; x_wconf 87' lang='lat' dir='ltr'><strong>audiendo</strong></span> <span class='ocrx_word' id='word_1_808' title='bbox 3560 3765 3688 3817; x_wconf 86' lang='lat' dir='ltr'><strong>par-</strong></span> 
     </span>
    </p>
   </div>
   <div class='ocr_carea' id='block_1_100' title="bbox 2118 3820 3691 3902">
    <p class='ocr_par' dir='ltr' id='par_1_100' title="bbox 2118 3820 3691 3902">
     <span class='ocr_line' id='line_1_100' title="bbox 2118 3820 3691 3902; baseline 0.014 -32"><span class='ocrx_word' id='word_1_809' title='bbox 2118 3834 2239 3871; x_wconf 89' lang='lat' dir='ltr'><strong>vum</strong></span> <span class='ocrx_word' id='word_1_810' title='bbox 2261 3820 2458 3890; x_wconf 88' lang='lat' dir='ltr'><strong>aliquid</strong></span> <span class='ocrx_word' id='word_1_811' title='bbox 2491 3832 2721 3891; x_wconf 85' lang='lat' dir='ltr'><strong>putares,</strong></span> <span class='ocrx_word' id='word_1_812' title='bbox 2749 3824 2864 3879; x_wconf 84' lang='lat' dir='ltr'><strong>Nisi</strong></span> <span class='ocrx_word' id='word_1_813' title='bbox 2890 3826 3157 3897; x_wconf 86' lang='lat' dir='ltr'><strong>Dominus,</strong></span> <span class='ocrx_word' id='word_1_814' title='bbox 3188 3833 3373 3902; x_wconf 87' lang='lat' dir='ltr'><strong>inquit,</strong></span> <span class='ocrx_word' id='word_1_815' title='bbox 3400 3838 3691 3892; x_wconf 76' lang='lat' dir='ltr'><strong>custodierit</strong></span> 
     </span>
    </p>
   </div>
   <div class='ocr_carea' id='block_1_101' title="bbox 2118 3909 3690 3991">
    <p class='ocr_par' dir='ltr' id='par_1_101' title="bbox 2118 3909 3690 3991">
     <span class='ocr_line' id='line_1_101' title="bbox 2118 3909 3690 3991; baseline 0.015 -29"><span class='ocrx_word' id='word_1_816' title='bbox 2118 3909 2382 3978; x_wconf 84' lang='lat' dir='ltr'><strong>civitatem,</strong></span> <span class='ocrx_word' id='word_1_817' title='bbox 2410 3913 2461 3967; x_wconf 87' lang='lat' dir='ltr'><strong>in</strong></span> <span class='ocrx_word' id='word_1_818' title='bbox 2488 3929 2668 3968; x_wconf 80' lang='lat' dir='ltr'><strong>vanum</strong></span> <span class='ocrx_word' id='word_1_819' title='bbox 2695 3917 2935 3971; x_wconf 82' lang='lat' dir='ltr'><strong>laboravit</strong></span> <span class='ocrx_word' id='word_1_820' title='bbox 2957 3922 3042 3991; x_wconf 83' lang='lat' dir='ltr'><strong>qui</strong></span> <span class='ocrx_word' id='word_1_821' title='bbox 3070 3924 3285 3976; x_wconf 78' lang='lat' dir='ltr'><strong>custodit</strong></span> <span class='ocrx_word' id='word_1_822' title='bbox 3310 3942 3438 3981; x_wconf 83' lang='lat' dir='ltr'><strong>eam.</strong></span> <span class='ocrx_word' id='word_1_823' title='bbox 3469 3928 3563 3983; x_wconf 88' lang='lat' dir='ltr'><strong>llla</strong></span> <span class='ocrx_word' id='word_1_824' title='bbox 3600 3939 3690 3985; x_wconf 75' lang='lat' dir='ltr'><strong>est</strong></span> 
     </span>
    </p>
   </div>
   <div class='ocr_carea' id='block_1_102' title="bbox 2120 4001 3689 4088">
    <p class='ocr_par' dir='ltr' id='par_1_102' title="bbox 2120 4001 3689 4088">
     <span class='ocr_line' id='line_1_102' title="bbox 2120 4001 3689 4088; baseline 0.014 -34"><span class='ocrx_word' id='word_1_825' title='bbox 2120 4016 2248 4069; x_wconf 81' lang='lat' dir='ltr'><strong>ergo</strong></span> <span class='ocrx_word' id='word_1_826' title='bbox 2279 4001 2468 4057; x_wconf 87' lang='lat' dir='ltr'><strong>domus</strong></span> <span class='ocrx_word' id='word_1_827' title='bbox 2494 4021 2611 4074; x_wconf 74' lang='lat' dir='ltr'><strong>quae</strong></span> <span class='ocrx_word' id='word_1_828' title='bbox 2640 4017 2721 4061; x_wconf 89' lang='lat' dir='ltr'><strong>est</strong></span> <span class='ocrx_word' id='word_1_829' title='bbox 2748 4009 2953 4068; x_wconf 85' lang='lat' dir='ltr'><strong>civitas.</strong></span> <span class='ocrx_word' id='word_1_830' title='bbox 2985 4011 3099 4081; x_wconf 86' lang='lat' dir='ltr'><strong>Ipsa</strong></span> <span class='ocrx_word' id='word_1_831' title='bbox 3128 4029 3255 4084; x_wconf 79' lang='lat' dir='ltr'><strong>ergo</strong></span> <span class='ocrx_word' id='word_1_832' title='bbox 3286 4017 3444 4072; x_wconf 88' lang='lat' dir='ltr'><strong>habet</strong></span> <span class='ocrx_word' id='word_1_833' title='bbox 3464 4019 3689 4088; x_wconf 73' lang='lat' dir='ltr'><strong>ianuam</strong></span> 
     </span>
    </p>
   </div>
   <div class='ocr_carea' id='block_1_103' title="bbox 2121 4095 3685 4178">
    <p class='ocr_par' dir='ltr' id='par_1_103' title="bbox 2121 4095 3685 4178">
     <span class='ocr_line' id='line_1_103' title="bbox 2121 4095 3685 4178; baseline 0.017 -35"><span class='ocrx_word' id='word_1_834' title='bbox 2121 4100 2363 4160; x_wconf 87' lang='lat' dir='ltr'><strong>tanquam</strong></span> <span class='ocrx_word' id='word_1_835' title='bbox 2411 4095 2598 4151; x_wconf 84' lang='lat' dir='ltr'><strong>domus</strong></span> <span class='ocrx_word' id='word_1_836' title='bbox 2618 4137 2634 4164; x_wconf 92' lang='lat'><strong>,</strong></span> <span class='ocrx_word' id='word_1_837' title='bbox 2662 4106 2715 4153; x_wconf 89' lang='lat' dir='ltr'><strong>et</strong></span> <span class='ocrx_word' id='word_1_838' title='bbox 2762 4099 2917 4156; x_wconf 85' lang='lat' dir='ltr'><strong>habet</strong></span> <span class='ocrx_word' id='word_1_839' title='bbox 2963 4113 3165 4172; x_wconf 89' lang='lat' dir='ltr'><strong>portam</strong></span> <span class='ocrx_word' id='word_1_840' title='bbox 3198 4115 3444 4178; x_wconf 86' lang='lat' dir='ltr'><strong>tanquam</strong></span> <span class='ocrx_word' id='word_1_841' title='bbox 3470 4112 3685 4173; x_wconf 84' lang='lat' dir='ltr'><strong>civitas.</strong></span> 
     </span>
    </p>
   </div>
   <div class='ocr_carea' id='block_1_104' title="bbox 2117 4182 3685 4268">
    <p class='ocr_par' dir='ltr' id='par_1_104' title="bbox 2117 4182 3685 4268">
     <span class='ocr_line' id='line_1_104' title="bbox 2117 4182 3685 4268; baseline 0.018 -36"><span class='ocrx_word' id='word_1_842' title='bbox 2117 4182 2217 4248; x_wconf 88' lang='lat' dir='ltr'><strong>Qui</strong></span> <span class='ocrx_word' id='word_1_843' title='bbox 2246 4195 2326 4239; x_wconf 83' lang='lat' dir='ltr'><strong>est</strong></span> <span class='ocrx_word' id='word_1_844' title='bbox 2352 4201 2478 4255; x_wconf 78' lang='lat' dir='ltr'><strong>ergo</strong></span> <span class='ocrx_word' id='word_1_845' title='bbox 2500 4186 2659 4257; x_wconf 76' lang='lat' dir='ltr'><strong>ianua</strong></span> <span class='ocrx_word' id='word_1_846' title='bbox 2687 4190 2912 4259; x_wconf 88' lang='lat' dir='ltr'><strong>domus,</strong></span> <span class='ocrx_word' id='word_1_847' title='bbox 2946 4194 3061 4263; x_wconf 89' lang='lat' dir='ltr'><strong>ipse</strong></span> <span class='ocrx_word' id='word_1_848' title='bbox 3103 4205 3183 4251; x_wconf 89' lang='lat' dir='ltr'><strong>est</strong></span> <span class='ocrx_word' id='word_1_849' title='bbox 3229 4208 3380 4268; x_wconf 91' lang='lat' dir='ltr'><strong>porta</strong></span> <span class='ocrx_word' id='word_1_850' title='bbox 3428 4203 3685 4260; x_wconf 86' lang='lat' dir='ltr'><strong>civitatis.</strong></span> 
     </span>
    </p>
   </div>
   <div class='ocr_carea' id='block_1_105' title="bbox 2117 4274 3687 4365">
    <p class='ocr_par' dir='ltr' id='par_1_105' title="bbox 2117 4274 3687 4365">
     <span class='ocr_line' id='line_1_105' title="bbox 2117 4274 3687 4365; baseline 0.016 -39"><span class='ocrx_word' id='word_1_851' title='bbox 2117 4274 2258 4344; x_wconf 83' lang='lat' dir='ltr'><strong>Ergo</strong></span> <span class='ocrx_word' id='word_1_852' title='bbox 2280 4275 2323 4329; x_wconf 91' lang='lat' dir='ltr'><strong>si</strong></span> <span class='ocrx_word' id='word_1_853' title='bbox 2349 4275 2587 4333; x_wconf 87' lang='lat' dir='ltr'><strong>Christus</strong></span> <span class='ocrx_word' id='word_1_854' title='bbox 2616 4291 2761 4349; x_wconf 89' lang='lat' dir='ltr'><strong>porta</strong></span> <span class='ocrx_word' id='word_1_855' title='bbox 2783 4282 3029 4351; x_wconf 82' lang='lat' dir='ltr'><strong>civitatis,</strong></span> <span class='ocrx_word' id='word_1_856' title='bbox 3057 4287 3144 4342; x_wconf 87' lang='lat' dir='ltr'><strong>ille</strong></span> <span class='ocrx_word' id='word_1_857' title='bbox 3169 4304 3275 4343; x_wconf 91' lang='lat' dir='ltr'><strong>non</strong></span> <span class='ocrx_word' id='word_1_858' title='bbox 3301 4292 3566 4348; x_wconf 86' lang='lat' dir='ltr'><strong>erubescit</strong></span> <span class='ocrx_word' id='word_1_859' title='bbox 3589 4297 3687 4365; x_wconf 85' lang='lat' dir='ltr'><strong>qui</strong></span> 
     </span>
    </p>
   </div>
   <div class='ocr_carea' id='block_1_106' title="bbox 2120 4362 3687 4445">
    <p class='ocr_par' dir='ltr' id='par_1_106' title="bbox 2120 4362 3687 4445">
     <span class='ocr_line' id='line_1_106' title="bbox 2120 4362 3687 4445; baseline 0.017 -29"><span class='ocrx_word' id='word_1_860' title='bbox 2120 4364 2171 4441; x_wconf 88' lang='lat' dir='ltr'><strong>in_</strong></span> <span class='ocrx_word' id='word_1_861' title='bbox 2207 4362 2418 4419; x_wconf 88' lang='lat' dir='ltr'><strong>Christo</strong></span> <span class='ocrx_word' id='word_1_862' title='bbox 2459 4375 2591 4431; x_wconf 86' lang='lat' dir='ltr'><strong>stat,</strong></span> <span class='ocrx_word' id='word_1_863' title='bbox 2619 4377 2674 4425; x_wconf 90' lang='lat' dir='ltr'><strong>et</strong></span> <span class='ocrx_word' id='word_1_864' title='bbox 2713 4371 2791 4427; x_wconf 90' lang='lat' dir='ltr'><strong>sic</strong></span> <span class='ocrx_word' id='word_1_865' title='bbox 2837 4374 3108 4442; x_wconf 62' lang='lat' dir='ltr'><strong>praedicat.</strong></span> <span class='ocrx_word' id='word_1_866' title='bbox 3138 4378 3237 4445; x_wconf 88' lang='lat' dir='ltr'><strong>Qui</strong></span> <span class='ocrx_word' id='word_1_867' title='bbox 3280 4391 3458 4437; x_wconf 88' lang='lat' dir='ltr'><strong>autem</strong></span> <span class='ocrx_word' id='word_1_868' title='bbox 3495 4362 3687 4442; x_wconf 76' lang='lat' dir='ltr'><strong>contra</strong></span> 
     </span>
    </p>
   </div>
   <div class='ocr_carea' id='block_1_107' title="bbox 2118 4453 3687 4545">
    <p class='ocr_par' dir='ltr' id='par_1_107' title="bbox 2118 4453 3687 4545">
     <span class='ocr_line' id='line_1_107' title="bbox 2118 4453 3687 4545; baseline 0.017 -38"><span class='ocrx_word' id='word_1_869' title='bbox 2118 4453 2381 4509; x_wconf 89' lang='lat' dir='ltr'><strong>Christum</strong></span> <span class='ocrx_word' id='word_1_870' title='bbox 2410 4457 2678 4538; x_wconf 68' lang='lat' dir='ltr'><strong>prtedicat,</strong></span> <span class='ocrx_word' id='word_1_871' title='bbox 2707 4462 2970 4518; x_wconf 88' lang='lat' dir='ltr'><strong>clauditur</strong></span> <span class='ocrx_word' id='word_1_872' title='bbox 2998 4476 3178 4522; x_wconf 88' lang='lat' dir='ltr'><strong>contra</strong></span> <span class='ocrx_word' id='word_1_873' title='bbox 3206 4469 3348 4524; x_wconf 90' lang='lat' dir='ltr'><strong>illum</strong></span> <span class='ocrx_word' id='word_1_874' title='bbox 3378 4483 3548 4541; x_wconf 88' lang='lat' dir='ltr'><strong>porta.</strong></span> <span class='ocrx_word' id='word_1_875' title='bbox 3577 4476 3687 4545; x_wconf 87' lang='lat' dir='ltr'><strong>Qui</strong></span> 
     </span>
    </p>
   </div>
   <div class='ocr_carea' id='block_1_108' title="bbox 2119 4544 3692 4636">
    <p class='ocr_par' dir='ltr' id='par_1_108' title="bbox 2119 4544 3692 4636">
     <span class='ocr_line' id='line_1_108' title="bbox 2119 4544 3692 4636; baseline 0.018 -41"><span class='ocrx_word' id='word_1_876' title='bbox 2119 4552 2242 4597; x_wconf 91' lang='lat' dir='ltr'><strong>sunt</strong></span> <span class='ocrx_word' id='word_1_877' title='bbox 2274 4544 2349 4598; x_wconf 88' lang='lat' dir='ltr'><strong>illi</strong></span> <span class='ocrx_word' id='word_1_878' title='bbox 2375 4548 2464 4616; x_wconf 92' lang='lat' dir='ltr'><strong>qui</strong></span> <span class='ocrx_word' id='word_1_879' title='bbox 2494 4557 2681 4604; x_wconf 89' lang='lat' dir='ltr'><strong>contra</strong></span> <span class='ocrx_word' id='word_1_880' title='bbox 2705 4550 2971 4610; x_wconf 89' lang='lat' dir='ltr'><strong>Christum</strong></span> <span class='ocrx_word' id='word_1_881' title='bbox 3003 4558 3326 4625; x_wconf 71' lang='lat' dir='ltr'><strong>praedicant?</strong></span> <span class='ocrx_word' id='word_1_882' title='bbox 3350 4562 3451 4629; x_wconf 88' lang='lat' dir='ltr'><strong>Qui</strong></span> <span class='ocrx_word' id='word_1_883' title='bbox 3489 4544 3692 4636; x_wconf 74' lang='lat' dir='ltr'><strong>negant</strong></span> 
     </span>
    </p>
   </div>
   <div class='ocr_carea' id='block_1_109' title="bbox 2120 4635 3690 4724">
    <p class='ocr_par' dir='ltr' id='par_1_109' title="bbox 2120 4635 3690 4724">
     <span class='ocr_line' id='line_1_109' title="bbox 2120 4635 3690 4724; baseline 0.017 -36"><span class='ocrx_word' id='word_1_884' title='bbox 2120 4635 2238 4705; x_wconf 91' lang='lat' dir='ltr'><strong>quia</strong></span> <span class='ocrx_word' id='word_1_885' title='bbox 2260 4636 2437 4692; x_wconf 74' lang='lat' dir='ltr'><strong>missae</strong></span> <span class='ocrx_word' id='word_1_886' title='bbox 2457 4649 2581 4694; x_wconf 91' lang='lat' dir='ltr'><strong>sunt</strong></span> <span class='ocrx_word' id='word_1_887' title='bbox 2596 4643 2797 4713; x_wconf 75' lang='lat' dir='ltr'><strong>sagittae</strong></span> <span class='ocrx_word' id='word_1_888' title='bbox 2820 4644 2888 4700; x_wconf 88' lang='lat' dir='ltr'><strong>de</strong></span> <span class='ocrx_word' id='word_1_889' title='bbox 2905 4661 3065 4703; x_wconf 88' lang='lat' dir='ltr'><strong>manu</strong></span> <span class='ocrx_word' id='word_1_890' title='bbox 3087 4652 3332 4718; x_wconf 87' lang='lat' dir='ltr'><strong>potentis,</strong></span> <span class='ocrx_word' id='word_1_891' title='bbox 3351 4663 3407 4708; x_wconf 91' lang='lat' dir='ltr'><strong>et</strong></span> <span class='ocrx_word' id='word_1_892' title='bbox 3428 4635 3690 4724; x_wconf 62' lang='grc' dir='ltr'><strong>ρει-νέηα-</strong></span> 
     </span>
    </p>
   </div>
   <div class='ocr_carea' id='block_1_110' title="bbox 2120 4731 3688 4808">
    <p class='ocr_par' dir='ltr' id='par_1_110' title="bbox 2120 4731 3688 4808">
     <span class='ocr_line' id='line_1_110' title="bbox 2120 4731 3688 4808; baseline 0.014 -28"><span class='ocrx_word' id='word_1_893' title='bbox 2120 4738 2243 4782; x_wconf 86' lang='lat' dir='ltr'><strong>runt</strong></span> <span class='ocrx_word' id='word_1_894' title='bbox 2268 4742 2434 4799; x_wconf 86' lang='lat' dir='ltr'><strong>ttsqttc</strong></span> <span class='ocrx_word' id='word_1_895' title='bbox 2459 4731 2509 4785; x_wconf 92' lang='lat' dir='ltr'><strong>in</strong></span> <span class='ocrx_word' id='word_1_896' title='bbox 2537 4733 2670 4788; x_wconf 88' lang='lat' dir='ltr'><strong>lines</strong></span> <span class='ocrx_word' id='word_1_897' title='bbox 2709 4744 2893 4801; x_wconf 78' lang='lat' dir='ltr'><strong>terrae;</strong></span> <span class='ocrx_word' id='word_1_898' title='bbox 2924 4746 2979 4792; x_wconf 90' lang='lat' dir='ltr'><strong>et</strong></span> <span class='ocrx_word' id='word_1_899' title='bbox 3013 4741 3123 4808; x_wconf 89' lang='lat' dir='ltr'><strong>ipsa</strong></span> <span class='ocrx_word' id='word_1_900' title='bbox 3151 4751 3236 4797; x_wconf 92' lang='lat' dir='ltr'><strong>est</strong></span> <span class='ocrx_word' id='word_1_901' title='bbox 3262 4745 3543 4801; x_wconf 76' lang='lat' dir='ltr'><strong>lnereditas</strong></span> <span class='ocrx_word' id='word_1_902' title='bbox 3573 4747 3688 4802; x_wconf 85' lang='lat' dir='ltr'><strong>Do-</strong></span> 
     </span>
    </p>
   </div>
   <div class='ocr_carea' id='block_1_111' title="bbox 2120 4822 3690 4903">
    <p class='ocr_par' dir='ltr' id='par_1_111' title="bbox 2120 4822 3690 4903">
     <span class='ocr_line' id='line_1_111' title="bbox 2120 4822 3690 4903; baseline 0.013 -28"><span class='ocrx_word' id='word_1_903' title='bbox 2120 4822 2282 4888; x_wconf 90' lang='lat' dir='ltr'><strong>mini,</strong></span> <span class='ocrx_word' id='word_1_904' title='bbox 2324 4823 2391 4879; x_wconf 92' lang='lat' dir='ltr'><strong>de</strong></span> <span class='ocrx_word' id='word_1_905' title='bbox 2418 4839 2518 4894; x_wconf 88' lang='lat' dir='ltr'><strong>qua</strong></span> <span class='ocrx_word' id='word_1_906' title='bbox 2556 4824 2754 4881; x_wconf 89' lang='lat' dir='ltr'><strong>dictum</strong></span> <span class='ocrx_word' id='word_1_907' title='bbox 2793 4839 2870 4883; x_wconf 88' lang='lat' dir='ltr'><strong>est</strong></span> <span class='ocrx_word' id='word_1_908' title='bbox 2893 4868 2909 4894; x_wconf 89' lang='lat'><strong>,</strong></span> <span class='ocrx_word' id='word_1_909' title='bbox 2941 4829 3156 4886; x_wconf 80' lang='lat' dir='ltr'><strong>Postulo</strong></span> <span class='ocrx_word' id='word_1_910' title='bbox 3179 4850 3211 4886; x_wconf 88' lang='lat' dir='ltr'><strong>o</strong></span> <span class='ocrx_word' id='word_1_911' title='bbox 3238 4852 3336 4903; x_wconf 86' lang='lat' dir='ltr'><strong>me,</strong></span> <span class='ocrx_word' id='word_1_912' title='bbox 3364 4847 3412 4891; x_wconf 87' lang='lat' dir='ltr'><strong>et</strong></span> <span class='ocrx_word' id='word_1_913' title='bbox 3436 4839 3568 4894; x_wconf 87' lang='lat' dir='ltr'><strong>dabo</strong></span> <span class='ocrx_word' id='word_1_914' title='bbox 3597 4843 3690 4897; x_wconf 79' lang='lat' dir='ltr'><strong>tibi</strong></span> 
     </span>
    </p>
   </div>
   <div class='ocr_carea' id='block_1_112' title="bbox 2120 4913 3689 4991">
    <p class='ocr_par' dir='ltr' id='par_1_112' title="bbox 2120 4913 3689 4991">
     <span class='ocr_line' id='line_1_112' title="bbox 2120 4913 3689 4991; baseline 0.014 -27"><span class='ocrx_word' id='word_1_915' title='bbox 2120 4923 2287 4982; x_wconf 82' lang='lat' dir='ltr'><strong>gentes</strong></span> <span class='ocrx_word' id='word_1_916' title='bbox 2314 4913 2651 4969; x_wconf 71' lang='lat' dir='ltr'><strong>haereditatem</strong></span> <span class='ocrx_word' id='word_1_917' title='bbox 2681 4927 2848 4983; x_wconf 85' lang='lat' dir='ltr'><strong>tuam,</strong></span> <span class='ocrx_word' id='word_1_918' title='bbox 2876 4928 2923 4973; x_wconf 85' lang='lat' dir='ltr'><strong>et</strong></span> <span class='ocrx_word' id='word_1_919' title='bbox 2957 4924 3316 4991; x_wconf 85' lang='lat' dir='ltr'><strong>possessionem</strong></span> <span class='ocrx_word' id='word_1_920' title='bbox 3343 4937 3483 4982; x_wconf 85' lang='lat' dir='ltr'><strong>luam</strong></span> <span class='ocrx_word' id='word_1_921' title='bbox 3509 4934 3689 4985; x_wconf 80' lang='lat' dir='ltr'><strong>termi-</strong></span> 
     </span>
    </p>
   </div>
   <div class='ocr_carea' id='block_1_113' title="bbox 2120 5000 3680 5083">
    <p class='ocr_par' dir='ltr' id='par_1_113' title="bbox 2120 5000 3680 5083">
     <span class='ocr_line' id='line_1_113' title="bbox 2120 5000 3680 5083; baseline 0.016 -28"><span class='ocrx_word' id='word_1_922' title='bbox 2120 5019 2213 5056; x_wconf 87' lang='lat' dir='ltr'><strong>nos</strong></span> <span class='ocrx_word' id='word_1_923' title='bbox 2243 5014 2388 5058; x_wconf 82' lang='lat' dir='ltr'><strong>terra:</strong></span> <span class='ocrx_word' id='word_1_924' title='bbox 2412 5003 2578 5076; x_wconf 85' lang='lat' dir='ltr'><strong>(Psal.</strong></span> <span class='ocrx_word' id='word_1_925' title='bbox 2604 5022 2662 5073; x_wconf 86' lang='lat' dir='ltr'><strong>tt,</strong></span> <span class='ocrx_word' id='word_1_926' title='bbox 2689 5005 2765 5079; x_wconf 87' lang='lat'><strong>8).</strong></span> <span class='ocrx_word' id='word_1_927' title='bbox 2793 5000 3151 5067; x_wconf 42' lang='lat' dir='ltr'><strong>Prmdicatum‘</strong></span> <span class='ocrx_word' id='word_1_928' title='bbox 3168 5023 3251 5070; x_wconf 90' lang='lat' dir='ltr'><strong>est</strong></span> <span class='ocrx_word' id='word_1_929' title='bbox 3268 5057 3285 5083; x_wconf 94' lang='lat'><strong>,</strong></span> <span class='ocrx_word' id='word_1_930' title='bbox 3312 5019 3548 5076; x_wconf 84' lang='lat' dir='ltr'><strong>auditum</strong></span> <span class='ocrx_word' id='word_1_931' title='bbox 3571 5032 3680 5083; x_wconf 81' lang='lat' dir='ltr'><strong>est.</strong></span> 
     </span>
    </p>
   </div>
   <div class='ocr_carea' id='block_1_114' title="bbox 2120 5097 3687 5181">
    <p class='ocr_par' dir='ltr' id='par_1_114' title="bbox 2120 5097 3687 5181">
     <span class='ocr_line' id='line_1_114' title="bbox 2120 5097 3687 5181; baseline 0.013 -33"><span class='ocrx_word' id='word_1_932' title='bbox 2120 5105 2400 5163; x_wconf 88' lang='lat' dir='ltr'><strong>antequam</strong></span> <span class='ocrx_word' id='word_1_933' title='bbox 2444 5097 2619 5167; x_wconf 89' lang='lat' dir='ltr'><strong>lieret;</strong></span> <span class='ocrx_word' id='word_1_934' title='bbox 2650 5109 2706 5154; x_wconf 90' lang='lat' dir='ltr'><strong>et</strong></span> <span class='ocrx_word' id='word_1_935' title='bbox 2738 5099 2847 5169; x_wconf 85' lang='lat' dir='ltr'><strong>jam</strong></span> <span class='ocrx_word' id='word_1_936' title='bbox 2899 5100 3097 5159; x_wconf 75' lang='lat' dir='ltr'><strong>factum</strong></span> <span class='ocrx_word' id='word_1_937' title='bbox 3145 5108 3331 5168; x_wconf 67' lang='lat' dir='ltr'><strong>nolunt</strong></span> <span class='ocrx_word' id='word_1_938' title='bbox 3371 5125 3687 5181; x_wconf 73' lang='lat' dir='ltr'><strong>agnoscere.</strong></span> 
     </span>
    </p>
   </div>
   <div class='ocr_carea' id='block_1_115' title="bbox 2120 5186 3694 5275">
    <p class='ocr_par' dir='ltr' id='par_1_115' title="bbox 2120 5186 3694 5275">
     <span class='ocr_line' id='line_1_115' title="bbox 2120 5186 3694 5275; baseline 0.015 -38"><span class='ocrx_word' id='word_1_939' title='bbox 2120 5186 2219 5253; x_wconf 87' lang='lat' dir='ltr'><strong>Qui</strong></span> <span class='ocrx_word' id='word_1_940' title='bbox 2260 5187 2532 5257; x_wconf 85' lang='lat' dir='ltr'><strong>disputant</strong></span> <span class='ocrx_word' id='word_1_941' title='bbox 2566 5205 2696 5260; x_wconf 81' lang='lat' dir='ltr'><strong>ergo</strong></span> <span class='ocrx_word' id='word_1_942' title='bbox 2735 5201 2919 5249; x_wconf 90' lang='lat' dir='ltr'><strong>contra</strong></span> <span class='ocrx_word' id='word_1_943' title='bbox 2957 5195 3258 5265; x_wconf 85' lang='lat' dir='ltr'><strong>Christum,</strong></span> <span class='ocrx_word' id='word_1_944' title='bbox 3290 5212 3436 5259; x_wconf 79' lang='lat' dir='ltr'><strong>extra</strong></span> <span class='ocrx_word' id='word_1_945' title='bbox 3477 5218 3694 5275; x_wconf 82' lang='lat' dir='ltr'><strong>portam</strong></span> 
     </span>
    </p>
   </div>
   <div class='ocr_carea' id='block_1_116' title="bbox 2122 5278 3723 5365">
    <p class='ocr_par' dir='ltr' id='par_1_116' title="bbox 2122 5278 3723 5365">
     <span class='ocr_line' id='line_1_116' title="bbox 2122 5278 3723 5365; baseline 0.012 -34"><span class='ocrx_word' id='word_1_946' title='bbox 2122 5287 2272 5343; x_wconf 92' lang='lat' dir='ltr'><strong>sunt;</strong></span> <span class='ocrx_word' id='word_1_947' title='bbox 2303 5278 2426 5347; x_wconf 88' lang='lat' dir='ltr'><strong>quia</strong></span> <span class='ocrx_word' id='word_1_948' title='bbox 2456 5292 2582 5334; x_wconf 87' lang='lat' dir='ltr'><strong>suos</strong></span> <span class='ocrx_word' id='word_1_949' title='bbox 2608 5280 2838 5337; x_wconf 91' lang='lat' dir='ltr'><strong>honores</strong></span> <span class='ocrx_word' id='word_1_950' title='bbox 2875 5298 3154 5355; x_wconf 70' lang='lat' dir='ltr'><strong>quaerunt,</strong></span> <span class='ocrx_word' id='word_1_951' title='bbox 3179 5305 3283 5345; x_wconf 88' lang='lat' dir='ltr'><strong>non</strong></span> <span class='ocrx_word' id='word_1_952' title='bbox 3324 5291 3543 5351; x_wconf 84' lang='lat' dir='ltr'><strong>Christi.</strong></span> <span class='ocrx_word' id='word_1_953' title='bbox 3583 5295 3723 5365; x_wconf 88' lang='lat' dir='ltr'><strong>Qui-</strong></span> 
     </span>
    </p>
   </div>
   <div class='ocr_carea' id='block_1_117' title="bbox 2124 5369 3683 5456">
    <p class='ocr_par' dir='ltr' id='par_1_117' title="bbox 2124 5369 3683 5456">
     <span class='ocr_line' id='line_1_117' title="bbox 2124 5369 3683 5456; baseline 0.013 -34"><span class='ocrx_word' id='word_1_954' title='bbox 2124 5378 2299 5423; x_wconf 89' lang='lat' dir='ltr'><strong>autem</strong></span> <span class='ocrx_word' id='word_1_955' title='bbox 2344 5369 2597 5437; x_wconf 63' lang='lat' dir='ltr'><strong>praedicat</strong></span> <span class='ocrx_word' id='word_1_956' title='bbox 2635 5372 2687 5426; x_wconf 91' lang='lat' dir='ltr'><strong>in</strong></span> <span class='ocrx_word' id='word_1_957' title='bbox 2724 5383 2875 5443; x_wconf 87' lang='lat' dir='ltr'><strong>porta</strong></span> <span class='ocrx_word' id='word_1_958' title='bbox 2896 5416 2912 5441; x_wconf 93' lang='lat'><strong>,</strong></span> <span class='ocrx_word' id='word_1_959' title='bbox 2941 5373 3147 5435; x_wconf 84' lang='lat' dir='ltr'><strong>Christi</strong></span> <span class='ocrx_word' id='word_1_960' title='bbox 3179 5380 3435 5439; x_wconf 72' lang='lat' dir='ltr'><strong>bonarum</strong></span> <span class='ocrx_word' id='word_1_961' title='bbox 3459 5389 3683 5456; x_wconf 69' lang='lat' dir='ltr'><strong>quaerit,</strong></span> 
     </span>
    </p>
   </div>
   <div class='ocr_carea' id='block_1_118' title="bbox 2122 5461 3691 5542">
    <p class='ocr_par' dir='ltr' id='par_1_118' title="bbox 2122 5461 3691 5542">
     <span class='ocr_line' id='line_1_118' title="bbox 2122 5461 3691 5542; baseline 0.013 -27"><span class='ocrx_word' id='word_1_962' title='bbox 2122 5476 2226 5515; x_wconf 90' lang='lat' dir='ltr'><strong>non</strong></span> <span class='ocrx_word' id='word_1_963' title='bbox 2253 5476 2436 5524; x_wconf 87' lang='lat' dir='ltr'><strong>suum;</strong></span> <span class='ocrx_word' id='word_1_964' title='bbox 2469 5470 2523 5515; x_wconf 88' lang='lat' dir='ltr'><strong>et</strong></span> <span class='ocrx_word' id='word_1_965' title='bbox 2551 5461 2668 5517; x_wconf 91' lang='lat' dir='ltr'><strong>ideo</strong></span> <span class='ocrx_word' id='word_1_966' title='bbox 2695 5467 2784 5534; x_wconf 91' lang='lat' dir='ltr'><strong>qui</strong></span> <span class='ocrx_word' id='word_1_967' title='bbox 2813 5466 3064 5534; x_wconf 78' lang='lat' dir='ltr'><strong>prtcdicat</strong></span> <span class='ocrx_word' id='word_1_968' title='bbox 3088 5470 3138 5525; x_wconf 90' lang='lat' dir='ltr'><strong>iu</strong></span> <span class='ocrx_word' id='word_1_969' title='bbox 3167 5483 3317 5542; x_wconf 86' lang='lat' dir='ltr'><strong>porta</strong></span> <span class='ocrx_word' id='word_1_970' title='bbox 3337 5516 3353 5541; x_wconf 93' lang='lat'><strong>,</strong></span> <span class='ocrx_word' id='word_1_971' title='bbox 3380 5475 3508 5532; x_wconf 88' lang='lat' dir='ltr'><strong>dicit</strong></span> <span class='ocrx_word' id='word_1_972' title='bbox 3532 5494 3548 5533; x_wconf 93' lang='lat'><strong>:</strong></span> <span class='ocrx_word' id='word_1_973' title='bbox 3572 5477 3691 5535; x_wconf 82' lang='lat' dir='ltr'><strong>No-</strong></span> 
     </span>
    </p>
   </div>
   <div class='ocr_carea' id='block_1_119' title="bbox 2122 5552 3698 5639">
    <p class='ocr_par' dir='ltr' id='par_1_119' title="bbox 2122 5552 3698 5639">
     <span class='ocr_line' id='line_1_119' title="bbox 2122 5552 3698 5639; baseline 0.012 -33"><span class='ocrx_word' id='word_1_974' title='bbox 2122 5552 2214 5607; x_wconf 89' lang='lat' dir='ltr'><strong>lite</strong></span> <span class='ocrx_word' id='word_1_975' title='bbox 2258 5552 2310 5607; x_wconf 93' lang='lat' dir='ltr'><strong>in</strong></span> <span class='ocrx_word' id='word_1_976' title='bbox 2358 5567 2443 5607; x_wconf 89' lang='lat' dir='ltr'><strong>me</strong></span> <span class='ocrx_word' id='word_1_977' title='bbox 2494 5569 2843 5621; x_wconf 65' lang='lat' dir='ltr'><strong>prtesumere;</strong></span> <span class='ocrx_word' id='word_1_978' title='bbox 2872 5572 2976 5615; x_wconf 90' lang='lat' dir='ltr'><strong>non</strong></span> <span class='ocrx_word' id='word_1_979' title='bbox 3008 5561 3148 5615; x_wconf 86' lang='lat' dir='ltr'><strong>enim</strong></span> <span class='ocrx_word' id='word_1_980' title='bbox 3188 5577 3285 5632; x_wconf 82' lang='lat' dir='ltr'><strong>per</strong></span> <span class='ocrx_word' id='word_1_981' title='bbox 3318 5580 3444 5633; x_wconf 88' lang='lat' dir='ltr'><strong>me,</strong></span> <span class='ocrx_word' id='word_1_982' title='bbox 3473 5567 3567 5623; x_wconf 84' lang='lat' dir='ltr'><strong>sed</strong></span> <span class='ocrx_word' id='word_1_983' title='bbox 3591 5582 3698 5639; x_wconf 84' lang='lat' dir='ltr'><strong>per</strong></span> 
     </span>
    </p>
   </div>
   <div class='ocr_carea' id='block_1_120' title="bbox 2125 5641 3699 5721">
    <p class='ocr_par' dir='ltr' id='par_1_120' title="bbox 2125 5641 3699 5721">
     <span class='ocr_line' id='line_1_120' title="bbox 2125 5641 3699 5721; baseline 0.017 -33"><span class='ocrx_word' id='word_1_984' title='bbox 2125 5651 2329 5711; x_wconf 84' lang='lat' dir='ltr'><strong>portam</strong></span> <span class='ocrx_word' id='word_1_985' title='bbox 2368 5641 2651 5697; x_wconf 86' lang='lat' dir='ltr'><strong>intrabitis.</strong></span> <span class='ocrx_word' id='word_1_986' title='bbox 2693 5644 2774 5699; x_wconf 85' lang='lat' dir='ltr'><strong>illi</strong></span> <span class='ocrx_word' id='word_1_987' title='bbox 2812 5657 2992 5702; x_wconf 89' lang='lat' dir='ltr'><strong>autem</strong></span> <span class='ocrx_word' id='word_1_988' title='bbox 3025 5651 3112 5721; x_wconf 88' lang='lat' dir='ltr'><strong>qui</strong></span> <span class='ocrx_word' id='word_1_989' title='bbox 3142 5652 3325 5708; x_wconf 88' lang='lat' dir='ltr'><strong>volunt</strong></span> <span class='ocrx_word' id='word_1_990' title='bbox 3353 5655 3596 5712; x_wconf 85' lang='lat' dir='ltr'><strong>homines</strong></span> <span class='ocrx_word' id='word_1_991' title='bbox 3638 5661 3699 5715; x_wconf 85' lang='lat' dir='ltr'><strong>in</strong></span> 
     </span>
    </p>
   </div>
   <div class='ocr_carea' id='block_1_121' title="bbox 2136 5732 3696 5815">
    <p class='ocr_par' dir='ltr' id='par_1_121' title="bbox 2136 5732 3696 5815">
     <span class='ocr_line' id='line_1_121' title="bbox 2136 5732 3696 5815; baseline 0.01 -29"><span class='ocrx_word' id='word_1_992' title='bbox 2136 5732 2340 5801; x_wconf 85' lang='lat' dir='ltr'><strong>seipsos</strong></span> <span class='ocrx_word' id='word_1_993' title='bbox 2387 5746 2706 5802; x_wconf 65' lang='lat' dir='ltr'><strong>praesumere</strong></span> <span class='ocrx_word' id='word_1_994' title='bbox 2725 5736 2955 5801; x_wconf 77' lang='lat' dir='ltr'><strong>,‘nolunt</strong></span> <span class='ocrx_word' id='word_1_995' title='bbox 2981 5754 3072 5797; x_wconf 86' lang='lat' dir='ltr'><strong>eos</strong></span> <span class='ocrx_word' id='word_1_996' title='bbox 3097 5740 3293 5800; x_wconf 90' lang='lat' dir='ltr'><strong>intrare</strong></span> <span class='ocrx_word' id='word_1_997' title='bbox 3319 5759 3413 5815; x_wconf 88' lang='lat' dir='ltr'><strong>per</strong></span> <span class='ocrx_word' id='word_1_998' title='bbox 3441 5755 3696 5815; x_wconf 86' lang='lat' dir='ltr'><strong>portatu:</strong></span> 
     </span>
    </p>
   </div>
  </div>
