4032 6202
300 328 421 384 lli'i't'

291 459 388 497 nun
417 441 607 494 mirum
639 438 681 493 si
713 439 971 494 clauditur
1011 448 1195 495 contra
1239 437 1358 492 illos
1396 426 1548 508 parta
1571 480 1586 502 ,
1619 445 1672 491 et
1698 435 1853 490 otiosi

293 532 496 602 pulsant
523 539 577 583 ut
601 530 888 598 aperiatur.
933 529 1188 584 Adestote
1221 543 1348 598 ergo
1377 529 1555 582 animo
1576 568 1590 590 ,
1624 529 1814 582 fratres
1835 567 1851 592 ,

289 625 438 677 etiam
469 632 684 690 propter
709 621 996 674 crastinum
1024 633 1327 674 sermonem
1349 660 1363 683 ,
1413 633 1477 671 ex
1503 627 1684 671 nostra
1713 617 1859 686 polli-

289 712 564 774 citatione,
597 711 875 779 adjuvante
921 711 1175 775 Domino,
1215 709 1366 762 vobis
1409 708 1744 763 reddendum
1789 722 1856 762 ex

291 801 569 870 Evangelio
595 803 659 856 de
685 801 928 856 columba
965 801 1061 870 (α).
1102 800 1158 854 ln
1188 799 1337 869 cujus
1366 801 1579 854 nomine
1605 800 1854 870 promisi-

291 911 435 960 mus,
469 895 518 946 in
549 894 691 948 illius
718 894 1078 949 misericordia
1110 893 1411 948 reddemus.
1461 893 1565 947 Sed
1597 905 1649 946 ut
1684 894 1854 962 possi-

290 1001 400 1040 mus
425 1000 543 1040 esse
567 985 737 1040 idonei
766 986 1083 1051 redditores,
1109 999 1175 1039 ne
1195 984 1420 1039 audaces
1445 982 1699 1038 fuerimus
1729 999 1854 1052 pro-

289 1077 559 1141 missores,
593 1087 738 1129 orate
764 1091 864 1146 pro
896 1076 1065 1129 nobis.

637 1241 716 1302 1N
757 1239 1134 1302 PSALMUM
1176 1236 1475 1314 cxxvu

877 1357 1296 1414 ENARRATIO.

919 1479 1090 1520 sentio
1125 1464 1222 1536 (b).

350 1586 400 1640 Ι.
437 1583 588 1656 lbera.
617 1579 757 1652 1-4.]
784 1581 931 1636 Sicut
952 1579 1082 1634 dicit
1107 1577 1412 1646 Apostolus,
1437 1575 1628 1632 fratres
1652 1574 1855 1631 charis-

282 1676 418 1741 simi,
445 1672 807 1743 Spiritualibus
823 1669 1106 1739 spiritualia
1124 1684 1496 1742 comparamus;
1515 1668 1750 1720 animalis
1764 1683 1854 1719 au-

284 1777 374 1820 tem
395 1766 548 1820 homo
578 1781 678 1818 non
703 1763 912 1832 percipit
938 1776 1050 1831 qua:
1067 1768 1186 1815 sunt
1211 1758 1436 1830 Spiritus
1456 1757 1552 1811 Dei
1577 1759 1595 1827 (
1610 1757 1630 1810 l
1656 1755 1775 1812 Cor.
1793 1773 1850 1819 ιι,

281 1859 362 1918 i3.
390 1858 486 1926 14)
505 1875 520 1921 ;
543 1854 834 1910 cavendum
858 1867 938 1907 εει
965 1867 1032 1907 ne
1053 1850 1297 1906 homines
1319 1850 1577 1903 animales
1601 1865 1704 1902 non
1734 1863 1853 1918 per-

278 1949 537 2018 cipientcs
561 1961 678 2017 qua:
707 1953 830 1999 sunt
854 1943 1078 2012 Spiritus
1103 1941 1215 2006 Dei,
1234 1940 1658 1994 scandalizentur
1677 1939 1853 2008 potius

279 2042 328 2095 in
381 2039 490 2094 huc
539 2039 775 2108 psalmo,
827 2049 984 2104 quam
1042 2029 1570 2088 tediﬁcentur.iNam
1619 2029 1854 2085 breviter

279 2131 602 2202 (quanquam
633 2144 752 2183 eum
774 2169 790 2191 ,
819 2142 939 2182 cum
969 2133 1292 2190 cantaretur,
1330 2122 1697 2193 audivimus),
1729 2122 1850 2191 quia

276 2222 457 2277 brevis
481 2229 582 2281 est.
612 2233 773 2274 curro
798 2232 954 2282 eum,
983 2229 1087 2270 non
1121 2223 1384 2278 tractans,
1416 2213 1510 2269 sed
1539 2213 1743 2284 legens.
1786 2213 1853 2267 Et

274 2313 452 2369 videte
477 2313 595 2382 quia
626 2311 670 2365 si
700 2310 819 2364 talia
848 2308 1070 2378 quisque
1094 2295 1424 2377 concupierit
1463 2322 1559 2376 pro
1601 2322 1793 2376 magno
1819 2322 1849 2380 a

275 2406 382 2460 Deo
402 2445 419 2470 ,
454 2403 627 2474 qualia
653 2401 892 2456 continet
921 2400 1019 2454 iste
1049 2397 1318 2468 psalmus;
1352 2409 1405 2453 et
1433 2398 1570 2453 forte
1595 2413 1699 2452 non
1729 2385 1864 2474 quia

274 2500 526 2554 desertus
553 2504 634 2550 est
660 2494 727 2548 ab
754 2494 862 2557 illo,
885 2492 977 2546 sed
1011 2491 1132 2560 quia
1164 2491 1330 2561 magis
1351 2490 1606 2560 diligitur,
1637 2506 1739 2545 non
1762 2506 1848 2545 ac-

273 2589 512 2660 ceperit;
542 2586 835 2654 videritque
860 2585 949 2639 illa
980 2598 1098 2652 quae
1124 2583 1210 2638 hic
1237 2583 1314 2636 sic
1342 2581 1541 2636 audivit
1561 2597 1678 2636 esse
1705 2597 1847 2651 prm—

276 2683 374 2736 mia
405 2679 708 2734 timentium
739 2677 901 2730 Deum
922 2716 938 2739 ,
969 2673 1240 2730 abundare
1268 2673 1373 2728 illis
1403 2673 1492 2742 qui
1517 2687 1623 2726 non
1661 2672 1851 2727 timent

282 2774 444 2827 Deum
475 2789 487 2823 :
519 2777 706 2824 nutent
727 2781 942 2836 gressus
964 2767 1122 2831 illius,
1146 2774 1200 2821 et
1224 2763 1559 2820 effundantur
1583 2764 1731 2833 lapsu
1757 2780 1847 2819 vc-

279 2864 430 2934 stigia
459 2862 596 2931 ejus,
627 2869 680 2915 et
704 2860 844 2916 dicat
869 2861 920 2914 in
947 2857 1108 2914 corde
1132 2873 1248 2921 suo,
1279 2857 1394 2911 sine
1422 2871 1579 2910 causa
1602 2870 1660 2910 se
1682 2857 1847 2910 Deum

281 2955 540 3014 tiniuisse,
570 2951 779 3022 quando
808 2949 893 3004 illa
925 2948 1062 3003 dona
1087 2962 1190 3002 non
1220 2946 1431 3007 meruit,
1460 2961 1578 3016 qua:
1606 2947 1848 3015 promisit

282 3045 588 3098 timentibus
633 3058 720 3103 se;
749 3041 965 3108 insuper
1011 3046 1066 3093 et
1110 3037 1185 3092 illi
1233 3046 1571 3104 acceperunt,
1599 3037 1844 3106 quicum

279 3129 377 3188 non
411 3134 588 3188 solum
616 3147 718 3186 non
750 3132 1073 3192 timuerunt,
1117 3127 1210 3182 sed
1245 3127 1403 3180 etiam
1443 3126 1846 3196 blasphemave-

279 3235 416 3280 runt.
445 3223 632 3277 Videte
659 3223 798 3276 enim
827 3219 950 3290 quid
990 3218 1165 3274 dicat:
1196 3217 1338 3270 Beati
1367 3233 1538 3270 omnes
1562 3217 1645 3286 qui
1673 3217 1848 3270 timent

279 3316 567 3378 Dominum,
595 3315 681 3383 qui
703 3313 962 3366 ambulant
991 3303 1159 3364 inpiis
1186 3309 1315 3378 ejus.
1345 3306 1564 3361 Labores
1593 3308 1847 3376 fructuum

277 3421 473 3464 tuorum
503 3407 863 3470 manducabis;
887 3405 1059 3458 beatus
1083 3421 1156 3465 es,
1186 3412 1230 3456 et
1258 3401 1379 3455 bene
1400 3401 1486 3455 tibi
1511 3401 1625 3481 erit.
1657 3400 1845 3455 Adhuc

278 3514 560 3569 possumus
589 3499 692 3564 hic,
719 3508 770 3550 et
795 3496 1034 3565 quamvis
1055 3494 1334 3558 animales,
1364 3491 1744 3546 beatitudinem
1767 3491 1846 3545 fu-

275 3595 372 3648 turi
399 3592 585 3646 smculi
611 3593 873 3659 cogitare;
897 3587 1195 3642 sed.videte
1217 3585 1343 3653 quid
1369 3585 1636 3654 sequitur:
1657 3602 1676 3635 ι
1705 3583 1848 3638 Uxor

277 3694 356 3736 tna
385 3684 527 3735 sicut
558 3681 708 3733 vinea
737 3679 947 3742 fertilis,
983 3679 1032 3730 in
1067 3677 1318 3730 lateribus
1347 3675 1535 3728 domus
1567 3684 1688 3728 tit-.e.
1723 3673 1840 3734 Filii

275 3775 342 3827 tui
373 3775 518 3827 sicut
544 3769 825 3824 novellatio
850 3768 1130 3830 olivarum,
1162 3767 1212 3819 in
1243 3765 1464 3819 circuitu
1497 3780 1695 3818 mensa:
1718 3773 1841 3818 tum.

273 3865 408 3920 Ecce
449 3865 533 3920 sic
577 3861 919 3916 benedicctur
956 3859 1116 3910 homo
1158 3857 1244 3926 qui
1289 3856 1440 3910 timet
1481 3855 1782 3909 Dominum.
1817 3873 1838 3908 ι

271 3955 582 4024 Quomodo?
611 3954 678 4010 Ut
704 3955 772 4007 sit
810 3967 941 4004 uxor
965 3949 1079 4016 ejus
1119 3958 1363 4017 tanquam
1391 3947 1541 4000 vinea
1570 3944 1758 4000 fertilis
1788 3947 1839 4000 in

272 4049 526 4102 lateribus
547 4046 735 4100 domus
757 4043 892 4112 ejus,
920 4050 974 4096 ct
994 4041 1085 4094 ﬁlii
1109 4040 1222 4108 ejus
1248 4038 1578 4092 circumdent
1603 4053 1839 4091 mensam

269 4141 408 4209 ejus,
439 4149 692 4207 tanquam
718 4135 972 4189 olivarum
1004 4131 1308 4184 novellatio.
1335 4129 1476 4199 Ergo
1498 4127 1842 4195 perdiderunt

272 4229 574 4294 mercedem
601 4241 772 4288 suam,
802 4224 888 4294 qui
911 4221 1310 4292 propterDenm
1340 4219 1498 4273 etiam
1527 4232 1717 4272 uxores
1740 4217 1840 4273 du-

267 4337 386 4376 cere
416 4317 736 4374 noluerunt?
763 4313 866 4369 Sed
907 4312 980 4366 ait
1019 4310 1107 4381 qui
1149 4310 1317 4364 noiuit
1353 4308 1548 4363 ducere
1580 4321 1836 4361 uxorem:

268 4414 435 4466 Aliter
467 4426 554 4465 me
581 4408 858 4465 benedicet
883 4407 1039 4461 Deus.
1074 4403 1182 4457 lmo
1209 4417 1354 4467 vero,
1377 4410 1467 4456 aut
1489 4401 1566 4456 sic
1595 4409 1646 4454 te
1676 4401 1841 4455 bene-

266 4505 438 4570 dicet,
482 4513 574 4558 aut
617 4517 719 4556 non
752 4509 802 4555 te
829 4497 1105 4554 bcncdicct
1131 4513 1144 4548 :
1170 4506 1355 4566 aperte
1394 4493 1532 4549 dicta
1577 4493 1836 4548 sententia

267 4609 366 4662 est,
397 4595 537 4650 Ecce
561 4594 633 4649 sic
660 4591 974 4647 benedicetur
999 4588 1147 4642 homo
1170 4588 1256 4658 qui
1282 4587 1416 4640 timet
1442 4584 1736 4640 Dominum.

333 4690 387 4743 9..
417 4687 558 4756 Quid
580 4700 706 4756 ergo
731 4684 830 4738 sibi
859 4684 958 4738 hoc
978 4680 1108 4744 vult,
1135 4679 1358 4735 fratres?
1381 4678 1458 4733 Ne
1483 4678 1837 4734 desiderando

269 4780 614 4854 temporalem
642 4786 696 4833 et
723 4786 986 4832 terrenam
1013 4773 1335 4837 felicitatem,
1364 4772 1646 4842 perdamus
1674 4773 1833 4827 coele-

265 4884 423 4940 stem,
445 4873 712 4941 Propheta
737 4877 983 4937 tauquam
1008 4865 1335 4920 involucrum
1360 4864 1511 4918 nobis
1539 4863 1829 4918 constituit.

263 4965 598 5022 involucrum
626 4963 726 5017 hoc
753 4961 930 5016 nescio
951 4958 1078 5029 quid
1109 4957 1268 5013 habet
1293 4958 1450 5011 intus.
1479 4956 1714 5010 Meminit
1733 4971 1826 5010 au-

265 5069 369 5114 tem
393 5058 640 5114 Charitas
660 5064 858 5118 vestra,
879 5067 999 5106 cum
1031 5050 1358 5120 superiorem
1387 5049 1646 5119 psalmum
1681 5048 1832 5104 vobis

262 5144 585 5213 tractarem,
632 5144 720 5214 qui
771 5153 855 5198 est
896 5151 1018 5196 ante
1060 5141 1247 5203 istum,
1294 5137 1580 5194 incurrisse
1625 5152 1724 5193 nos
1777 5139 1828 5193 in

260 5215 546 5308 quemdam
577 5249 785 5292 versum
813 5234 1132 5298 obscurum,
1162 5231 1248 5286 ubi
1293 5230 1490 5285 dictum
1533 5239 1616 5284 est
1635 5269 1650 5294 .
1684 5229 1830 5284 Sicut

257 5331 454 5400 sagittae
495 5328 548 5381 in
589 5342 744 5380 manu
782 5325 1028 5394 potentis,
1055 5323 1127 5378 sic
1167 5322 1262 5391 ﬁlii
1304 5337 1625 5376 excusserunt
1655 5318 1825 5390 (Psal.

259 5433 440 5487 cxxvr,
473 5417 560 5490 At);
592 5426 787 5474 etcum
812 5429 1172 5486 quaereremus
1201 5412 1291 5483 qui
1333 5413 1441 5467 sint
1462 5413 1558 5480 ﬁlii
1589 5428 1826 5486 excusso-

257 5527 387 5577 rum,
411 5511 583 5565 visum
606 5525 722 5565 esse
744 5509 915 5574 nobis,
941 5515 1256 5578 suggerente
1279 5513 1532 5575 quantum
1559 5505 1828 5562 credimus

258 5602 505 5667 Domino,
541 5601 676 5656 filios
702 5614 1048 5656 excussorum
1078 5597 1364 5667 Apostolos
1383 5597 1554 5652 dictos
1581 5611 1736 5665 esse,
1758 5595 1825 5652 fi-

309 5717 384 5776 (n)
410 5715 512 5764 vid.
534 5721 686 5776 'rract.
712 5729 756 5765 iv
777 5716 822 5764 in
845 5721 998 5776 δορα,
1022 5724 1076 5776 n._
1084 5709 1189 5776 A16;
1215 5716 1266 5758 et
1279 5716 1442 5776 ξιτ-πί.
1465 5724 1494 5759 v
1511 5717 1638 5776 etvi.

313 5769 389 5842 (ιι)
430 5777 496 5825 Λα
522 5775 746 5840 populum
766 5777 956 5826 habitus
977 5769 1025 5823 in
1048 5772 1127 5839 die
1147 5769 1190 5822 5.
1215 5769 1381 5822 Felicis
1402 5771 1636 5834 martyris.

1376 321 1766 379 ENARRATIO
1807 321 1868 375 ΙΝ
1909 321 2223 380 ΡΞΛΙΔῙΟΜ
2263 327 2517 383 CXXVII.

3394 332 3525 390 1678

1964 435 2066 489 lios
2087 437 2469 508 PrOpbetarum
2490 457 2503 493 :
2528 441 2646 510 quia
2670 441 2948 512 Propheta:
2971 444 3022 498 in
3049 445 3343 515 mnigmatis
3368 448 3526 504 locuti

1959 537 2101 595 sunt,
2126 539 2177 584 et
2207 531 2388 599 ﬁguris
2415 545 2592 585 rerum
2624 542 2868 602 tanquam
2901 537 3276 606 mysteriorum
3309 538 3520 593 involu-

1958 621 2062 674 cris
2083 632 2470 691 cooperuerunt
2495 624 2850 691 intellectum;
2880 628 2965 696 qui
2990 629 3288 686 intellectus
3310 632 3524 701 prodire

1960 727 2062 766 non
2093 715 2262 782 potuit
2290 714 2353 768 ad
2384 714 2643 782 homines,
2673 718 2771 784 nisi
2801 719 3068 774 involucra
3101 722 3186 776 illa
3214 735 3525 779 excuteren-

1961 811 2044 854 tur
2067 820 2080 856 :
2108 804 2246 858 unde
2273 804 2396 858 dicti
2424 816 2545 858 sunt
2575 807 2644 859 illi
2676 809 2771 874 lilii
2794 825 3142 878 excusserunt,
3169 814 3256 881 qui
3292 813 3359 869 de
3391 815 3522 870 Pro-

1959 893 2132 961 plietis
2162 897 2399 950 excussis
2431 898 2783 965 profecerunt.
2830 901 2965 970 Ergo
2990 912 3044 956 et
3069 919 3164 958 nos
3192 908 3521 963 excutiamus

1959 983 2138 1044 istum,
2172 999 2236 1038 ne
2265 1001 2358 1054 per
2386 986 2652 1040 involucra
2678 987 2941 1055 fallamur,
2971 1002 3024 1045 et
3069 1003 3342 1062 tangentes
3381 998 3522 1065 quod

1957 1072 2099 1126 intus
2138 1085 2220 1128 est
2257 1086 2310 1129 et
2348 1092 2450 1132 non
2481 1077 2748 1142 videntes,
2777 1079 3013 1135 dicamus
3041 1082 3174 1138 forte
3202 1086 3399 1155 lignum
3427 1103 3526 1159 pro

1957 1182 2108 1229 auro,
2138 1177 2228 1221 aut
2261 1178 2446 1223 testam
2480 1185 2574 1238 pro
2595 1182 2831 1240 argento.
2865 1173 3288 1242 Excutiamus,si
3316 1178 3524 1234 videtur

1958 1261 2211 1314 Cbaritati
2242 1271 2431 1317 vestra:
2463 1280 2476 1316 :
2506 1263 2676 1317 aderit
2706 1265 2960 1320 Dominus
2979 1309 2994 1331 ,
3025 1277 3078 1322 ut
3111 1270 3359 1337 procedat
3383 1273 3525 1342 quod

1957 1351 2098 1404 intus
2125 1362 2210 1408 est
2234 1371 2249 1417 ;
2277 1355 2505 1409 maxime
2528 1395 2542 1419 ,
2569 1355 2762 1410 fratres
2788 1359 2912 1424 mei,
2946 1359 3066 1428 quia
3104 1371 3392 1434 martyrum
3427 1381 3525 1420 na-

1957 1444 2119 1498 talitia
2149 1445 2499 1501 celebramus.
2527 1448 2733 1514 Quanta
2763 1450 2897 1505 mala
2926 1452 3065 1520 passi
3092 1464 3218 1509 sunt
3237 1465 3524 1528 martyres,

1955 1545 2149 1603 quanta
2179 1537 2358 1602 exitia,
2390 1549 2583 1607 quanta
2617 1549 2900 1607 tormenta,
2924 1545 3198 1614 squalores
3223 1563 3522 1618 carcerum,

1955 1626 2254 1680 stricturam
2298 1636 2604 1683 catenarum
2627 1670 2640 1694 ,
2679 1632 2933 1686 saavitiam
2979 1633 3211 1691 ferarum
3231 1676 3247 1703 ,
3274 1640 3522 1695 ardorem

1955 1713 2306 1784 ﬂammarum,
2325 1719 2537 1774 aculeos
2563 1723 3038 1780 contumeliarum!
3060 1726 3162 1782 Ista
3183 1731 3360 1785 omnia
3384 1732 3524 1800 passi

1955 1818 2135 1864 essent
2153 1852 2168 1876 ,
2195 1811 2297 1864 nisi
2337 1814 2520 1867 nescio
2549 1814 2674 1884 quid
2699 1815 2941 1872 viderent
2966 1835 3070 1887 quo
3092 1836 3149 1874 se
3177 1819 3455 1879 tenderent
3480 1825 3522 1890 ί,

1955 1900 2094 1969 quod
2116 1902 2180 1955 ad
2204 1902 2358 1972 hujus
2379 1906 2556 1960 saeculi
2586 1905 2883 1963 felicitatem
2921 1927 3021 1964 non
3053 1914 3318 1982 pertinet?
3347 1916 3524 1988 Turpe

1954 2003 2034 2044 est
2062 2001 2236 2047 autem
2266 2005 2324 2048 ut
2349 1996 2582 2050 natalitia
2614 2008 2903 2070 martyrum
2931 2002 3261 2060 celebremus
3281 2047 3296 2072 ,
3331 2006 3522 2063 horum

1953 2083 2197 2140 videlicet
2213 2101 2486 2142 servorum
2514 2088 2604 2142 Dei
2623 2093 3072 2147 contemneutium
3091 2095 3342 2150 mundum
3363 2098 3520 2154 istum

1955 2184 2170 2243 propter
2197 2178 2574 2247 sempiternam
2606 2179 2932 2246 felicitatem,
2957 2193 3011 2238 et
3033 2186 3356 2254 accipiamus
3379 2190 3520 2260 quod

1954 2264 2040 2320 hic
2060 2267 2311 2336 scriptum
2333 2278 2415 2324 est
2440 2284 2536 2338 pro
2563 2271 2807 2339 praesenti
2838 2271 3108 2342 felicitate,
3129 2285 3184 2330 ut
3205 2277 3521 2349 cuicumque

1954 2355 2090 2410 forte
2115 2357 2314 2412 homini
2346 2360 2437 2414 Dei
2465 2359 2627 2425 ﬁdeli,
2657 2362 2756 2416 civi
2788 2363 2927 2418 illius
2952 2363 3246 2421 Jerusalem
3269 2409 3284 2434 ,
3309 2370 3510 2426 contiu-

1951 2456 2040 2516 gat
2059 2448 2217 2503 etiam
2238 2449 2394 2505 ducta
2418 2467 2580 2506 uxore
2603 2453 2736 2509 ﬁlios
2753 2469 2855 2507 non
2879 2453 3093 2521 habere,
3115 2457 3383 2514 dicamus:
3403 2459 3522 2518 Non

1953 2541 2101 2595 timet
2122 2540 2282 2596 homo
2307 2543 2406 2598 iste
2429 2543 2737 2610 Dominum;
2764 2562 2884 2600 nam
2907 2546 2951 2602 si
2977 2548 3186 2604 timeret
3213 2551 3519 2620 Dominum,

1951 2647 2087 2685 uxor
2107 2633 2222 2701 ejus
2251 2642 2496 2704 tanquam
2527 2635 2676 2690 vinea
2713 2636 2903 2692 fertilis
2929 2649 3069 2692 esset
3103 2639 3155 2693 in
3181 2640 3342 2696 domo
3368 2641 3519 2712 ejus,

1953 2737 2059 2775 non
2081 2723 2296 2784 sterilis,
2321 2733 2380 2778 ut
2401 2724 2599 2779 nullum
2622 2737 2927 2795 generaret;
2955 2738 3007 2783 et
3031 2729 3074 2783 si
3107 2729 3319 2787 timeret
3343 2733 3519 2788 Domi-

1951 2826 2076 2864 num
2127 2813 2286 2867 homo
2334 2814 2464 2878 iste,
2500 2815 2590 2868 filii
2636 2816 2799 2886 ipsius
2840 2819 3234 2877 circumdarent
3278 2839 3517 2880 mensam

1950 2899 2136 2970 ipsius,
2163 2911 2409 2972 tanquam
2432 2906 2648 2960 arbores
2673 2908 2950 2962 olivarum.
2981 2909 3038 2965 Si
3060 2912 3200 2966 enim
3225 2914 3346 2968 talia
3370 2915 3515 2973 dixe-

1950 2990 2145 3058 rimus,
2173 2991 2428 3047 animales
2465 3009 2682 3060 sumus,
2715 3013 2817 3050 non
2862 2998 3214 3069 percipientes
3250 3020 3367 3074 qua:
3395 3015 3516 3063 sunt

1949 3081 2176 3151 Spiritus
2207 3085 2320 3140 Dei.
2352 3085 2666 3156 Incipiamus
2685 3097 2738 3144 et
2759 3104 2856 3144 nos
2875 3098 3125 3147 excutere
3143 3135 3159 3160 ,
3186 3103 3242 3148 ut
3269 3094 3436 3152 simus
3463 3107 3516 3153 et

1950 3190 2046 3228 nos
2070 3175 2157 3229 ﬁlii
2181 3179 2551 3232 excussorum.’
2564 3179 2619 3234 Si
2645 3181 2785 3236 enim
2813 3183 3012 3239 erimus
3031 3183 3122 3238 filii
3145 3201 3511 3259 exeussorum,

1949 3267 2147 3321 erimus
2167 3267 2219 3321 in
2243 3283 2400 3322 manu
2428 3272 2654 3338 potentis
2683 3281 2929 3343 tanquam
2960 3276 3167 3345 sagittae
3186 3317 3202 3343 ,
3232 3287 3284 3332 et
3307 3279 3511 3348 jacula—

1950 3356 2091 3412 bitur
2130 3375 2226 3414 nos
2265 3359 2332 3416 de
2372 3370 2639 3432 praecepto
2669 3379 2767 3419 suo
2807 3366 2856 3418 in
2889 3367 3048 3421 corda
3079 3367 3350 3426 hominum
3379 3388 3505 3428 non-

1947 3450 2070 3505 dum
2115 3454 2424 3519 amantium,
2455 3463 2510 3508 ut
2556 3471 2804 3524 percussa
2848 3459 3051 3528 sagittis
3093 3461 3377 3517 verborum
3425 3460 3518 3519 Dei

1947 3556 2144 3598 ament.
2173 3545 2302 3600 Nam
2327 3547 2371 3600 si
2403 3547 2524 3601 talia
2549 3551 2868 3618 coeperimus
2901 3551 3002 3605 illis
3033 3554 3350 3621 prscdicare:
3371 3554 3514 3624 Filii,

1947 3645 2036 3687 aut
2063 3636 2248 3689 fratres
2274 3638 2398 3702 mei,
2424 3638 2605 3692 timete
2632 3640 2932 3706 Dominum,
2959 3652 3014 3696 ut
3044 3645 3279 3700 habeatis
3305 3647 3440 3701 filios
3461 3656 3514 3704 et

1947 3736 2187 3795 nepotes,
2212 3738 2269 3780 ut
2293 3727 2519 3796 gaudeat
2545 3729 2733 3783 domus
2753 3740 2956 3797 vestra;
2990 3748 3094 3786 non
3121 3735 3430 3804 sagittamus
3455 3747 3513 3793 ut

1946 3828 2152 3870 ametur
2177 3817 2261 3870 illa
2290 3827 2486 3872 aeterna
2515 3818 2809 3874 Jerusalem
2837 3838 2849 3872 :
2876 3823 3224 3877 remanebunt
3250 3825 3303 3879 in
3328 3841 3512 3885 amore

1949 3918 2301 3971 terrenorum,
2325 3920 2378 3963 et
2401 3911 2639 3966 videntes
2660 3911 2758 3966 ista
2778 3913 3050 3969 abundare
3076 3915 3270 3986 impiis,
3287 3919 3388 3974 etsi
3414 3937 3510 3976 no-

1945 4001 2027 4054 bis
2050 4018 2150 4055 non
2170 4002 2382 4065 audent,
2404 4005 2453 4056 in
2472 4003 2633 4058 corde
2652 4019 2749 4058 suo
2765 4005 2965 4070 dicunt,
2985 4007 3158 4075 Quare
3180 4009 3269 4065 ille
3289 4012 3380 4082 qui
3402 4029 3508 4070 non

1947 4094 2094 4147 timet
2133 4093 2329 4156 Deum,
2375 4093 2579 4163 plenam
2623 4093 2837 4149 domum
2884 4096 3041 4150 habet
3076 4098 3232 4154 ﬁliis?
3262 4100 3332 4156 Et
3372 4101 3508 4161 forte

1944 4183 2077 4237 alius
2102 4183 2230 4237 dicit
2257 4184 2327 4237 illi
2356 4203 2370 4239 :
2395 4183 2581 4238 Adhuc
2619 4187 2792 4240 nescis
2829 4187 2952 4256 quid
2990 4187 3064 4242 illi
3102 4191 3270 4258 possit
3297 4195 3509 4249 contin-

1941 4291 2096 4346 gere;
2124 4276 2246 4346 quid
2276 4276 2319 4330 si
2348 4275 2532 4330 efferet
2553 4277 2688 4341 illos,
2714 4277 2836 4348 quia
2861 4293 2962 4332 non
2987 4280 3137 4334 timet
3158 4281 3346 4348 Deum,
3369 4295 3422 4340 et
3439 4287 3507 4342 ad

1943 4368 2043 4424 hoc
2071 4370 2143 4423 illi
2175 4369 2353 4436 plures
2381 4353 2484 4422 nati
2509 4378 2652 4432 sunt,
2678 4379 2734 4424 nt
2753 4369 3006 4438 majorem
3031 4372 3267 4429 dolorem
3297 4375 3363 4432 de
3386 4377 3507 4434 illo-

1940 4477 2057 4514 rum
2091 4470 2260 4514 morte
2287 4461 2546 4529 patiatur?
2575 4460 2677 4516 Sed
2702 4460 2748 4514 si
2771 4462 2889 4516 talia
2914 4462 3133 4531 dixeris,
3164 4467 3508 4536 respondebit

1943 4553 2033 4606 tibi
2065 4553 2152 4607 ille
2177 4571 2189 4607 :
2215 4552 2324 4623 Ego
2345 4553 2463 4606 novi
2489 4551 2754 4608 hominem
2778 4553 3014 4624 impium,
3040 4571 3320 4626 paganum,
3344 4562 3508 4616 sacri-

1940 4645 2133 4714 legum,
2164 4644 2495 4699 adoratorem
2524 4644 2782 4698 idolorum
2806 4647 2881 4715 (et
2909 4643 3046 4702 forte
3075 4648 3222 4703 novit
3245 4657 3299 4704 et
3319 4666 3502 4707 verum

1937 4734 2100 4800 dicit,
2127 4750 2225 4790 nec
2258 4751 2418 4789 unum
2447 4745 2646 4788 tantum
2671 4736 2691 4766 ⁸
2719 4736 2896 4800 novit,
2922 4751 3019 4790 nec
3043 4735 3176 4790 duos
3201 4739 3284 4794 vel
3318 4740 3503 4811 tres),

1935 4843 2094 4898 quem
2138 4827 2469 4882 deduxerunt
2507 4826 2574 4880 ad
2621 4826 2816 4880 fossam
2838 4868 2853 4891 ,
2885 4840 3068 4883 senem
3089 4871 3102 4892 ,
3135 4828 3465 4900 decrepitum
3486 4871 3503 4899 ,

1934 4927 2202 4973 mortuum
2245 4919 2294 4972 in
2340 4918 2476 4972 lecto
2519 4931 2650 4982 suo,
2680 4916 2848 4971 turba:
2874 4915 3111 4977 ﬁliorum
3142 4930 3196 4974 et
3227 4929 3500 4995 nepotum.

1937 5009 2071 5064 Ecce
2093 5025 2196 5064 non
2225 5009 2398 5063 timuit
2430 5009 2727 5071 Dominum,
2749 5017 2804 5063 et
2823 5008 2999 5076 proles
3017 5007 3390 5065 fecundissima
3407 5011 3504 5066 do-

1935 5115 2054 5154 mus
2077 5099 2192 5169 ejus
2218 5098 2411 5154 clausit
2430 5097 2614 5152 oculos
2642 5096 2778 5166 ejus.
2805 5096 2940 5165 Quid
2967 5097 3034 5153 ad
3064 5099 3164 5154 hoc
3188 5098 3378 5154 dicturi
3407 5114 3502 5154 su-

1936 5192 2087 5246 mus?
2116 5190 2256 5245 Nihil
2297 5191 2369 5245 illi
2419 5198 2591 5258 potest
2634 5191 2850 5245 evenire
2874 5189 3034 5256 mali,
3064 5200 3120 5245 ut
3145 5190 3333 5245 efferat
3361 5191 3502 5247 ﬁlios

1933 5295 2056 5336 suos
2082 5282 2250 5346 vivus,
2273 5280 2483 5351 quando
2503 5278 2613 5352 jam
2639 5290 2878 5337 mortuus
2898 5296 2926 5334 a
2955 5280 3076 5336 ﬁliis
3101 5280 3166 5334 ad
3193 5281 3496 5351 sepulcrum

1930 5373 2217 5445 gloriosum
2239 5371 2496 5428 deductus
2515 5382 2614 5428 est.

2003 5465 2055 5520 5.
2088 5463 2427 5518 Excutiamus
2453 5478 2583 5534 ergo
2601 5506 2616 5529 ,
2639 5464 3003 5529 excutiamus,
3027 5462 3072 5517 si
3105 5463 3346 5517 volumus
3375 5478 3499 5520 esse

1995 5585 2008 5612 ι
2031 5581 2104 5629 Sic
2123 5587 2220 5628 Am.
2241 5585 2314 5628 Er.
2342 5586 2395 5628 et
2422 5576 2588 5641 plures
2609 5585 2714 5628 Mss.
2731 5585 2794 5641 At
2813 5584 2943 5641 t.ov.,_
2963 5589 3055 5639 quo
3069 5589 3120 5626 se
3141 5583 3370 5627 tenerent.

1991 5643 2012 5673 ³
2036 5648 2110 5690 Er.
2131 5641 2275 5703 Lugd.
2302 5639 2492 5703 veniet
2527 5646 2634 5689 Lov.
2662 5639 2897 5703 exhibent
2916 5639 2982 5703 _in
3013 5645 3153 5703 textu
3177 5651 3367 5696 vocem,
3391 5646 3501 5688 tan-

1932 5710 2050 5761 tum,
2094 5700 2218 5812 qua?
2235 5715 2328 5751 non
2349 5702 2525 5764 legitur
2545 5704 2594 5751 in
2643 5708 2719 5763 13.;
2760 5701 2846 5751 sed
2871 5700 2928 5750 ad
2969 5701 3235 5764 marginem
3268 5708 3495 5750 notatur:

1936 5783 1960 5812 ι
1983 5771 2104 5812 Sutm
2127 5779 2176 5812 e.
2196 5772 2389 5812 tantum.
2418 5781 2440 5811 ι
2539 5770 2598 5812 ιι.

1936 5783 1960 5812 ι
1983 5770 2176 5828 Supple,
2196 5772 2389 5817 tantum.
2418 5781 2440 5811 ι
2539 5770 2598 5813 at.
