  <div class='ocr_page' id='page_1' title='image "/cluster/home/n/w/nwhite01/storage/ocr_20150623/37/hvd.32044096580592/335.png"; bbox 0 0 4032 6202; ppageno 0'>
   <div class='ocr_carea' id='block_1_1' title="bbox 492 326 626 382">
    <p class='ocr_par' dir='ltr' id='par_1_1' title="bbox 492 326 626 382">
     <span class='ocr_line' id='line_1_1' title="bbox 492 326 626 382; baseline -0.007 -1"><span class='ocrx_word' id='word_1_1' title='bbox 492 326 626 382; x_wconf 69' lang='grc' dir='ltr'><strong>ωτι)</strong></span> 
     </span>
    </p>
   </div>
   <div class='ocr_carea' id='block_1_2' title="bbox 484 417 2052 512">
    <p class='ocr_par' dir='ltr' id='par_1_2' title="bbox 484 417 2052 512">
     <span class='ocr_line' id='line_1_2' title="bbox 484 417 2052 512; baseline 0.003 -21"><span class='ocrx_word' id='word_1_2' title='bbox 484 442 589 496; x_wconf 80' lang='lat' dir='ltr'><strong>Jilil</strong></span> <span class='ocrx_word' id='word_1_3' title='bbox 613 417 960 498; x_wconf 77' lang='lat' dir='ltr'><strong>excussorum</strong></span> <span class='ocrx_word' id='word_1_4' title='bbox 988 449 1177 495; x_wconf 81' lang='lat' dir='ltr'><strong>:excat</strong></span> <span class='ocrx_word' id='word_1_5' title='bbox 1197 439 1299 495; x_wconf 87' lang='lat' dir='ltr'><strong>huc</strong></span> <span class='ocrx_word' id='word_1_6' title='bbox 1323 441 1539 512; x_wconf 89' lang='lat' dir='ltr'><strong>aliquid.</strong></span> <span class='ocrx_word' id='word_1_7' title='bbox 1565 442 1657 497; x_wconf 85' lang='lat' dir='ltr'><strong>Est</strong></span> <span class='ocrx_word' id='word_1_8' title='bbox 1676 444 1817 497; x_wconf 88' lang='lat' dir='ltr'><strong>enim</strong></span> <span class='ocrx_word' id='word_1_9' title='bbox 1839 443 2052 512; x_wconf 85' lang='lat' dir='ltr'><strong>quidam</strong></span> 
     </span>
    </p>
   </div>
   <div class='ocr_carea' id='block_1_3' title="bbox 478 530 2053 602">
    <p class='ocr_par' dir='ltr' id='par_1_3' title="bbox 478 530 2053 602">
     <span class='ocr_line' id='line_1_3' title="bbox 478 530 2053 602; baseline 0.001 -17"><span class='ocrx_word' id='word_1_10' title='bbox 478 535 654 587; x_wconf 69' lang='lat' dir='ltr'><strong>homo</strong></span> <span class='ocrx_word' id='word_1_11' title='bbox 677 531 768 602; x_wconf 89' lang='lat' dir='ltr'><strong>qui</strong></span> <span class='ocrx_word' id='word_1_12' title='bbox 793 531 870 585; x_wconf 86' lang='lat' dir='ltr'><strong>sic</strong></span> <span class='ocrx_word' id='word_1_13' title='bbox 898 530 1256 596; x_wconf 89' lang='lat' dir='ltr'><strong>benedicitur;</strong></span> <span class='ocrx_word' id='word_1_14' title='bbox 1287 541 1345 591; x_wconf 71' lang='lat' dir='ltr'><strong>et,</strong></span> <span class='ocrx_word' id='word_1_15' title='bbox 1374 546 1532 587; x_wconf 91' lang='lat' dir='ltr'><strong>nemo</strong></span> <span class='ocrx_word' id='word_1_16' title='bbox 1565 532 1716 588; x_wconf 88' lang='lat' dir='ltr'><strong>timet</strong></span> <span class='ocrx_word' id='word_1_17' title='bbox 1738 534 2016 587; x_wconf 88' lang='lat' dir='ltr'><strong>Dominum</strong></span> <span class='ocrx_word' id='word_1_18' title='bbox 2038 576 2053 599; x_wconf 92' lang='lat'><strong>,</strong></span> 
     </span>
    </p>
   </div>
   <div class='ocr_carea' id='block_1_4' title="bbox 474 625 2054 696">
    <p class='ocr_par' dir='ltr' id='par_1_4' title="bbox 474 625 2054 696">
     <span class='ocr_line' id='line_1_4' title="bbox 474 625 2054 696; baseline -0.001 -15"><span class='ocrx_word' id='word_1_19' title='bbox 474 627 588 681; x_wconf 61' lang='grc' dir='ltr'>ἰιὶεὶ</span> <span class='ocrx_word' id='word_1_20' title='bbox 614 626 703 696; x_wconf 85' lang='lat' dir='ltr'><strong>qui</strong></span> <span class='ocrx_word' id='word_1_21' title='bbox 727 633 810 680; x_wconf 89' lang='lat' dir='ltr'><strong>est</strong></span> <span class='ocrx_word' id='word_1_22' title='bbox 832 625 883 678; x_wconf 90' lang='lat' dir='ltr'><strong>in</strong></span> <span class='ocrx_word' id='word_1_23' title='bbox 909 625 1161 680; x_wconf 85' lang='lat' dir='ltr'><strong>membris</strong></span> <span class='ocrx_word' id='word_1_24' title='bbox 1193 626 1360 694; x_wconf 84' lang='lat' dir='ltr'><strong>ipsius</strong></span> <span class='ocrx_word' id='word_1_25' title='bbox 1385 625 1615 681; x_wconf 85' lang='lat' dir='ltr'><strong>hominis</strong></span> <span class='ocrx_word' id='word_1_26' title='bbox 1645 642 1659 679; x_wconf 90' lang='lat'><strong>:</strong></span> <span class='ocrx_word' id='word_1_27' title='bbox 1688 634 1743 680; x_wconf 90' lang='lat' dir='ltr'><strong>et</strong></span> <span class='ocrx_word' id='word_1_28' title='bbox 1773 626 1925 681; x_wconf 89' lang='lat' dir='ltr'><strong>multi</strong></span> <span class='ocrx_word' id='word_1_29' title='bbox 1955 626 2054 681; x_wconf 91' lang='lat' dir='ltr'><strong>ho-</strong></span> 
     </span>
    </p>
   </div>
   <div class='ocr_carea' id='block_1_5' title="bbox 469 716 2049 784">
    <p class='ocr_par' dir='ltr' id='par_1_5' title="bbox 469 716 2049 784">
     <span class='ocr_line' id='line_1_5' title="bbox 469 716 2049 784; baseline 0.001 -13"><span class='ocrx_word' id='word_1_30' title='bbox 469 719 657 772; x_wconf 50' lang='lat' dir='ltr'><strong>rmines</strong></span> <span class='ocrx_word' id='word_1_31' title='bbox 679 724 822 781; x_wconf 89' lang='lat' dir='ltr'><strong>sunt,</strong></span> <span class='ocrx_word' id='word_1_32' title='bbox 849 725 905 770; x_wconf 90' lang='lat' dir='ltr'><strong>et</strong></span> <span class='ocrx_word' id='word_1_33' title='bbox 929 731 1064 771; x_wconf 92' lang='lat' dir='ltr'><strong>unus</strong></span> <span class='ocrx_word' id='word_1_34' title='bbox 1090 716 1251 773; x_wconf 90' lang='lat' dir='ltr'><strong>homo</strong></span> <span class='ocrx_word' id='word_1_35' title='bbox 1270 726 1382 779; x_wconf 86' lang='lat' dir='ltr'><strong>est;</strong></span> <span class='ocrx_word' id='word_1_36' title='bbox 1411 719 1561 773; x_wconf 91' lang='lat' dir='ltr'><strong>multi</strong></span> <span class='ocrx_word' id='word_1_37' title='bbox 1582 719 1722 773; x_wconf 89' lang='lat' dir='ltr'><strong>enim</strong></span> <span class='ocrx_word' id='word_1_38' title='bbox 1743 718 2049 784; x_wconf 89' lang='lat' dir='ltr'><strong>Christiani,</strong></span> 
     </span>
    </p>
   </div>
   <div class='ocr_carea' id='block_1_6' title="bbox 476 806 2050 882">
    <p class='ocr_par' dir='ltr' id='par_1_6' title="bbox 476 806 2050 882">
     <span class='ocr_line' id='line_1_6' title="bbox 476 806 2050 882; baseline 0.002 -19"><span class='ocrx_word' id='word_1_39' title='bbox 476 820 538 863; x_wconf 70' lang='lat' dir='ltr'><strong>at</strong></span> <span class='ocrx_word' id='word_1_40' title='bbox 585 822 720 863; x_wconf 90' lang='lat' dir='ltr'><strong>unus</strong></span> <span class='ocrx_word' id='word_1_41' title='bbox 764 808 1028 863; x_wconf 80' lang='lat' dir='ltr'><strong>Christus.</strong></span> <span class='ocrx_word' id='word_1_42' title='bbox 1074 806 1504 878; x_wconf 85' lang='lat' dir='ltr'><strong>Ipsi’Christiaui</strong></span> <span class='ocrx_word' id='word_1_43' title='bbox 1543 825 1664 865; x_wconf 92' lang='lat' dir='ltr'><strong>cum</strong></span> <span class='ocrx_word' id='word_1_44' title='bbox 1703 812 1876 882; x_wconf 91' lang='lat' dir='ltr'><strong>capite</strong></span> <span class='ocrx_word' id='word_1_45' title='bbox 1914 826 2050 877; x_wconf 91' lang='lat' dir='ltr'><strong>suo,</strong></span> 
     </span>
    </p>
   </div>
   <div class='ocr_carea' id='block_1_7' title="bbox 481 900 2054 970">
    <p class='ocr_par' dir='ltr' id='par_1_7' title="bbox 481 900 2054 970">
     <span class='ocr_line' id='line_1_7' title="bbox 481 900 2054 970; baseline 0.004 -15"><span class='ocrx_word' id='word_1_46' title='bbox 481 900 623 970; x_wconf 90' lang='lat' dir='ltr'><strong>quod</strong></span> <span class='ocrx_word' id='word_1_47' title='bbox 645 902 883 956; x_wconf 76' lang='lat' dir='ltr'><strong>ascendit</strong></span> <span class='ocrx_word' id='word_1_48' title='bbox 914 903 964 956; x_wconf 91' lang='lat' dir='ltr'><strong>in</strong></span> <span class='ocrx_word' id='word_1_49' title='bbox 986 903 1181 958; x_wconf 70' lang='lat' dir='ltr'><strong>emlum</strong></span> <span class='ocrx_word' id='word_1_50' title='bbox 1204 944 1219 969; x_wconf 93' lang='lat'><strong>,</strong></span> <span class='ocrx_word' id='word_1_51' title='bbox 1252 918 1386 959; x_wconf 92' lang='lat' dir='ltr'><strong>unus</strong></span> <span class='ocrx_word' id='word_1_52' title='bbox 1414 913 1497 959; x_wconf 92' lang='lat' dir='ltr'><strong>est</strong></span> <span class='ocrx_word' id='word_1_53' title='bbox 1523 904 1806 960; x_wconf 89' lang='lat' dir='ltr'><strong>Christus:</strong></span> <span class='ocrx_word' id='word_1_54' title='bbox 1833 920 1938 961; x_wconf 92' lang='lat' dir='ltr'><strong>non</strong></span> <span class='ocrx_word' id='word_1_55' title='bbox 1966 907 2054 962; x_wconf 89' lang='lat' dir='ltr'><strong>ille</strong></span> 
     </span>
    </p>
   </div>
   <div class='ocr_carea' id='block_1_8' title="bbox 485 994 2051 1060">
    <p class='ocr_par' dir='ltr' id='par_1_8' title="bbox 485 994 2051 1060">
     <span class='ocr_line' id='line_1_8' title="bbox 485 994 2051 1060; baseline 0.004 -14"><span class='ocrx_word' id='word_1_56' title='bbox 485 1007 622 1048; x_wconf 90' lang='lat' dir='ltr'><strong>unus</strong></span> <span class='ocrx_word' id='word_1_57' title='bbox 642 1003 696 1048; x_wconf 90' lang='lat' dir='ltr'><strong>et</strong></span> <span class='ocrx_word' id='word_1_58' title='bbox 718 1008 815 1048; x_wconf 90' lang='lat' dir='ltr'><strong>nos</strong></span> <span class='ocrx_word' id='word_1_59' title='bbox 835 994 1007 1060; x_wconf 72' lang='lat' dir='ltr'><strong>multi,</strong></span> <span class='ocrx_word' id='word_1_60' title='bbox 1032 994 1123 1050; x_wconf 90' lang='lat' dir='ltr'><strong>scd</strong></span> <span class='ocrx_word' id='word_1_61' title='bbox 1150 1003 1207 1050; x_wconf 91' lang='lat' dir='ltr'><strong>et</strong></span> <span class='ocrx_word' id='word_1_62' title='bbox 1233 1009 1330 1050; x_wconf 92' lang='lat' dir='ltr'><strong>nos</strong></span> <span class='ocrx_word' id='word_1_63' title='bbox 1357 996 1506 1050; x_wconf 91' lang='lat' dir='ltr'><strong>multi</strong></span> <span class='ocrx_word' id='word_1_64' title='bbox 1528 996 1582 1051; x_wconf 90' lang='lat' dir='ltr'><strong>in</strong></span> <span class='ocrx_word' id='word_1_65' title='bbox 1609 997 1702 1052; x_wconf 93' lang='lat' dir='ltr'><strong>illo</strong></span> <span class='ocrx_word' id='word_1_66' title='bbox 1731 1013 1838 1055; x_wconf 89' lang='lat' dir='ltr'><strong>uno</strong></span> <span class='ocrx_word' id='word_1_67' title='bbox 1864 1015 2051 1055; x_wconf 89' lang='lat' dir='ltr'><strong>unum.</strong></span> 
     </span>
    </p>
   </div>
   <div class='ocr_carea' id='block_1_9' title="bbox 469 1082 2053 1156">
    <p class='ocr_par' dir='ltr' id='par_1_9' title="bbox 469 1082 2053 1156">
     <span class='ocr_line' id='line_1_9' title="bbox 469 1082 2053 1156; baseline 0.002 -14"><span class='ocrx_word' id='word_1_68' title='bbox 469 1082 632 1142; x_wconf 65' lang='lat' dir='ltr'><strong>‘U&#39;nus</strong></span> <span class='ocrx_word' id='word_1_69' title='bbox 656 1098 784 1154; x_wconf 81' lang='lat' dir='ltr'><strong>ergo</strong></span> <span class='ocrx_word' id='word_1_70' title='bbox 809 1083 972 1139; x_wconf 89' lang='lat' dir='ltr'><strong>homo</strong></span> <span class='ocrx_word' id='word_1_71' title='bbox 997 1084 1446 1154; x_wconf 84' lang='lat' dir='ltr'><strong>Christus,‘caput</strong></span> <span class='ocrx_word' id='word_1_72' title='bbox 1474 1097 1529 1142; x_wconf 85' lang='lat' dir='ltr'><strong>et</strong></span> <span class='ocrx_word' id='word_1_73' title='bbox 1556 1102 1769 1156; x_wconf 88' lang='lat' dir='ltr'><strong>corpus.</strong></span> <span class='ocrx_word' id='word_1_74' title='bbox 1793 1088 1943 1156; x_wconf 83' lang='lat' dir='ltr'><strong>Quod</strong></span> <span class='ocrx_word' id='word_1_75' title='bbox 1969 1100 2053 1145; x_wconf 90' lang='lat' dir='ltr'><strong>est</strong></span> 
     </span>
    </p>
   </div>
   <div class='ocr_carea' id='block_1_10' title="bbox 479 1173 2051 1249">
    <p class='ocr_par' dir='ltr' id='par_1_10' title="bbox 479 1173 2051 1249">
     <span class='ocr_line' id='line_1_10' title="bbox 479 1173 2051 1249; baseline 0.006 -22"><span class='ocrx_word' id='word_1_76' title='bbox 479 1188 674 1245; x_wconf 76' lang='lat' dir='ltr'><strong>corpus</strong></span> <span class='ocrx_word' id='word_1_77' title='bbox 698 1173 849 1245; x_wconf 83' lang='lat' dir='ltr'><strong>ejus?</strong></span> <span class='ocrx_word' id='word_1_78' title='bbox 880 1174 1114 1230; x_wconf 86' lang='lat' dir='ltr'><strong>Ecclesia</strong></span> <span class='ocrx_word' id='word_1_79' title='bbox 1144 1176 1260 1246; x_wconf 84' lang='lat' dir='ltr'><strong>ejus</strong></span> <span class='ocrx_word' id='word_1_80' title='bbox 1280 1216 1295 1241; x_wconf 90' lang='lat'><strong>,</strong></span> <span class='ocrx_word' id='word_1_81' title='bbox 1326 1176 1539 1233; x_wconf 87' lang='lat' dir='ltr'><strong>dicente</strong></span> <span class='ocrx_word' id='word_1_82' title='bbox 1566 1180 1823 1248; x_wconf 85' lang='lat' dir='ltr'><strong>Apostolo</strong></span> <span class='ocrx_word' id='word_1_83' title='bbox 1846 1223 1862 1247; x_wconf 95' lang='lat'><strong>,</strong></span> <span class='ocrx_word' id='word_1_84' title='bbox 1906 1181 2051 1249; x_wconf 85' lang='lat' dir='ltr'><strong>Quo-</strong></span> 
     </span>
    </p>
   </div>
   <div class='ocr_carea' id='block_1_11' title="bbox 474 1266 2047 1342">
    <p class='ocr_par' dir='ltr' id='par_1_11' title="bbox 474 1266 2047 1342">
     <span class='ocr_line' id='line_1_11' title="bbox 474 1266 2047 1342; baseline 0.004 -22"><span class='ocrx_word' id='word_1_85' title='bbox 474 1268 617 1321; x_wconf 79' lang='lat' dir='ltr'><strong>niam</strong></span> <span class='ocrx_word' id='word_1_86' title='bbox 637 1266 856 1321; x_wconf 83' lang='lat' dir='ltr'><strong>membra</strong></span> <span class='ocrx_word' id='word_1_87' title='bbox 874 1283 1047 1339; x_wconf 80' lang='lat' dir='ltr'><strong>sumus</strong></span> <span class='ocrx_word' id='word_1_88' title='bbox 1068 1269 1293 1337; x_wconf 84' lang='lat' dir='ltr'><strong>corporis</strong></span> <span class='ocrx_word' id='word_1_89' title='bbox 1312 1267 1420 1338; x_wconf 84' lang='lat' dir='ltr'><strong>ejus</strong></span> <span class='ocrx_word' id='word_1_90' title='bbox 1450 1268 1664 1340; x_wconf 85' lang='lat' dir='ltr'><strong>(Ephes.</strong></span> <span class='ocrx_word' id='word_1_91' title='bbox 1688 1286 1740 1335; x_wconf 88' lang='lat' dir='ltr'><strong>v,</strong></span> <span class='ocrx_word' id='word_1_92' title='bbox 1779 1271 1918 1342; x_wconf 76' lang='lat'><strong>50);</strong></span> <span class='ocrx_word' id='word_1_93' title='bbox 1960 1281 2014 1327; x_wconf 89' lang='lat' dir='ltr'><strong>ct</strong></span> <span class='ocrx_word' id='word_1_94' title='bbox 2032 1311 2047 1337; x_wconf 88' lang='lat'><strong>,</strong></span> 
     </span>
    </p>
   </div>
   <div class='ocr_carea' id='block_1_12' title="bbox 478 1356 2046 1431">
    <p class='ocr_par' dir='ltr' id='par_1_12' title="bbox 478 1356 2046 1431">
     <span class='ocr_line' id='line_1_12' title="bbox 478 1356 2046 1431; baseline 0.002 -17"><span class='ocrx_word' id='word_1_95' title='bbox 478 1359 593 1414; x_wconf 55' lang='grc' dir='ltr'><strong>³νος</strong></span> <span class='ocrx_word' id='word_1_96' title='bbox 615 1368 780 1414; x_wconf 84' lang='lat' dir='ltr'><strong>autem</strong></span> <span class='ocrx_word' id='word_1_97' title='bbox 807 1359 925 1414; x_wconf 87' lang='lat' dir='ltr'><strong>estis</strong></span> <span class='ocrx_word' id='word_1_98' title='bbox 946 1374 1130 1430; x_wconf 82' lang='lat' dir='ltr'><strong>corpus</strong></span> <span class='ocrx_word' id='word_1_99' title='bbox 1154 1356 1340 1415; x_wconf 78' lang='lat' dir='ltr'><strong>Christi</strong></span> <span class='ocrx_word' id='word_1_100' title='bbox 1372 1369 1419 1414; x_wconf 87' lang='lat' dir='ltr'><strong>et</strong></span> <span class='ocrx_word' id='word_1_101' title='bbox 1446 1360 1668 1415; x_wconf 85' lang='lat' dir='ltr'><strong>membra</strong></span> <span class='ocrx_word' id='word_1_102' title='bbox 1697 1360 1748 1431; x_wconf 88' lang='grc' dir='ltr'><strong>(Ι</strong></span> <span class='ocrx_word' id='word_1_103' title='bbox 1775 1360 1895 1417; x_wconf 85' lang='lat' dir='ltr'><strong>Cor.</strong></span> <span class='ocrx_word' id='word_1_104' title='bbox 1933 1378 2011 1417; x_wconf 82' lang='lat' dir='ltr'><strong>xu</strong></span> <span class='ocrx_word' id='word_1_105' title='bbox 2030 1404 2046 1428; x_wconf 88' lang='lat'><strong>,</strong></span> 
     </span>
    </p>
   </div>
   <div class='ocr_carea' id='block_1_13' title="bbox 386 1450 2047 1525">
    <p class='ocr_par' dir='ltr' id='par_1_13' title="bbox 386 1450 2047 1525">
     <span class='ocr_line' id='line_1_13' title="bbox 386 1450 2047 1525; baseline 0.004 -20"><span class='ocrx_word' id='word_1_106' title='bbox 386 1458 389 1465; x_wconf 78' lang='lat'><em>‘</em></span> <span class='ocrx_word' id='word_1_107' title='bbox 478 1451 593 1523; x_wconf 71' lang='lat'><strong>27).</strong></span> <span class='ocrx_word' id='word_1_108' title='bbox 617 1451 972 1521; x_wconf 70' lang='lat' dir='ltr'><strong>lntclligamus</strong></span> <span class='ocrx_word' id='word_1_109' title='bbox 991 1466 1118 1521; x_wconf 79' lang='lat' dir='ltr'><strong>ergo</strong></span> <span class='ocrx_word' id='word_1_110' title='bbox 1140 1464 1323 1507; x_wconf 81' lang='lat' dir='ltr'><strong>vocem</strong></span> <span class='ocrx_word' id='word_1_111' title='bbox 1346 1450 1506 1522; x_wconf 88' lang='lat' dir='ltr'><strong>hujus</strong></span> <span class='ocrx_word' id='word_1_112' title='bbox 1532 1451 1783 1521; x_wconf 87' lang='lat' dir='ltr'><strong>hominis,</strong></span> <span class='ocrx_word' id='word_1_113' title='bbox 1814 1454 1868 1509; x_wconf 91' lang='lat' dir='ltr'><strong>in</strong></span> <span class='ocrx_word' id='word_1_114' title='bbox 1897 1455 2047 1525; x_wconf 87' lang='lat' dir='ltr'><strong>cujus</strong></span> 
     </span>
    </p>
   </div>
   <div class='ocr_carea' id='block_1_14' title="bbox 461 1542 2044 1613">
    <p class='ocr_par' dir='ltr' id='par_1_14' title="bbox 461 1542 2044 1613">
     <span class='ocr_line' id='line_1_14' title="bbox 461 1542 2044 1613; baseline -0.001 -15"><span class='ocrx_word' id='word_1_115' title='bbox 461 1557 702 1613; x_wconf 49' lang='lat' dir='ltr'><strong>scorpore</strong></span> <span class='ocrx_word' id='word_1_116' title='bbox 741 1555 877 1597; x_wconf 87' lang='lat' dir='ltr'><strong>unus</strong></span> <span class='ocrx_word' id='word_1_117' title='bbox 918 1557 1102 1596; x_wconf 87' lang='lat' dir='ltr'><strong>sumus</strong></span> <span class='ocrx_word' id='word_1_118' title='bbox 1149 1543 1347 1608; x_wconf 91' lang='lat' dir='ltr'><strong>homo;</strong></span> <span class='ocrx_word' id='word_1_119' title='bbox 1394 1551 1448 1596; x_wconf 90' lang='lat' dir='ltr'><strong>et</strong></span> <span class='ocrx_word' id='word_1_120' title='bbox 1492 1542 1564 1597; x_wconf 91' lang='lat' dir='ltr'><strong>ibi</strong></span> <span class='ocrx_word' id='word_1_121' title='bbox 1605 1542 1900 1599; x_wconf 87' lang='lat' dir='ltr'><strong>videbimus</strong></span> <span class='ocrx_word' id='word_1_122' title='bbox 1942 1544 2044 1600; x_wconf 88' lang='lat' dir='ltr'><strong>ista</strong></span> 
     </span>
    </p>
   </div>
   <div class='ocr_carea' id='block_1_15' title="bbox 467 1631 2047 1690">
    <p class='ocr_par' dir='ltr' id='par_1_15' title="bbox 467 1631 2047 1690">
     <span class='ocr_line' id='line_1_15' title="bbox 467 1631 2047 1690; baseline 0.002 -4"><span class='ocrx_word' id='word_1_123' title='bbox 467 1649 601 1690; x_wconf 65' lang='lat' dir='ltr'><strong>rvera</strong></span> <span class='ocrx_word' id='word_1_124' title='bbox 629 1633 766 1689; x_wconf 88' lang='lat' dir='ltr'><strong>bona</strong></span> <span class='ocrx_word' id='word_1_125' title='bbox 793 1632 1110 1689; x_wconf 80' lang='lat' dir='ltr'><strong>Jerusalem.</strong></span> <span class='ocrx_word' id='word_1_126' title='bbox 1139 1631 1230 1688; x_wconf 87' lang='lat' dir='ltr'><strong>Sic</strong></span> <span class='ocrx_word' id='word_1_127' title='bbox 1248 1632 1388 1688; x_wconf 90' lang='lat' dir='ltr'><strong>enim</strong></span> <span class='ocrx_word' id='word_1_128' title='bbox 1410 1632 1543 1687; x_wconf 82' lang='lat' dir='ltr'><strong>dixit</strong></span> <span class='ocrx_word' id='word_1_129' title='bbox 1566 1632 1618 1687; x_wconf 92' lang='lat' dir='ltr'><strong>in</strong></span> <span class='ocrx_word' id='word_1_130' title='bbox 1644 1633 1861 1689; x_wconf 81' lang='lat' dir='ltr'><strong>finezEt</strong></span> <span class='ocrx_word' id='word_1_131' title='bbox 1880 1634 2047 1689; x_wconf 84' lang='lat' dir='ltr'><strong>videas</strong></span> 
     </span>
    </p>
   </div>
   <div class='ocr_carea' id='block_1_16' title="bbox 462 1725 2044 1800">
    <p class='ocr_par' dir='ltr' id='par_1_16' title="bbox 462 1725 2044 1800">
     <span class='ocr_line' id='line_1_16' title="bbox 462 1725 2044 1800; baseline -0.001 -18"><span class='ocrx_word' id='word_1_132' title='bbox 462 1730 605 1782; x_wconf 71' lang='lat' dir='ltr'><strong>‘bon‘a</strong></span> <span class='ocrx_word' id='word_1_133' title='bbox 633 1742 746 1800; x_wconf 80' lang='lat' dir='ltr'><strong>qua:</strong></span> <span class='ocrx_word' id='word_1_134' title='bbox 771 1735 886 1782; x_wconf 87' lang='lat' dir='ltr'><strong>sunt</strong></span> <span class='ocrx_word' id='word_1_135' title='bbox 910 1725 1215 1780; x_wconf 78' lang='lat' dir='ltr'><strong>Jerusalem.</strong></span> <span class='ocrx_word' id='word_1_136' title='bbox 1244 1725 1302 1781; x_wconf 89' lang='lat' dir='ltr'><strong>Si</strong></span> <span class='ocrx_word' id='word_1_137' title='bbox 1331 1733 1509 1781; x_wconf 89' lang='lat' dir='ltr'><strong>autem</strong></span> <span class='ocrx_word' id='word_1_138' title='bbox 1538 1726 1635 1780; x_wconf 90' lang='lat' dir='ltr'><strong>ista</strong></span> <span class='ocrx_word' id='word_1_139' title='bbox 1665 1725 1802 1780; x_wconf 87' lang='lat' dir='ltr'><strong>bona</strong></span> <span class='ocrx_word' id='word_1_140' title='bbox 1832 1735 2044 1783; x_wconf 87' lang='lat' dir='ltr'><strong>terreno</strong></span> 
     </span>
    </p>
   </div>
   <div class='ocr_carea' id='block_1_17' title="bbox 475 1814 2040 1887">
    <p class='ocr_par' dir='ltr' id='par_1_17' title="bbox 475 1814 2040 1887">
     <span class='ocr_line' id='line_1_17' title="bbox 475 1814 2040 1887; baseline -0.001 -15"><span class='ocrx_word' id='word_1_141' title='bbox 475 1819 632 1874; x_wconf 85' lang='lat' dir='ltr'><strong>oculo</strong></span> <span class='ocrx_word' id='word_1_142' title='bbox 657 1816 949 1873; x_wconf 87' lang='lat' dir='ltr'><strong>attenderis</strong></span> <span class='ocrx_word' id='word_1_143' title='bbox 967 1857 983 1880; x_wconf 87' lang='lat'><strong>.</strong></span> <span class='ocrx_word' id='word_1_144' title='bbox 1010 1814 1383 1872; x_wconf 86' lang='lat' dir='ltr'><strong>abundantiam</strong></span> <span class='ocrx_word' id='word_1_145' title='bbox 1409 1815 1636 1871; x_wconf 84' lang='lat' dir='ltr'><strong>filiorum</strong></span> <span class='ocrx_word' id='word_1_146' title='bbox 1670 1825 1726 1872; x_wconf 90' lang='lat' dir='ltr'><strong>et</strong></span> <span class='ocrx_word' id='word_1_147' title='bbox 1754 1826 2004 1887; x_wconf 88' lang='lat' dir='ltr'><strong>nepotum</strong></span> <span class='ocrx_word' id='word_1_148' title='bbox 2025 1859 2040 1884; x_wconf 94' lang='lat'><strong>,</strong></span> 
     </span>
    </p>
   </div>
   <div class='ocr_carea' id='block_1_18' title="bbox 473 1906 2048 1977">
    <p class='ocr_par' dir='ltr' id='par_1_18' title="bbox 473 1906 2048 1977">
     <span class='ocr_line' id='line_1_18' title="bbox 473 1906 2048 1977; baseline -0.002 -12"><span class='ocrx_word' id='word_1_149' title='bbox 473 1916 529 1965; x_wconf 87' lang='lat' dir='ltr'><strong>et</strong></span> <span class='ocrx_word' id='word_1_150' title='bbox 569 1908 893 1964; x_wconf 80' lang='lat' dir='ltr'><strong>fertilitatem</strong></span> <span class='ocrx_word' id='word_1_151' title='bbox 938 1906 1420 1977; x_wconf 78' lang='lat' dir='ltr'><strong>fecunditatemque</strong></span> <span class='ocrx_word' id='word_1_152' title='bbox 1462 1907 1738 1977; x_wconf 79' lang='lat' dir='ltr'><strong>conjugis,</strong></span> <span class='ocrx_word' id='word_1_153' title='bbox 1784 1922 1891 1962; x_wconf 92' lang='lat' dir='ltr'><strong>non</strong></span> <span class='ocrx_word' id='word_1_154' title='bbox 1921 1917 2048 1963; x_wconf 83' lang='lat' dir='ltr'><strong>sunt.</strong></span> 
     </span>
    </p>
   </div>
   <div class='ocr_carea' id='block_1_19' title="bbox 482 1997 2045 2067">
    <p class='ocr_par' dir='ltr' id='par_1_19' title="bbox 482 1997 2045 2067">
     <span class='ocr_line' id='line_1_19' title="bbox 482 1997 2045 2067; baseline -0.001 -12"><span class='ocrx_word' id='word_1_155' title='bbox 482 2002 618 2055; x_wconf 85' lang='lat' dir='ltr'><strong>beaa</strong></span> <span class='ocrx_word' id='word_1_156' title='bbox 641 1999 784 2054; x_wconf 90' lang='lat' dir='ltr'><strong>illius</strong></span> <span class='ocrx_word' id='word_1_157' title='bbox 802 1997 1094 2054; x_wconf 85' lang='lat' dir='ltr'><strong>Jerusalem</strong></span> <span class='ocrx_word' id='word_1_158' title='bbox 1110 2014 1124 2062; x_wconf 95' lang='lat'><strong>;</strong></span> <span class='ocrx_word' id='word_1_159' title='bbox 1139 1997 1258 2067; x_wconf 87' lang='lat' dir='ltr'><strong>quia</strong></span> <span class='ocrx_word' id='word_1_160' title='bbox 1283 1997 1421 2052; x_wconf 91' lang='lat' dir='ltr'><strong>bona</strong></span> <span class='ocrx_word' id='word_1_161' title='bbox 1449 1997 1547 2052; x_wconf 91' lang='lat' dir='ltr'><strong>ista</strong></span> <span class='ocrx_word' id='word_1_162' title='bbox 1574 1998 1626 2052; x_wconf 90' lang='lat' dir='ltr'><strong>in</strong></span> <span class='ocrx_word' id='word_1_163' title='bbox 1655 2008 1801 2053; x_wconf 82' lang='lat' dir='ltr'><strong>terra</strong></span> <span class='ocrx_word' id='word_1_164' title='bbox 1814 2000 2045 2055; x_wconf 89' lang='lat' dir='ltr'><strong>morien-</strong></span> 
     </span>
    </p>
   </div>
   <div class='ocr_carea' id='block_1_20' title="bbox 474 2089 2043 2163">
    <p class='ocr_par' dir='ltr' id='par_1_20' title="bbox 474 2089 2043 2163">
     <span class='ocr_line' id='line_1_20' title="bbox 474 2089 2043 2163; baseline 0 -16"><span class='ocrx_word' id='word_1_165' title='bbox 474 2090 607 2147; x_wconf 87' lang='lat' dir='ltr'><strong>tium</strong></span> <span class='ocrx_word' id='word_1_166' title='bbox 625 2099 770 2156; x_wconf 86' lang='lat' dir='ltr'><strong>sunt,</strong></span> <span class='ocrx_word' id='word_1_167' title='bbox 799 2090 886 2146; x_wconf 89' lang='lat' dir='ltr'><strong>illa</strong></span> <span class='ocrx_word' id='word_1_168' title='bbox 907 2100 1043 2145; x_wconf 90' lang='lat' dir='ltr'><strong>terra</strong></span> <span class='ocrx_word' id='word_1_169' title='bbox 1064 2090 1352 2145; x_wconf 78' lang='lat' dir='ltr'><strong>viventium</strong></span> <span class='ocrx_word' id='word_1_170' title='bbox 1374 2097 1477 2145; x_wconf 86' lang='lat' dir='ltr'><strong>est.</strong></span> <span class='ocrx_word' id='word_1_171' title='bbox 1498 2089 1616 2146; x_wconf 83' lang='lat' dir='ltr'><strong>Noli</strong></span> <span class='ocrx_word' id='word_1_172' title='bbox 1638 2091 1792 2147; x_wconf 83' lang='lat' dir='ltr'><strong>valde</strong></span> <span class='ocrx_word' id='word_1_173' title='bbox 1815 2108 1911 2163; x_wconf 87' lang='lat' dir='ltr'><strong>pro</strong></span> <span class='ocrx_word' id='word_1_174' title='bbox 1933 2108 2043 2147; x_wconf 88' lang='lat' dir='ltr'><strong>ma-</strong></span> 
     </span>
    </p>
   </div>
   <div class='ocr_carea' id='block_1_21' title="bbox 460 2182 2035 2253">
    <p class='ocr_par' dir='ltr' id='par_1_21' title="bbox 460 2182 2035 2253">
     <span class='ocr_line' id='line_1_21' title="bbox 460 2182 2035 2253; baseline 0.004 -16"><span class='ocrx_word' id='word_1_175' title='bbox 460 2190 580 2251; x_wconf 62' lang='lat' dir='ltr'><strong>gno</strong></span> <span class='ocrx_word' id='word_1_176' title='bbox 595 2182 868 2248; x_wconf 87' lang='lat' dir='ltr'><strong>nabere,si</strong></span> <span class='ocrx_word' id='word_1_177' title='bbox 889 2182 1058 2253; x_wconf 64' lang='lat' dir='ltr'><strong>habes</strong></span> <span class='ocrx_word' id='word_1_178' title='bbox 1076 2184 1215 2241; x_wconf 82' lang='lat' dir='ltr'><strong>filios</strong></span> <span class='ocrx_word' id='word_1_179' title='bbox 1245 2185 1671 2252; x_wconf 84' lang='lat' dir='ltr'><strong>morituros,etsi</strong></span> <span class='ocrx_word' id='word_1_180' title='bbox 1692 2203 1802 2244; x_wconf 87' lang='lat' dir='ltr'><strong>non</strong></span> <span class='ocrx_word' id='word_1_181' title='bbox 1818 2197 1945 2244; x_wconf 89' lang='lat' dir='ltr'><strong>ante</strong></span> <span class='ocrx_word' id='word_1_182' title='bbox 1960 2197 2035 2253; x_wconf 88' lang='lat' dir='ltr'><strong>te,</strong></span> 
     </span>
    </p>
   </div>
   <div class='ocr_carea' id='block_1_22' title="bbox 470 2273 2038 2351">
    <p class='ocr_par' dir='ltr' id='par_1_22' title="bbox 470 2273 2038 2351">
     <span class='ocr_line' id='line_1_22' title="bbox 470 2273 2038 2351; baseline 0.003 -22"><span class='ocrx_word' id='word_1_183' title='bbox 470 2283 621 2330; x_wconf 89' lang='lat' dir='ltr'><strong>certe</strong></span> <span class='ocrx_word' id='word_1_184' title='bbox 639 2284 764 2345; x_wconf 89' lang='lat' dir='ltr'><strong>post</strong></span> <span class='ocrx_word' id='word_1_185' title='bbox 786 2273 1171 2332; x_wconf 84' lang='lat' dir='ltr'><strong>te.Vishabere</strong></span> <span class='ocrx_word' id='word_1_186' title='bbox 1194 2277 1332 2334; x_wconf 84' lang='lat' dir='ltr'><strong>filios</strong></span> <span class='ocrx_word' id='word_1_187' title='bbox 1353 2295 1630 2351; x_wconf 90' lang='lat' dir='ltr'><strong>nunquam</strong></span> <span class='ocrx_word' id='word_1_188' title='bbox 1648 2282 1961 2349; x_wconf 90' lang='lat' dir='ltr'><strong>morituros,</strong></span> <span class='ocrx_word' id='word_1_189' title='bbox 1983 2289 2038 2338; x_wconf 84' lang='lat' dir='ltr'><strong>et</strong></span> 
     </span>
    </p>
   </div>
   <div class='ocr_carea' id='block_1_23' title="bbox 396 2363 2036 2447">
    <p class='ocr_par' dir='ltr' id='par_1_23' title="bbox 396 2363 2036 2447">
     <span class='ocr_line' id='line_1_23' title="bbox 396 2363 2036 2447; baseline 0.006 -27"><span class='ocrx_word' id='word_1_190' title='bbox 396 2438 403 2447; x_wconf 25' lang='grc' dir='ltr'><strong>ε</strong></span> <span class='ocrx_word' id='word_1_191' title='bbox 472 2363 651 2421; x_wconf 80' lang='lat' dir='ltr'><strong>tecum</strong></span> <span class='ocrx_word' id='word_1_192' title='bbox 668 2381 883 2438; x_wconf 78' lang='lat' dir='ltr'><strong>seraper</strong></span> <span class='ocrx_word' id='word_1_193' title='bbox 898 2370 1170 2425; x_wconf 85' lang='lat' dir='ltr'><strong>victuros?</strong></span> <span class='ocrx_word' id='word_1_194' title='bbox 1186 2370 1317 2426; x_wconf 89' lang='lat' dir='ltr'><strong>Esto</strong></span> <span class='ocrx_word' id='word_1_195' title='bbox 1343 2372 1397 2426; x_wconf 91' lang='lat' dir='ltr'><strong>in</strong></span> <span class='ocrx_word' id='word_1_196' title='bbox 1423 2373 1567 2429; x_wconf 92' lang='lat' dir='ltr'><strong>illius</strong></span> <span class='ocrx_word' id='word_1_197' title='bbox 1583 2388 1830 2444; x_wconf 87' lang='lat' dir='ltr'><strong>corpore,</strong></span> <span class='ocrx_word' id='word_1_198' title='bbox 1846 2374 1914 2428; x_wconf 89' lang='lat' dir='ltr'><strong>de</strong></span> <span class='ocrx_word' id='word_1_199' title='bbox 1928 2390 2036 2445; x_wconf 92' lang='lat' dir='ltr'><strong>quo</strong></span> 
     </span>
    </p>
   </div>
   <div class='ocr_carea' id='block_1_24' title="bbox 482 2451 2034 2525">
    <p class='ocr_par' dir='ltr' id='par_1_24' title="bbox 482 2451 2034 2525">
     <span class='ocr_line' id='line_1_24' title="bbox 482 2451 2034 2525; baseline 0.001 -13"><span class='ocrx_word' id='word_1_200' title='bbox 482 2451 682 2513; x_wconf 85' lang='lat' dir='ltr'><strong>dictum</strong></span> <span class='ocrx_word' id='word_1_201' title='bbox 709 2467 791 2512; x_wconf 89' lang='lat' dir='ltr'><strong>est</strong></span> <span class='ocrx_word' id='word_1_202' title='bbox 806 2498 823 2523; x_wconf 91' lang='lat'><strong>,</strong></span> <span class='ocrx_word' id='word_1_203' title='bbox 857 2455 954 2510; x_wconf 89' lang='lat' dir='ltr'><strong>Vos</strong></span> <span class='ocrx_word' id='word_1_204' title='bbox 978 2469 1145 2509; x_wconf 84' lang='lat' dir='ltr'><strong>autem</strong></span> <span class='ocrx_word' id='word_1_205' title='bbox 1169 2456 1285 2510; x_wconf 89' lang='lat' dir='ltr'><strong>estis</strong></span> <span class='ocrx_word' id='word_1_206' title='bbox 1309 2472 1488 2525; x_wconf 86' lang='lat' dir='ltr'><strong>corpus</strong></span> <span class='ocrx_word' id='word_1_207' title='bbox 1509 2455 1698 2513; x_wconf 79' lang='lat' dir='ltr'><strong>Christi</strong></span> <span class='ocrx_word' id='word_1_208' title='bbox 1721 2467 1767 2512; x_wconf 87' lang='lat' dir='ltr'><strong>et</strong></span> <span class='ocrx_word' id='word_1_209' title='bbox 1795 2460 2034 2513; x_wconf 86' lang='lat' dir='ltr'><strong>membra.</strong></span> 
     </span>
    </p>
   </div>
   <div class='ocr_carea' id='block_1_25' title="bbox 539 2541 2038 2620">
    <p class='ocr_par' dir='ltr' id='par_1_25' title="bbox 539 2541 2038 2620">
     <span class='ocr_line' id='line_1_25' title="bbox 539 2541 2038 2620; baseline -0.001 -15"><span class='ocrx_word' id='word_1_210' title='bbox 539 2551 593 2605; x_wconf 75' lang='grc'><strong>4.</strong></span> <span class='ocrx_word' id='word_1_211' title='bbox 622 2548 752 2604; x_wconf 82' lang='lat' dir='ltr'><strong>Nam</strong></span> <span class='ocrx_word' id='word_1_212' title='bbox 782 2556 840 2603; x_wconf 90' lang='lat' dir='ltr'><strong>ut</strong></span> <span class='ocrx_word' id='word_1_213' title='bbox 865 2547 967 2603; x_wconf 88' lang='lat' dir='ltr'><strong>hoc</strong></span> <span class='ocrx_word' id='word_1_214' title='bbox 990 2546 1298 2602; x_wconf 84' lang='lat' dir='ltr'><strong>ostenderet</strong></span> <span class='ocrx_word' id='word_1_215' title='bbox 1315 2557 1370 2603; x_wconf 91' lang='lat' dir='ltr'><strong>et</strong></span> <span class='ocrx_word' id='word_1_216' title='bbox 1393 2548 1507 2619; x_wconf 91' lang='lat' dir='ltr'><strong>ipse</strong></span> <span class='ocrx_word' id='word_1_217' title='bbox 1525 2541 1794 2616; x_wconf 64' lang='lat' dir='ltr'><strong>&#39;Psalmus,</strong></span> <span class='ocrx_word' id='word_1_218' title='bbox 1816 2550 1939 2620; x_wconf 90' lang='lat' dir='ltr'><strong>quia</strong></span> <span class='ocrx_word' id='word_1_219' title='bbox 1961 2551 2038 2605; x_wconf 91' lang='lat' dir='ltr'><strong>sic</strong></span> 
     </span>
    </p>
   </div>
   <div class='ocr_carea' id='block_1_26' title="bbox 467 2638 2038 2711">
    <p class='ocr_par' dir='ltr' id='par_1_26' title="bbox 467 2638 2038 2711">
     <span class='ocr_line' id='line_1_26' title="bbox 467 2638 2038 2711; baseline 0 -15"><span class='ocrx_word' id='word_1_220' title='bbox 467 2650 552 2696; x_wconf 87' lang='lat' dir='ltr'><strong>est</strong></span> <span class='ocrx_word' id='word_1_221' title='bbox 578 2641 842 2711; x_wconf 82' lang='lat' dir='ltr'><strong>obscurus</strong></span> <span class='ocrx_word' id='word_1_222' title='bbox 869 2649 926 2694; x_wconf 91' lang='lat' dir='ltr'><strong>ut</strong></span> <span class='ocrx_word' id='word_1_223' title='bbox 953 2638 1237 2693; x_wconf 85' lang='lat' dir='ltr'><strong>admoneat</strong></span> <span class='ocrx_word' id='word_1_224' title='bbox 1258 2638 1473 2707; x_wconf 87' lang='lat' dir='ltr'><strong>pulsari,</strong></span> <span class='ocrx_word' id='word_1_225' title='bbox 1505 2640 1583 2694; x_wconf 91' lang='lat' dir='ltr'><strong>sic</strong></span> <span class='ocrx_word' id='word_1_226' title='bbox 1601 2650 1817 2710; x_wconf 88' lang='lat' dir='ltr'><strong>opertus</strong></span> <span class='ocrx_word' id='word_1_227' title='bbox 1837 2650 1894 2694; x_wconf 93' lang='lat' dir='ltr'><strong>ut</strong></span> <span class='ocrx_word' id='word_1_228' title='bbox 1912 2642 2038 2696; x_wconf 84' lang='lat' dir='ltr'><strong>velit</strong></span> 
     </span>
    </p>
   </div>
   <div class='ocr_carea' id='block_1_27' title="bbox 466 2720 2034 2799">
    <p class='ocr_par' dir='ltr' id='par_1_27' title="bbox 466 2720 2034 2799">
     <span class='ocr_line' id='line_1_27' title="bbox 466 2720 2034 2799; baseline 0 -12"><span class='ocrx_word' id='word_1_229' title='bbox 466 2732 665 2799; x_wconf 81' lang='lat' dir='ltr'><strong>excuti,</strong></span> <span class='ocrx_word' id='word_1_230' title='bbox 690 2745 721 2785; x_wconf 86' lang='lat' dir='ltr'><strong>a</strong></span> <span class='ocrx_word' id='word_1_231' title='bbox 753 2720 988 2799; x_wconf 80' lang='lat' dir='ltr'><strong>pluribus</strong></span> <span class='ocrx_word' id='word_1_232' title='bbox 1016 2730 1177 2799; x_wconf 66' lang='lat' dir='ltr'><strong>etrapit</strong></span> <span class='ocrx_word' id='word_1_233' title='bbox 1209 2747 1222 2782; x_wconf 89' lang='lat'><strong>:</strong></span> <span class='ocrx_word' id='word_1_234' title='bbox 1249 2726 1395 2784; x_wconf 89' lang='lat' dir='ltr'><strong>Beati</strong></span> <span class='ocrx_word' id='word_1_235' title='bbox 1422 2746 1593 2784; x_wconf 88' lang='lat' dir='ltr'><strong>omnes</strong></span> <span class='ocrx_word' id='word_1_236' title='bbox 1616 2731 1703 2795; x_wconf 88' lang='lat' dir='ltr'><strong>qui</strong></span> <span class='ocrx_word' id='word_1_237' title='bbox 1726 2731 1900 2787; x_wconf 88' lang='lat' dir='ltr'><strong>timent</strong></span> <span class='ocrx_word' id='word_1_238' title='bbox 1926 2731 2034 2787; x_wconf 87' lang='lat' dir='ltr'><strong>Do-</strong></span> 
     </span>
    </p>
   </div>
   <div class='ocr_carea' id='block_1_28' title="bbox 466 2821 2036 2895">
    <p class='ocr_par' dir='ltr' id='par_1_28' title="bbox 466 2821 2036 2895">
     <span class='ocr_line' id='line_1_28' title="bbox 466 2821 2036 2895; baseline -0.001 -15"><span class='ocrx_word' id='word_1_239' title='bbox 466 2826 678 2889; x_wconf 78' lang='lat' dir='ltr'><strong>minum,</strong></span> <span class='ocrx_word' id='word_1_240' title='bbox 709 2821 794 2892; x_wconf 79' lang='lat' dir='ltr'><strong>qui</strong></span> <span class='ocrx_word' id='word_1_241' title='bbox 821 2821 1080 2877; x_wconf 84' lang='lat' dir='ltr'><strong>ambulant</strong></span> <span class='ocrx_word' id='word_1_242' title='bbox 1103 2823 1157 2877; x_wconf 89' lang='lat' dir='ltr'><strong>in</strong></span> <span class='ocrx_word' id='word_1_243' title='bbox 1182 2822 1273 2876; x_wconf 86' lang='lat' dir='ltr'><strong>viis</strong></span> <span class='ocrx_word' id='word_1_244' title='bbox 1296 2823 1429 2893; x_wconf 86' lang='lat' dir='ltr'><strong>ejus.</strong></span> <span class='ocrx_word' id='word_1_245' title='bbox 1455 2822 1633 2878; x_wconf 85' lang='lat' dir='ltr'><strong>Multis</strong></span> <span class='ocrx_word' id='word_1_246' title='bbox 1658 2822 1919 2895; x_wconf 84' lang='lat' dir='ltr'><strong>loquitur;</strong></span> <span class='ocrx_word' id='word_1_247' title='bbox 1941 2824 2036 2881; x_wconf 85' lang='lat' dir='ltr'><strong>sed</strong></span> 
     </span>
    </p>
   </div>
   <div class='ocr_carea' id='block_1_29' title="bbox 465 2914 2036 2987">
    <p class='ocr_par' dir='ltr' id='par_1_29' title="bbox 465 2914 2036 2987">
     <span class='ocr_line' id='line_1_29' title="bbox 465 2914 2036 2987; baseline 0.001 -16"><span class='ocrx_word' id='word_1_248' title='bbox 465 2918 586 2986; x_wconf 89' lang='lat' dir='ltr'><strong>quia</strong></span> <span class='ocrx_word' id='word_1_249' title='bbox 613 2917 712 2987; x_wconf 91' lang='lat' dir='ltr'><strong>ipsi</strong></span> <span class='ocrx_word' id='word_1_250' title='bbox 741 2915 892 2970; x_wconf 89' lang='lat' dir='ltr'><strong>multi</strong></span> <span class='ocrx_word' id='word_1_251' title='bbox 922 2929 1084 2969; x_wconf 87' lang='lat' dir='ltr'><strong>unum</strong></span> <span class='ocrx_word' id='word_1_252' title='bbox 1112 2923 1236 2971; x_wconf 89' lang='lat' dir='ltr'><strong>sunt</strong></span> <span class='ocrx_word' id='word_1_253' title='bbox 1260 2914 1313 2969; x_wconf 93' lang='lat' dir='ltr'><strong>in</strong></span> <span class='ocrx_word' id='word_1_254' title='bbox 1344 2915 1576 2981; x_wconf 91' lang='lat' dir='ltr'><strong>Christo,</strong></span> <span class='ocrx_word' id='word_1_255' title='bbox 1595 2917 1835 2986; x_wconf 91' lang='lat' dir='ltr'><strong>sequitur</strong></span> <span class='ocrx_word' id='word_1_256' title='bbox 1852 2926 1906 2972; x_wconf 92' lang='lat' dir='ltr'><strong>et</strong></span> <span class='ocrx_word' id='word_1_257' title='bbox 1926 2917 2036 2972; x_wconf 84' lang='lat' dir='ltr'><strong>sin-</strong></span> 
     </span>
    </p>
   </div>
   <div class='ocr_carea' id='block_1_30' title="bbox 462 3002 2035 3081">
    <p class='ocr_par' dir='ltr' id='par_1_30' title="bbox 462 3002 2035 3081">
     <span class='ocr_line' id='line_1_30' title="bbox 462 3002 2035 3081; baseline 0 -17"><span class='ocrx_word' id='word_1_258' title='bbox 462 3010 719 3081; x_wconf 71' lang='lat' dir='ltr'><strong>gulariter</strong></span> <span class='ocrx_word' id='word_1_259' title='bbox 741 3008 1004 3079; x_wconf 85' lang='lat' dir='ltr'><strong>jamdicit</strong></span> <span class='ocrx_word' id='word_1_260' title='bbox 1021 3050 1037 3073; x_wconf 91' lang='lat'><strong>,</strong></span> <span class='ocrx_word' id='word_1_261' title='bbox 1070 3006 1286 3062; x_wconf 85' lang='lat' dir='ltr'><strong>Labores</strong></span> <span class='ocrx_word' id='word_1_262' title='bbox 1311 3002 1563 3078; x_wconf 76' lang='lat' dir='ltr'><strong>fructuum</strong></span> <span class='ocrx_word' id='word_1_263' title='bbox 1589 3016 1789 3064; x_wconf 88' lang='lat' dir='ltr'><strong>tuorum</strong></span> <span class='ocrx_word' id='word_1_264' title='bbox 1814 3011 2035 3065; x_wconf 83' lang='lat' dir='ltr'><strong>mandu-</strong></span> 
     </span>
    </p>
   </div>
   <div class='ocr_carea' id='block_1_31' title="bbox 413 3090 2035 3173">
    <p class='ocr_par' dir='ltr' id='par_1_31' title="bbox 413 3090 2035 3173">
     <span class='ocr_line' id='line_1_31' title="bbox 413 3090 2035 3173; baseline 0 -17"><span class='ocrx_word' id='word_1_265' title='bbox 413 3110 441 3173; x_wconf 17' lang='grc' dir='ltr'><strong>ι’</strong></span> <span class='ocrx_word' id='word_1_266' title='bbox 462 3090 629 3155; x_wconf 69' lang='lat' dir='ltr'><strong>tabis.</strong></span> <span class='ocrx_word' id='word_1_267' title='bbox 652 3099 906 3170; x_wconf 87' lang='lat' dir='ltr'><strong>Superius</strong></span> <span class='ocrx_word' id='word_1_268' title='bbox 930 3098 1157 3162; x_wconf 81' lang='lat' dir='ltr'><strong>dixerat,</strong></span> <span class='ocrx_word' id='word_1_269' title='bbox 1180 3097 1325 3152; x_wconf 87' lang='lat' dir='ltr'><strong>Beati</strong></span> <span class='ocrx_word' id='word_1_270' title='bbox 1350 3115 1521 3154; x_wconf 87' lang='lat' dir='ltr'><strong>omnes</strong></span> <span class='ocrx_word' id='word_1_271' title='bbox 1539 3099 1624 3170; x_wconf 85' lang='lat' dir='ltr'><strong>qui</strong></span> <span class='ocrx_word' id='word_1_272' title='bbox 1651 3100 1826 3155; x_wconf 85' lang='lat' dir='ltr'><strong>timent</strong></span> <span class='ocrx_word' id='word_1_273' title='bbox 1855 3100 2035 3157; x_wconf 87' lang='lat' dir='ltr'><strong>Domi-</strong></span> 
     </span>
    </p>
   </div>
   <div class='ocr_carea' id='block_1_32' title="bbox 464 3189 2035 3263">
    <p class='ocr_par' dir='ltr' id='par_1_32' title="bbox 464 3189 2035 3263">
     <span class='ocr_line' id='line_1_32' title="bbox 464 3189 2035 3263; baseline 0.001 -17"><span class='ocrx_word' id='word_1_274' title='bbox 464 3209 620 3257; x_wconf 87' lang='lat' dir='ltr'><strong>num,</strong></span> <span class='ocrx_word' id='word_1_275' title='bbox 650 3192 737 3263; x_wconf 79' lang='lat' dir='ltr'><strong>qui</strong></span> <span class='ocrx_word' id='word_1_276' title='bbox 760 3191 1018 3245; x_wconf 72' lang='lat' dir='ltr'><strong>ambulant</strong></span> <span class='ocrx_word' id='word_1_277' title='bbox 1043 3192 1096 3244; x_wconf 88' lang='lat' dir='ltr'><strong>in</strong></span> <span class='ocrx_word' id='word_1_278' title='bbox 1119 3190 1211 3244; x_wconf 86' lang='lat' dir='ltr'><strong>viis</strong></span> <span class='ocrx_word' id='word_1_279' title='bbox 1237 3191 1384 3260; x_wconf 84' lang='lat' dir='ltr'><strong>ejus:</strong></span> <span class='ocrx_word' id='word_1_280' title='bbox 1408 3189 1566 3244; x_wconf 92' lang='lat' dir='ltr'><strong>modo</strong></span> <span class='ocrx_word' id='word_1_281' title='bbox 1590 3206 1754 3260; x_wconf 91' lang='lat' dir='ltr'><strong>quare</strong></span> <span class='ocrx_word' id='word_1_282' title='bbox 1774 3233 1788 3256; x_wconf 93' lang='lat'><strong>,</strong></span> <span class='ocrx_word' id='word_1_283' title='bbox 1818 3191 2035 3247; x_wconf 87' lang='lat' dir='ltr'><strong>Labores</strong></span> 
     </span>
    </p>
   </div>
   <div class='ocr_carea' id='block_1_33' title="bbox 465 3280 2034 3355">
    <p class='ocr_par' dir='ltr' id='par_1_33' title="bbox 465 3280 2034 3355">
     <span class='ocr_line' id='line_1_33' title="bbox 465 3280 2034 3355; baseline -0.001 -18"><span class='ocrx_word' id='word_1_284' title='bbox 465 3288 721 3355; x_wconf 79' lang='lat' dir='ltr'><strong>fructuum</strong></span> <span class='ocrx_word' id='word_1_285' title='bbox 747 3291 948 3336; x_wconf 86' lang='lat' dir='ltr'><strong>tuorum</strong></span> <span class='ocrx_word' id='word_1_286' title='bbox 974 3280 1300 3334; x_wconf 86' lang='lat' dir='ltr'><strong>manducabis</strong></span> <span class='ocrx_word' id='word_1_287' title='bbox 1318 3295 1338 3343; x_wconf 85' lang='lat'><strong>;</strong></span> <span class='ocrx_word' id='word_1_288' title='bbox 1377 3289 1431 3334; x_wconf 87' lang='lat' dir='ltr'><strong>et</strong></span> <span class='ocrx_word' id='word_1_289' title='bbox 1453 3295 1581 3346; x_wconf 92' lang='lat' dir='ltr'><strong>non,</strong></span> <span class='ocrx_word' id='word_1_290' title='bbox 1613 3281 2034 3338; x_wconf 85' lang='lat' dir='ltr'><strong>manducabitis?</strong></span> 
     </span>
    </p>
   </div>
   <div class='ocr_carea' id='block_1_34' title="bbox 464 3370 2034 3445">
    <p class='ocr_par' dir='ltr' id='par_1_34' title="bbox 464 3370 2034 3445">
     <span class='ocr_line' id='line_1_34' title="bbox 464 3370 2034 3445; baseline -0.001 -16"><span class='ocrx_word' id='word_1_291' title='bbox 464 3385 519 3430; x_wconf 89' lang='lat' dir='ltr'><strong>et</strong></span> <span class='ocrx_word' id='word_1_292' title='bbox 545 3388 731 3445; x_wconf 89' lang='lat' dir='ltr'><strong>quare,</strong></span> <span class='ocrx_word' id='word_1_293' title='bbox 757 3371 977 3426; x_wconf 80' lang='lat' dir='ltr'><strong>Labores</strong></span> <span class='ocrx_word' id='word_1_294' title='bbox 1004 3370 1257 3440; x_wconf 72' lang='lat' dir='ltr'><strong>fructuum</strong></span> <span class='ocrx_word' id='word_1_295' title='bbox 1289 3378 1528 3433; x_wconf 84' lang='lat' dir='ltr'><strong>tuorum;</strong></span> <span class='ocrx_word' id='word_1_296' title='bbox 1556 3380 1613 3425; x_wconf 88' lang='lat' dir='ltr'><strong>et</strong></span> <span class='ocrx_word' id='word_1_297' title='bbox 1635 3386 1740 3426; x_wconf 87' lang='lat' dir='ltr'><strong>non</strong></span> <span class='ocrx_word' id='word_1_298' title='bbox 1757 3413 1772 3439; x_wconf 95' lang='lat'><strong>,</strong></span> <span class='ocrx_word' id='word_1_299' title='bbox 1800 3371 2034 3428; x_wconf 88' lang='lat' dir='ltr'><strong>Labores</strong></span> 
     </span>
    </p>
   </div>
   <div class='ocr_carea' id='block_1_35' title="bbox 464 3460 2031 3536">
    <p class='ocr_par' dir='ltr' id='par_1_35' title="bbox 464 3460 2031 3536">
     <span class='ocr_line' id='line_1_35' title="bbox 464 3460 2031 3536; baseline 0 -16"><span class='ocrx_word' id='word_1_300' title='bbox 464 3468 726 3523; x_wconf 90' lang='lat' dir='ltr'><strong>fructuum</strong></span> <span class='ocrx_word' id='word_1_301' title='bbox 748 3474 1043 3520; x_wconf 86' lang='lat' dir='ltr'><strong>vestrorum</strong></span> <span class='ocrx_word' id='word_1_302' title='bbox 1059 3460 1234 3518; x_wconf 57' lang='grc' dir='ltr'><strong>’ἔτεσι</strong></span> <span class='ocrx_word' id='word_1_303' title='bbox 1256 3463 1308 3517; x_wconf 92' lang='lat' dir='ltr'><strong>in</strong></span> <span class='ocrx_word' id='word_1_304' title='bbox 1332 3463 1576 3533; x_wconf 81' lang='lat' dir='ltr'><strong>proximo</strong></span> <span class='ocrx_word' id='word_1_305' title='bbox 1595 3463 1793 3519; x_wconf 90' lang='lat' dir='ltr'><strong>oblitus</strong></span> <span class='ocrx_word' id='word_1_306' title='bbox 1812 3474 1894 3520; x_wconf 91' lang='lat' dir='ltr'><strong>est</strong></span> <span class='ocrx_word' id='word_1_307' title='bbox 1912 3467 2031 3536; x_wconf 85' lang='lat' dir='ltr'><strong>quia</strong></span> 
     </span>
    </p>
   </div>
   <div class='ocr_carea' id='block_1_36' title="bbox 465 3553 2032 3638">
    <p class='ocr_par' dir='ltr' id='par_1_36' title="bbox 465 3553 2032 3638">
     <span class='ocr_line' id='line_1_36' title="bbox 465 3553 2032 3638; baseline -0.002 -23"><span class='ocrx_word' id='word_1_308' title='bbox 465 3558 704 3630; x_wconf 87' lang='lat' dir='ltr'><strong>pluribus</strong></span> <span class='ocrx_word' id='word_1_309' title='bbox 740 3555 1083 3626; x_wconf 80' lang='lat' dir='ltr'><strong>loquebatur?</strong></span> <span class='ocrx_word' id='word_1_310' title='bbox 1106 3553 1210 3610; x_wconf 89' lang='lat' dir='ltr'><strong>Sed</strong></span> <span class='ocrx_word' id='word_1_311' title='bbox 1240 3554 1416 3638; x_wconf 32' lang='lat' dir='ltr'><strong>si-jam</strong></span> <span class='ocrx_word' id='word_1_312' title='bbox 1441 3556 1720 3611; x_wconf 81' lang='lat' dir='ltr'><strong>excussisti</strong></span> <span class='ocrx_word' id='word_1_313' title='bbox 1743 3597 1757 3622; x_wconf 95' lang='lat'><strong>,</strong></span> <span class='ocrx_word' id='word_1_314' title='bbox 1786 3556 1909 3627; x_wconf 91' lang='lat' dir='ltr'><strong>quid</strong></span> <span class='ocrx_word' id='word_1_315' title='bbox 1939 3558 2032 3612; x_wconf 90' lang='lat' dir='ltr'><strong>tibi</strong></span> 
     </span>
    </p>
   </div>
   <div class='ocr_carea' id='block_1_37' title="bbox 360 3645 2033 3720">
    <p class='ocr_par' dir='ltr' id='par_1_37' title="bbox 360 3645 2033 3720">
     <span class='ocr_line' id='line_1_37' title="bbox 360 3645 2033 3720; baseline -0.002 -13"><span class='ocrx_word' id='word_1_316' title='bbox 360 3710 367 3715; x_wconf 67' lang='grc'><em>,</em></span> <span class='ocrx_word' id='word_1_317' title='bbox 464 3648 769 3720; x_wconf 77' lang='lat' dir='ltr'><strong>respondit?</strong></span> <span class='ocrx_word' id='word_1_318' title='bbox 797 3647 929 3702; x_wconf 90' lang='lat' dir='ltr'><strong>Cum</strong></span> <span class='ocrx_word' id='word_1_319' title='bbox 976 3647 1158 3717; x_wconf 87' lang='lat' dir='ltr'><strong>plures</strong></span> <span class='ocrx_word' id='word_1_320' title='bbox 1183 3645 1515 3711; x_wconf 86' lang='lat' dir='ltr'><strong>Christianos</strong></span> <span class='ocrx_word' id='word_1_321' title='bbox 1542 3648 1787 3718; x_wconf 89' lang='lat' dir='ltr'><strong>appello,</strong></span> <span class='ocrx_word' id='word_1_322' title='bbox 1834 3649 1887 3704; x_wconf 94' lang='lat' dir='ltr'><strong>in</strong></span> <span class='ocrx_word' id='word_1_323' title='bbox 1928 3665 2033 3705; x_wconf 87' lang='lat' dir='ltr'><strong>uno</strong></span> 
     </span>
    </p>
   </div>
   <div class='ocr_carea' id='block_1_38' title="bbox 462 3737 2033 3810">
    <p class='ocr_par' dir='ltr' id='par_1_38' title="bbox 462 3737 2033 3810">
     <span class='ocr_line' id='line_1_38' title="bbox 462 3737 2033 3810; baseline -0.001 -12"><span class='ocrx_word' id='word_1_324' title='bbox 462 3740 675 3799; x_wconf 83' lang='lat' dir='ltr'><strong>Christo</strong></span> <span class='ocrx_word' id='word_1_325' title='bbox 713 3755 875 3797; x_wconf 90' lang='lat' dir='ltr'><strong>unum</strong></span> <span class='ocrx_word' id='word_1_326' title='bbox 920 3738 1179 3809; x_wconf 82' lang='lat' dir='ltr'><strong>intelligo.</strong></span> <span class='ocrx_word' id='word_1_327' title='bbox 1221 3737 1409 3794; x_wconf 77' lang='lat' dir='ltr'><strong>Plures</strong></span> <span class='ocrx_word' id='word_1_328' title='bbox 1452 3754 1583 3810; x_wconf 79' lang='lat' dir='ltr'><strong>ergo</strong></span> <span class='ocrx_word' id='word_1_329' title='bbox 1623 3741 1784 3807; x_wconf 89' lang='lat' dir='ltr'><strong>estis,</strong></span> <span class='ocrx_word' id='word_1_330' title='bbox 1816 3753 1869 3797; x_wconf 91' lang='lat' dir='ltr'><strong>et</strong></span> <span class='ocrx_word' id='word_1_331' title='bbox 1898 3758 2033 3797; x_wconf 91' lang='lat' dir='ltr'><strong>unus</strong></span> 
     </span>
    </p>
   </div>
   <div class='ocr_carea' id='block_1_39' title="bbox 463 3830 2029 3904">
    <p class='ocr_par' dir='ltr' id='par_1_39' title="bbox 463 3830 2029 3904">
     <span class='ocr_line' id='line_1_39' title="bbox 463 3830 2029 3904; baseline -0.001 -14"><span class='ocrx_word' id='word_1_332' title='bbox 463 3836 621 3901; x_wconf 87' lang='lat' dir='ltr'><strong>estis;</strong></span> <span class='ocrx_word' id='word_1_333' title='bbox 663 3832 843 3904; x_wconf 88' lang='lat' dir='ltr'><strong>plures</strong></span> <span class='ocrx_word' id='word_1_334' title='bbox 868 3845 1084 3894; x_wconf 91' lang='lat' dir='ltr'><strong>sumus,</strong></span> <span class='ocrx_word' id='word_1_335' title='bbox 1120 3839 1173 3885; x_wconf 90' lang='lat' dir='ltr'><strong>et</strong></span> <span class='ocrx_word' id='word_1_336' title='bbox 1201 3844 1338 3885; x_wconf 90' lang='lat' dir='ltr'><strong>unus</strong></span> <span class='ocrx_word' id='word_1_337' title='bbox 1367 3844 1573 3885; x_wconf 81' lang='lat' dir='ltr'><strong>sumus.</strong></span> <span class='ocrx_word' id='word_1_338' title='bbox 1604 3830 1881 3900; x_wconf 88' lang='lat' dir='ltr'><strong>Quomodo</strong></span> <span class='ocrx_word' id='word_1_339' title='bbox 1910 3834 2029 3902; x_wconf 88' lang='lat' dir='ltr'><strong>plu-</strong></span> 
     </span>
    </p>
   </div>
   <div class='ocr_carea' id='block_1_40' title="bbox 463 3921 2029 3994">
    <p class='ocr_par' dir='ltr' id='par_1_40' title="bbox 463 3921 2029 3994">
     <span class='ocr_line' id='line_1_40' title="bbox 463 3921 2029 3994; baseline -0.001 -13"><span class='ocrx_word' id='word_1_340' title='bbox 463 3938 548 3982; x_wconf 90' lang='lat' dir='ltr'><strong>res</strong></span> <span class='ocrx_word' id='word_1_341' title='bbox 572 3939 775 3989; x_wconf 86' lang='lat' dir='ltr'><strong>sumus,</strong></span> <span class='ocrx_word' id='word_1_342' title='bbox 802 3933 856 3979; x_wconf 91' lang='lat' dir='ltr'><strong>et</strong></span> <span class='ocrx_word' id='word_1_343' title='bbox 875 3937 1012 3978; x_wconf 91' lang='lat' dir='ltr'><strong>unus</strong></span> <span class='ocrx_word' id='word_1_344' title='bbox 1030 3922 1248 3977; x_wconf 82' lang='lat' dir='ltr'><strong>sumus?</strong></span> <span class='ocrx_word' id='word_1_345' title='bbox 1276 3921 1406 3990; x_wconf 86' lang='lat' dir='ltr'><strong>Quia</strong></span> <span class='ocrx_word' id='word_1_346' title='bbox 1433 3921 1509 3976; x_wconf 91' lang='lat' dir='ltr'><strong>illi</strong></span> <span class='ocrx_word' id='word_1_347' title='bbox 1536 3922 1857 3979; x_wconf 77' lang='lat' dir='ltr'><strong>inhzcremus</strong></span> <span class='ocrx_word' id='word_1_348' title='bbox 1877 3925 2029 3994; x_wconf 91' lang='lat' dir='ltr'><strong>cujus</strong></span> 
     </span>
    </p>
   </div>
   <div class='ocr_carea' id='block_1_41' title="bbox 463 4015 2031 4085">
    <p class='ocr_par' dir='ltr' id='par_1_41' title="bbox 463 4015 2031 4085">
     <span class='ocr_line' id='line_1_41' title="bbox 463 4015 2031 4085; baseline -0.002 -11"><span class='ocrx_word' id='word_1_349' title='bbox 463 4018 698 4074; x_wconf 90' lang='lat' dir='ltr'><strong>membra</strong></span> <span class='ocrx_word' id='word_1_350' title='bbox 727 4031 947 4082; x_wconf 85' lang='lat' dir='ltr'><strong>sumus;</strong></span> <span class='ocrx_word' id='word_1_351' title='bbox 991 4024 1043 4069; x_wconf 91' lang='lat' dir='ltr'><strong>et</strong></span> <span class='ocrx_word' id='word_1_352' title='bbox 1081 4028 1306 4085; x_wconf 92' lang='lat' dir='ltr'><strong>quorum</strong></span> <span class='ocrx_word' id='word_1_353' title='bbox 1346 4022 1505 4084; x_wconf 88' lang='lat' dir='ltr'><strong>caput</strong></span> <span class='ocrx_word' id='word_1_354' title='bbox 1547 4015 1598 4068; x_wconf 93' lang='lat' dir='ltr'><strong>in</strong></span> <span class='ocrx_word' id='word_1_355' title='bbox 1640 4015 1779 4070; x_wconf 59' lang='lat' dir='ltr'><strong>caelo</strong></span> <span class='ocrx_word' id='word_1_356' title='bbox 1821 4025 1933 4082; x_wconf 88' lang='lat' dir='ltr'><strong>est,</strong></span> <span class='ocrx_word' id='word_1_357' title='bbox 1975 4028 2031 4071; x_wconf 90' lang='lat' dir='ltr'><strong>ut</strong></span> 
     </span>
    </p>
   </div>
   <div class='ocr_carea' id='block_1_42' title="bbox 464 4110 1037 4177">
    <p class='ocr_par' dir='ltr' id='par_1_42' title="bbox 464 4110 1037 4177">
     <span class='ocr_line' id='line_1_42' title="bbox 464 4110 1037 4177; baseline -0.012 -12"><span class='ocrx_word' id='word_1_358' title='bbox 464 4110 701 4165; x_wconf 86' lang='lat' dir='ltr'><strong>membra</strong></span> <span class='ocrx_word' id='word_1_359' title='bbox 730 4114 1037 4177; x_wconf 85' lang='lat' dir='ltr'><strong>sequantur.</strong></span> 
     </span>
    </p>
   </div>
   <div class='ocr_carea' id='block_1_43' title="bbox 533 4196 2030 4270">
    <p class='ocr_par' dir='ltr' id='par_1_43' title="bbox 533 4196 2030 4270">
     <span class='ocr_line' id='line_1_43' title="bbox 533 4196 2030 4270; baseline -0.001 -14"><span class='ocrx_word' id='word_1_360' title='bbox 533 4203 587 4256; x_wconf 83' lang='grc'><strong>5.</strong></span> <span class='ocrx_word' id='word_1_361' title='bbox 622 4201 736 4270; x_wconf 88' lang='lat' dir='ltr'><strong>Ipse</strong></span> <span class='ocrx_word' id='word_1_362' title='bbox 776 4214 904 4269; x_wconf 78' lang='lat' dir='ltr'><strong>ergo</strong></span> <span class='ocrx_word' id='word_1_363' title='bbox 945 4198 1208 4253; x_wconf 88' lang='lat' dir='ltr'><strong>describat</strong></span> <span class='ocrx_word' id='word_1_364' title='bbox 1242 4198 1383 4268; x_wconf 90' lang='lat' dir='ltr'><strong>jam;</strong></span> <span class='ocrx_word' id='word_1_365' title='bbox 1414 4198 1536 4268; x_wconf 91' lang='lat' dir='ltr'><strong>quia</strong></span> <span class='ocrx_word' id='word_1_366' title='bbox 1566 4196 1901 4252; x_wconf 88' lang='lat' dir='ltr'><strong>manifestum</strong></span> <span class='ocrx_word' id='word_1_367' title='bbox 1947 4209 2030 4254; x_wconf 91' lang='lat' dir='ltr'><strong>est</strong></span> 
     </span>
    </p>
   </div>
   <div class='ocr_carea' id='block_1_44' title="bbox 464 4288 2023 4364">
    <p class='ocr_par' dir='ltr' id='par_1_44' title="bbox 464 4288 2023 4364">
     <span class='ocr_line' id='line_1_44' title="bbox 464 4288 2023 4364; baseline -0.003 -17"><span class='ocrx_word' id='word_1_368' title='bbox 464 4306 622 4364; x_wconf 91' lang='lat' dir='ltr'><strong>quem</strong></span> <span class='ocrx_word' id='word_1_369' title='bbox 648 4291 931 4346; x_wconf 85' lang='lat' dir='ltr'><strong>describit.‘</strong></span> <span class='ocrx_word' id='word_1_370' title='bbox 948 4288 1036 4344; x_wconf 89' lang='lat' dir='ltr'><strong>Sic</strong></span> <span class='ocrx_word' id='word_1_371' title='bbox 1064 4289 1319 4358; x_wconf 88' lang='lat' dir='ltr'><strong>patebunt</strong></span> <span class='ocrx_word' id='word_1_372' title='bbox 1344 4289 1521 4343; x_wconf 90' lang='lat' dir='ltr'><strong>omnia</strong></span> <span class='ocrx_word' id='word_1_373' title='bbox 1543 4304 1662 4357; x_wconf 66' lang='lat' dir='ltr'><strong>quae</strong></span> <span class='ocrx_word' id='word_1_374' title='bbox 1690 4297 1983 4359; x_wconf 87' lang='lat' dir='ltr'><strong>sequuntur</strong></span> <span class='ocrx_word' id='word_1_375' title='bbox 2007 4306 2023 4341; x_wconf 90' lang='lat'><strong><em>:</em></strong></span> 
     </span>
    </p>
   </div>
   <div class='ocr_carea' id='block_1_45' title="bbox 466 4377 2028 4449">
    <p class='ocr_par' dir='ltr' id='par_1_45' title="bbox 466 4377 2028 4449">
     <span class='ocr_line' id='line_1_45' title="bbox 466 4377 2028 4449; baseline -0.003 -12"><span class='ocrx_word' id='word_1_376' title='bbox 466 4392 666 4437; x_wconf 87' lang='lat' dir='ltr'><strong>tantum</strong></span> <span class='ocrx_word' id='word_1_377' title='bbox 687 4396 782 4435; x_wconf 88' lang='lat' dir='ltr'><strong>vos</strong></span> <span class='ocrx_word' id='word_1_378' title='bbox 802 4379 984 4435; x_wconf 82' lang='lat' dir='ltr'><strong>timete</strong></span> <span class='ocrx_word' id='word_1_379' title='bbox 1009 4379 1308 4443; x_wconf 89' lang='lat' dir='ltr'><strong>Dominum,</strong></span> <span class='ocrx_word' id='word_1_380' title='bbox 1332 4387 1386 4433; x_wconf 90' lang='lat' dir='ltr'><strong>et</strong></span> <span class='ocrx_word' id='word_1_381' title='bbox 1404 4377 1670 4433; x_wconf 88' lang='lat' dir='ltr'><strong>ambulate</strong></span> <span class='ocrx_word' id='word_1_382' title='bbox 1696 4380 1746 4432; x_wconf 91' lang='lat' dir='ltr'><strong>in</strong></span> <span class='ocrx_word' id='word_1_383' title='bbox 1773 4380 1872 4433; x_wconf 87' lang='lat' dir='ltr'><strong>viis</strong></span> <span class='ocrx_word' id='word_1_384' title='bbox 1893 4379 2028 4449; x_wconf 84' lang='lat' dir='ltr'><strong>ejus,</strong></span> 
     </span>
    </p>
   </div>
   <div class='ocr_carea' id='block_1_46' title="bbox 465 4472 2027 4544">
    <p class='ocr_par' dir='ltr' id='par_1_46' title="bbox 465 4472 2027 4544">
     <span class='ocr_line' id='line_1_46' title="bbox 465 4472 2027 4544; baseline -0.003 -12"><span class='ocrx_word' id='word_1_385' title='bbox 465 4485 519 4532; x_wconf 87' lang='lat' dir='ltr'><strong>et</strong></span> <span class='ocrx_word' id='word_1_386' title='bbox 550 4476 711 4530; x_wconf 88' lang='lat' dir='ltr'><strong>nolite</strong></span> <span class='ocrx_word' id='word_1_387' title='bbox 738 4474 915 4530; x_wconf 87' lang='lat' dir='ltr'><strong>zelare</strong></span> <span class='ocrx_word' id='word_1_388' title='bbox 941 4488 1031 4527; x_wconf 92' lang='lat' dir='ltr'><strong>eos</strong></span> <span class='ocrx_word' id='word_1_389' title='bbox 1068 4474 1156 4543; x_wconf 90' lang='lat' dir='ltr'><strong>qui</strong></span> <span class='ocrx_word' id='word_1_390' title='bbox 1204 4488 1305 4527; x_wconf 91' lang='lat' dir='ltr'><strong>non</strong></span> <span class='ocrx_word' id='word_1_391' title='bbox 1349 4472 1620 4527; x_wconf 89' lang='lat' dir='ltr'><strong>ambulant</strong></span> <span class='ocrx_word' id='word_1_392' title='bbox 1656 4473 1707 4527; x_wconf 91' lang='lat' dir='ltr'><strong>in</strong></span> <span class='ocrx_word' id='word_1_393' title='bbox 1746 4475 1846 4528; x_wconf 88' lang='lat' dir='ltr'><strong>viis</strong></span> <span class='ocrx_word' id='word_1_394' title='bbox 1883 4474 2027 4544; x_wconf 86' lang='lat' dir='ltr'><strong>ejus,</strong></span> 
     </span>
    </p>
   </div>
   <div class='ocr_carea' id='block_1_47' title="bbox 464 4560 2027 4636">
    <p class='ocr_par' dir='ltr' id='par_1_47' title="bbox 464 4560 2027 4636">
     <span class='ocr_line' id='line_1_47' title="bbox 464 4560 2027 4636; baseline -0.003 -16"><span class='ocrx_word' id='word_1_395' title='bbox 464 4564 677 4636; x_wconf 86' lang='lat' dir='ltr'><strong>quando</strong></span> <span class='ocrx_word' id='word_1_396' title='bbox 715 4565 836 4618; x_wconf 89' lang='lat' dir='ltr'><strong>illos</strong></span> <span class='ocrx_word' id='word_1_397' title='bbox 864 4562 1102 4618; x_wconf 85' lang='lat' dir='ltr'><strong>videritis</strong></span> <span class='ocrx_word' id='word_1_398' title='bbox 1130 4576 1250 4617; x_wconf 88' lang='lat' dir='ltr'><strong>esse</strong></span> <span class='ocrx_word' id='word_1_399' title='bbox 1279 4560 1460 4617; x_wconf 85' lang='lat' dir='ltr'><strong>felices</strong></span> <span class='ocrx_word' id='word_1_400' title='bbox 1499 4561 1796 4618; x_wconf 80' lang='lat' dir='ltr'><strong>infeliciter.</strong></span> <span class='ocrx_word' id='word_1_401' title='bbox 1840 4564 2027 4619; x_wconf 71' lang='lat' dir='ltr'><strong>Smculi</strong></span> 
     </span>
    </p>
   </div>
   <div class='ocr_carea' id='block_1_48' title="bbox 464 4654 2029 4726">
    <p class='ocr_par' dir='ltr' id='par_1_48' title="bbox 464 4654 2029 4726">
     <span class='ocr_line' id='line_1_48' title="bbox 464 4654 2029 4726; baseline -0.003 -13"><span class='ocrx_word' id='word_1_402' title='bbox 464 4660 605 4713; x_wconf 89' lang='lat' dir='ltr'><strong>enim</strong></span> <span class='ocrx_word' id='word_1_403' title='bbox 650 4657 893 4711; x_wconf 85' lang='lat' dir='ltr'><strong>homines</strong></span> <span class='ocrx_word' id='word_1_404' title='bbox 935 4656 1213 4711; x_wconf 82' lang='lat' dir='ltr'><strong>infeliciter</strong></span> <span class='ocrx_word' id='word_1_405' title='bbox 1242 4654 1423 4709; x_wconf 85' lang='lat' dir='ltr'><strong>felices</strong></span> <span class='ocrx_word' id='word_1_406' title='bbox 1451 4664 1574 4708; x_wconf 91' lang='lat' dir='ltr'><strong>sunt</strong></span> <span class='ocrx_word' id='word_1_407' title='bbox 1602 4674 1615 4711; x_wconf 89' lang='lat'><strong>:</strong></span> <span class='ocrx_word' id='word_1_408' title='bbox 1644 4665 1904 4726; x_wconf 72' lang='lat' dir='ltr'><strong>martyres</strong></span> <span class='ocrx_word' id='word_1_409' title='bbox 1932 4673 2029 4710; x_wconf 90' lang='lat' dir='ltr'><strong>au-</strong></span> 
     </span>
    </p>
   </div>
   <div class='ocr_carea' id='block_1_49' title="bbox 466 4671 2030 4816">
    <p class='ocr_par' dir='ltr' id='par_1_49' title="bbox 466 4671 2030 4816">
     <span class='ocr_line' id='line_1_49' title="bbox 466 4671 2029 4726; baseline -0.003 -13"><span class='ocrx_word' id='word_1_410' title='bbox 466 4674 605 4713; x_wconf 88' lang='lat' dir='ltr'><strong>ennn</strong></span> <span class='ocrx_word' id='word_1_411' title='bbox 652 4671 893 4711; x_wconf 78' lang='lat' dir='ltr'><strong>homines</strong></span> <span class='ocrx_word' id='word_1_412' title='bbox 935 4671 1213 4711; x_wconf 86' lang='lat' dir='ltr'><strong>Inteneuer</strong></span> <span class='ocrx_word' id='word_1_413' title='bbox 1242 4671 1423 4709; x_wconf 85' lang='lat' dir='ltr'><strong>tences</strong></span> <span class='ocrx_word' id='word_1_414' title='bbox 1451 4671 1574 4708; x_wconf 84' lang='lat' dir='ltr'><strong>sunt</strong></span> <span class='ocrx_word' id='word_1_415' title='bbox 1602 4674 1615 4711; x_wconf 90' lang='lat'><strong>:</strong></span> <span class='ocrx_word' id='word_1_416' title='bbox 1699 4671 1904 4726; x_wconf 83' lang='lat' dir='ltr'><strong>artyres</strong></span> <span class='ocrx_word' id='word_1_417' title='bbox 1932 4673 2029 4710; x_wconf 89' lang='lat' dir='ltr'><strong>au-</strong></span> 
     </span>
     <span class='ocr_line' id='line_1_50' title="bbox 466 4671 2030 4816; baseline -0.003 -10"><span class='ocrx_word' id='word_1_418' title='bbox 466 4763 570 4807; x_wconf 88' lang='lat' dir='ltr'><strong>tem</strong></span> <span class='ocrx_word' id='word_1_419' title='bbox 614 4749 836 4805; x_wconf 89' lang='lat' dir='ltr'><strong>feliciter</strong></span> <span class='ocrx_word' id='word_1_420' title='bbox 877 4746 1115 4802; x_wconf 87' lang='lat' dir='ltr'><strong>infelices</strong></span> <span class='ocrx_word' id='word_1_421' title='bbox 1158 4758 1330 4802; x_wconf 90' lang='lat' dir='ltr'><strong>erant.</strong></span> <span class='ocrx_word' id='word_1_422' title='bbox 1376 4746 1541 4807; x_wconf 83' lang='lat' dir='ltr'><strong>Erant</strong></span> <span class='ocrx_word' id='word_1_423' title='bbox 1562 4671 1701 4801; x_wconf 53' lang='lat' dir='ltr'><strong>enix»</strong></span> <span class='ocrx_word' id='word_1_424' title='bbox 1727 4746 1794 4800; x_wconf 90' lang='lat' dir='ltr'><strong>ad</strong></span> <span class='ocrx_word' id='word_1_425' title='bbox 1825 4754 2030 4816; x_wconf 87' lang='lat' dir='ltr'><strong>tempus</strong></span> 
     </span>
    </p>
   </div>
   <div class='ocr_carea' id='block_1_50' title="bbox 463 4837 2028 4909">
    <p class='ocr_par' dir='ltr' id='par_1_50' title="bbox 463 4837 2028 4909">
     <span class='ocr_line' id='line_1_51' title="bbox 463 4837 2028 4909; baseline -0.004 -9"><span class='ocrx_word' id='word_1_426' title='bbox 463 4844 701 4901; x_wconf 88' lang='lat' dir='ltr'><strong>infelices</strong></span> <span class='ocrx_word' id='word_1_427' title='bbox 719 4882 737 4909; x_wconf 91' lang='lat'><strong>,</strong></span> <span class='ocrx_word' id='word_1_428' title='bbox 764 4840 857 4896; x_wconf 87' lang='lat' dir='ltr'><strong>sed</strong></span> <span class='ocrx_word' id='word_1_429' title='bbox 886 4841 937 4895; x_wconf 91' lang='lat' dir='ltr'><strong>in</strong></span> <span class='ocrx_word' id='word_1_430' title='bbox 964 4849 1219 4906; x_wconf 76' lang='lat' dir='ltr'><strong>tetcrnunt</strong></span> <span class='ocrx_word' id='word_1_431' title='bbox 1250 4837 1466 4904; x_wconf 86' lang='lat' dir='ltr'><strong>felices;</strong></span> <span class='ocrx_word' id='word_1_432' title='bbox 1496 4847 1550 4893; x_wconf 91' lang='lat' dir='ltr'><strong>et</strong></span> <span class='ocrx_word' id='word_1_433' title='bbox 1576 4839 1628 4893; x_wconf 91' lang='lat' dir='ltr'><strong>in</strong></span> <span class='ocrx_word' id='word_1_434' title='bbox 1654 4844 1719 4893; x_wconf 72' lang='lat' dir='ltr'><strong>eo</strong></span> <span class='ocrx_word' id='word_1_435' title='bbox 1746 4840 1861 4907; x_wconf 90' lang='lat' dir='ltr'><strong>ipso</strong></span> <span class='ocrx_word' id='word_1_436' title='bbox 1888 4840 2028 4908; x_wconf 86' lang='lat' dir='ltr'><strong>quod</strong></span> 
     </span>
    </p>
   </div>
   <div class='ocr_carea' id='block_1_51' title="bbox 463 4930 2029 5005">
    <p class='ocr_par' dir='ltr' id='par_1_51' title="bbox 463 4930 2029 5005">
     <span class='ocr_line' id='line_1_52' title="bbox 463 4930 2029 5005; baseline -0.005 -11"><span class='ocrx_word' id='word_1_437' title='bbox 463 4946 619 4994; x_wconf 88' lang='lat' dir='ltr'><strong>erant</strong></span> <span class='ocrx_word' id='word_1_438' title='bbox 643 4936 709 4991; x_wconf 90' lang='lat' dir='ltr'><strong>ad</strong></span> <span class='ocrx_word' id='word_1_439' title='bbox 735 4946 943 5005; x_wconf 89' lang='lat' dir='ltr'><strong>tempus</strong></span> <span class='ocrx_word' id='word_1_440' title='bbox 971 4932 1229 4997; x_wconf 89' lang='lat' dir='ltr'><strong>infelices,</strong></span> <span class='ocrx_word' id='word_1_441' title='bbox 1262 4931 1578 5001; x_wconf 88' lang='lat' dir='ltr'><strong>putabantur</strong></span> <span class='ocrx_word' id='word_1_442' title='bbox 1599 4931 1766 5001; x_wconf 82' lang='lat' dir='ltr'><strong>magis</strong></span> <span class='ocrx_word' id='word_1_443' title='bbox 1792 4930 2029 4986; x_wconf 82' lang='lat' dir='ltr'><strong>infelices</strong></span> 
     </span>
    </p>
   </div>
   <div class='ocr_carea' id='block_1_52' title="bbox 462 5020 2024 5100">
    <p class='ocr_par' dir='ltr' id='par_1_52' title="bbox 462 5020 2024 5100">
     <span class='ocr_line' id='line_1_53' title="bbox 462 5020 2024 5100; baseline -0.006 -15"><span class='ocrx_word' id='word_1_444' title='bbox 462 5045 619 5100; x_wconf 90' lang='lat' dir='ltr'><strong>quam</strong></span> <span class='ocrx_word' id='word_1_445' title='bbox 641 5036 809 5084; x_wconf 89' lang='lat' dir='ltr'><strong>erant.</strong></span> <span class='ocrx_word' id='word_1_446' title='bbox 841 5024 976 5094; x_wconf 83' lang='lat' dir='ltr'><strong>Quid</strong></span> <span class='ocrx_word' id='word_1_447' title='bbox 1005 5024 1145 5080; x_wconf 90' lang='lat' dir='ltr'><strong>enim</strong></span> <span class='ocrx_word' id='word_1_448' title='bbox 1167 5022 1298 5078; x_wconf 89' lang='lat' dir='ltr'><strong>dicit</strong></span> <span class='ocrx_word' id='word_1_449' title='bbox 1315 5022 1631 5093; x_wconf 83' lang='lat' dir='ltr'><strong>Apostolus?</strong></span> <span class='ocrx_word' id='word_1_450' title='bbox 1661 5020 1817 5090; x_wconf 82' lang='lat' dir='ltr'><strong>Quasi</strong></span> <span class='ocrx_word' id='word_1_451' title='bbox 1843 5022 2024 5087; x_wconf 76' lang='lat' dir='ltr'><strong>tristes,</strong></span> 
     </span>
    </p>
   </div>
   <div class='ocr_carea' id='block_1_53' title="bbox 462 5112 2026 5191">
    <p class='ocr_par' dir='ltr' id='par_1_53' title="bbox 462 5112 2026 5191">
     <span class='ocr_line' id='line_1_54' title="bbox 462 5112 2026 5191; baseline -0.007 -15"><span class='ocrx_word' id='word_1_452' title='bbox 462 5137 655 5191; x_wconf 76' lang='lat' dir='ltr'><strong>semper</strong></span> <span class='ocrx_word' id='word_1_453' title='bbox 684 5129 850 5174; x_wconf 85' lang='lat' dir='ltr'><strong>autem</strong></span> <span class='ocrx_word' id='word_1_454' title='bbox 875 5116 1145 5189; x_wconf 85' lang='lat' dir='ltr'><strong>gaudentes</strong></span> <span class='ocrx_word' id='word_1_455' title='bbox 1171 5113 1238 5186; x_wconf 88' lang='lat' dir='ltr'><strong>(ll</strong></span> <span class='ocrx_word' id='word_1_456' title='bbox 1265 5113 1381 5169; x_wconf 86' lang='lat' dir='ltr'><strong>Cor.</strong></span> <span class='ocrx_word' id='word_1_457' title='bbox 1408 5128 1459 5167; x_wconf 82' lang='lat' dir='ltr'><strong>\‘l</strong></span> <span class='ocrx_word' id='word_1_458' title='bbox 1479 5154 1493 5175; x_wconf 87' lang='lat'><strong>,</strong></span> <span class='ocrx_word' id='word_1_459' title='bbox 1524 5113 1637 5184; x_wconf 81' lang='grc'><strong>10).</strong></span> <span class='ocrx_word' id='word_1_460' title='bbox 1660 5112 1834 5179; x_wconf 84' lang='lat' dir='ltr'><strong>Quare</strong></span> <span class='ocrx_word' id='word_1_461' title='bbox 1852 5154 1867 5178; x_wconf 92' lang='lat'><strong>,</strong></span> <span class='ocrx_word' id='word_1_462' title='bbox 1895 5129 2026 5166; x_wconf 88' lang='lat' dir='ltr'><strong>sem-</strong></span> 
     </span>
    </p>
   </div>
   <div class='ocr_carea' id='block_1_54' title="bbox 467 5206 2026 5283">
    <p class='ocr_par' dir='ltr' id='par_1_54' title="bbox 467 5206 2026 5283">
     <span class='ocr_line' id='line_1_55' title="bbox 467 5206 2026 5283; baseline -0.006 -14"><span class='ocrx_word' id='word_1_463' title='bbox 467 5215 596 5283; x_wconf 82' lang='lat' dir='ltr'><strong>per?</strong></span> <span class='ocrx_word' id='word_1_464' title='bbox 635 5213 703 5268; x_wconf 80' lang='lat' dir='ltr'><strong>Et</strong></span> <span class='ocrx_word' id='word_1_465' title='bbox 729 5213 813 5267; x_wconf 92' lang='lat' dir='ltr'><strong>hic</strong></span> <span class='ocrx_word' id='word_1_466' title='bbox 840 5221 893 5267; x_wconf 91' lang='lat' dir='ltr'><strong>et</strong></span> <span class='ocrx_word' id='word_1_467' title='bbox 922 5211 993 5265; x_wconf 88' lang='lat' dir='ltr'><strong>ibi</strong></span> <span class='ocrx_word' id='word_1_468' title='bbox 1024 5228 1036 5261; x_wconf 91' lang='lat'><strong>:</strong></span> <span class='ocrx_word' id='word_1_469' title='bbox 1062 5223 1277 5279; x_wconf 89' lang='lat' dir='ltr'><strong>prorsus</strong></span> <span class='ocrx_word' id='word_1_470' title='bbox 1303 5217 1355 5262; x_wconf 88' lang='lat' dir='ltr'><strong>et</strong></span> <span class='ocrx_word' id='word_1_471' title='bbox 1398 5208 1482 5263; x_wconf 90' lang='lat' dir='ltr'><strong>hic</strong></span> <span class='ocrx_word' id='word_1_472' title='bbox 1524 5216 1580 5263; x_wconf 88' lang='lat' dir='ltr'><strong>et</strong></span> <span class='ocrx_word' id='word_1_473' title='bbox 1617 5208 1707 5262; x_wconf 90' lang='lat' dir='ltr'><strong>ibi.</strong></span> <span class='ocrx_word' id='word_1_474' title='bbox 1753 5206 1850 5262; x_wconf 86' lang='lat' dir='ltr'><strong>Hie</strong></span> <span class='ocrx_word' id='word_1_475' title='bbox 1886 5208 2026 5262; x_wconf 87' lang='lat' dir='ltr'><strong>enim</strong></span> 
     </span>
    </p>
   </div>
   <div class='ocr_carea' id='block_1_55' title="bbox 467 5299 2031 5377">
    <p class='ocr_par' dir='ltr' id='par_1_55' title="bbox 467 5299 2031 5377">
     <span class='ocr_line' id='line_1_56' title="bbox 467 5299 2031 5377; baseline -0.004 -17"><span class='ocrx_word' id='word_1_476' title='bbox 467 5308 606 5362; x_wconf 88' lang='lat' dir='ltr'><strong>unde</strong></span> <span class='ocrx_word' id='word_1_477' title='bbox 645 5304 971 5377; x_wconf 80' lang='lat' dir='ltr'><strong>gaudemus?</strong></span> <span class='ocrx_word' id='word_1_478' title='bbox 1003 5304 1075 5358; x_wconf 90' lang='lat' dir='ltr'><strong>De</strong></span> <span class='ocrx_word' id='word_1_479' title='bbox 1104 5317 1219 5372; x_wconf 89' lang='lat' dir='ltr'><strong>spe.</strong></span> <span class='ocrx_word' id='word_1_480' title='bbox 1271 5301 1344 5355; x_wconf 90' lang='lat' dir='ltr'><strong>lbi</strong></span> <span class='ocrx_word' id='word_1_481' title='bbox 1376 5299 1515 5355; x_wconf 90' lang='lat' dir='ltr'><strong>unde</strong></span> <span class='ocrx_word' id='word_1_482' title='bbox 1552 5300 1927 5371; x_wconf 82' lang='lat' dir='ltr'><strong>gaudebimus?</strong></span> <span class='ocrx_word' id='word_1_483' title='bbox 1957 5300 2031 5354; x_wconf 89' lang='lat' dir='ltr'><strong>De</strong></span> 
     </span>
    </p>
   </div>
   <div class='ocr_carea' id='block_1_56' title="bbox 466 5393 2031 5469">
    <p class='ocr_par' dir='ltr' id='par_1_56' title="bbox 466 5393 2031 5469">
     <span class='ocr_line' id='line_1_57' title="bbox 466 5393 2031 5469; baseline -0.002 -19"><span class='ocrx_word' id='word_1_484' title='bbox 466 5414 547 5453; x_wconf 88' lang='lat' dir='ltr'><strong>re.</strong></span> <span class='ocrx_word' id='word_1_485' title='bbox 577 5398 820 5469; x_wconf 81' lang='lat' dir='ltr'><strong>Magnum</strong></span> <span class='ocrx_word' id='word_1_486' title='bbox 848 5397 1095 5467; x_wconf 78' lang='lat' dir='ltr'><strong>gaudium</strong></span> <span class='ocrx_word' id='word_1_487' title='bbox 1124 5394 1285 5450; x_wconf 88' lang='lat' dir='ltr'><strong>habet</strong></span> <span class='ocrx_word' id='word_1_488' title='bbox 1318 5408 1439 5464; x_wconf 89' lang='lat' dir='ltr'><strong>spes</strong></span> <span class='ocrx_word' id='word_1_489' title='bbox 1467 5394 1765 5462; x_wconf 81' lang='lat' dir='ltr'><strong>gaudentis.</strong></span> <span class='ocrx_word' id='word_1_490' title='bbox 1793 5393 1858 5447; x_wconf 78' lang='lat' dir='ltr'><strong>Et</strong></span> <span class='ocrx_word' id='word_1_491' title='bbox 1879 5393 1923 5447; x_wconf 91' lang='lat' dir='ltr'><strong>si</strong></span> <span class='ocrx_word' id='word_1_492' title='bbox 1943 5411 2031 5463; x_wconf 82' lang='lat' dir='ltr'><strong>spe</strong></span> 
     </span>
    </p>
   </div>
   <div class='ocr_carea' id='block_1_57' title="bbox 468 5486 2030 5561">
    <p class='ocr_par' dir='ltr' id='par_1_57' title="bbox 468 5486 2030 5561">
     <span class='ocr_line' id='line_1_58' title="bbox 468 5486 2030 5561; baseline -0.002 -19"><span class='ocrx_word' id='word_1_493' title='bbox 468 5492 771 5561; x_wconf 79' lang='lat' dir='ltr'><strong>gaudentes,</strong></span> <span class='ocrx_word' id='word_1_494' title='bbox 795 5492 968 5547; x_wconf 86' lang='lat' dir='ltr'><strong>videte</strong></span> <span class='ocrx_word' id='word_1_495' title='bbox 1008 5489 1132 5560; x_wconf 82' lang='lat' dir='ltr'><strong>quid</strong></span> <span class='ocrx_word' id='word_1_496' title='bbox 1173 5488 1447 5557; x_wconf 87' lang='lat' dir='ltr'><strong>sequitur:</strong></span> <span class='ocrx_word' id='word_1_497' title='bbox 1478 5486 1537 5540; x_wconf 89' lang='lat' dir='ltr'><strong>In</strong></span> <span class='ocrx_word' id='word_1_498' title='bbox 1582 5486 1898 5540; x_wconf 69' lang='lat' dir='ltr'><strong>tribulatione</strong></span> <span class='ocrx_word' id='word_1_499' title='bbox 1938 5505 2030 5554; x_wconf 80' lang='lat' dir='ltr'><strong>pa-</strong></span> 
     </span>
    </p>
   </div>
   <div class='ocr_carea' id='block_1_58' title="bbox 470 5576 2028 5655">
    <p class='ocr_par' dir='ltr' id='par_1_58' title="bbox 470 5576 2028 5655">
     <span class='ocr_line' id='line_1_59' title="bbox 470 5576 2028 5655; baseline -0.002 -23"><span class='ocrx_word' id='word_1_500' title='bbox 470 5580 643 5634; x_wconf 83' lang='lat' dir='ltr'><strong>tientes</strong></span> <span class='ocrx_word' id='word_1_501' title='bbox 677 5583 851 5648; x_wconf 82' lang='lat' dir='ltr'><strong>(Rom.</strong></span> <span class='ocrx_word' id='word_1_502' title='bbox 877 5598 987 5647; x_wconf 86' lang='lat' dir='ltr'><strong>xu,</strong></span> <span class='ocrx_word' id='word_1_503' title='bbox 1018 5582 1083 5634; x_wconf 70' lang='grc' dir='ltr'><strong>ιο).</strong></span> <span class='ocrx_word' id='word_1_504' title='bbox 1104 5582 1142 5650; x_wconf 94' lang='grc'><strong>).</strong></span> <span class='ocrx_word' id='word_1_505' title='bbox 1183 5579 1439 5655; x_wconf 53' lang='lat' dir='ltr'><strong>Martyres</strong></span> <span class='ocrx_word' id='word_1_506' title='bbox 1465 5591 1591 5646; x_wconf 81' lang='lat' dir='ltr'><strong>ergo</strong></span> <span class='ocrx_word' id='word_1_507' title='bbox 1617 5578 1668 5629; x_wconf 89' lang='lat' dir='ltr'><strong>in</strong></span> <span class='ocrx_word' id='word_1_508' title='bbox 1694 5576 2028 5630; x_wconf 84' lang='lat' dir='ltr'><strong>tribulatiooe</strong></span> 
     </span>
    </p>
   </div>
   <div class='ocr_carea' id='block_1_59' title="bbox 468 5654 2027 5743">
    <p class='ocr_par' dir='ltr' id='par_1_59' title="bbox 468 5654 2027 5743">
     <span class='ocr_line' id='line_1_60' title="bbox 468 5654 2027 5743; baseline -0.003 -19"><span class='ocrx_word' id='word_1_509' title='bbox 468 5671 729 5743; x_wconf 83' lang='lat' dir='ltr'><strong>patientes</strong></span> <span class='ocrx_word' id='word_1_510' title='bbox 756 5683 940 5737; x_wconf 84' lang='lat' dir='ltr'><strong>erant,</strong></span> <span class='ocrx_word' id='word_1_511' title='bbox 976 5673 1094 5740; x_wconf 84' lang='lat' dir='ltr'><strong>quia</strong></span> <span class='ocrx_word' id='word_1_512' title='bbox 1121 5686 1217 5740; x_wconf 90' lang='lat' dir='ltr'><strong>spe</strong></span> <span class='ocrx_word' id='word_1_513' title='bbox 1241 5654 1559 5739; x_wconf 83' lang='lat' dir='ltr'><strong>gaudebant.</strong></span> <span class='ocrx_word' id='word_1_514' title='bbox 1603 5669 1704 5724; x_wconf 88' lang='lat' dir='ltr'><strong>Sed</strong></span> <span class='ocrx_word' id='word_1_515' title='bbox 1732 5668 1852 5737; x_wconf 86' lang='lat' dir='ltr'><strong>quia</strong></span> <span class='ocrx_word' id='word_1_516' title='bbox 1893 5682 2027 5721; x_wconf 83' lang='lat' dir='ltr'><strong>non-</strong></span> 
     </span>
    </p>
   </div>
   <div class='ocr_carea' id='block_1_60' title="bbox 470 5757 2029 5829">
    <p class='ocr_par' dir='ltr' id='par_1_60' title="bbox 470 5757 2029 5829">
     <span class='ocr_line' id='line_1_61' title="bbox 470 5757 2029 5829; baseline -0.007 -7"><span class='ocrx_word' id='word_1_517' title='bbox 470 5767 598 5822; x_wconf 88' lang='lat' dir='ltr'><strong>dum</strong></span> <span class='ocrx_word' id='word_1_518' title='bbox 628 5769 741 5816; x_wconf 86' lang='lat' dir='ltr'><strong>erat</strong></span> <span class='ocrx_word' id='word_1_519' title='bbox 782 5760 904 5814; x_wconf 89' lang='lat' dir='ltr'><strong>illud</strong></span> <span class='ocrx_word' id='word_1_520' title='bbox 932 5761 1067 5829; x_wconf 88' lang='lat' dir='ltr'><strong>quod</strong></span> <span class='ocrx_word' id='word_1_521' title='bbox 1107 5761 1426 5826; x_wconf 83' lang='lat' dir='ltr'><strong>promittitur</strong></span> <span class='ocrx_word' id='word_1_522' title='bbox 1445 5802 1459 5825; x_wconf 95' lang='lat'><strong>,</strong></span> <span class='ocrx_word' id='word_1_523' title='bbox 1490 5758 1616 5828; x_wconf 90' lang='lat' dir='ltr'><strong>quid</strong></span> <span class='ocrx_word' id='word_1_524' title='bbox 1644 5757 1770 5813; x_wconf 82' lang='lat' dir='ltr'><strong>dicit</strong></span> <span class='ocrx_word' id='word_1_525' title='bbox 1799 5759 2029 5828; x_wconf 88' lang='lat' dir='ltr'><strong>Aposto-</strong></span> 
     </span>
    </p>
   </div>
   <div class='ocr_carea' id='block_1_61' title="bbox 1728 312 2515 390">
    <p class='ocr_par' dir='ltr' id='par_1_61' title="bbox 1728 312 2515 390">
     <span class='ocr_line' id='line_1_62' title="bbox 1728 312 2515 390; baseline 0.006 -5"><span class='ocrx_word' id='word_1_526' title='bbox 1728 328 1783 385; x_wconf 82' lang='lat' dir='ltr'><strong>s.</strong></span> <span class='ocrx_word' id='word_1_527' title='bbox 1819 312 2176 384; x_wconf 67' lang='lat' dir='ltr'><strong>AUGUSTINI</strong></span> <span class='ocrx_word' id='word_1_528' title='bbox 2219 329 2515 390; x_wconf 70' lang='lat' dir='ltr'><strong>El’ISCOPl</strong></span> 
     </span>
    </p>
   </div>
   <div class='ocr_carea' id='block_1_62' title="bbox 3605 348 3727 406">
    <p class='ocr_par' dir='ltr' id='par_1_62' title="bbox 3605 348 3727 406">
     <span class='ocr_line' id='line_1_63' title="bbox 3605 348 3727 406; baseline 0.025 -3"><span class='ocrx_word' id='word_1_529' title='bbox 3605 353 3626 403; x_wconf 78' lang='lat' dir='ltr'><strong>l</strong></span> <span class='ocrx_word' id='word_1_530' title='bbox 3638 348 3727 406; x_wconf 73' lang='lat'><strong>680</strong></span> 
     </span>
    </p>
   </div>
   <div class='ocr_carea' id='block_1_63' title="bbox 2170 443 3725 529">
    <p class='ocr_par' dir='ltr' id='par_1_63' title="bbox 2170 443 3725 529">
     <span class='ocr_line' id='line_1_64' title="bbox 2170 443 3725 529; baseline 0.017 -34"><span class='ocrx_word' id='word_1_531' title='bbox 2170 443 2282 497; x_wconf 84' lang='lat' dir='ltr'><strong>lus?</strong></span> <span class='ocrx_word' id='word_1_532' title='bbox 2331 446 2460 517; x_wconf 80' lang='lat' dir='ltr'><strong>Spes</strong></span> <span class='ocrx_word' id='word_1_533' title='bbox 2489 459 2621 503; x_wconf 69' lang='lat' dir='ltr'><strong>enim</strong></span> <span class='ocrx_word' id='word_1_534' title='bbox 2649 469 2761 522; x_wconf 76' lang='lat' dir='ltr'><strong>qua:</strong></span> <span class='ocrx_word' id='word_1_535' title='bbox 2784 455 3005 521; x_wconf 85' lang='lat' dir='ltr'><strong>videtur,</strong></span> <span class='ocrx_word' id='word_1_536' title='bbox 3057 475 3155 513; x_wconf 85' lang='lat' dir='ltr'><strong>non</strong></span> <span class='ocrx_word' id='word_1_537' title='bbox 3198 470 3269 514; x_wconf 87' lang='lat' dir='ltr'><strong>est</strong></span> <span class='ocrx_word' id='word_1_538' title='bbox 3314 478 3427 529; x_wconf 83' lang='lat' dir='ltr'><strong>spes</strong></span> <span class='ocrx_word' id='word_1_539' title='bbox 3449 477 3468 516; x_wconf 89' lang='lat'><strong><em>:</em></strong></span> <span class='ocrx_word' id='word_1_540' title='bbox 3491 464 3533 518; x_wconf 86' lang='lat' dir='ltr'><strong>si</strong></span> <span class='ocrx_word' id='word_1_541' title='bbox 3572 477 3725 522; x_wconf 80' lang='lat' dir='ltr'><strong>autem</strong></span> 
     </span>
    </p>
   </div>
   <div class='ocr_carea' id='block_1_64' title="bbox 2163 535 3721 625">
    <p class='ocr_par' dir='ltr' id='par_1_64' title="bbox 2163 535 3721 625">
     <span class='ocr_line' id='line_1_65' title="bbox 2163 535 3721 625; baseline 0.018 -42"><span class='ocrx_word' id='word_1_542' title='bbox 2163 535 2296 600; x_wconf 84' lang='lat' dir='ltr'><strong>quod</strong></span> <span class='ocrx_word' id='word_1_543' title='bbox 2324 549 2423 589; x_wconf 82' lang='lat' dir='ltr'><strong>nan</strong></span> <span class='ocrx_word' id='word_1_544' title='bbox 2449 540 2670 596; x_wconf 77' lang='lat' dir='ltr'><strong>ridemus</strong></span> <span class='ocrx_word' id='word_1_545' title='bbox 2695 560 2954 611; x_wconf 81' lang='lat' dir='ltr'><strong>speramus</strong></span> <span class='ocrx_word' id='word_1_546' title='bbox 2972 589 2987 613; x_wconf 89' lang='lat'><strong>,</strong></span> <span class='ocrx_word' id='word_1_547' title='bbox 3019 567 3125 618; x_wconf 73' lang='grc' dir='ltr'><strong>,ρετ</strong></span> <span class='ocrx_word' id='word_1_548' title='bbox 3150 553 3444 620; x_wconf 75' lang='lat' dir='ltr'><strong>patientiam</strong></span> <span class='ocrx_word' id='word_1_549' title='bbox 3470 568 3721 625; x_wconf 70' lang='lat' dir='ltr'><strong>exspecta-</strong></span> 
     </span>
    </p>
   </div>
   <div class='ocr_carea' id='block_1_65' title="bbox 2163 626 3724 718">
    <p class='ocr_par' dir='ltr' id='par_1_65' title="bbox 2163 626 3724 718">
     <span class='ocr_line' id='line_1_66' title="bbox 2163 626 3724 718; baseline 0.019 -42"><span class='ocrx_word' id='word_1_550' title='bbox 2163 640 2271 679; x_wconf 82' lang='lat' dir='ltr'><strong>mus</strong></span> <span class='ocrx_word' id='word_1_551' title='bbox 2300 626 2470 695; x_wconf 81' lang='lat' dir='ltr'><strong>(Rom.</strong></span> <span class='ocrx_word' id='word_1_552' title='bbox 2499 646 2590 685; x_wconf 87' lang='lat' dir='ltr'><strong>vm</strong></span> <span class='ocrx_word' id='word_1_553' title='bbox 2610 674 2624 696; x_wconf 92' lang='lat'><strong>,</strong></span> <span class='ocrx_word' id='word_1_554' title='bbox 2653 634 2724 688; x_wconf 72' lang='lat' dir='ltr'><strong>2i</strong></span> <span class='ocrx_word' id='word_1_555' title='bbox 2740 646 2785 688; x_wconf 89' lang='lat' dir='ltr'><strong>et</strong></span> <span class='ocrx_word' id='word_1_556' title='bbox 2801 635 2869 691; x_wconf 75' lang='lat'><strong>&#39;23</strong></span> <span class='ocrx_word' id='word_1_557' title='bbox 2885 639 2927 709; x_wconf 87' lang='lat'><strong>).</strong></span> <span class='ocrx_word' id='word_1_558' title='bbox 2948 639 3083 694; x_wconf 86' lang='lat' dir='ltr'><strong>Ecce</strong></span> <span class='ocrx_word' id='word_1_559' title='bbox 3106 657 3266 710; x_wconf 90' lang='lat' dir='ltr'><strong>quare</strong></span> <span class='ocrx_word' id='word_1_560' title='bbox 3281 646 3455 699; x_wconf 84' lang='lat' dir='ltr'><strong>omnia</strong></span> <span class='ocrx_word' id='word_1_561' title='bbox 3476 658 3724 718; x_wconf 74' lang='lat' dir='ltr'><strong>martyres</strong></span> 
     </span>
    </p>
   </div>
   <div class='ocr_carea' id='block_1_66' title="bbox 2161 718 3721 806">
    <p class='ocr_par' dir='ltr' id='par_1_66' title="bbox 2161 718 3721 806">
     <span class='ocr_line' id='line_1_67' title="bbox 2161 718 3721 806; baseline 0.018 -38"><span class='ocrx_word' id='word_1_562' title='bbox 2161 718 2509 786; x_wconf 88' lang='lat' dir='ltr'><strong>pertulerunt,</strong></span> <span class='ocrx_word' id='word_1_563' title='bbox 2540 725 2661 794; x_wconf 91' lang='lat' dir='ltr'><strong>quia</strong></span> <span class='ocrx_word' id='word_1_564' title='bbox 2692 728 2832 794; x_wconf 89' lang='lat' dir='ltr'><strong>quod</strong></span> <span class='ocrx_word' id='word_1_565' title='bbox 2861 745 2965 784; x_wconf 91' lang='lat' dir='ltr'><strong>non</strong></span> <span class='ocrx_word' id='word_1_566' title='bbox 2996 732 3266 797; x_wconf 85' lang='lat' dir='ltr'><strong>videbant,</strong></span> <span class='ocrx_word' id='word_1_567' title='bbox 3300 751 3394 805; x_wconf 89' lang='lat' dir='ltr'><strong>per</strong></span> <span class='ocrx_word' id='word_1_568' title='bbox 3423 740 3721 806; x_wconf 83' lang='lat' dir='ltr'><strong>patientiam</strong></span> 
     </span>
    </p>
   </div>
   <div class='ocr_carea' id='block_1_67' title="bbox 2159 812 3722 897">
    <p class='ocr_par' dir='ltr' id='par_1_67' title="bbox 2159 812 3722 897">
     <span class='ocr_line' id='line_1_68' title="bbox 2159 812 3722 897; baseline 0.017 -37"><span class='ocrx_word' id='word_1_569' title='bbox 2159 812 2555 878; x_wconf 77' lang='lat' dir='ltr'><strong>exspectabant.</strong></span> <span class='ocrx_word' id='word_1_570' title='bbox 2601 815 2673 870; x_wconf 88' lang='lat' dir='ltr'><strong>Illi</strong></span> <span class='ocrx_word' id='word_1_571' title='bbox 2714 820 2803 887; x_wconf 85' lang='lat' dir='ltr'><strong>qui</strong></span> <span class='ocrx_word' id='word_1_572' title='bbox 2830 834 2924 874; x_wconf 88' lang='lat' dir='ltr'><strong>eos</strong></span> <span class='ocrx_word' id='word_1_573' title='bbox 2947 823 3295 886; x_wconf 85' lang='lat' dir='ltr'><strong>occidebant.</strong></span> <span class='ocrx_word' id='word_1_574' title='bbox 3324 842 3441 897; x_wconf 67' lang='lat' dir='ltr'><strong>quae</strong></span> <span class='ocrx_word' id='word_1_575' title='bbox 3484 830 3722 887; x_wconf 84' lang='lat' dir='ltr'><strong>videbant</strong></span> 
     </span>
    </p>
   </div>
   <div class='ocr_carea' id='block_1_68' title="bbox 2159 900 3721 988">
    <p class='ocr_par' dir='ltr' id='par_1_68' title="bbox 2159 900 3721 988">
     <span class='ocr_line' id='line_1_69' title="bbox 2159 900 3721 988; baseline 0.018 -39"><span class='ocrx_word' id='word_1_576' title='bbox 2159 900 2405 956; x_wconf 87' lang='lat' dir='ltr'><strong>amabant</strong></span> <span class='ocrx_word' id='word_1_577' title='bbox 2432 921 2446 956; x_wconf 89' lang='lat'><strong>:</strong></span> <span class='ocrx_word' id='word_1_578' title='bbox 2475 905 2547 959; x_wconf 89' lang='lat' dir='ltr'><strong>illi</strong></span> <span class='ocrx_word' id='word_1_579' title='bbox 2577 907 2665 976; x_wconf 91' lang='lat' dir='ltr'><strong>qui</strong></span> <span class='ocrx_word' id='word_1_580' title='bbox 2692 910 3090 980; x_wconf 81' lang='lat' dir='ltr'><strong>occidebantur,</strong></span> <span class='ocrx_word' id='word_1_581' title='bbox 3124 915 3190 969; x_wconf 90' lang='lat' dir='ltr'><strong>ad</strong></span> <span class='ocrx_word' id='word_1_582' title='bbox 3218 932 3278 970; x_wconf 85' lang='lat' dir='ltr'><strong>ea</strong></span> <span class='ocrx_word' id='word_1_583' title='bbox 3307 934 3425 988; x_wconf 75' lang='lat' dir='ltr'><strong>qua:</strong></span> <span class='ocrx_word' id='word_1_584' title='bbox 3453 936 3559 975; x_wconf 89' lang='lat' dir='ltr'><strong>non</strong></span> <span class='ocrx_word' id='word_1_585' title='bbox 3586 922 3721 978; x_wconf 44' lang='lat' dir='ltr'><strong>vide.</strong></span> 
     </span>
    </p>
   </div>
   <div class='ocr_carea' id='block_1_69' title="bbox 2160 990 3722 1082">
    <p class='ocr_par' dir='ltr' id='par_1_69' title="bbox 2160 990 3722 1082">
     <span class='ocr_line' id='line_1_70' title="bbox 2160 990 3722 1082; baseline 0.017 -40"><span class='ocrx_word' id='word_1_586' title='bbox 2160 990 2285 1082; x_wconf 86' lang='lat' dir='ltr'><strong>baut</strong></span> <span class='ocrx_word' id='word_1_587' title='bbox 2311 994 2665 1064; x_wconf 87' lang='lat' dir='ltr'><strong>suspirabant,</strong></span> <span class='ocrx_word' id='word_1_588' title='bbox 2683 1010 2738 1055; x_wconf 91' lang='lat' dir='ltr'><strong>et</strong></span> <span class='ocrx_word' id='word_1_589' title='bbox 2764 1017 2823 1056; x_wconf 88' lang='lat' dir='ltr'><strong>ea</strong></span> <span class='ocrx_word' id='word_1_590' title='bbox 2856 1019 2974 1072; x_wconf 73' lang='lat' dir='ltr'><strong>quze</strong></span> <span class='ocrx_word' id='word_1_591' title='bbox 3005 1022 3109 1061; x_wconf 92' lang='lat' dir='ltr'><strong>non</strong></span> <span class='ocrx_word' id='word_1_592' title='bbox 3142 1008 3408 1073; x_wconf 84' lang='lat' dir='ltr'><strong>videbant,</strong></span> <span class='ocrx_word' id='word_1_593' title='bbox 3432 1015 3722 1082; x_wconf 51' lang='lat' dir='ltr'><strong>apprehcn.</strong></span> 
     </span>
    </p>
   </div>
   <div class='ocr_carea' id='block_1_70' title="bbox 2156 1081 3720 1171">
    <p class='ocr_par' dir='ltr' id='par_1_70' title="bbox 2156 1081 3720 1171">
     <span class='ocr_line' id='line_1_71' title="bbox 2156 1081 3720 1171; baseline 0.016 -38"><span class='ocrx_word' id='word_1_594' title='bbox 2156 1081 2284 1137; x_wconf 86' lang='lat' dir='ltr'><strong>dere</strong></span> <span class='ocrx_word' id='word_1_595' title='bbox 2323 1083 2670 1154; x_wconf 89' lang='lat' dir='ltr'><strong>festinabant;</strong></span> <span class='ocrx_word' id='word_1_596' title='bbox 2702 1100 2757 1145; x_wconf 90' lang='lat' dir='ltr'><strong>et</strong></span> <span class='ocrx_word' id='word_1_597' title='bbox 2784 1094 2924 1162; x_wconf 87' lang='lat' dir='ltr'><strong>quod</strong></span> <span class='ocrx_word' id='word_1_598' title='bbox 2956 1096 3156 1152; x_wconf 87' lang='lat' dir='ltr'><strong>tardius</strong></span> <span class='ocrx_word' id='word_1_599' title='bbox 3181 1081 3579 1171; x_wconf 83' lang='lat' dir='ltr'><strong>occidebantur,</strong></span> <span class='ocrx_word' id='word_1_600' title='bbox 3612 1121 3720 1159; x_wconf 74' lang='lat' dir='ltr'><strong>nio-</strong></span> 
     </span>
    </p>
   </div>
   <div class='ocr_carea' id='block_1_71' title="bbox 2158 1172 3591 1240">
    <p class='ocr_par' dir='ltr' id='par_1_71' title="bbox 2158 1172 3591 1240">
     <span class='ocr_line' id='line_1_72' title="bbox 2158 1172 3591 1240; baseline 0.019 -17"><span class='ocrx_word' id='word_1_601' title='bbox 2158 1187 2243 1225; x_wconf 91' lang='lat' dir='ltr'><strong>ras</strong></span> <span class='ocrx_word' id='word_1_602' title='bbox 2271 1174 2369 1228; x_wconf 91' lang='lat' dir='ltr'><strong>sibi</strong></span> <span class='ocrx_word' id='word_1_603' title='bbox 2398 1176 2507 1231; x_wconf 84' lang='lat' dir='ltr'><strong>fieri</strong></span> <span class='ocrx_word' id='word_1_604' title='bbox 2535 1180 2948 1240; x_wconf 89' lang='lat' dir='ltr'><strong>arbitrabantur.</strong></span> <span class='ocrx_word' id='word_1_605' title='bbox 3588 1172 3591 1177; x_wconf 12' lang='grc' dir='ltr'><strong>ἤ</strong></span> 
     </span>
    </p>
   </div>
   <div class='ocr_carea' id='block_1_72' title="bbox 2225 1266 3720 1354">
    <p class='ocr_par' dir='ltr' id='par_1_72' title="bbox 2225 1266 3720 1354">
     <span class='ocr_line' id='line_1_73' title="bbox 2225 1266 3720 1354; baseline 0.017 -36"><span class='ocrx_word' id='word_1_606' title='bbox 2225 1268 2278 1319; x_wconf 80' lang='grc'><strong>6.</strong></span> <span class='ocrx_word' id='word_1_607' title='bbox 2313 1266 2481 1338; x_wconf 82' lang='lat' dir='ltr'><strong>Ergo,</strong></span> <span class='ocrx_word' id='word_1_608' title='bbox 2512 1270 2734 1341; x_wconf 88' lang='lat' dir='ltr'><strong>fratres,</strong></span> <span class='ocrx_word' id='word_1_609' title='bbox 2762 1275 2911 1331; x_wconf 83' lang='lat' dir='ltr'><strong>Felix</strong></span> <span class='ocrx_word' id='word_1_610' title='bbox 2941 1288 3142 1350; x_wconf 83' lang='lat' dir='ltr'><strong>martyr</strong></span> <span class='ocrx_word' id='word_1_611' title='bbox 3169 1278 3243 1354; x_wconf 90' lang='lat' dir='ltr'><strong>(a)</strong></span> <span class='ocrx_word' id='word_1_612' title='bbox 3276 1292 3332 1338; x_wconf 89' lang='lat' dir='ltr'><strong>et</strong></span> <span class='ocrx_word' id='word_1_613' title='bbox 3359 1300 3485 1340; x_wconf 89' lang='lat' dir='ltr'><strong>vere</strong></span> <span class='ocrx_word' id='word_1_614' title='bbox 3516 1284 3637 1343; x_wconf 82' lang='lat' dir='ltr'><strong>felix</strong></span> <span class='ocrx_word' id='word_1_615' title='bbox 3670 1299 3720 1344; x_wconf 91' lang='lat' dir='ltr'><strong>et</strong></span> 
     </span>
    </p>
   </div>
   <div class='ocr_carea' id='block_1_73' title="bbox 2155 1357 3718 1447">
    <p class='ocr_par' dir='ltr' id='par_1_73' title="bbox 2155 1357 3718 1447">
     <span class='ocr_line' id='line_1_74' title="bbox 2155 1357 3718 1447; baseline 0.017 -38"><span class='ocrx_word' id='word_1_616' title='bbox 2155 1357 2371 1413; x_wconf 89' lang='lat' dir='ltr'><strong>nomine</strong></span> <span class='ocrx_word' id='word_1_617' title='bbox 2396 1369 2450 1414; x_wconf 92' lang='lat' dir='ltr'><strong>et</strong></span> <span class='ocrx_word' id='word_1_618' title='bbox 2477 1375 2691 1427; x_wconf 89' lang='lat' dir='ltr'><strong>corona,</strong></span> <span class='ocrx_word' id='word_1_619' title='bbox 2719 1366 2873 1440; x_wconf 87' lang='lat' dir='ltr'><strong>cujus</strong></span> <span class='ocrx_word' id='word_1_620' title='bbox 2900 1367 3055 1424; x_wconf 90' lang='lat' dir='ltr'><strong>hodie</strong></span> <span class='ocrx_word' id='word_1_621' title='bbox 3084 1371 3201 1427; x_wconf 89' lang='lat' dir='ltr'><strong>dies</strong></span> <span class='ocrx_word' id='word_1_622' title='bbox 3226 1383 3311 1428; x_wconf 90' lang='lat' dir='ltr'><strong>est</strong></span> <span class='ocrx_word' id='word_1_623' title='bbox 3336 1375 3376 1442; x_wconf 85' lang='grc'><strong>¹,</strong></span> <span class='ocrx_word' id='word_1_624' title='bbox 3402 1383 3718 1447; x_wconf 79' lang='lat' dir='ltr'><strong>contempsit</strong></span> 
     </span>
    </p>
   </div>
   <div class='ocr_carea' id='block_1_74' title="bbox 2155 1447 3718 1533">
    <p class='ocr_par' dir='ltr' id='par_1_74' title="bbox 2155 1447 3718 1533">
     <span class='ocr_line' id='line_1_75' title="bbox 2155 1447 3718 1533; baseline 0.018 -35"><span class='ocrx_word' id='word_1_625' title='bbox 2155 1447 2428 1503; x_wconf 91' lang='lat' dir='ltr'><strong>mundum.</strong></span> <span class='ocrx_word' id='word_1_626' title='bbox 2458 1452 2537 1505; x_wconf 86' lang='lat' dir='ltr'><strong>An</strong></span> <span class='ocrx_word' id='word_1_627' title='bbox 2565 1453 2699 1509; x_wconf 88' lang='lat' dir='ltr'><strong>forte</strong></span> <span class='ocrx_word' id='word_1_628' title='bbox 2719 1458 2840 1526; x_wconf 84' lang='lat' dir='ltr'><strong>quia</strong></span> <span class='ocrx_word' id='word_1_629' title='bbox 2871 1459 3089 1515; x_wconf 85' lang='lat' dir='ltr'><strong>timebat</strong></span> <span class='ocrx_word' id='word_1_630' title='bbox 3115 1461 3394 1519; x_wconf 88' lang='lat' dir='ltr'><strong>Dominum</strong></span> <span class='ocrx_word' id='word_1_631' title='bbox 3412 1507 3429 1533; x_wconf 93' lang='lat'><strong>,</strong></span> <span class='ocrx_word' id='word_1_632' title='bbox 3458 1467 3578 1523; x_wconf 89' lang='lat' dir='ltr'><strong>inde</strong></span> <span class='ocrx_word' id='word_1_633' title='bbox 3605 1480 3718 1527; x_wconf 78' lang='lat' dir='ltr'><strong>erat</strong></span> 
     </span>
    </p>
   </div>
   <div class='ocr_carea' id='block_1_75' title="bbox 2156 1535 3716 1626">
    <p class='ocr_par' dir='ltr' id='par_1_75' title="bbox 2156 1535 3716 1626">
     <span class='ocr_line' id='line_1_76' title="bbox 2156 1535 3716 1626; baseline 0.017 -37"><span class='ocrx_word' id='word_1_634' title='bbox 2156 1535 2299 1603; x_wconf 81' lang='lat' dir='ltr'><strong>felix,</strong></span> <span class='ocrx_word' id='word_1_635' title='bbox 2331 1539 2451 1595; x_wconf 91' lang='lat' dir='ltr'><strong>inde</strong></span> <span class='ocrx_word' id='word_1_636' title='bbox 2479 1551 2596 1598; x_wconf 88' lang='lat' dir='ltr'><strong>erat</strong></span> <span class='ocrx_word' id='word_1_637' title='bbox 2620 1545 2824 1613; x_wconf 89' lang='lat' dir='ltr'><strong>beatus,</strong></span> <span class='ocrx_word' id='word_1_638' title='bbox 2856 1549 2977 1619; x_wconf 89' lang='lat' dir='ltr'><strong>quia</strong></span> <span class='ocrx_word' id='word_1_639' title='bbox 3005 1567 3138 1606; x_wconf 89' lang='lat' dir='ltr'><strong>uxor</strong></span> <span class='ocrx_word' id='word_1_640' title='bbox 3160 1554 3278 1623; x_wconf 89' lang='lat' dir='ltr'><strong>ejus</strong></span> <span class='ocrx_word' id='word_1_641' title='bbox 3302 1566 3548 1626; x_wconf 82' lang='lat' dir='ltr'><strong>tanquam</strong></span> <span class='ocrx_word' id='word_1_642' title='bbox 3570 1563 3716 1616; x_wconf 85' lang='lat' dir='ltr'><strong>vinea</strong></span> 
     </span>
    </p>
   </div>
   <div class='ocr_carea' id='block_1_76' title="bbox 2153 1627 3719 1711">
    <p class='ocr_par' dir='ltr' id='par_1_76' title="bbox 2153 1627 3719 1711">
     <span class='ocr_line' id='line_1_77' title="bbox 2153 1627 3719 1711; baseline 0.016 -30"><span class='ocrx_word' id='word_1_643' title='bbox 2153 1627 2338 1685; x_wconf 86' lang='lat' dir='ltr'><strong>fertilis</strong></span> <span class='ocrx_word' id='word_1_644' title='bbox 2362 1642 2476 1686; x_wconf 89' lang='lat' dir='ltr'><strong>erat</strong></span> <span class='ocrx_word' id='word_1_645' title='bbox 2502 1634 2555 1688; x_wconf 90' lang='lat' dir='ltr'><strong>in</strong></span> <span class='ocrx_word' id='word_1_646' title='bbox 2580 1643 2740 1702; x_wconf 90' lang='lat' dir='ltr'><strong>terra,</strong></span> <span class='ocrx_word' id='word_1_647' title='bbox 2764 1646 2819 1694; x_wconf 91' lang='lat' dir='ltr'><strong>et</strong></span> <span class='ocrx_word' id='word_1_648' title='bbox 2843 1639 2936 1694; x_wconf 89' lang='lat' dir='ltr'><strong>filii</strong></span> <span class='ocrx_word' id='word_1_649' title='bbox 2958 1641 3073 1711; x_wconf 86' lang='lat' dir='ltr'><strong>ejus</strong></span> <span class='ocrx_word' id='word_1_650' title='bbox 3093 1630 3550 1703; x_wconf 82' lang='lat' dir='ltr'><strong>circumdederant</strong></span> <span class='ocrx_word' id='word_1_651' title='bbox 3570 1667 3719 1706; x_wconf 86' lang='lat' dir='ltr'><strong>men-</strong></span> 
     </span>
    </p>
   </div>
   <div class='ocr_carea' id='block_1_77' title="bbox 2151 1718 3718 1812">
    <p class='ocr_par' dir='ltr' id='par_1_77' title="bbox 2151 1718 3718 1812">
     <span class='ocr_line' id='line_1_78' title="bbox 2151 1718 3718 1812; baseline 0.017 -38"><span class='ocrx_word' id='word_1_652' title='bbox 2151 1735 2264 1812; x_wconf 85' lang='lat' dir='ltr'><strong>sam</strong></span> <span class='ocrx_word' id='word_1_653' title='bbox 2295 1722 2453 1812; x_wconf 60' lang='lat' dir='ltr'><strong>ejusi</strong></span> <span class='ocrx_word' id='word_1_654' title='bbox 2470 1725 2656 1783; x_wconf 90' lang='lat' dir='ltr'><strong>Omnia</strong></span> <span class='ocrx_word' id='word_1_655' title='bbox 2686 1729 2785 1785; x_wconf 92' lang='lat' dir='ltr'><strong>ista</strong></span> <span class='ocrx_word' id='word_1_656' title='bbox 2816 1731 3047 1800; x_wconf 88' lang='lat' dir='ltr'><strong>perfecte</strong></span> <span class='ocrx_word' id='word_1_657' title='bbox 3077 1734 3269 1802; x_wconf 86' lang='lat' dir='ltr'><strong>habet,</strong></span> <span class='ocrx_word' id='word_1_658' title='bbox 3295 1721 3389 1794; x_wconf 82' lang='lat' dir='ltr'><strong>sed</strong></span> <span class='ocrx_word' id='word_1_659' title='bbox 3418 1740 3468 1793; x_wconf 89' lang='lat' dir='ltr'><strong>in</strong></span> <span class='ocrx_word' id='word_1_660' title='bbox 3495 1718 3718 1812; x_wconf 80' lang='lat' dir='ltr'><strong>corpore</strong></span> 
     </span>
    </p>
   </div>
   <div class='ocr_carea' id='block_1_78' title="bbox 2150 1808 3714 1901">
    <p class='ocr_par' dir='ltr' id='par_1_78' title="bbox 2150 1808 3714 1901">
     <span class='ocr_line' id='line_1_79' title="bbox 2150 1808 3714 1901; baseline 0.015 -36"><span class='ocrx_word' id='word_1_661' title='bbox 2150 1810 2291 1866; x_wconf 90' lang='lat' dir='ltr'><strong>illius</strong></span> <span class='ocrx_word' id='word_1_662' title='bbox 2334 1814 2421 1884; x_wconf 89' lang='lat' dir='ltr'><strong>qui</strong></span> <span class='ocrx_word' id='word_1_663' title='bbox 2446 1808 2555 1872; x_wconf 75' lang='lat' dir='ltr'><strong>&#39;hic</strong></span> <span class='ocrx_word' id='word_1_664' title='bbox 2597 1816 2951 1876; x_wconf 88' lang='lat' dir='ltr'><strong>describitur:</strong></span> <span class='ocrx_word' id='word_1_665' title='bbox 2982 1828 3187 1895; x_wconf 74' lang='lat' dir='ltr'><strong>etquis</strong></span> <span class='ocrx_word' id='word_1_666' title='bbox 3217 1826 3295 1881; x_wconf 91' lang='lat' dir='ltr'><strong>sic</strong></span> <span class='ocrx_word' id='word_1_667' title='bbox 3320 1828 3410 1883; x_wconf 92' lang='lat' dir='ltr'><strong>ille</strong></span> <span class='ocrx_word' id='word_1_668' title='bbox 3436 1808 3714 1901; x_wconf 73' lang='lat' dir='ltr'><strong>intellexit,</strong></span> 
     </span>
    </p>
   </div>
   <div class='ocr_carea' id='block_1_79' title="bbox 2148 1908 3718 1985">
    <p class='ocr_par' dir='ltr' id='par_1_79' title="bbox 2148 1908 3718 1985">
     <span class='ocr_line' id='line_1_80' title="bbox 2148 1908 3718 1985; baseline 0.013 -28"><span class='ocrx_word' id='word_1_669' title='bbox 2148 1908 2467 1975; x_wconf 88' lang='lat' dir='ltr'><strong>contempsit</strong></span> <span class='ocrx_word' id='word_1_670' title='bbox 2493 1911 2768 1977; x_wconf 73' lang='lat' dir='ltr'><strong>pnesentia</strong></span> <span class='ocrx_word' id='word_1_671' title='bbox 2793 1953 2807 1975; x_wconf 88' lang='lat'><strong>,</strong></span> <span class='ocrx_word' id='word_1_672' title='bbox 2847 1921 2903 1966; x_wconf 91' lang='lat' dir='ltr'><strong>ut</strong></span> <span class='ocrx_word' id='word_1_673' title='bbox 2941 1915 3207 1985; x_wconf 88' lang='lat' dir='ltr'><strong>acciperet</strong></span> <span class='ocrx_word' id='word_1_674' title='bbox 3232 1916 3426 1974; x_wconf 88' lang='lat' dir='ltr'><strong>futura.</strong></span> <span class='ocrx_word' id='word_1_675' title='bbox 3449 1913 3718 1978; x_wconf 64' lang='lat' dir='ltr'><strong>&#39;Noveritis</strong></span> 
     </span>
    </p>
   </div>
   <div class='ocr_carea' id='block_1_80' title="bbox 2148 1999 3717 2080">
    <p class='ocr_par' dir='ltr' id='par_1_80' title="bbox 2148 1999 3717 2080">
     <span class='ocr_line' id='line_1_81' title="bbox 2148 1999 3717 2080; baseline 0.011 -29"><span class='ocrx_word' id='word_1_676' title='bbox 2148 2006 2345 2063; x_wconf 85' lang='lat' dir='ltr'><strong>autem,</strong></span> <span class='ocrx_word' id='word_1_677' title='bbox 2376 1999 2583 2066; x_wconf 87' lang='lat' dir='ltr'><strong>fratres,</strong></span> <span class='ocrx_word' id='word_1_678' title='bbox 2614 2018 2718 2057; x_wconf 92' lang='lat' dir='ltr'><strong>non</strong></span> <span class='ocrx_word' id='word_1_679' title='bbox 2746 2019 2865 2059; x_wconf 91' lang='lat' dir='ltr'><strong>eum</strong></span> <span class='ocrx_word' id='word_1_680' title='bbox 2909 2022 3120 2074; x_wconf 85' lang='lat' dir='ltr'><strong>passum</strong></span> <span class='ocrx_word' id='word_1_681' title='bbox 3149 2019 3412 2078; x_wconf 89' lang='lat' dir='ltr'><strong>mortem,</strong></span> <span class='ocrx_word' id='word_1_682' title='bbox 3435 2028 3593 2080; x_wconf 88' lang='lat' dir='ltr'><strong>quam</strong></span> <span class='ocrx_word' id='word_1_683' title='bbox 3633 2016 3717 2070; x_wconf 88' lang='lat' dir='ltr'><strong>alii</strong></span> 
     </span>
    </p>
   </div>
   <div class='ocr_carea' id='block_1_81' title="bbox 2148 2094 3719 2166">
    <p class='ocr_par' dir='ltr' id='par_1_81' title="bbox 2148 2094 3719 2166">
     <span class='ocr_line' id='line_1_82' title="bbox 2148 2094 3719 2166; baseline 0.013 -25"><span class='ocrx_word' id='word_1_684' title='bbox 2148 2098 2407 2161; x_wconf 82' lang='lat' dir='ltr'><strong>martyres</strong></span> <span class='ocrx_word' id='word_1_685' title='bbox 2438 2094 2577 2160; x_wconf 87' lang='lat' dir='ltr'><strong>passi</strong></span> <span class='ocrx_word' id='word_1_686' title='bbox 2606 2103 2746 2148; x_wconf 90' lang='lat' dir='ltr'><strong>sunt.</strong></span> <span class='ocrx_word' id='word_1_687' title='bbox 2782 2096 3068 2153; x_wconf 89' lang='lat' dir='ltr'><strong>Confessus</strong></span> <span class='ocrx_word' id='word_1_688' title='bbox 3094 2110 3174 2154; x_wconf 88' lang='lat' dir='ltr'><strong>est</strong></span> <span class='ocrx_word' id='word_1_689' title='bbox 3209 2102 3379 2166; x_wconf 84' lang='lat' dir='ltr'><strong>enim,</strong></span> <span class='ocrx_word' id='word_1_690' title='bbox 3413 2102 3607 2160; x_wconf 90' lang='lat' dir='ltr'><strong>dilatus</strong></span> <span class='ocrx_word' id='word_1_691' title='bbox 3640 2117 3719 2161; x_wconf 87' lang='lat' dir='ltr'><strong>est</strong></span> 
     </span>
    </p>
   </div>
   <div class='ocr_carea' id='block_1_82' title="bbox 2147 2180 3716 2263">
    <p class='ocr_par' dir='ltr' id='par_1_82' title="bbox 2147 2180 3716 2263">
     <span class='ocr_line' id='line_1_83' title="bbox 2147 2180 3716 2263; baseline 0.013 -31"><span class='ocrx_word' id='word_1_692' title='bbox 2147 2180 2210 2234; x_wconf 93' lang='lat' dir='ltr'><strong>ad</strong></span> <span class='ocrx_word' id='word_1_693' title='bbox 2252 2191 2542 2246; x_wconf 90' lang='lat' dir='ltr'><strong>tormenta;</strong></span> <span class='ocrx_word' id='word_1_694' title='bbox 2572 2184 2678 2239; x_wconf 90' lang='lat' dir='ltr'><strong>alio</strong></span> <span class='ocrx_word' id='word_1_695' title='bbox 2700 2186 2789 2240; x_wconf 93' lang='lat' dir='ltr'><strong>die</strong></span> <span class='ocrx_word' id='word_1_696' title='bbox 2819 2187 3086 2259; x_wconf 78' lang='lat' dir='ltr'><strong>inventum</strong></span> <span class='ocrx_word' id='word_1_697' title='bbox 3113 2198 3197 2244; x_wconf 89' lang='lat' dir='ltr'><strong>est</strong></span> <span class='ocrx_word' id='word_1_698' title='bbox 3224 2206 3419 2261; x_wconf 89' lang='lat' dir='ltr'><strong>corpus</strong></span> <span class='ocrx_word' id='word_1_699' title='bbox 3447 2194 3560 2263; x_wconf 82' lang='lat' dir='ltr'><strong>ejus</strong></span> <span class='ocrx_word' id='word_1_700' title='bbox 3584 2211 3716 2251; x_wconf 82' lang='lat' dir='ltr'><strong>exa-</strong></span> 
     </span>
    </p>
   </div>
   <div class='ocr_carea' id='block_1_83' title="bbox 2148 2270 3712 2356">
    <p class='ocr_par' dir='ltr' id='par_1_83' title="bbox 2148 2270 3712 2356">
     <span class='ocr_line' id='line_1_84' title="bbox 2148 2270 3712 2356; baseline 0.012 -33"><span class='ocrx_word' id='word_1_701' title='bbox 2148 2270 2308 2326; x_wconf 90' lang='lat' dir='ltr'><strong>nime.</strong></span> <span class='ocrx_word' id='word_1_702' title='bbox 2336 2271 2650 2329; x_wconf 86' lang='lat' dir='ltr'><strong>Clauserant</strong></span> <span class='ocrx_word' id='word_1_703' title='bbox 2690 2277 2830 2331; x_wconf 88' lang='lat' dir='ltr'><strong>enim</strong></span> <span class='ocrx_word' id='word_1_704' title='bbox 2878 2279 2948 2333; x_wconf 93' lang='lat' dir='ltr'><strong>illi</strong></span> <span class='ocrx_word' id='word_1_705' title='bbox 2989 2294 3259 2336; x_wconf 84' lang='lat' dir='ltr'><strong>carcerem</strong></span> <span class='ocrx_word' id='word_1_706' title='bbox 3285 2323 3300 2347; x_wconf 92' lang='lat'><strong>,</strong></span> <span class='ocrx_word' id='word_1_707' title='bbox 3334 2284 3428 2339; x_wconf 90' lang='lat' dir='ltr'><strong>sed</strong></span> <span class='ocrx_word' id='word_1_708' title='bbox 3472 2289 3712 2356; x_wconf 87' lang='lat' dir='ltr'><strong>corpori,</strong></span> 
     </span>
    </p>
   </div>
   <div class='ocr_carea' id='block_1_84' title="bbox 2145 2365 3714 2443">
    <p class='ocr_par' dir='ltr' id='par_1_84' title="bbox 2145 2365 3714 2443">
     <span class='ocr_line' id='line_1_85' title="bbox 2145 2365 3714 2443; baseline 0.01 -26"><span class='ocrx_word' id='word_1_709' title='bbox 2145 2378 2248 2417; x_wconf 90' lang='lat' dir='ltr'><strong>non</strong></span> <span class='ocrx_word' id='word_1_710' title='bbox 2269 2365 2495 2433; x_wconf 90' lang='lat' dir='ltr'><strong>spiritui.</strong></span> <span class='ocrx_word' id='word_1_711' title='bbox 2521 2367 2688 2434; x_wconf 87' lang='lat' dir='ltr'><strong>Quem</strong></span> <span class='ocrx_word' id='word_1_712' title='bbox 2718 2368 2823 2429; x_wconf 88' lang='lat' dir='ltr'><strong>illic</strong></span> <span class='ocrx_word' id='word_1_713' title='bbox 2853 2370 3108 2439; x_wconf 84' lang='lat' dir='ltr'><strong>parabant</strong></span> <span class='ocrx_word' id='word_1_714' title='bbox 3136 2381 3387 2443; x_wconf 86' lang='lat' dir='ltr'><strong>torquere</strong></span> <span class='ocrx_word' id='word_1_715' title='bbox 3413 2376 3714 2442; x_wconf 56' lang='lat' dir='ltr'><strong>carnifices,</strong></span> 
     </span>
    </p>
   </div>
   <div class='ocr_carea' id='block_1_85' title="bbox 2142 2453 3711 2529">
    <p class='ocr_par' dir='ltr' id='par_1_85' title="bbox 2142 2453 3711 2529">
     <span class='ocr_line' id='line_1_86' title="bbox 2142 2453 3711 2529; baseline 0.01 -22"><span class='ocrx_word' id='word_1_716' title='bbox 2142 2453 2414 2510; x_wconf 89' lang='lat' dir='ltr'><strong>absentem</strong></span> <span class='ocrx_word' id='word_1_717' title='bbox 2460 2457 2803 2526; x_wconf 85' lang='lat' dir='ltr'><strong>invenerunt,</strong></span> <span class='ocrx_word' id='word_1_718' title='bbox 2843 2460 3191 2529; x_wconf 88' lang='lat' dir='ltr'><strong>perdiderunt</strong></span> <span class='ocrx_word' id='word_1_719' title='bbox 3233 2464 3493 2519; x_wconf 68' lang='lat' dir='ltr'><strong>saevitiam</strong></span> <span class='ocrx_word' id='word_1_720' title='bbox 3538 2481 3711 2522; x_wconf 87' lang='lat' dir='ltr'><strong>suam.</strong></span> 
     </span>
    </p>
   </div>
   <div class='ocr_carea' id='block_1_86' title="bbox 2143 2545 3713 2625">
    <p class='ocr_par' dir='ltr' id='par_1_86' title="bbox 2143 2545 3713 2625">
     <span class='ocr_line' id='line_1_87' title="bbox 2143 2545 3713 2625; baseline 0.007 -24"><span class='ocrx_word' id='word_1_721' title='bbox 2143 2545 2359 2602; x_wconf 88' lang='lat' dir='ltr'><strong>Jacebat</strong></span> <span class='ocrx_word' id='word_1_722' title='bbox 2400 2550 2692 2618; x_wconf 83' lang='lat' dir='ltr'><strong>exanimis,</strong></span> <span class='ocrx_word' id='word_1_723' title='bbox 2722 2551 2837 2606; x_wconf 88' lang='lat' dir='ltr'><strong>sine</strong></span> <span class='ocrx_word' id='word_1_724' title='bbox 2879 2566 3037 2606; x_wconf 91' lang='lat' dir='ltr'><strong>sensu</strong></span> <span class='ocrx_word' id='word_1_725' title='bbox 3083 2553 3217 2617; x_wconf 87' lang='lat' dir='ltr'><strong>illis,</strong></span> <span class='ocrx_word' id='word_1_726' title='bbox 3247 2570 3311 2607; x_wconf 91' lang='lat' dir='ltr'><strong>ne</strong></span> <span class='ocrx_word' id='word_1_727' title='bbox 3342 2564 3713 2625; x_wconf 84' lang='lat' dir='ltr'><strong>torqueretur;</strong></span> 
     </span>
    </p>
   </div>
   <div class='ocr_carea' id='block_1_87' title="bbox 2141 2642 3715 2711">
    <p class='ocr_par' dir='ltr' id='par_1_87' title="bbox 2141 2642 3715 2711">
     <span class='ocr_line' id='line_1_88' title="bbox 2141 2642 3715 2711; baseline 0.004 -16"><span class='ocrx_word' id='word_1_728' title='bbox 2141 2655 2261 2695; x_wconf 91' lang='lat' dir='ltr'><strong>cum</strong></span> <span class='ocrx_word' id='word_1_729' title='bbox 2289 2656 2448 2695; x_wconf 90' lang='lat' dir='ltr'><strong>sensu</strong></span> <span class='ocrx_word' id='word_1_730' title='bbox 2472 2642 2611 2711; x_wconf 82' lang='lat' dir='ltr'><strong>apud</strong></span> <span class='ocrx_word' id='word_1_731' title='bbox 2642 2643 2837 2709; x_wconf 89' lang='lat' dir='ltr'><strong>Deum,</strong></span> <span class='ocrx_word' id='word_1_732' title='bbox 2872 2654 2926 2697; x_wconf 94' lang='lat' dir='ltr'><strong>ut</strong></span> <span class='ocrx_word' id='word_1_733' title='bbox 2953 2656 3322 2700; x_wconf 85' lang='lat' dir='ltr'><strong>coronaretur.</strong></span> <span class='ocrx_word' id='word_1_734' title='bbox 3362 2644 3513 2702; x_wconf 81' lang='lat' dir='ltr'><strong>Unde</strong></span> <span class='ocrx_word' id='word_1_735' title='bbox 3536 2658 3591 2701; x_wconf 87' lang='lat' dir='ltr'><strong>et</strong></span> <span class='ocrx_word' id='word_1_736' title='bbox 3616 2650 3715 2703; x_wconf 88' lang='lat' dir='ltr'><strong>iste</strong></span> 
     </span>
    </p>
   </div>
   <div class='ocr_carea' id='block_1_88' title="bbox 2141 2726 3713 2807">
    <p class='ocr_par' dir='ltr' id='par_1_88' title="bbox 2141 2726 3713 2807">
     <span class='ocr_line' id='line_1_89' title="bbox 2141 2726 3713 2807; baseline 0.004 -20"><span class='ocrx_word' id='word_1_737' title='bbox 2141 2733 2286 2797; x_wconf 76' lang='lat' dir='ltr'><strong>felix,</strong></span> <span class='ocrx_word' id='word_1_738' title='bbox 2318 2733 2527 2802; x_wconf 86' lang='lat' dir='ltr'><strong>fratres,</strong></span> <span class='ocrx_word' id='word_1_739' title='bbox 2558 2726 2663 2790; x_wconf 82' lang='lat' dir='ltr'><strong>non</strong></span> <span class='ocrx_word' id='word_1_740' title='bbox 2694 2746 2897 2791; x_wconf 87' lang='lat' dir='ltr'><strong>tantum</strong></span> <span class='ocrx_word' id='word_1_741' title='bbox 2924 2737 3159 2805; x_wconf 85' lang='lat' dir='ltr'><strong>nomine,</strong></span> <span class='ocrx_word' id='word_1_742' title='bbox 3188 2738 3282 2792; x_wconf 90' lang='lat' dir='ltr'><strong>sed</strong></span> <span class='ocrx_word' id='word_1_743' title='bbox 3309 2747 3363 2793; x_wconf 85' lang='lat' dir='ltr'><strong>et</strong></span> <span class='ocrx_word' id='word_1_744' title='bbox 3393 2741 3611 2807; x_wconf 64' lang='lat' dir='ltr'><strong>praemio</strong></span> <span class='ocrx_word' id='word_1_745' title='bbox 3635 2742 3713 2795; x_wconf 82' lang='lat' dir='ltr'><strong>vi-</strong></span> 
     </span>
    </p>
   </div>
   <div class='ocr_carea' id='block_1_89' title="bbox 2142 2827 2963 2892">
    <p class='ocr_par' dir='ltr' id='par_1_89' title="bbox 2142 2827 2963 2892">
     <span class='ocr_line' id='line_1_90' title="bbox 2142 2827 2963 2892; baseline 0.001 -11"><span class='ocrx_word' id='word_1_746' title='bbox 2142 2836 2208 2881; x_wconf 77' lang='lat' dir='ltr'><strong>ta:</strong></span> <span class='ocrx_word' id='word_1_747' title='bbox 2236 2835 2468 2892; x_wconf 67' lang='lat' dir='ltr'><strong>aeterna),</strong></span> <span class='ocrx_word' id='word_1_748' title='bbox 2496 2829 2539 2881; x_wconf 92' lang='lat' dir='ltr'><strong>si</strong></span> <span class='ocrx_word' id='word_1_749' title='bbox 2575 2828 2673 2882; x_wconf 91' lang='lat' dir='ltr'><strong>ista</strong></span> <span class='ocrx_word' id='word_1_750' title='bbox 2700 2827 2882 2882; x_wconf 81' lang='lat' dir='ltr'><strong>dilexit</strong></span> <span class='ocrx_word' id='word_1_751' title='bbox 2902 2829 2963 2882; x_wconf 63' lang='grc' dir='ltr'><strong>’ἲ</strong></span> 
     </span>
    </p>
   </div>
   <div class='ocr_carea' id='block_1_90' title="bbox 2208 2917 3710 2993">
    <p class='ocr_par' dir='ltr' id='par_1_90' title="bbox 2208 2917 3710 2993">
     <span class='ocr_line' id='line_1_91' title="bbox 2208 2917 3710 2993; baseline 0.003 -20"><span class='ocrx_word' id='word_1_752' title='bbox 2208 2919 2263 2974; x_wconf 88' lang='lat'><strong>7.</strong></span> <span class='ocrx_word' id='word_1_753' title='bbox 2296 2917 2436 2990; x_wconf 84' lang='lat' dir='ltr'><strong>Ergo</strong></span> <span class='ocrx_word' id='word_1_754' title='bbox 2459 2920 2535 2974; x_wconf 89' lang='lat' dir='ltr'><strong>sic</strong></span> <span class='ocrx_word' id='word_1_755' title='bbox 2561 2919 2837 2976; x_wconf 88' lang='lat' dir='ltr'><strong>audiamus</strong></span> <span class='ocrx_word' id='word_1_756' title='bbox 2866 2920 3027 2979; x_wconf 85' lang='lat' dir='ltr'><strong>istum</strong></span> <span class='ocrx_word' id='word_1_757' title='bbox 3058 2922 3342 2989; x_wconf 89' lang='lat' dir='ltr'><strong>psalmum,</strong></span> <span class='ocrx_word' id='word_1_758' title='bbox 3375 2932 3616 2993; x_wconf 83' lang='lat' dir='ltr'><strong>tanquam</strong></span> <span class='ocrx_word' id='word_1_759' title='bbox 3638 2922 3710 2978; x_wconf 87' lang='lat' dir='ltr'><strong>de</strong></span> 
     </span>
    </p>
   </div>
   <div class='ocr_carea' id='block_1_91' title="bbox 2139 3007 3713 3083">
    <p class='ocr_par' dir='ltr' id='par_1_91' title="bbox 2139 3007 3713 3083">
     <span class='ocr_line' id='line_1_92' title="bbox 2139 3007 3713 3083; baseline 0.004 -21"><span class='ocrx_word' id='word_1_760' title='bbox 2139 3007 2348 3064; x_wconf 79' lang='lat' dir='ltr'><strong>Christo</strong></span> <span class='ocrx_word' id='word_1_761' title='bbox 2377 3008 2697 3065; x_wconf 87' lang='lat' dir='ltr'><strong>dicatur:et</strong></span> <span class='ocrx_word' id='word_1_762' title='bbox 2736 3026 2923 3066; x_wconf 90' lang='lat' dir='ltr'><strong>omnes</strong></span> <span class='ocrx_word' id='word_1_763' title='bbox 2967 3010 3234 3067; x_wconf 74' lang='lat' dir='ltr'><strong>haerentes</strong></span> <span class='ocrx_word' id='word_1_764' title='bbox 3274 3015 3483 3083; x_wconf 90' lang='lat' dir='ltr'><strong>corpori</strong></span> <span class='ocrx_word' id='word_1_765' title='bbox 3511 3014 3713 3069; x_wconf 79' lang='lat' dir='ltr'><strong>ChriSti</strong></span> 
     </span>
    </p>
   </div>
   <div class='ocr_carea' id='block_1_92' title="bbox 2138 3098 3713 3169">
    <p class='ocr_par' dir='ltr' id='par_1_92' title="bbox 2138 3098 3713 3169">
     <span class='ocr_line' id='line_1_93' title="bbox 2138 3098 3713 3169; baseline 0.004 -16"><span class='ocrx_word' id='word_1_766' title='bbox 2138 3108 2191 3153; x_wconf 92' lang='lat' dir='ltr'><strong>et</strong></span> <span class='ocrx_word' id='word_1_767' title='bbox 2216 3098 2388 3154; x_wconf 83' lang='lat' dir='ltr'><strong>effecti</strong></span> <span class='ocrx_word' id='word_1_768' title='bbox 2417 3100 2651 3154; x_wconf 90' lang='lat' dir='ltr'><strong>membra</strong></span> <span class='ocrx_word' id='word_1_769' title='bbox 2681 3100 2910 3165; x_wconf 90' lang='lat' dir='ltr'><strong>Christi,</strong></span> <span class='ocrx_word' id='word_1_770' title='bbox 2956 3102 3288 3158; x_wconf 87' lang='lat' dir='ltr'><strong>ambulemus</strong></span> <span class='ocrx_word' id='word_1_771' title='bbox 3321 3105 3436 3158; x_wconf 89' lang='lat' dir='ltr'><strong>vias</strong></span> <span class='ocrx_word' id='word_1_772' title='bbox 3465 3104 3713 3169; x_wconf 77' lang='lat' dir='ltr'><strong>Domini;</strong></span> 
     </span>
    </p>
   </div>
   <div class='ocr_carea' id='block_1_93' title="bbox 2138 3189 3713 3265">
    <p class='ocr_par' dir='ltr' id='par_1_93' title="bbox 2138 3189 3713 3265">
     <span class='ocr_line' id='line_1_94' title="bbox 2138 3189 3713 3265; baseline 0.003 -21"><span class='ocrx_word' id='word_1_773' title='bbox 2138 3196 2193 3244; x_wconf 88' lang='lat' dir='ltr'><strong>et</strong></span> <span class='ocrx_word' id='word_1_774' title='bbox 2230 3189 2507 3244; x_wconf 91' lang='lat' dir='ltr'><strong>timeamus</strong></span> <span class='ocrx_word' id='word_1_775' title='bbox 2546 3191 2823 3245; x_wconf 84' lang='lat' dir='ltr'><strong>Doml‘hum</strong></span> <span class='ocrx_word' id='word_1_776' title='bbox 2857 3193 3045 3247; x_wconf 89' lang='lat' dir='ltr'><strong>timore</strong></span> <span class='ocrx_word' id='word_1_777' title='bbox 3068 3203 3245 3259; x_wconf 89' lang='lat' dir='ltr'><strong>casto,</strong></span> <span class='ocrx_word' id='word_1_778' title='bbox 3277 3190 3466 3250; x_wconf 85' lang='lat' dir='ltr'><strong>timore</strong></span> <span class='ocrx_word' id='word_1_779' title='bbox 3489 3211 3713 3265; x_wconf 84' lang='lat' dir='ltr'><strong>perma-</strong></span> 
     </span>
    </p>
   </div>
   <div class='ocr_carea' id='block_1_94' title="bbox 2138 3281 3711 3358">
    <p class='ocr_par' dir='ltr' id='par_1_94' title="bbox 2138 3281 3711 3358">
     <span class='ocr_line' id='line_1_95' title="bbox 2138 3281 3711 3358; baseline 0.005 -24"><span class='ocrx_word' id='word_1_780' title='bbox 2138 3290 2299 3336; x_wconf 89' lang='lat' dir='ltr'><strong>nente</strong></span> <span class='ocrx_word' id='word_1_781' title='bbox 2327 3281 2378 3335; x_wconf 92' lang='lat' dir='ltr'><strong>in</strong></span> <span class='ocrx_word' id='word_1_782' title='bbox 2404 3282 2653 3337; x_wconf 70' lang='lat' dir='ltr'><strong>smeulum</strong></span> <span class='ocrx_word' id='word_1_783' title='bbox 2681 3284 2880 3338; x_wconf 61' lang='lat' dir='ltr'><strong>saeculi.</strong></span> <span class='ocrx_word' id='word_1_784' title='bbox 2910 3283 3005 3339; x_wconf 86' lang='lat' dir='ltr'><strong>Est</strong></span> <span class='ocrx_word' id='word_1_785' title='bbox 3032 3285 3172 3339; x_wconf 90' lang='lat' dir='ltr'><strong>enim</strong></span> <span class='ocrx_word' id='word_1_786' title='bbox 3203 3286 3338 3340; x_wconf 88' lang='lat' dir='ltr'><strong>alius</strong></span> <span class='ocrx_word' id='word_1_787' title='bbox 3366 3288 3527 3341; x_wconf 88' lang='lat' dir='ltr'><strong>timor</strong></span> <span class='ocrx_word' id='word_1_788' title='bbox 3551 3303 3711 3358; x_wconf 88' lang='lat' dir='ltr'><strong>quem</strong></span> 
     </span>
    </p>
   </div>
   <div class='ocr_carea' id='block_1_95' title="bbox 2136 3371 3719 3437">
    <p class='ocr_par' dir='ltr' id='par_1_95' title="bbox 2136 3371 3719 3437">
     <span class='ocr_line' id='line_1_96' title="bbox 2136 3371 3719 3437; baseline 0.003 -10"><span class='ocrx_word' id='word_1_789' title='bbox 2136 3371 2369 3427; x_wconf 84' lang='lat' dir='ltr'><strong>eharitas</strong></span> <span class='ocrx_word' id='word_1_790' title='bbox 2407 3372 2672 3437; x_wconf 87' lang='lat' dir='ltr'><strong>excludit,</strong></span> <span class='ocrx_word' id='word_1_791' title='bbox 2714 3373 2924 3428; x_wconf 88' lang='lat' dir='ltr'><strong>dicente</strong></span> <span class='ocrx_word' id='word_1_792' title='bbox 2964 3373 3169 3430; x_wconf 80' lang='lat' dir='ltr'><strong>Joanne</strong></span> <span class='ocrx_word' id='word_1_793' title='bbox 3192 3416 3206 3437; x_wconf 81' lang='lat'><strong>.</strong></span> <span class='ocrx_word' id='word_1_794' title='bbox 3229 3375 3405 3429; x_wconf 85' lang='lat' dir='ltr'><strong>Timor</strong></span> <span class='ocrx_word' id='word_1_795' title='bbox 3432 3394 3534 3431; x_wconf 88' lang='lat' dir='ltr'><strong>non</strong></span> <span class='ocrx_word' id='word_1_796' title='bbox 3561 3376 3719 3431; x_wconf 80' lang='lat' dir='ltr'><strong>estin</strong></span> 
     </span>
    </p>
   </div>
   <div class='ocr_carea' id='block_1_96' title="bbox 2135 3463 3716 3536">
    <p class='ocr_par' dir='ltr' id='par_1_96' title="bbox 2135 3463 3716 3536">
     <span class='ocr_line' id='line_1_97' title="bbox 2135 3463 3716 3536; baseline 0.003 -20"><span class='ocrx_word' id='word_1_797' title='bbox 2135 3464 2410 3528; x_wconf 84' lang='lat' dir='ltr'><strong>charitate;</strong></span> <span class='ocrx_word' id='word_1_798' title='bbox 2448 3465 2536 3519; x_wconf 85' lang='lat' dir='ltr'><strong>sed</strong></span> <span class='ocrx_word' id='word_1_799' title='bbox 2576 3463 2798 3536; x_wconf 75' lang='lat' dir='ltr'><strong>pérfeeta</strong></span> <span class='ocrx_word' id='word_1_800' title='bbox 2835 3466 3057 3519; x_wconf 74' lang='lat' dir='ltr'><strong>Charitas</strong></span> <span class='ocrx_word' id='word_1_801' title='bbox 3099 3466 3240 3536; x_wconf 78' lang='lat' dir='ltr'><strong>foras</strong></span> <span class='ocrx_word' id='word_1_802' title='bbox 3285 3467 3436 3520; x_wconf 85' lang='lat' dir='ltr'><strong>mittit</strong></span> <span class='ocrx_word' id='word_1_803' title='bbox 3477 3468 3716 3521; x_wconf 81' lang='lat' dir='ltr'><strong>timerent</strong></span> 
     </span>
    </p>
   </div>
   <div class='ocr_carea' id='block_1_97' title="bbox 2137 3553 3719 3626">
    <p class='ocr_par' dir='ltr' id='par_1_97' title="bbox 2137 3553 3719 3626">
     <span class='ocr_line' id='line_1_98' title="bbox 2137 3553 3719 3626; baseline 0.001 -18"><span class='ocrx_word' id='word_1_804' title='bbox 2137 3554 2186 3626; x_wconf 93' lang='grc' dir='ltr'><strong>(Ι</strong></span> <span class='ocrx_word' id='word_1_805' title='bbox 2215 3554 2367 3608; x_wconf 83' lang='lat' dir='ltr'><strong>Joan.</strong></span> <span class='ocrx_word' id='word_1_806' title='bbox 2393 3571 2462 3619; x_wconf 84' lang='lat' dir='ltr'><strong>IV,</strong></span> <span class='ocrx_word' id='word_1_807' title='bbox 2492 3553 2602 3626; x_wconf 82' lang='grc'><strong>18).</strong></span> <span class='ocrx_word' id='word_1_808' title='bbox 2628 3554 2741 3609; x_wconf 84' lang='grc' dir='ltr'>Νοιι</span> <span class='ocrx_word' id='word_1_809' title='bbox 2765 3555 2832 3610; x_wconf 89' lang='lat' dir='ltr'><strong>de</strong></span> <span class='ocrx_word' id='word_1_810' title='bbox 2863 3556 3004 3609; x_wconf 93' lang='lat' dir='ltr'><strong>omni</strong></span> <span class='ocrx_word' id='word_1_811' title='bbox 3029 3557 3218 3611; x_wconf 92' lang='lat' dir='ltr'><strong>timore</strong></span> <span class='ocrx_word' id='word_1_812' title='bbox 3243 3556 3371 3610; x_wconf 89' lang='lat' dir='ltr'><strong>dicit</strong></span> <span class='ocrx_word' id='word_1_813' title='bbox 3398 3557 3523 3626; x_wconf 78' lang='lat' dir='ltr'><strong>quia</strong></span> <span class='ocrx_word' id='word_1_814' title='bbox 3548 3558 3719 3612; x_wconf 84' lang='lat' dir='ltr'><strong>mitti-</strong></span> 
     </span>
    </p>
   </div>
   <div class='ocr_carea' id='block_1_98' title="bbox 2136 3646 3714 3715">
    <p class='ocr_par' dir='ltr' id='par_1_98' title="bbox 2136 3646 3714 3715">
     <span class='ocr_line' id='line_1_99' title="bbox 2136 3646 3714 3715; baseline -0.001 -14"><span class='ocrx_word' id='word_1_815' title='bbox 2136 3655 2222 3701; x_wconf 87' lang='lat' dir='ltr'><strong>tur</strong></span> <span class='ocrx_word' id='word_1_816' title='bbox 2246 3646 2386 3701; x_wconf 91' lang='lat' dir='ltr'><strong>foras</strong></span> <span class='ocrx_word' id='word_1_817' title='bbox 2410 3661 2438 3699; x_wconf 94' lang='lat' dir='ltr'><strong>a</strong></span> <span class='ocrx_word' id='word_1_818' title='bbox 2461 3646 2748 3711; x_wconf 88' lang='lat' dir='ltr'><strong>charitatc;</strong></span> <span class='ocrx_word' id='word_1_819' title='bbox 2779 3646 2944 3701; x_wconf 88' lang='lat' dir='ltr'><strong>habes</strong></span> <span class='ocrx_word' id='word_1_820' title='bbox 2965 3647 3106 3701; x_wconf 90' lang='lat' dir='ltr'><strong>enim</strong></span> <span class='ocrx_word' id='word_1_821' title='bbox 3136 3646 3391 3715; x_wconf 86' lang='lat' dir='ltr'><strong>psalmum</strong></span> <span class='ocrx_word' id='word_1_822' title='bbox 3418 3647 3714 3711; x_wconf 74' lang='lat' dir='ltr'><strong>dicentem,</strong></span> 
     </span>
    </p>
   </div>
   <div class='ocr_carea' id='block_1_99' title="bbox 2136 3736 3718 3807">
    <p class='ocr_par' dir='ltr' id='par_1_99' title="bbox 2136 3736 3718 3807">
     <span class='ocr_line' id='line_1_100' title="bbox 2136 3736 3718 3807; baseline 0.001 -16"><span class='ocrx_word' id='word_1_823' title='bbox 2136 3736 2309 3791; x_wconf 85' lang='lat' dir='ltr'><strong>Timor</strong></span> <span class='ocrx_word' id='word_1_824' title='bbox 2336 3736 2537 3791; x_wconf 88' lang='lat' dir='ltr'><strong>Domini</strong></span> <span class='ocrx_word' id='word_1_825' title='bbox 2562 3746 2761 3801; x_wconf 87' lang='lat' dir='ltr'><strong>castus,</strong></span> <span class='ocrx_word' id='word_1_826' title='bbox 2806 3753 3102 3807; x_wconf 85' lang='lat' dir='ltr'><strong>permanens</strong></span> <span class='ocrx_word' id='word_1_827' title='bbox 3148 3737 3200 3790; x_wconf 88' lang='lat' dir='ltr'><strong>in</strong></span> <span class='ocrx_word' id='word_1_828' title='bbox 3245 3737 3486 3790; x_wconf 76' lang='lat' dir='ltr'><strong>stvculum</strong></span> <span class='ocrx_word' id='word_1_829' title='bbox 3536 3740 3718 3792; x_wconf 71' lang='lat' dir='ltr'><strong>swculi</strong></span> 
     </span>
    </p>
   </div>
   <div class='ocr_carea' id='block_1_100' title="bbox 2140 3813 3718 3901">
    <p class='ocr_par' dir='ltr' id='par_1_100' title="bbox 2140 3813 3718 3901">
     <span class='ocr_line' id='line_1_101' title="bbox 2140 3813 3718 3901; baseline 0.001 -20"><span class='ocrx_word' id='word_1_830' title='bbox 2140 3828 2306 3901; x_wconf 82' lang='lat' dir='ltr'><strong>(Psnl.</strong></span> <span class='ocrx_word' id='word_1_831' title='bbox 2332 3813 2503 3893; x_wconf 74' lang='grc' dir='ltr'>χ’νιιι,</span> <span class='ocrx_word' id='word_1_832' title='bbox 2542 3827 2653 3898; x_wconf 82' lang='grc' dir='ltr'><strong>ιο).</strong></span> <span class='ocrx_word' id='word_1_833' title='bbox 2693 3829 2840 3881; x_wconf 83' lang='lat' dir='ltr'><strong>Alius</strong></span> <span class='ocrx_word' id='word_1_834' title='bbox 2869 3834 2999 3898; x_wconf 75' lang='lat' dir='ltr'><strong>ergo</strong></span> <span class='ocrx_word' id='word_1_835' title='bbox 3027 3829 3186 3882; x_wconf 80' lang='lat' dir='ltr'><strong>timor</strong></span> <span class='ocrx_word' id='word_1_836' title='bbox 3215 3837 3533 3897; x_wconf 78' lang='lat' dir='ltr'><strong>permanet,</strong></span> <span class='ocrx_word' id='word_1_837' title='bbox 3576 3830 3718 3883; x_wconf 89' lang='lat' dir='ltr'><strong>alius</strong></span> 
     </span>
    </p>
   </div>
   <div class='ocr_carea' id='block_1_101' title="bbox 2135 3919 3719 3990">
    <p class='ocr_par' dir='ltr' id='par_1_101' title="bbox 2135 3919 3719 3990">
     <span class='ocr_line' id='line_1_102' title="bbox 2135 3919 3719 3990; baseline -0.001 -14"><span class='ocrx_word' id='word_1_838' title='bbox 2135 3921 2450 3976; x_wconf 85' lang='lat' dir='ltr'><strong>excluditur.</strong></span> <span class='ocrx_word' id='word_1_839' title='bbox 2470 3921 2653 3975; x_wconf 88' lang='lat' dir='ltr'><strong>Timor</strong></span> <span class='ocrx_word' id='word_1_840' title='bbox 2674 3921 2761 3989; x_wconf 93' lang='lat' dir='ltr'><strong>qui</strong></span> <span class='ocrx_word' id='word_1_841' title='bbox 2790 3919 3107 3984; x_wconf 85' lang='lat' dir='ltr'><strong>excluditur,</strong></span> <span class='ocrx_word' id='word_1_842' title='bbox 3139 3930 3318 3975; x_wconf 87' lang='lat' dir='ltr'><strong>castus</strong></span> <span class='ocrx_word' id='word_1_843' title='bbox 3344 3935 3448 3974; x_wconf 92' lang='lat' dir='ltr'><strong>non</strong></span> <span class='ocrx_word' id='word_1_844' title='bbox 3478 3932 3600 3985; x_wconf 91' lang='lat' dir='ltr'><strong>est;</strong></span> <span class='ocrx_word' id='word_1_845' title='bbox 3624 3922 3719 3990; x_wconf 89' lang='lat' dir='ltr'><strong>qui</strong></span> 
     </span>
    </p>
   </div>
   <div class='ocr_carea' id='block_1_102' title="bbox 2134 4009 3723 4081">
    <p class='ocr_par' dir='ltr' id='par_1_102' title="bbox 2134 4009 3723 4081">
     <span class='ocr_line' id='line_1_103' title="bbox 2134 4009 3723 4081; baseline -0.003 -14"><span class='ocrx_word' id='word_1_846' title='bbox 2134 4022 2308 4067; x_wconf 87' lang='lat' dir='ltr'><strong>autem</strong></span> <span class='ocrx_word' id='word_1_847' title='bbox 2339 4023 2632 4081; x_wconf 89' lang='lat' dir='ltr'><strong>permanet,</strong></span> <span class='ocrx_word' id='word_1_848' title='bbox 2661 4019 2839 4066; x_wconf 88' lang='lat' dir='ltr'><strong>castus</strong></span> <span class='ocrx_word' id='word_1_849' title='bbox 2863 4018 2962 4065; x_wconf 89' lang='lat' dir='ltr'><strong>est.</strong></span> <span class='ocrx_word' id='word_1_850' title='bbox 2986 4009 3114 4078; x_wconf 91' lang='lat' dir='ltr'><strong>Quis</strong></span> <span class='ocrx_word' id='word_1_851' title='bbox 3135 4018 3218 4065; x_wconf 91' lang='lat' dir='ltr'><strong>est</strong></span> <span class='ocrx_word' id='word_1_852' title='bbox 3238 4010 3396 4064; x_wconf 91' lang='lat' dir='ltr'><strong>timor</strong></span> <span class='ocrx_word' id='word_1_853' title='bbox 3415 4011 3503 4080; x_wconf 91' lang='lat' dir='ltr'><strong>qui</strong></span> <span class='ocrx_word' id='word_1_854' title='bbox 3527 4011 3723 4066; x_wconf 83' lang='lat' dir='ltr'><strong>exclu-</strong></span> 
     </span>
    </p>
   </div>
   <div class='ocr_carea' id='block_1_103' title="bbox 2133 4103 3722 4174">
    <p class='ocr_par' dir='ltr' id='par_1_103' title="bbox 2133 4103 3722 4174">
     <span class='ocr_line' id='line_1_104' title="bbox 2133 4103 3722 4174; baseline -0.001 -15"><span class='ocrx_word' id='word_1_855' title='bbox 2133 4105 2308 4159; x_wconf 89' lang='lat' dir='ltr'><strong>ditur?</strong></span> <span class='ocrx_word' id='word_1_856' title='bbox 2329 4104 2623 4174; x_wconf 82' lang='lat' dir='ltr'><strong>Dignamini</strong></span> <span class='ocrx_word' id='word_1_857' title='bbox 2654 4103 2949 4157; x_wconf 89' lang='lat' dir='ltr'><strong>advertere.</strong></span> <span class='ocrx_word' id='word_1_858' title='bbox 2983 4103 3156 4172; x_wconf 84' lang='lat' dir='ltr'><strong>Aliqui</strong></span> <span class='ocrx_word' id='word_1_859' title='bbox 3187 4110 3464 4172; x_wconf 86' lang='lat' dir='ltr'><strong>propterea</strong></span> <span class='ocrx_word' id='word_1_860' title='bbox 3497 4111 3722 4158; x_wconf 90' lang='lat' dir='ltr'><strong>tantum</strong></span> 
     </span>
    </p>
   </div>
   <div class='ocr_carea' id='block_1_104' title="bbox 2136 4194 3724 4269">
    <p class='ocr_par' dir='ltr' id='par_1_104' title="bbox 2136 4194 3724 4269">
     <span class='ocr_line' id='line_1_105' title="bbox 2136 4194 3724 4269; baseline -0.001 -19"><span class='ocrx_word' id='word_1_861' title='bbox 2136 4198 2356 4259; x_wconf 86' lang='lat' dir='ltr'><strong>timent,</strong></span> <span class='ocrx_word' id='word_1_862' title='bbox 2387 4210 2455 4249; x_wconf 90' lang='lat' dir='ltr'><strong>ne</strong></span> <span class='ocrx_word' id='word_1_863' title='bbox 2488 4195 2685 4269; x_wconf 87' lang='lat' dir='ltr'><strong>aliquid</strong></span> <span class='ocrx_word' id='word_1_864' title='bbox 2727 4195 2852 4248; x_wconf 92' lang='lat' dir='ltr'><strong>mali</strong></span> <span class='ocrx_word' id='word_1_865' title='bbox 2899 4196 2949 4248; x_wconf 90' lang='lat' dir='ltr'><strong>in</strong></span> <span class='ocrx_word' id='word_1_866' title='bbox 2992 4203 3132 4248; x_wconf 89' lang='lat' dir='ltr'><strong>terra</strong></span> <span class='ocrx_word' id='word_1_867' title='bbox 3175 4194 3466 4263; x_wconf 83' lang='lat' dir='ltr'><strong>patiantur.</strong></span> <span class='ocrx_word' id='word_1_868' title='bbox 3505 4210 3579 4250; x_wconf 87' lang='lat' dir='ltr'><strong>ne</strong></span> <span class='ocrx_word' id='word_1_869' title='bbox 3608 4195 3724 4250; x_wconf 86' lang='lat' dir='ltr'><strong>illis</strong></span> 
     </span>
    </p>
   </div>
   <div class='ocr_carea' id='block_1_105' title="bbox 2134 4285 3723 4358">
    <p class='ocr_par' dir='ltr' id='par_1_105' title="bbox 2134 4285 3723 4358">
     <span class='ocr_line' id='line_1_106' title="bbox 2134 4285 3723 4358; baseline -0.002 -16"><span class='ocrx_word' id='word_1_870' title='bbox 2134 4286 2390 4358; x_wconf 69' lang='lat' dir='ltr'><strong>aegritudo</strong></span> <span class='ocrx_word' id='word_1_871' title='bbox 2412 4287 2731 4351; x_wconf 77' lang='lat' dir='ltr'><strong>aceidat,ne</strong></span> <span class='ocrx_word' id='word_1_872' title='bbox 2755 4286 3030 4352; x_wconf 91' lang='lat' dir='ltr'><strong>damnum,</strong></span> <span class='ocrx_word' id='word_1_873' title='bbox 3054 4299 3120 4339; x_wconf 89' lang='lat' dir='ltr'><strong>ne</strong></span> <span class='ocrx_word' id='word_1_874' title='bbox 3147 4285 3368 4350; x_wconf 86' lang='lat' dir='ltr'><strong>orbitas,</strong></span> <span class='ocrx_word' id='word_1_875' title='bbox 3393 4300 3460 4342; x_wconf 87' lang='lat' dir='ltr'><strong>ne</strong></span> <span class='ocrx_word' id='word_1_876' title='bbox 3478 4285 3723 4356; x_wconf 88' lang='lat' dir='ltr'><strong>alicujus</strong></span> 
     </span>
    </p>
   </div>
   <div class='ocr_carea' id='block_1_106' title="bbox 2134 4376 3722 4444">
    <p class='ocr_par' dir='ltr' id='par_1_106' title="bbox 2134 4376 3722 4444">
     <span class='ocr_line' id='line_1_107' title="bbox 2134 4376 3722 4444; baseline 0.001 -13"><span class='ocrx_word' id='word_1_877' title='bbox 2134 4379 2350 4433; x_wconf 88' lang='lat' dir='ltr'><strong>amissio</strong></span> <span class='ocrx_word' id='word_1_878' title='bbox 2377 4377 2521 4432; x_wconf 87' lang='lat' dir='ltr'><strong>chari</strong></span> <span class='ocrx_word' id='word_1_879' title='bbox 2542 4419 2556 4442; x_wconf 86' lang='lat'><strong>,</strong></span> <span class='ocrx_word' id='word_1_880' title='bbox 2580 4393 2647 4432; x_wconf 90' lang='lat' dir='ltr'><strong>ne</strong></span> <span class='ocrx_word' id='word_1_881' title='bbox 2675 4377 2917 4431; x_wconf 82' lang='lat' dir='ltr'><strong>exsilium</strong></span> <span class='ocrx_word' id='word_1_882' title='bbox 2942 4418 2957 4440; x_wconf 95' lang='lat'><strong>,</strong></span> <span class='ocrx_word' id='word_1_883' title='bbox 2989 4391 3058 4431; x_wconf 91' lang='lat' dir='ltr'><strong>ne</strong></span> <span class='ocrx_word' id='word_1_884' title='bbox 3082 4376 3369 4440; x_wconf 88' lang='lat' dir='ltr'><strong>damnatio,</strong></span> <span class='ocrx_word' id='word_1_885' title='bbox 3400 4392 3468 4431; x_wconf 92' lang='lat' dir='ltr'><strong>ne</strong></span> <span class='ocrx_word' id='word_1_886' title='bbox 3495 4392 3722 4444; x_wconf 78' lang='lat' dir='ltr'><strong>carcer,</strong></span> 
     </span>
    </p>
   </div>
   <div class='ocr_carea' id='block_1_107' title="bbox 2135 4468 3724 4539">
    <p class='ocr_par' dir='ltr' id='par_1_107' title="bbox 2135 4468 3724 4539">
     <span class='ocr_line' id='line_1_108' title="bbox 2135 4468 3724 4539; baseline -0.001 -16"><span class='ocrx_word' id='word_1_887' title='bbox 2135 4484 2201 4523; x_wconf 91' lang='lat' dir='ltr'><strong>ne</strong></span> <span class='ocrx_word' id='word_1_888' title='bbox 2227 4468 2399 4539; x_wconf 89' lang='lat' dir='ltr'><strong>aliqua</strong></span> <span class='ocrx_word' id='word_1_889' title='bbox 2424 4468 2728 4532; x_wconf 80' lang='lat' dir='ltr'><strong>tribulatio;</strong></span> <span class='ocrx_word' id='word_1_890' title='bbox 2770 4476 3053 4537; x_wconf 89' lang='lat' dir='ltr'><strong>propterea</strong></span> <span class='ocrx_word' id='word_1_891' title='bbox 3100 4472 3288 4522; x_wconf 91' lang='lat' dir='ltr'><strong>timent</strong></span> <span class='ocrx_word' id='word_1_892' title='bbox 3334 4477 3388 4522; x_wconf 91' lang='lat' dir='ltr'><strong>et</strong></span> <span class='ocrx_word' id='word_1_893' title='bbox 3432 4479 3724 4523; x_wconf 87' lang='lat' dir='ltr'><strong>tremunt:</strong></span> 
     </span>
    </p>
   </div>
   <div class='ocr_carea' id='block_1_108' title="bbox 2134 4558 3733 4617">
    <p class='ocr_par' dir='ltr' id='par_1_108' title="bbox 2134 4558 3733 4617">
     <span class='ocr_line' id='line_1_109' title="bbox 2134 4558 3733 4617; baseline 0.002 -3"><span class='ocrx_word' id='word_1_894' title='bbox 2134 4561 2306 4616; x_wconf 88' lang='lat' dir='ltr'><strong>adhuc</strong></span> <span class='ocrx_word' id='word_1_895' title='bbox 2346 4561 2444 4616; x_wconf 91' lang='lat' dir='ltr'><strong>iste</strong></span> <span class='ocrx_word' id='word_1_896' title='bbox 2487 4561 2642 4614; x_wconf 77' lang='lat' dir='ltr'><strong>timor</strong></span> <span class='ocrx_word' id='word_1_897' title='bbox 2673 4575 2777 4614; x_wconf 92' lang='lat' dir='ltr'><strong>non</strong></span> <span class='ocrx_word' id='word_1_898' title='bbox 2816 4568 2900 4614; x_wconf 91' lang='lat' dir='ltr'><strong>est</strong></span> <span class='ocrx_word' id='word_1_899' title='bbox 2939 4568 3134 4614; x_wconf 91' lang='lat' dir='ltr'><strong>castus.</strong></span> <span class='ocrx_word' id='word_1_900' title='bbox 3164 4558 3352 4615; x_wconf 89' lang='lat' dir='ltr'><strong>Adhuc</strong></span> <span class='ocrx_word' id='word_1_901' title='bbox 3379 4560 3528 4615; x_wconf 87' lang='lat' dir='ltr'><strong>audi.</strong></span> <span class='ocrx_word' id='word_1_902' title='bbox 3561 4563 3733 4617; x_wconf 84' lang='lat' dir='ltr'><strong>Alius</strong></span> 
     </span>
    </p>
   </div>
   <div class='ocr_carea' id='block_1_109' title="bbox 2136 4649 3731 4720">
    <p class='ocr_par' dir='ltr' id='par_1_109' title="bbox 2136 4649 3731 4720">
     <span class='ocr_line' id='line_1_110' title="bbox 2136 4649 3731 4720; baseline 0.002 -15"><span class='ocrx_word' id='word_1_903' title='bbox 2136 4668 2238 4707; x_wconf 91' lang='lat' dir='ltr'><strong>non</strong></span> <span class='ocrx_word' id='word_1_904' title='bbox 2268 4653 2319 4706; x_wconf 91' lang='lat' dir='ltr'><strong>in</strong></span> <span class='ocrx_word' id='word_1_905' title='bbox 2351 4652 2449 4705; x_wconf 90' lang='lat' dir='ltr'><strong>hac</strong></span> <span class='ocrx_word' id='word_1_906' title='bbox 2475 4660 2611 4706; x_wconf 89' lang='lat' dir='ltr'><strong>terra</strong></span> <span class='ocrx_word' id='word_1_907' title='bbox 2634 4651 2739 4719; x_wconf 90' lang='lat' dir='ltr'><strong>pati</strong></span> <span class='ocrx_word' id='word_1_908' title='bbox 2765 4651 2931 4715; x_wconf 89' lang='lat' dir='ltr'><strong>timet,</strong></span> <span class='ocrx_word' id='word_1_909' title='bbox 2955 4649 3048 4705; x_wconf 84' lang='lat' dir='ltr'><strong>sed</strong></span> <span class='ocrx_word' id='word_1_910' title='bbox 3077 4649 3347 4720; x_wconf 82' lang='lat' dir='ltr'><strong>gehennas</strong></span> <span class='ocrx_word' id='word_1_911' title='bbox 3369 4651 3542 4714; x_wconf 84' lang='lat' dir='ltr'><strong>timet,</strong></span> <span class='ocrx_word' id='word_1_912' title='bbox 3572 4654 3731 4708; x_wconf 85' lang='lat' dir='ltr'><strong>unde</strong></span> 
     </span>
    </p>
   </div>
   <div class='ocr_carea' id='block_1_110' title="bbox 2137 4741 3735 4814">
    <p class='ocr_par' dir='ltr' id='par_1_110' title="bbox 2137 4741 3735 4814">
     <span class='ocr_line' id='line_1_111' title="bbox 2137 4741 3735 4814; baseline 0.001 -16"><span class='ocrx_word' id='word_1_913' title='bbox 2137 4745 2325 4798; x_wconf 86' lang='lat' dir='ltr'><strong>terruit</strong></span> <span class='ocrx_word' id='word_1_914' title='bbox 2349 4753 2402 4798; x_wconf 88' lang='lat' dir='ltr'><strong>et</strong></span> <span class='ocrx_word' id='word_1_915' title='bbox 2432 4743 2704 4797; x_wconf 89' lang='lat' dir='ltr'><strong>Dominus.</strong></span> <span class='ocrx_word' id='word_1_916' title='bbox 2732 4742 2966 4796; x_wconf 86' lang='lat' dir='ltr'><strong>Audistis</strong></span> <span class='ocrx_word' id='word_1_917' title='bbox 2985 4756 3105 4795; x_wconf 90' lang='lat' dir='ltr'><strong>cum</strong></span> <span class='ocrx_word' id='word_1_918' title='bbox 3131 4741 3469 4811; x_wconf 80' lang='lat' dir='ltr'><strong>Evangelium</strong></span> <span class='ocrx_word' id='word_1_919' title='bbox 3500 4743 3735 4814; x_wconf 75' lang='lat' dir='ltr'><strong>legere-</strong></span> 
     </span>
    </p>
   </div>
   <div class='ocr_carea' id='block_1_111' title="bbox 2135 4832 3735 4902">
    <p class='ocr_par' dir='ltr' id='par_1_111' title="bbox 2135 4832 3735 4902">
     <span class='ocr_line' id='line_1_112' title="bbox 2135 4832 3735 4902; baseline -0.001 -13"><span class='ocrx_word' id='word_1_920' title='bbox 2135 4843 2218 4889; x_wconf 80' lang='lat' dir='ltr'><strong>tur</strong></span> <span class='ocrx_word' id='word_1_921' title='bbox 2243 4855 2254 4889; x_wconf 92' lang='lat'>:</span> <span class='ocrx_word' id='word_1_922' title='bbox 2283 4833 2379 4889; x_wconf 87' lang='lat' dir='ltr'><strong>Ubi</strong></span> <span class='ocrx_word' id='word_1_923' title='bbox 2404 4834 2579 4886; x_wconf 82' lang='lat' dir='ltr'><strong>vermis</strong></span> <span class='ocrx_word' id='word_1_924' title='bbox 2600 4850 2769 4886; x_wconf 89' lang='lat' dir='ltr'><strong>eorum</strong></span> <span class='ocrx_word' id='word_1_925' title='bbox 2792 4848 2892 4885; x_wconf 90' lang='lat' dir='ltr'><strong>non</strong></span> <span class='ocrx_word' id='word_1_926' title='bbox 2914 4832 3171 4898; x_wconf 86' lang='lat' dir='ltr'><strong>morietur,</strong></span> <span class='ocrx_word' id='word_1_927' title='bbox 3195 4840 3241 4886; x_wconf 83' lang='lat' dir='ltr'><strong>et</strong></span> <span class='ocrx_word' id='word_1_928' title='bbox 3260 4833 3389 4902; x_wconf 83' lang='lat' dir='ltr'><strong>ignis</strong></span> <span class='ocrx_word' id='word_1_929' title='bbox 3409 4848 3598 4886; x_wconf 77' lang='lat' dir='ltr'><strong>eorum</strong></span> <span class='ocrx_word' id='word_1_930' title='bbox 3623 4852 3735 4888; x_wconf 83' lang='lat' dir='ltr'><strong>non</strong></span> 
     </span>
    </p>
   </div>
   <div class='ocr_carea' id='block_1_112' title="bbox 2137 4920 3739 4995">
    <p class='ocr_par' dir='ltr' id='par_1_112' title="bbox 2137 4920 3739 4995">
     <span class='ocr_line' id='line_1_113' title="bbox 2137 4920 3739 4995; baseline 0 -17"><span class='ocrx_word' id='word_1_931' title='bbox 2137 4928 2483 4995; x_wconf 72' lang='lat' dir='ltr'><strong>exstinguetur</strong></span> <span class='ocrx_word' id='word_1_932' title='bbox 2501 4921 2689 4994; x_wconf 84' lang='lat' dir='ltr'><strong>(Marc.</strong></span> <span class='ocrx_word' id='word_1_933' title='bbox 2715 4940 2788 4988; x_wconf 85' lang='lat' dir='ltr'><strong>Ix,</strong></span> <span class='ocrx_word' id='word_1_934' title='bbox 2816 4920 3179 4993; x_wconf 72' lang='lat' dir='ltr'><strong>45).Audittnt</strong></span> <span class='ocrx_word' id='word_1_935' title='bbox 3208 4920 3322 4975; x_wconf 70' lang='lat' dir='ltr'><strong>ha‘c</strong></span> <span class='ocrx_word' id='word_1_936' title='bbox 3350 4922 3646 4990; x_wconf 81' lang='lat' dir='ltr'><strong>homines;</strong></span> <span class='ocrx_word' id='word_1_937' title='bbox 3681 4938 3739 4978; x_wconf 78' lang='lat' dir='ltr'><strong>et</strong></span> 
     </span>
    </p>
   </div>
   <div class='ocr_carea' id='block_1_113' title="bbox 2134 5014 3740 5089">
    <p class='ocr_par' dir='ltr' id='par_1_113' title="bbox 2134 5014 3740 5089">
     <span class='ocr_line' id='line_1_114' title="bbox 2134 5014 3740 5089; baseline 0 -18"><span class='ocrx_word' id='word_1_938' title='bbox 2134 5021 2255 5089; x_wconf 89' lang='lat' dir='ltr'><strong>quia</strong></span> <span class='ocrx_word' id='word_1_939' title='bbox 2282 5034 2405 5073; x_wconf 88' lang='lat' dir='ltr'><strong>vere</strong></span> <span class='ocrx_word' id='word_1_940' title='bbox 2436 5017 2608 5072; x_wconf 88' lang='lat' dir='ltr'><strong>futura</strong></span> <span class='ocrx_word' id='word_1_941' title='bbox 2636 5026 2758 5071; x_wconf 88' lang='lat' dir='ltr'><strong>sunt</strong></span> <span class='ocrx_word' id='word_1_942' title='bbox 2788 5016 2985 5084; x_wconf 85' lang='lat' dir='ltr'><strong>impiis,</strong></span> <span class='ocrx_word' id='word_1_943' title='bbox 3015 5015 3238 5079; x_wconf 85' lang='lat' dir='ltr'><strong>timent,</strong></span> <span class='ocrx_word' id='word_1_944' title='bbox 3266 5023 3320 5067; x_wconf 90' lang='lat' dir='ltr'><strong>et</strong></span> <span class='ocrx_word' id='word_1_945' title='bbox 3344 5014 3644 5070; x_wconf 81' lang='lat' dir='ltr'><strong>continent</strong></span> <span class='ocrx_word' id='word_1_946' title='bbox 3675 5034 3740 5071; x_wconf 84' lang='lat' dir='ltr'><strong>se</strong></span> 
     </span>
    </p>
   </div>
   <div class='ocr_carea' id='block_1_114' title="bbox 2134 5091 3741 5180">
    <p class='ocr_par' dir='ltr' id='par_1_114' title="bbox 2134 5091 3741 5180">
     <span class='ocr_line' id='line_1_115' title="bbox 2134 5091 3741 5180; baseline -0.001 -17"><span class='ocrx_word' id='word_1_947' title='bbox 2134 5128 2161 5163; x_wconf 87' lang='lat' dir='ltr'><strong>a</strong></span> <span class='ocrx_word' id='word_1_948' title='bbox 2191 5091 2425 5180; x_wconf 69' lang='lat' dir='ltr'><strong>peccato.</strong></span> <span class='ocrx_word' id='word_1_949' title='bbox 2449 5107 2657 5162; x_wconf 88' lang='lat' dir='ltr'><strong>llabent</strong></span> <span class='ocrx_word' id='word_1_950' title='bbox 2684 5106 2949 5171; x_wconf 89' lang='lat' dir='ltr'><strong>timorem,</strong></span> <span class='ocrx_word' id='word_1_951' title='bbox 2979 5117 3032 5160; x_wconf 88' lang='lat' dir='ltr'><strong>et</strong></span> <span class='ocrx_word' id='word_1_952' title='bbox 3055 5110 3147 5173; x_wconf 83' lang='lat' dir='ltr'><strong>per</strong></span> <span class='ocrx_word' id='word_1_953' title='bbox 3167 5107 3409 5159; x_wconf 88' lang='lat' dir='ltr'><strong>timorem</strong></span> <span class='ocrx_word' id='word_1_954' title='bbox 3432 5108 3741 5164; x_wconf 84' lang='lat' dir='ltr'><strong>continent</strong></span> 
     </span>
    </p>
   </div>
   <div class='ocr_carea' id='block_1_115' title="bbox 2134 5195 3743 5271">
    <p class='ocr_par' dir='ltr' id='par_1_115' title="bbox 2134 5195 3743 5271">
     <span class='ocr_line' id='line_1_116' title="bbox 2134 5195 3743 5271; baseline -0.002 -15"><span class='ocrx_word' id='word_1_955' title='bbox 2134 5220 2192 5256; x_wconf 87' lang='lat' dir='ltr'><strong>se</strong></span> <span class='ocrx_word' id='word_1_956' title='bbox 2217 5218 2246 5257; x_wconf 92' lang='lat' dir='ltr'><strong>a</strong></span> <span class='ocrx_word' id='word_1_957' title='bbox 2278 5213 2513 5271; x_wconf 81' lang='lat' dir='ltr'><strong>peccato.</strong></span> <span class='ocrx_word' id='word_1_958' title='bbox 2544 5199 2756 5254; x_wconf 87' lang='lat' dir='ltr'><strong>Timent</strong></span> <span class='ocrx_word' id='word_1_959' title='bbox 2784 5197 2995 5268; x_wconf 89' lang='lat' dir='ltr'><strong>quidem</strong></span> <span class='ocrx_word' id='word_1_960' title='bbox 3018 5238 3033 5261; x_wconf 91' lang='lat'><strong>,</strong></span> <span class='ocrx_word' id='word_1_961' title='bbox 3066 5195 3157 5250; x_wconf 89' lang='lat' dir='ltr'><strong>sed</strong></span> <span class='ocrx_word' id='word_1_962' title='bbox 3188 5210 3290 5249; x_wconf 92' lang='lat' dir='ltr'><strong>non</strong></span> <span class='ocrx_word' id='word_1_963' title='bbox 3321 5205 3504 5249; x_wconf 90' lang='lat' dir='ltr'><strong>amant</strong></span> <span class='ocrx_word' id='word_1_964' title='bbox 3550 5198 3743 5266; x_wconf 64' lang='lat' dir='ltr'><strong>justio</strong></span> 
     </span>
    </p>
   </div>
   <div class='ocr_carea' id='block_1_116' title="bbox 2137 5289 3741 5360">
    <p class='ocr_par' dir='ltr' id='par_1_116' title="bbox 2137 5289 3741 5360">
     <span class='ocr_line' id='line_1_117' title="bbox 2137 5289 3741 5360; baseline -0.002 -15"><span class='ocrx_word' id='word_1_965' title='bbox 2137 5296 2281 5348; x_wconf 86' lang='lat' dir='ltr'><strong>tiam.</strong></span> <span class='ocrx_word' id='word_1_966' title='bbox 2301 5293 2431 5347; x_wconf 87' lang='lat' dir='ltr'><strong>Cum</strong></span> <span class='ocrx_word' id='word_1_967' title='bbox 2454 5300 2628 5345; x_wconf 90' lang='lat' dir='ltr'><strong>autem</strong></span> <span class='ocrx_word' id='word_1_968' title='bbox 2658 5306 2752 5360; x_wconf 84' lang='lat' dir='ltr'><strong>per</strong></span> <span class='ocrx_word' id='word_1_969' title='bbox 2771 5291 3014 5343; x_wconf 87' lang='lat' dir='ltr'><strong>timorem</strong></span> <span class='ocrx_word' id='word_1_970' title='bbox 3037 5289 3309 5343; x_wconf 86' lang='lat' dir='ltr'><strong>continent</strong></span> <span class='ocrx_word' id='word_1_971' title='bbox 3327 5303 3387 5342; x_wconf 88' lang='lat' dir='ltr'><strong>se</strong></span> <span class='ocrx_word' id='word_1_972' title='bbox 3405 5304 3434 5341; x_wconf 89' lang='lat' dir='ltr'><strong>a</strong></span> <span class='ocrx_word' id='word_1_973' title='bbox 3461 5300 3741 5358; x_wconf 82' lang='lat' dir='ltr'><strong>peccato,</strong></span> 
     </span>
    </p>
   </div>
   <div class='ocr_carea' id='block_1_117' title="bbox 2138 5377 3738 5450">
    <p class='ocr_par' dir='ltr' id='par_1_117' title="bbox 2138 5377 3738 5450">
     <span class='ocr_line' id='line_1_118' title="bbox 2138 5377 3738 5450; baseline -0.002 -13"><span class='ocrx_word' id='word_1_974' title='bbox 2138 5384 2192 5437; x_wconf 83' lang='lat' dir='ltr'><strong>lit</strong></span> <span class='ocrx_word' id='word_1_975' title='bbox 2229 5382 2551 5439; x_wconf 87' lang='lat' dir='ltr'><strong>consuetudo</strong></span> <span class='ocrx_word' id='word_1_976' title='bbox 2588 5380 2840 5450; x_wconf 68' lang='lat' dir='ltr'><strong>justitite,</strong></span> <span class='ocrx_word' id='word_1_977' title='bbox 2873 5388 2926 5432; x_wconf 93' lang='lat' dir='ltr'><strong>ct</strong></span> <span class='ocrx_word' id='word_1_978' title='bbox 2967 5378 3149 5447; x_wconf 82' lang='lat' dir='ltr'><strong>incipit</strong></span> <span class='ocrx_word' id='word_1_979' title='bbox 3183 5377 3323 5448; x_wconf 89' lang='lat' dir='ltr'><strong>quod</strong></span> <span class='ocrx_word' id='word_1_980' title='bbox 3363 5378 3569 5435; x_wconf 87' lang='lat' dir='ltr'><strong>durum</strong></span> <span class='ocrx_word' id='word_1_981' title='bbox 3607 5395 3738 5438; x_wconf 78' lang='lat' dir='ltr'><strong>erat</strong></span> 
     </span>
    </p>
   </div>
   <div class='ocr_carea' id='block_1_118' title="bbox 2201 5508 3235 5566">
    <p class='ocr_par' dir='ltr' id='par_1_118' title="bbox 2201 5508 3235 5566">
     <span class='ocr_line' id='line_1_119' title="bbox 2201 5508 3235 5566; baseline -0.009 0"><span class='ocrx_word' id='word_1_982' title='bbox 2201 5520 2215 5549; x_wconf 74' lang='grc' dir='ltr'>ί</span> <span class='ocrx_word' id='word_1_983' title='bbox 2243 5518 2314 5566; x_wconf 88' lang='lat' dir='ltr'><strong>sic</strong></span> <span class='ocrx_word' id='word_1_984' title='bbox 2337 5526 2508 5564; x_wconf 84' lang='lat' dir='ltr'><strong>omnes</strong></span> <span class='ocrx_word' id='word_1_985' title='bbox 2530 5521 2633 5562; x_wconf 78' lang='lat' dir='ltr'><strong>Mss.</strong></span> <span class='ocrx_word' id='word_1_986' title='bbox 2661 5511 2771 5561; x_wconf 81' lang='lat' dir='ltr'><strong>Edd.</strong></span> <span class='ocrx_word' id='word_1_987' title='bbox 2798 5523 2934 5565; x_wconf 86' lang='lat' dir='ltr'><strong>vero.</strong></span> <span class='ocrx_word' id='word_1_988' title='bbox 2960 5508 3132 5559; x_wconf 76' lang='lat' dir='ltr'><strong>natalis</strong></span> <span class='ocrx_word' id='word_1_989' title='bbox 3149 5515 3235 5559; x_wconf 81' lang='lat' dir='ltr'><strong>est.</strong></span> 
     </span>
    </p>
   </div>
   <div class='ocr_carea' id='block_1_119' title="bbox 2198 5557 3753 5650">
    <p class='ocr_par' dir='ltr' id='par_1_119' title="bbox 2198 5557 3753 5650">
     <span class='ocr_line' id='line_1_120' title="bbox 2198 5557 3753 5650; baseline 0 -25"><span class='ocrx_word' id='word_1_990' title='bbox 2198 5583 2217 5650; x_wconf 58' lang='grc' dir='ltr'><strong><em>ξ</em></strong></span> <span class='ocrx_word' id='word_1_991' title='bbox 2243 5557 2314 5646; x_wconf 42' lang='lat' dir='ltr'><strong>Er“.</strong></span> <span class='ocrx_word' id='word_1_992' title='bbox 2339 5557 2649 5637; x_wconf 48' lang='lat' dir='ltr'><strong>rigarisi;</strong></span> <span class='ocrx_word' id='word_1_993' title='bbox 2662 5557 2771 5624; x_wconf 53' lang='lat'><strong>&quot;5.22:</strong></span> <span class='ocrx_word' id='word_1_994' title='bbox 2805 5557 2853 5622; x_wconf 72' lang='lat' dir='ltr'><strong>ei</strong></span> <span class='ocrx_word' id='word_1_995' title='bbox 2865 5557 2875 5560; x_wconf 72' lang='grc'><em>’</em></span> <span class='ocrx_word' id='word_1_996' title='bbox 2889 5557 3102 5635; x_wconf 53' lang='lat' dir='ltr'><strong>pm»</strong></span> <span class='ocrx_word' id='word_1_997' title='bbox 3123 5557 3234 5650; x_wconf 54' lang='lat' dir='ltr'><strong>se</strong></span> <span class='ocrx_word' id='word_1_998' title='bbox 3276 5557 3493 5621; x_wconf 72' lang='lat' dir='ltr'><strong>reterme‘</strong></span> <span class='ocrx_word' id='word_1_999' title='bbox 3511 5569 3599 5620; x_wconf 83' lang='lat' dir='ltr'><strong>sic</strong></span> <span class='ocrx_word' id='word_1_1000' title='bbox 3642 5571 3753 5625; x_wconf 76' lang='lat' dir='ltr'><strong>ista</strong></span> 
     </span>
    </p>
   </div>
   <div class='ocr_carea' id='block_1_120' title="bbox 2134 5641 3749 5765">
    <p class='ocr_par' dir='ltr' id='par_1_120' title="bbox 2134 5641 3749 5765">
     <span class='ocr_line' id='line_1_121' title="bbox 2134 5641 3749 5765; baseline -0.001 -19"><span class='ocrx_word' id='word_1_1001' title='bbox 2134 5641 2575 5765; x_wconf 43' lang='grc' dir='ltr'><strong>αῑὲείῦιὲιειιιιῖῗὶδῖιιωλ</strong></span> <span class='ocrx_word' id='word_1_1002' title='bbox 2597 5696 2932 5765; x_wconf 36' lang='lat' dir='ltr'><strong>illeUTbinissze</strong></span> <span class='ocrx_word' id='word_1_1003' title='bbox 2950 5707 3039 5743; x_wconf 83' lang='lat' dir='ltr'><strong>seu</strong></span> <span class='ocrx_word' id='word_1_1004' title='bbox 3060 5693 3280 5765; x_wconf 65' lang='lat' dir='ltr'><strong>&#39;rhimisge</strong></span> <span class='ocrx_word' id='word_1_1005' title='bbox 3314 5695 3362 5741; x_wconf 92' lang='lat' dir='ltr'><strong>in</strong></span> <span class='ocrx_word' id='word_1_1006' title='bbox 3394 5691 3594 5765; x_wconf 66' lang='lat' dir='ltr'><strong>Africa,</strong></span> <span class='ocrx_word' id='word_1_1007' title='bbox 3624 5711 3749 5765; x_wconf 33' lang='lat' dir='ltr'><strong>‘non</strong></span> 
     </span>
    </p>
   </div>
   <div class='ocr_carea' id='block_1_121' title="bbox 2136 5755 3692 5828">
    <p class='ocr_par' dir='ltr' id='par_1_121' title="bbox 2136 5755 3692 5828">
     <span class='ocr_line' id='line_1_122' title="bbox 2136 5755 3692 5828; baseline -0.004 -14"><span class='ocrx_word' id='word_1_1008' title='bbox 2136 5755 2303 5828; x_wconf 75' lang='lat' dir='ltr'><strong>procul</strong></span> <span class='ocrx_word' id='word_1_1009' title='bbox 2329 5755 2557 5824; x_wconf 65' lang='lat' dir='ltr'><strong>Hippone,</strong></span> <span class='ocrx_word' id='word_1_1010' title='bbox 2584 5759 2788 5807; x_wconf 76' lang='lat' dir='ltr'><strong>subiisse</strong></span> <span class='ocrx_word' id='word_1_1011' title='bbox 2810 5764 3025 5805; x_wconf 85' lang='lat' dir='ltr'><strong>narratur</strong></span> <span class='ocrx_word' id='word_1_1012' title='bbox 3049 5764 3215 5804; x_wconf 77' lang='lat' dir='ltr'><strong>octavo</strong></span> <span class='ocrx_word' id='word_1_1013' title='bbox 3236 5755 3340 5804; x_wconf 83' lang='lat' dir='ltr'><strong>idus</strong></span> <span class='ocrx_word' id='word_1_1014' title='bbox 3362 5758 3692 5808; x_wconf 67' lang='lat' dir='ltr'><strong>novanda-is.</strong></span> 
     </span>
    </p>
   </div>
  </div>
