4032 6202
398 330 519 387 1681

391 453 574 514 uitiari.
591 463 644 508 et
663 451 916 509 dulcescit
944 453 1085 508 Deus
1104 469 1116 519 :
1141 460 1196 508 et
1215 451 1322 521 jam
1336 450 1518 525 incipit
1536 451 1693 504 homo
1712 459 1958 521 propter-

392 563 448 598 ea
471 545 612 612 justo
660 545 862 609 vivere,
890 559 994 598 non
1019 542 1138 614 quia
1161 544 1311 597 timet
1335 557 1540 612 poenas,
1561 542 1653 596 sed
1676 544 1796 612 quia
1819 552 1962 596 amat

393 638 758 692 a‘ternitatem.
782 637 1039 692 Exclusus
1066 627 1147 692 est
1174 651 1301 706 ergo
1329 636 1485 690 timor
1505 651 1534 689 a
1561 635 1845 698 charitate;
1864 635 1960 690 sed

390 729 641 782 successit
668 729 824 781 timor
851 737 1047 782 castus.

457 819 508 874 8.
541 820 668 888 Quis
693 829 774 874 est
804 820 903 874 iste
930 820 1087 874 timor
1113 819 1322 873 castus?
1352 817 1655 873 Secundum
1686 833 1841 886 quem
1869 799 1961 871 de-

389 911 607 978 bemus,
655 912 844 966 fratres
891 913 1026 976 mei,
1077 911 1370 980 intelligere
1415 909 1552 978 quod
1597 901 1795 962 dictum
1841 918 1955 974 est,

386 1006 527 1058 Beati
557 1021 724 1057 omnes
751 1004 836 1071 qui
867 1005 1038 1058 timent
1068 1003 1360 1063 Dominum,
1392 1001 1476 1071 qui
1507 1001 1766 1053 mnbulant
1792 1000 1960 1054 inviis

384 1100 511 1168 cjus.
563 1097 620 1152 Si
665 1103 888 1167 potuero
929 1097 1088 1166 digne
1121 1097 1300 1150 dicere
1329 1095 1394 1150 de
1424 1095 1527 1148 isto
1557 1093 1744 1148 timore
1772 1102 1918 1147 casto
1940 1135 1955 1160 ,

381 1188 667 1257 adjuvante
693 1189 920 1243 Domino
947 1189 1054 1242 Deo
1085 1197 1294 1253 nostro,
1331 1187 1479 1240 multi
1509 1186 1732 1249 fortasse
1761 1186 1863 1239 hoc
1889 1185 1957 1239 ti-

328 1325 334 1329 .
383 1294 532 1332 more
563 1289 710 1333 casto
737 1279 1203 1334 inflammabuntur
1229 1279 1282 1332 in
1316 1293 1550 1332 amorem
1581 1285 1806 1330 castum.
1849 1275 1958 1330 Nec

382 1385 599 1438 possum
623 1369 891 1438 explicare
914 1369 1176 1433 fortassis,
1196 1369 1294 1423 nisi
1319 1369 1586 1439 preposita
1608 1367 1777 1436 aliqua
1805 1366 1957 1419 simi-

383 1461 626 1515 litudine.
661 1462 806 1517 Pone
846 1463 1076 1533 aliquam
1119 1448 1368 1516 feminam
1411 1471 1609 1516 castam
1632 1503 1646 1524 ,
1681 1462 1955 1514 timentem

379 1554 551 1606 virum
573 1566 727 1607 suum
755 1553 945 1607 :aliam
971 1569 1106 1622 pone
1127 1552 1451 1617 adulteram;
1483 1561 1536 1605 et
1566 1551 1678 1621 ipsa
1707 1551 1856 1604 timet
1880 1549 1958 1601 vi-

377 1658 498 1697 rum
525 1629 698 1697 suum.
730 1644 886 1698 Casta
916 1645 1064 1697 timet
1091 1659 1158 1698 ne
1185 1643 1421 1697 dismadat
1449 1642 1557 1707 vir;
1589 1642 1826 1696 adultera
1846 1682 1858 1704 ,
1891 1657 1956 1695 ne

378 1733 576 1786 veniat.
609 1731 744 1800 Quid
771 1733 815 1786 si
847 1733 1004 1786 ambo
1033 1733 1282 1787 absentes
1302 1732 1458 1786 sunt?
1491 1732 1577 1787 Illa
1610 1733 1759 1786 timet
1781 1747 1845 1784 ne
1867 1746 1955 1784 ve-

376 1826 520 1888 niat;
553 1823 674 1889 illa,
706 1840 772 1878 ue
805 1824 993 1878 tardet.
1036 1825 1243 1878 Absens
1285 1832 1366 1877 est
1408 1822 1637 1892 quodam
1676 1823 1833 1876 modo
1872 1823 1955 1876 cui

375 1916 680 1986 desponsati
705 1897 914 1976 sumus:
929 1918 1123 1970 absens
1148 1926 1228 1970 est
1257 1917 1345 1986 qui
1375 1917 1527 1971 nobis
1553 1916 1765 1969 arrhain
1807 1914 1956 1969 dedit

373 2007 629 2075 Spiritum
675 2019 916 2061 sanctum
939 2050 952 2071 ,
996 2007 1188 2061 absens
1214 2016 1296 2062 est
1325 2007 1411 2077 qui
1448 2022 1544 2061 nos
1575 2007 1803 2061 redemit
1827 2021 1955 2059 san-

371 2099 534 2168 guine
566 2114 691 2161 suo;
737 2115 963 2168 sponsus
994 2100 1080 2154 ille
1109 2116 1213 2168 quo
1242 2100 1374 2153 nihil
1405 2109 1488 2154 est
1518 2100 1788 2170 pulchrius
1811 2140 1824 2164 ,
1864 2100 1955 2168 qui

372 2190 526 2257 quasi
559 2188 732 2243 fmdus
762 2190 1007 2260 apparuit
1037 2191 1175 2243 inter
1196 2205 1383 2244 manus
1411 2189 1859 2259 persequentium,
1887 2189 1954 2243 de

370 2296 479 2348 quo
511 2282 666 2348 paulo
693 2293 817 2336 ante
848 2282 1056 2335 dicebat
1088 2282 1266 2347 Isaias,
1302 2282 1363 2336 Et
1391 2282 1603 2336 vidimus
1627 2300 1758 2347 eum,
1781 2293 1825 2336 et
1851 2300 1952 2337 non

371 2371 588 2424 [iubebat
625 2372 839 2439 speciem
880 2389 1036 2442 neque
1074 2373 1300 2426 decorem
1339 2371 1488 2443 (lsui.
1517 2390 1604 2427 LIII
1631 2415 1645 2438 ,
1687 2374 1776 2443 9.).
1810 2373 1952 2444 Ergo

370 2475 607 2529 Sponsus
636 2474 817 2516 uoster
846 2461 1020 2517 fmdus
1048 2465 1162 2517 est?
1192 2465 1343 2518 Absit
1373 2483 1384 2518 :
1416 2465 1682 2534 quomodo
1711 2467 1850 2520 enim
1884 2466 1950 2520 il-

369 2554 485 2608 lum
517 2555 747 2623 virgines
767 2565 1026 2618 amarent,
1055 2573 1171 2625 qua:
1194 2557 1244 2610 in
1274 2565 1410 2611 terra
1437 2560 1651 2612 maritos
1674 2575 1776 2612 non
1800 2575 1950 2628 (μιτρ-

369 2645 618 2697 sierunt?
651 2646 790 2716 Ergo
815 2646 1258 2716 persequentibus
1288 2647 1460 2700 ftedus
1481 2649 1748 2716 apparuit;
1773 2659 1825 2702 et
1851 2650 1952 2703 nisi

368 2750 494 2788 eum
527 2733 724 2790 faidum
757 2745 1022 2806 putarent,
1048 2753 1150 2790 non
1177 2737 1456 2804 insilirent,
1484 2754 1587 2792 non
1610 2739 1827 2808 flagellis
1847 2755 1952 2794 ca:-

369 2828 562 2882 dcreut
588 2870 602 2894 ,
630 2843 732 2881 nou
757 2830 925 2898 Spiuis
946 2838 1295 2896 coronarent,
1323 2846 1423 2884 non
1446 2831 1614 2900 sputis
1637 2831 1950 2885 inhonesta-

369 2929 534 2974 reut:
570 2922 663 2976 sed
712 2923 830 2990 quia
881 2921 1052 2977 fmdus
1101 2922 1204 2976 illis
1248 2923 1562 2992 apparebat,
1593 2923 1827 2978 fecerunt
1874 2924 1949 2979 illi

367 3011 499 3075 ista;
533 3027 637 3065 non
664 3012 804 3066 enim
837 3012 1106 3068 habebant
1135 3013 1319 3068 oculos
1361 3014 1498 3068 unde
1534 3014 1782 3069 Christus
1831 3015 1949 3084 pul-

368 3105 501 3160 cher
523 3105 812 3160 videretur.
837 3105 1090 3173 Qualibus
1126 3107 1294 3160 oculis
1339 3107 1581 3161 Christus
1612 3107 1949 3177 pulcherap-

369 3196 582 3264 paruit?
602 3196 796 3262 Quales
816 3188 1000 3251 oculos
1022 3197 1293 3266 qu:erebat
1319 3198 1431 3266 ipse
1457 3195 1718 3262 Christus,
1735 3197 1947 3268 quando

366 3288 581 3341 diccbat
612 3287 858 3357 Philippo
883 3306 894 3341 :
921 3287 1085 3342 Tanto
1111 3299 1328 3359 tempore
1351 3291 1600 3343 vobiscum
1621 3307 1754 3356 sum,
1773 3300 1819 3344 et
1847 3307 1948 3344 non

365 3398 442 3434 me
473 3381 670 3435 vidistis
703 3379 877 3450 (Joan.
903 3397 1010 3446 stv,
1039 3381 1149 3450 9)?
1174 3381 1262 3436 Isti
1300 3382 1438 3437 oculi
1469 3382 1755 3438 mundandi
1784 3391 1908 3437 sunt
1929 3425 1944 3449 ,

367 3483 423 3526 ut
457 3475 666 3543 possint
692 3475 869 3529 videre
896 3475 1035 3529 illam
1065 3475 1266 3538 lucem;
1295 3484 1348 3530 et
1386 3476 1572 3530 leviter
1602 3485 1777 3530 tamen
1820 3491 1946 3545 per-

365 3566 534 3618 stricti
583 3565 864 3634 splendore
884 3608 898 3631 ,
922 3565 1281 3620 accenduntur
1306 3581 1488 3621 amore
1507 3609 1522 3633 ,
1555 3577 1612 3621 ut
1640 3567 1816 3620 sanari
1849 3581 1944 3621 ve-

366 3656 482 3721 lint,
503 3664 559 3712 ct
589 3656 717 3710 fiant
744 3651 1046 3710 illuminati.
1070 3657 1200 3712 Nam
1223 3666 1280 3711 ut
1299 3657 1552 3712 noveritis
1573 3657 1693 3728 quia
1722 3657 1946 3728 pulcher

365 3757 446 3801 est
490 3747 740 3802 Christus
787 3753 873 3816 qui
919 3756 1158 3810 amatur,
1204 3748 1276 3800 ait
1324 3747 1631 3816 Propheta:
1669 3748 1944 3815 Speciosus

367 3840 532 3906 forma
565 3854 669 3904 prie
695 3838 816 3906 filiis
843 3840 1097 3892 hominum
1126 3838 1294 3908 (Psal.
1319 3854 1462 3904 μιν,
1493 3837 1584 3908 5).
1618 3837 1818 3893 Omnes
1846 3839 1944 3893 ho-

366 3933 540 3985 mines
574 3941 789 3998 superat
819 3931 958 3984 illius
990 3931 1344 4000 pulchritudo.
1366 3930 1533 3996 Quam
1565 3947 1676 3985 rem
1703 3945 1945 3984 amamus

366 4023 416 4074 in
444 4023 697 4077 Christo?
726 4023 956 4078 Membra
988 4023 1240 4078 crucifixa
1264 4066 1279 4088 ,
1311 4025 1447 4078 latus
1486 4023 1848 4094 perforatum,
1878 4039 1943 4078 an

364 4113 720 4167 charitatem?
746 4113 967 4182 Quando
995 4113 1239 4179 audimus
1265 4112 1383 4183 quia
1413 4128 1599 4184 passus
1625 4122 1706 4169 cst
1727 4129 1823 4184 pro
1851 4129 1946 4167 no-

363 4203 467 4266 bis,
500 4204 629 4274 quid
658 4207 927 4259 amamus?
965 4203 1207 4260 Charitas
1229 4216 1434 4258 amatur
1457 4206 1496 4260 ί.
1520 4206 1730 4260 Amavit
1751 4197 1868 4270 nos,
1888 4216 1946 4260 ut

363 4297 767 4352 redamaremus
795 4313 945 4361 eum;
972 4306 1024 4351 et
1055 4306 1109 4349 ut
1136 4297 1410 4352 redamare
1438 4312 1734 4366 possemus,
1766 4297 1948 4352 visita-

362 4391 436 4442 vit
480 4405 583 4442 nos
623 4390 822 4459 Spiritu
864 4403 980 4443 suo.
1023 4389 1251 4444 Pulcher
1280 4399 1361 4444 est
1388 4390 1510 4455 ille,
1543 4397 1594 4444 et
1619 4389 1813 4443 absens
1839 4399 1941 4444 est.

362 4479 669 4549 Interroget
693 4495 752 4535 se
781 4495 996 4550 sponsa,
1025 4481 1067 4534 si
1092 4492 1234 4534 easta
1265 4490 1364 4535 est.
1396 4479 1449 4534 In
1478 4481 1732 4536 membris
1761 4495 1944 4535 sumus

359 4589 556 4627 mimos
577 4615 591 4636 ,
625 4573 820 4644 ﬁ'atrcs
845 4574 980 4636 mei;
1016 4574 1065 4626 in
1101 4574 1351 4628 membris
1379 4574 1542 4644 ipsius
1571 4589 1781 4640 sumus,
1825 4573 1944 4628 ideo

361 4680 502 4719 unus
537 4636 700 4718 homo
730 4679 933 4718 sumus.
967 4665 1151 4720 Videat
1180 4665 1536 4733 unusquisque
1559 4665 1764 4733 qualem
1790 4664 1943 4717 timo-

360 4771 473 4811 rem
508 4756 704 4809 habeat
724 4796 738 4822 ,
763 4739 827 4809 an
859 4771 978 4808 eum
1009 4755 1428 4825 quem‘exeludit
1452 4754 1682 4808 eharitas
1702 4797 1717 4819 ,
1751 4769 1816 4807 an
1847 4770 1940 4807 ca-

359 4856 502 4905 stum
547 4855 946 4917 permanentem
973 4847 1023 4900 in
1053 4847 1302 4900 szeculum
1329 4847 1526 4899 saeculi.
1570 4845 1723 4898 Modo
1755 4845 1943 4914 proba-

358 4938 432 4990 vit
460 4939 513 5000 ’ς
550 4937 672 4993 dico
691 4979 705 5002 ,
745 4946 798 4990 et
835 4936 1102 5006 probabit.
1133 4938 1340 4990 Absens
1365 4947 1447 4990 est
1475 4951 1700 5004 sponsus
1728 4945 1939 5001 noster;

359 5026 635 5097 interroga
658 5027 1035 5081 conscientiam
1063 5037 1204 5082 tuam
1235 5044 1248 5080 :
1277 5027 1358 5080 vis
1384 5036 1440 5080 ut
1465 5027 1661 5090 veniat,
1684 5043 1748 5080 an
1771 5027 1942 5082 adhuc

358 5117 438 5171 \Is
484 5128 544 5171 ut
589 5117 794 5171 tardet?
825 5116 1044 5183 Videte,
1089 5117 1316 5172 fratres:
1344 5132 1444 5186 ego
1475 5117 1674 5185 pulsavi
1705 5116 1770 5170 ad
1808 5119 1940 5171 ostia

359 5220 640 5277 pectorum
672 5219 1010 5275 vestrorum;
1039 5225 1224 5264 vocem
1249 5209 1652 5263 inhabitantium
1681 5211 1768 5264 ille
1794 5211 1942 5264 audi-

359 5301 451 5354 \it.
489 5299 631 5368 Quid
660 5301 995 5370 singulorum
1036 5316 1369 5370 quorumque
1408 5300 1567 5354 modo
1603 5302 1942 5356 conscientia:

356 5391 620 5456 dixerint,
647 5392 711 5446 ad
742 5391 898 5446 aures
928 5406 1095 5456 meas,
1133 5393 1253 5461 quia
1291 5392 1448 5447 homo
1476 5410 1590 5447 sum
1612 5437 1626 5455 ,
1665 5395 1942 5462 pervenire

421 5488 437 5514 ¹
470 5490 576 5531 Am.
603 5493 654 5532 et
674 5481 897 5544 plerique
921 5489 1044 5544 Mss:
1073 5492 1224 5544 Quare
1245 5496 1480 5540 amamus,
1505 5485 1696 5542 quando
1719 5483 1941 5533 audimus

357 5543 473 5606 quin
497 5557 667 5606 passus
677 5543 751 5597 est
770 5543 856 5603 pro
873 5543 1024 5607 nobis,
1041 5543 1156 5607 quid
1177 5557 1392 5607 tmtmnus
1408 5544 1432 5593 Σ)
1453 5544 1666 5594 membra
1681 5545 1938 5607 civici/ima.

358 5604 822 5668 lutus'perfomtum,
839 5619 902 5654 un
925 5604 1205 5655 cMritatem
1225 5605 1248 5656 Σ)
1287 5606 1506 5656 (Inritus
1529 5615 1656 5656 autat
1683 5607 1783 5668 (vel
1809 5604 1940 5656 ima.-

359 5667 482 5726 tur).
511 5667 693 5716 'i-entarit
716 5681 816 5718 nos.
844 5676 939 5716 etc.

424 5732 440 5758 ⁸
466 5729 552 5777 Hic
569 5739 672 5791 am.
703 5736 751 5777 et
774 5729 948 5790 aliquot
975 5737 1100 5787 Mss,
1115 5726 1347 5791 probabit.
1367 5729 1560 5787 Quidam
1587 5743 1702 5780 vero
1720 5728 1829 5778 libri
1852 5732 1941 5780 hoc

359 5797 412 5838 et
435 5803 556 5851 prox
566 5787 658 5840 imo
677 5792 797 5850 loco.
822 5787 866 5854 pi
881 5793 1048 5842 abnvit.

1447 327 1834 384 ENAIlIiATIO
1872 330 1940 386 IN
1981 329 2295 392 PSALMUM
2334 337 2586 398 CXXVII.

3512 357 3651 411 1έὶκὲ

2070 467 2175 506 non
2203 457 2373 525 potuit
2397 477 2410 513 :
2434 459 2524 514 ille
2570 462 2662 531 qui
2705 463 2899 519 absens
2928 477 3014 522 est
3057 471 3335 539 priesentia
3365 475 3603 543 corporis
3624 519 3640 540 .

2066 543 2160 599 sed
2193 561 2424 615 praesens
2450 561 2530 605 est
2555 551 2735 622 vigore
2765 555 3078 625 majestatis,
3104 561 3302 618 aud-ivit
3327 578 3447 620 vos.
3467 565 3635 632 Quam
3726 615 3730 618 .

2067 635 2255 703 multi,
2288 638 2332 692 si
2353 638 2560 695 dicatur
2587 642 2692 696 illis
2714 685 2728 708 ,
2758 645 2894 701 Ecce
2919 647 3030 716 jam
3058 648 3330 719 Christus,
3366 669 3484 711 eras
3521 656 3636 711 dies

2061 722 2276 794 judicii;
2303 744 2414 783 non
2436 731 2636 798 dicunt,
2664 733 2878 791 Utinam
2908 739 3116 796 veniat!
3142 743 3240 810 Qui
3263 745 3403 800 enim
3428 747 3635 814 dicunt,

2067 819 2290 874 multum
2317 833 2531 878 amant:
2555 834 2609 879 et
2635 827 2681 880 si
2711 827 2917 884 dicatur
2946 830 3081 898 illis,
3111 834 3398 902 Tardabit;
3447 839 3642 898 timent

2065 921 2133 961 ne
2179 910 2377 976 tardet,
2407 914 2528 983 quia
2574 915 2732 971 timor
2775 928 2952 973 castus
2994 933 3094 975 est.
3127 924 3403 990 Quomodo
3458 939 3632 982 autem

2064 1011 2206 1051 nunc
2234 1000 2450 1055 timetur
2475 1018 2543 1057 ne
2571 1004 2762 1071 tardet,
2788 1008 2866 1062 sic
2886 1024 3004 1064 cum
3026 1014 3250 1080 venerit,
3274 1015 3545 1071 timebitur
3568 1035 3635 1072 ne

2063 1086 2320 1145 discedat.
2352 1091 2464 1147 Erit
2487 1104 2663 1150 autem
2687 1096 2992 1154 castus‘iste
3023 1102 3202 1168 timor,
3232 1106 3352 1175 quia
3381 1110 3634 1178 tranquil-

2064 1177 2147 1232 lus
2166 1187 2222 1233 et
2241 1195 2478 1238 securus.
2500 1184 2613 1239 Non
2636 1187 2776 1242 enim
2801 1189 3111 1246 deseremur
3134 1193 3202 1250 ab
3225 1209 3311 1262 eo,
3340 1211 3461 1252 cum
3490 1177 3634 1254 inVe-

2065 1270 2204 1324 nerit
2221 1287 2340 1338 nos,
2358 1275 2569 1343 quando
2589 1278 2831 1346 quassivit
2851 1295 2948 1335 nos
2966 1291 3246 1354 antequam
3271 1302 3632 1357 qurereremus

2062 1377 2184 1418 eum
2214 1366 2255 1420 ¹.
2280 1367 2470 1422 Castus
2515 1384 2641 1440 ergo
2680 1370 2840 1428 timor
2858 1398 2878 1438 ,-
2904 1372 3097 1432 fratres
3141 1378 3279 1444 mei,
3307 1378 3409 1435 hoc
3437 1380 3640 1447 habet;

2063 1455 2241 1509 venit’
2273 1455 2338 1510 de
2377 1472 2576 1513 amore.
2625 1459 2716 1515 Ille
2755 1472 2929 1518 autem
2960 1465 3120 1520 timor
3153 1468 3388 1523 nondum
3415 1481 3591 1526 castus
3611 1515 3625 1538 ,

2061 1546 2397 1612 praesentiam
2444 1557 2498 1601 et
2541 1563 2724 1617 pinnas
2769 1551 2938 1606 timet.
2966 1553 3181 1630 Timore
3218 1556 3339 1612 facit
3378 1559 3641 1630 quidquid

2062 1632 2186 1688 boui
2219 1634 2372 1701 facit;
2405 1652 2509 1691 non
2550 1640 2741 1694 timore
2779 1629 3057 1697 amittend
3096 1645 3290 1700 bonum
3334 1647 3496 1714 illud,
3527 1629 3636 1706 sed

2063 1725 2251 1780 timore
2293 1727 2523 1795 patiendi
2569 1729 2695 1784 illud
2725 1731 2943 1786 malum.
2990 1732 3107 1789 Non
3149 1736 3300 1791 timet
3336 1753 3404 1793 ne
3445 1740 3639 1809 perdat:

2061 1817 2335 1885 amplexus
2373 1819 2716 1888 pulcherrimi
2747 1823 2928 1891 sponsi
2954 1863 2970 1890 ,
2999 1824 3096 1879 sed
3124 1826 3273 1881 timet
3297 1843 3362 1882 ne
3392 1829 3634 1886 mittatur

2062 1906 2113 1960 in
2137 1907 2454 1974 gehennam.
2474 1909 2654 1966 Bonus
2675 1921 2754 1966 est
2779 1913 2880 1968 iste
2907 1915 3085 1979 timor,
3105 1916 3246 1970 utilis
3263 1927 3370 1981 est;
3396 1934 3501 1974 non
3522 1921 3633 1989 qui-

2060 1997 2180 2051 dem
2210 1999 2543 2066 permanebit
2568 2002 2620 2056 in
2646 2002 2901 2058 smeulum
2932 2005 3113 2060 seaculi
3139 2023 3152 2060 :
3176 2007 3268 2060 sed
3297 2008 3527 2064 nondum
3549 2019 3632 2066 est

2059 2089 2148 2144 ille
2173 2100 2352 2146 castus
2377 2105 2695 2160 permanens
2716 2093 2768 2148 in
2795 2097 3047 2152 saeculum
3076 2099 3277 2154 seaculi.

2132 2181 2184 2237 9.
2228 2182 2284 2236 In
2329 2198 2433 2252 quo
2471 2192 2556 2238 est
2592 2186 2803 2240 castus?
2841 2187 2956 2242 .Iam
3000 2189 3190 2245 iterum
3229 2190 3497 2263 interrogo
3535 2193 3634 2248 ali-

2058 2272 2204 2341 quid,
2250 2274 2388 2342 quod
2418 2277 2772 2347 vosmetipsos
2801 2278 3156 2350 interrogetis.
3170 2280 3224 2337 Si
3255 2282 3392 2338 Deus
3418 2284 3634 2341 veniens

2058 2377 2187 2418 voce
2215 2365 2424 2433 prepria
2454 2365 2762 2435 loqueretur
2788 2368 2941 2424 nobis
2967 2370 3292 2444 (quanquam
3324 2390 3427 2428 non
3457 2385 3630 2431 taceat

2057 2453 2199 2523 loqui
2229 2470 2323 2524 per
2346 2455 2579 2512 Litteras
2605 2458 2792 2530 suas),
2816 2470 2867 2515 et
2897 2462 3100 2519 diceret
3129 2465 3333 2521 homini
3357 2485 3371 2520 :
3402 2467 3632 2525 Peceare

2056 2545 2155 2610 vis,
2182 2561 2372 2615 pecca;
2401 2551 2482 2604 fac
2500 2549 2754 2620 quidquid
2781 2560 2832 2606 te
2851 2551 3110 2622 delectat;
3139 2555 3393 2628 quidquid
3417 2573 3632 2615 amave-

2056 2639 2131 2693 ris
2177 2641 2229 2695 in
2276 2651 2413 2697 terra
2435 2685 2449 2706 ,
2490 2651 2637 2700 tuum
2670 2646 2795 2713 fiat;
2823 2649 2904 2702 cui
2937 2646 3100 2704 fueris
3130 2651 3330 2719 iratus,
3371 2653 3626 2719 intereat;

2055 2747 2213 2800 quem
2241 2750 2428 2804 rapere
2457 2738 2707 2805 volueris,
2736 2740 3002 2809 rapiatur;
3026 2743 3438 2822 quem‘ctcdere,
3460 2745 3632 2800 caeda-

2057 2834 2171 2886 tur;
2203 2841 2359 2894 quem
2386 2826 2659 2892 damnare,
2683 2829 2994 2896 damnetur;
3017 2847 3174 2902 quem
3199 2833 3492 2902 possidere,
3518 2850 3630 2906 pos

2055 2915 2229 2970 sideas
2258 2933 2272 2968 :
2305 2933 2460 2973 nemo
2492 2919 2584 2973 tibi
2614 2921 2846 2988 resistat,
2880 2936 3039 2976 nemo
3066 2922 3160 2977 tibi
3188 2923 3351 2991 dicat,
3383 2924 3518 2993 Quid
3546 2925 3628 2980 fa-

2054 3007 2162 3061 cis?
2194 3023 2370 3074 nemo,
2401 3009 2516 3064 Noli
2544 3011 2748 3076 facere;
2777 3027 2934 3068 nemo
2953 3053 2968 3079 ,
2998 3013 3173 3082 Quare
3199 3013 3405 3071 fecisti?
3431 3016 3616 3072 Abim-

2054 3097 2182 3153 dent
2209 3099 2299 3154 tibi
2335 3102 2510 3155 omnia
2543 3103 2646 3156 ista
2676 3111 2887 3160 terrena
2917 3119 3036 3174 quae
3064 3105 3398 3175 concupisti,
3429 3115 3485 3162 et
3509 3107 3630 3185 vive

2055 3188 2106 3243 in
2147 3190 2283 3256 illis,
2328 3207 2433 3246 non
2461 3207 2627 3262 usque
2654 3193 2718 3248 ad
2748 3203 2958 3263 tempus
2977 3238 2993 3262 ,
3023 3197 3117 3252 sed
3161 3211 3411 3270 semper:
3437 3198 3628 3255 faciem

2055 3290 2254 3336 tantum
2296 3299 2466 3338 meam
2510 3303 2776 3358 nunquam
2816 3289 3039 3346 videbis.
3078 3291 3291 3348 Fratres
3319 3294 3456 3360 mei,
3488 3294 3629 3350 unde

2054 3372 2402 3444 ingemuistis,
2425 3377 2524 3433 nisi
2547 3379 2668 3448 quia
2684 3379 2794 3449 jam
2821 3390 2976 3436 natus
3003 3392 3084 3438 est
3105 3383 3263 3440 timor
3288 3373 3486 3450 castus,
3507 3399 3628 3456 per-

2054 3481 2274 3522 manens
2295 3468 2346 3522 in
2368 3471 2620 3526 sreculum
2649 3473 2868 3528 saeculi?
2897 3473 3072 3541 Quare
3097 3491 3410 3546 percussum
3432 3488 3514 3533 est
3535 3495 3630 3534 cor

2052 3559 2321 3612 vestrum?
2354 3559 2408 3614 Si
2437 3560 2639 3615 diceret
2682 3563 2819 3619 Deus
2848 3582 2860 3618 :
2885 3564 3098 3621 Faciem
3141 3582 3313 3622 meam
3356 3584 3640 3637 nunquam

2053 3649 2292 3704 videbis:
2322 3664 2446 3704 ecce
2485 3653 2635 3704 omni
2680 3652 2776 3705 ista
2819 3662 3027 3723 terrena
3065 3654 3352 3722 felicitate,
3380 3657 3640 3712 omnibus-

2051 3739 2209 3792 rebus
2237 3737 2534 3794 abundabis
2556 3781 2571 3806 ,
2603 3741 2974 3797 circumlinent
3018 3754 3069 3798 te
3108 3744 3247 3800 bona
3279 3747 3622 3815 temporalia;

2053 3843 2157 3881 non
2186 3829 2270 3883 illa
2299 3829 2518 3896 amittis,
2551 3847 2656 3885 non
2701 3831 2789 3886 illa
2831 3832 3064 3899 deseris;
3093 3835 3220 3904 quid
3251 3836 3330 3891 vis
3358 3837 3635 3908 amplius?-

2052 3917 2228 3973 Flcret
2267 3920 2482 3989 quidem
2524 3931 2577 3976 et
2616 3924 2854 3992 gemeret
2881 3925 3042 3980 timor
3064 3936 3274 3993 castus,
3303 3937 3357 3982 et
3380 3929 3582 3986 diceret
3605 3947 3632 3985 ελ

2051 4008 2162 4064 lmo
2190 4012 2674 4079 tollantur'omnia,
2699 4024 2753 4069 et
2785 4014 2974 4071 faciem
3009 4024 3150 4071 tuam
3177 4017 3410 4073 videam.
3443 4019 3624 4076 Timor

2051 4113 2226 4158 castus
2252 4105 2578 4160 exclamaret
2605 4106 2673 4163 de
2703 4108 2928 4177 psalmo,
2954 4118 3008 4164 et
3032 4109 3233 4165 diceret
3259 4127 3275 4175 ;
3303 4110 3442 4168 Deus
3466 4113 3626 4166 virtu-

2052 4205 2177 4262 tum,
2205 4207 2432 4250 converte
2459 4214 2583 4262 nos;
2607 4208 2654 4251 et
2679 4201 2885 4254 ostende
2907 4202 3091 4272 faciem
3118 4213 3275 4268 tuam,
3303 4213 3349 4257 et
3375 4205 3499 4259 salvi
3525 4206 3630 4259 eri--

2050 4304 2163 4340 mus
2210 4288 2229 4358 (
2249 4287 2396 4343 Psal.
2443 4305 2601 4344 anx
2621 4333 2637 4357 ,
2662 4290 2753 4361 8).
2793 4291 2976 4348 Timor
3000 4303 3178 4350 castus
3206 4296 3531 4352 exclamaret
3553 4299 3631 4355 de-

2053 4379 2276 4448 psalmo,
2303 4389 2356 4434 et
2383 4379 2584 4437 diceret
2607 4400 2620 4436 :
2648 4383 2815 4438 Unam
2844 4386 2966 4456 petii
2988 4403 3021 4440 α
3051 4385 3288 4442 Domino.
3330 4387 3460 4443 Vide
3485 4405 3622 4459 quo-

2051 4470 2209 4524 modo
2229 4471 2412 4527 ardeat
2435 4473 2593 4529 timor
2619 4474 2718 4529 iste
2739 4484 2939 4542 castus,
2963 4491 3113 4532 amor
3131 4493 3310 4542 verus,
3338 4494 3490 4534 amor
3513 4481 3623 4534 sitt-

2049 4577 2204 4616 t-erus
2226 4563 2268 4614 ³.
2306 4562 2472 4617 Unam
2497 4566 2619 4634 petii
2645 4583 2676 4618 a
2705 4565 2924 4622 Domino
2943 4609 2957 4633 ,
2987 4568 3117 4622 Itane
3153 4572 3423 4639 requirant.
3452 4570 3622 4640 Quid?

2054 4651 2120 4708 Ut
2163 4654 2434 4708 inhabilem
2478 4656 2532 4709 in
2574 4656 2722 4712 domo
2762 4658 2953 4713 domini
2990 4676 3160 4714 omnes
3189 4661 3296 4716 dies
3333 4662 3446 4715 vita:
3477 4678 3618 4717 uacat.

2049 4744 2185 4811 Quid
2213 4745 2256 4798 si
2287 4756 2504 4815 pr0pter
2535 4757 2798 4803 terrenam
2829 4749 3168 4805 felicitatem?
3200 4752 3336 4808 Audi
3375 4753 3499 4823 quid
3530 4769 3619 4809 se-

2049 4835 2226 4904 quitur
2251 4853 2264 4889 :
2290 4834 2356 4891 Ut
2385 4839 2690 4906 contempler
2715 4840 3095 4894 delectationem
3122 4841 3350 4908 Domini,
3376 4853 3426 4896 et
3453 4853 3622 4912 prote-

2047 4942 2141 4993 gqr
2169 4927 2407 4993 templum
2427 4928 2535 4993 ejus
2557 4926 2727 4996 (Psal.
2752 4944 2896 4996 xxvr,
2914 4928 2967 5000 4)
2987 4946 3001 4996 ;
3025 4931 3076 4985 id
3096 4939 3198 4997 est,
3224 4947 3343 4987 esse
3365 4934 3617 5002 templum

2049 5015 2198 5082 ejus,
2245 5025 2299 5070 et
2341 5017 2543 5086 protegi
2581 5017 2647 5070 ab
2691 5033 2774 5084 eo,
2807 5017 2943 5074 hanc
2969 5015 3286 5090 unam'petii
3309 5036 3341 5076 a
3370 5021 3617 5077 Domino.

2049 5105 2194 5160 lianc
2223 5121 2380 5159 unam
2407 5105 2450 5159 si
2493 5107 2750 5176 petieritis
2771 5108 2814 5174 ⁸,
2840 5110 2906 5164 ad
2948 5110 3086 5166 hanc
3137 5127 3297 5167 unam
3328 5112 3373 5168 si
3402 5127 3496 5168 cor
3522 5129 3617 5168 ve-

2111 5243 2126 5269 ι
2154 5239 2224 5285 sic
2247 5237 2462 5302 melioris
2481 5247 2735 5302 nothss.
2756 5239 2840 5289 Alii
2864 5249 3028 5290 autem
3057 5252 3166 5291 eum
3198 5250 3297 5290 Am.
3325 5249 3377 5293 et
3398 5247 3622 5302 Er.,cum

2048 5298 2276 5373 invenerit
2294 5312 2382 5349 nos
2402 5299 2540 5350 homo
2559 5301 2734 5363 aliquis
2756 5303 2958 5353 credens
2995 5302 3046 5354 in
3067 5315 3195 5373 eum
3223 5304 3420 5373 Quando
3442 5298 3620 5373 quasi;

2048 5361 2107 5409 rit
2131 5358 2254 5410 nos?
2277 5370 2556 5434 “antequam
2577 5358 2899 5433 quiererenms
2939 5378 3082 5434 eum.
3104 5358 3367 5434 Lov._,'c.m_n
3389 5358 3630 5416 inuenerit

2046 5436 2129 5471 nos
2155 5420 2374 5471 Dominus
2398 5420 2644 5475 credentes
2676 5424 2727 5474 in
2768 5438 2894 5487 eum,
2920 5427 3113 5487 quando
3141 5420 3356 5487 qutesivtt
3378 5439 3461 5477 nos
3484 5436 3621 5478 ante-

2047 5497 2189 5546 quum
2211 5496 2451 5534 nossemus
2477 5498 2600 5533 cum.

2110 5549 2133 5609 ἒ
2153 5553 2225 5592 Er.
2245 5546 2388 5606 Lugd.
2409 5554 2546 5605 νειμ,
2571 5546 2684 5609 quia
2701 5547 2842 5597 venit.
2970 5554 3028 5596 tt.

2111 5608 2130 5638 ³
2153 5609 2225 5656 sic
2243 5617 2349 5672 Am.
2369 5615 2441 5655 Er.
2469 5617 2520 5656 et
2544 5608 2756 5672 patiores
2771 5617 2874 5656 Mss.
2902 5614 2956 5658 At
2978 5617 3106 5668 tov.,
3135 5608 3276 5672 tiinor
3299 5623 3457 5672 venus,
3480 5612 3620 5663 timor

2046 5668 2275 5719 sincerus.
2304 5669 2490 5730 Aliquot
2514 5668 2636 5727 Mss"
2672 5671 2810 5720 timor
2834 5682 2990 5727 verus,
3013 5684 3147 5722 amor
3169 5671 3400 5724 sincerus.

2079 5732 2129 5837 }*
2153 5733 2230 5837 ipe
2253 5733 2377 5793 apud
2402 5739 2508 5782 μου.
2548 5732 2753 5796 additur,
2787 5730 3030 5795 accipietis
3057 5747 3069 5783 :
3095 5735 3224 5798 quod
3262 5735 3324 5786 ab
3351 5735 3461 5786 aliis
3483 5734 3622 5786 libris

2093 5805 2163 5837 Ic:

2051 5801 2202 5842 ειυυδι.
