4032 6202
449 331 587 390 1683

442 459 614 505 strum
642 449 983 505 exercueritis
1005 448 1044 511 ί.
1070 456 1125 503 et
1163 445 1262 503 hoc
1296 445 1465 502 solum
1491 445 1735 503 amittere
1760 447 2010 505 timueris

445 544 535 605 tis,
563 556 661 597 nec
686 539 984 596 invidebitis
1004 538 1341 595 felicitatibus
1366 538 1612 606 terrenis,
1638 546 1692 594 et
1722 538 1867 594 illam
1893 537 2012 594 feli—

441 634 656 688 citatam
690 647 870 687 veram
895 622 1213 703 sperabitis,
1242 639 1296 686 et
1338 630 1487 686 eritis
1531 630 1584 684 in
1624 631 1742 700 ejus
1783 646 2009 703 corpore

439 722 526 776 cui
563 729 827 789 cantatur,
856 720 1003 776 Beati
1034 737 1205 777 omnes
1246 720 1332 791 qui
1375 720 1545 775 timent
1584 719 1858 776 Dominum
1880 763 1894 787 ,
1923 723 2010 794 qui

428 812 696 866 mnbult'mt
722 811 776 866 in
800 812 892 866 uiis
919 812 1048 884 ejus.

505 921 593 978 i0.
634 922 854 979 Labores
878 928 1132 996 fructuum
1158 935 1360 979 tuorum
1389 924 1731 981 mandacabis.
1755 926 1800 983 0
1826 942 1939 991 vos,
1971 943 2005 984 o

434 1020 514 1080 tu,
546 1028 642 1069 vos
668 1015 819 1069 multi
845 1016 934 1085 qui
959 1029 1095 1071 unus
1121 1006 1270 1083 estis,
1298 1014 1491 1069 labores
1515 1016 1772 1087 fructuum
1801 1027 2003 1072 tuorum

432 1104 779 1159 manducabis.
813 1105 973 1172 Quasi
1000 1121 1251 1176 perverse
1278 1106 1486 1161 videtur
1509 1107 1688 1163 dicere
1716 1121 1823 1163 non
1850 1107 2003 1163 intel-

434 1195 723 1266 ligentibus
752 1216 765 1251 :
799 1197 981 1261 debuit
1022 1199 1162 1253 enim
1205 1198 1415 1265 dicere,
1456 1198 1707 1254 Fructum
1757 1201 2009 1256 laborum‘

433 1298 643 1344 tuorum
676 1291 1039 1347 manducabis.
1081 1290 1226 1346 Multi
1254 1292 1394 1346 enim
1422 1293 1740 1347 manducaut
1768 1292 1996 1349 fructum

433 1379 673 1434 laborum
700 1395 938 1436 suorum.
967 1381 1233 1437 Laborant
1257 1383 1308 1436 in
1339 1384 1487 1438 vinea
1509 1425 1521 1448 ,
1552 1385 1723 1454 ipsum
1763 1384 1997 1439 laborem

430 1484 538 1525 non
566 1471 913 1537 manducaut;
942 1473 1037 1527 sed
1063 1473 1203 1542 quod
1240 1474 1306 1530 de
1347 1475 1529 1530 labore
1558 1475 1791 1546 ipsorum
1822 1477 1997 1531 nasci—

430 1570 546 1627 tur,
583 1562 922 1618 manducant.
971 1560 1237 1619 Laborant
1263 1564 1403 1619 circa
1429 1566 1648 1622 arbores
1675 1566 1993 1635 pomiferas;

428 1651 549 1720 quis
579 1652 860 1709 manducet
888 1652 1131 1708 labores?
1158 1654 1263 1710 Sed
1294 1655 1436 1725 quod
1480 1656 1585 1710 illa;
1612 1656 1830 1712 arbores
1853 1666 1996 1712 attu-

427 1741 606 1806 lerint,
641 1742 840 1798 fructus
867 1743 1082 1810 laboris,
1114 1745 1227 1815 ipse
1249 1746 1506 1816 jucundat
1531 1748 1836 1818 agricolam.
1858 1748 1993 1817 Quid

426 1836 527 1891 sibi
553 1839 686 1904 vult,
711 1838 930 1894 Labores
958 1843 1210 1912 fructuum
1235 1853 1430 1897 tuorum
1452 1844 1816 1901 manducabis?
1841 1846 1995 1901 Modo

426 1927 637 1983 labores
667 1928 956 1996 habemus,
999 1931 1201 1987 fructus
1243 1943 1428 2002 postea
1473 1935 1594 1989 erit.
1642 1935 1748 1991 Sed
1781 1937 1904 2006 quia
1941 1948 1995 1992 et

427 2018 526 2089 ipsi
556 2019 767 2075 labores
788 2037 895 2075 non
926 2031 1051 2078 sunt
1079 2025 1194 2078 sine
1217 2024 1441 2094 gaudio,
1474 2035 1690 2096 propter
1712 2042 1859 2096 spem
1880 2070 1896 2094 ,
1928 2028 1995 2085 de

424 2126 527 2180 qua
560 2112 715 2181 paulo
742 2123 866 2169 ante
887 2115 1137 2181 diximus,
1164 2116 1270 2188 Spe
1285 2118 1579 2189 gaudentes,
1599 2120 1652 2174 in
1674 2120 1994 2178 tribulatione

425 2205 708 2274 patientes;
734 2207 892 2262 modo
920 2223 1018 2263 nos
1047 2208 1146 2278 ipsi
1172 2209 1382 2264 labores
1411 2214 1573 2265 nostri
1598 2211 1909 2282 jucundant,
1938 2223 1995 2269 et

326 2282 329 2287 ’
424 2294 574 2350 hctus
609 2309 705 2351 nos
740 2294 942 2352 faciunt
965 2298 1032 2354 de
1058 2315 1174 2369 spe.
1204 2299 1259 2353 Si
1285 2316 1412 2372 ergo
1438 2301 1590 2357 labor
1615 2312 1798 2359 noster
1822 2305 1993 2375 potuit

421 2386 748 2454 manducari,
777 2398 832 2445 et
861 2393 1030 2459 potuit
1052 2391 1377 2460 jucundarc;
1407 2390 1752 2449 manducat'us
1790 2395 1989 2451 fructus

361 2495 365 2498 '
422 2478 589 2549 ipsius
612 2480 808 2536 laboris
833 2480 1003 2552 qualis
1032 2483 1166 2537 erit?
1191 2484 1577 2540 Manducabant
1602 2486 1812 2541 labores
1841 2501 1986 2553 suos,

419 2570 509 2639 qui
536 2581 706 2626 euntes
724 2572 862 2626 ibant
883 2582 928 2626 et
945 2573 1151 2643 ﬂebant,
1171 2575 1421 2629 mittentes
1441 2576 1633 2630 sentina
1652 2592 1745 2630 sua
1759 2593 1777 2630 :
1792 2588 1991 2647 quanto

417 2658 701 2730 jucundius
721 2662 1111 2718 manducabunt
1131 2663 1331 2720 fructus
1349 2665 1611 2734 laborum,
1632 2667 1721 2737 qui
1745 2670 1990 2725 venientes

419 2749 614 2805 uenient
657 2768 771 2807 cum
823 2753 1186 2821 exsultatione,
1231 2763 1486 2826 portantes
1537 2757 1822 2829 manipulos
1872 2775 1990 2815 suos

422 2838 592 2905 (Psal.
622 2843 912 2915 cxxv,'6)?
942 2845 1009 2900 Et
1036 2854 1092 2899 ut
1120 2847 1408 2914 noveritis,
1438 2846 1650 2917 fratres,
1681 2850 1801 2920 quia
1834 2867 1987 2905 man-

416 2932 642 2989 ducatur
682 2934 832 2990 labor
870 2936 970 2991 iste
989 2977 1005 3003 ,
1038 2936 1090 2991 in
1120 2938 1397 3008 superiore
1419 2940 1634 3009 .psalmo
1659 2941 1880 2996 audistis
1903 2941 1987 2996 di-

417 3032 560 3081 etum
586 3027 829 3097 superbis
848 3071 863 3097 ,
889 3029 978 3100 qui
1003 3039 1127 3086 ante
1157 3030 1330 3086 lucem
1355 3033 1602 3088 volebant
1637 3048 1855 3104 surgere
1876 3076 1891 3101 ,
1934 3034 1985 3090 id

376 3098 402 3131 ⁸
417 3125 647 3174 est-ante
671 3098 962 3186 Christum,
979 3137 1083 3175 non
1107 3135 1202 3191 per
1234 3121 1609 3189 humilitatem,
1626 3098 1988 3195 qua'surrexit

414 3207 690 3273 Christus;
720 3209 919 3265 dictum
949 3221 1030 3266 est
1057 3212 1180 3279 illis,
1205 3211 1414 3283 Surgite
1440 3223 1765 3284 posteaquam
1788 3217 1987 3272 sedistis

416 3298 586 3368 (Psal.
611 3316 787 3366 cxxw,
808 3301 864 3373 2)
893 3320 907 3356 :
931 3301 983 3357 id
1007 3313 1107 3368 est,
1138 3303 1507 3371 humiliamiui,
1531 3316 1583 3360 et
1609 3306 1731 3362 inde
1754 3309 1983 3379 surgite;

415 3390 537 3461 quia
565 3401 620 3446 et
649 3391 741 3447 ille
768 3391 1030 3448 humiliari
1059 3395 1222 3461 venit,
1251 3396 1339 3466 qui
1371 3397 1635 3452 exaltatus
1658 3407 1741 3453 est
1768 3409 1986 3469 propter

413 3495 530 3536 vos.
562 3481 629 3536 Et
657 3481 782 3553 quid
807 3482 1005 3538 dictum
1032 3483 1147 3539 est?
1176 3485 1277 3554 Qui
1303 3485 1618 3541 manducetis
1644 3505 1824 3558 panem
1849 3489 1985 3545 dolo-

413 3572 504 3626 ris.
531 3571 634 3628 Iste
659 3581 742 3628 est
771 3573 922 3630 labor
945 3574 1206 3630 fructuum
1228 3618 1242 3642 ,
1278 3576 1427 3646 panis
1447 3576 1668 3634 doloris.
1702 3579 1811 3635 Nisi
1840 3583 1983 3636 enim

415 3662 843 3731 manducaretur,
875 3680 980 3720 non
1002 3666 1270 3722 diceretur
1288 3669 1441 3739 panis
1463 3687 1478 3725 :
1506 3671 1605 3726 nisi
1623 3681 1800 3727 autem
1825 3674 2011 3730 habe--

413 3762 497 3807 ret
518 3753 751 3825 aliquam
777 3756 1091 3812 suavitatem
1121 3759 1271 3828 panis
1292 3760 1396 3815 iste
1415 3801 1430 3825 ,
1455 3776 1613 3816 nemo
1640 3761 1789 3818 illum
1830 3780 1983 3820 man-

413 3843 651 3900 ducarct.
673 3846 803 3901 Cum
826 3857 1021 3918 quanta
1044 3850 1309 3905 suavitate
1330 3852 1350 3883 ²
1372 3851 1546 3921 plorat
1572 3853 1623 3908 in
1649 3856 1868 3924 gemitu,
1893 3859 1981 3927 qui

410 3938 562 3989 orat?
589 3937 859 3993 Dulciores
879 3949 1003 3994 sunt
1029 3940 1275 4014 lacrymas
1295 3944 1579 4011 orantium,
1608 3961 1764 4015 quam
1794 3950 1982 4017 gaudia

415 4027 763 4084 theatrorum.
796 4029 863 4085 Et
890 4032 1012 4087 audi
1043 4031 1310 4089 ﬂammam
1339 4035 1611 4101 desiderii,
1637 4053 1740 4108 qua
1762 4040 1983 4095 mandu-

413 4128 565 4189 catur
589 4121 702 4191 ipse
728 4123 896 4191 panis,
921 4124 987 4178 de
1008 4140 1113 4194 quo
1137 4125 1224 4180 hic
1249 4127 1394 4191 dicit,
1427 4128 1526 4194 Qui
1550 4130 1864 4186 manducatis
1892 4151 1985 4201 pa-

412 4224 527 4263 rtem
554 4211 762 4266 doloris.
801 4212 921 4267 Alio
947 4214 1066 4271 loco
1090 4215 1219 4271 dicit
1243 4233 1428 4273 amans
1457 4220 1590 4288 istc,
1619 4221 1770 4293 cujus
1796 4239 1979 4279 vocem

413 4299 466 4356 in
514 4300 728 4357 Psalmo
772 4304 1081 4374 plerumque
1119 4309 1695 4377 agnoscitnus:Factaz
1715 4326 1831 4368 sunt
1861 4317 1983 4370 mihi

381 4410 384 4414 λ
415 4392 653 4465 lacryma:
679 4411 804 4450 mete
831 4399 977 4468 panis
1005 4400 1084 4454 die
1111 4418 1171 4454 ac
1196 4411 1356 4458 nocte.
1390 4404 1539 4460 Unde
1570 4407 1717 4463 factae
1748 4423 1871 4465 sunt
1902 4413 1981 4466 la-

413 4500 610 4556 crymte
635 4488 820 4557 panis?
850 4487 985 4543 Dum
1010 4493 1192 4546 dicitur
1215 4494 1340 4547 mihi
1366 4497 1604 4567 quotidie,
1629 4499 1726 4554 Ubi
1754 4512 1825 4555 est
1850 4502 1982 4558 Deus

414 4590 530 4633 tuus
569 4578 732 4652 (PsaL
766 4598 851 4637 xu
873 4624 886 4647 ,
919 4584 1009 4653 4)?
1039 4587 1332 4655 Antequam
1369 4590 1508 4643 enim
1550 4592 1821 4649 videamus
1858 4607 1978 4650 cum

411 4671 501 4740 qui
532 4687 631 4726 nos
654 4671 856 4740 dilexit,
884 4675 970 4745 qui
999 4677 1151 4731 nobis
1172 4677 1359 4749 pignus
1380 4679 1544 4747 dedit,
1571 4683 1654 4735 cui
1677 4683 1980 4751 deSpOiisati

416 4777 635 4828 sumus,
670 4764 924 4819 insultant
965 4768 1118 4822 nobis
1159 4767 1386 4840 Pagani,
1420 4781 1473 4825 et
1510 4769 1730 4826 dicunt:
1760 4773 1857 4828 Ubi
1900 4787 1981 4829 est

417 4853 557 4926 quod
579 4855 759 4909 colunt
778 4854 1101 4912 Christiani?
1120 4858 1412 4915 Ostendam
1435 4862 1587 4915 nobis
1601 4880 1756 4933 quem
1779 4865 1977 4920 colunt.

416 4951 553 5005 Ecce
575 4964 674 5019 ego
697 4949 920 5002 ostendo
947 4949 1050 5004 illis
1083 4950 1247 5006 Deum
1277 4969 1473 5017 meum,
1501 4965 1554 5008 et
1577 4955 1677 5025 ipsi
1699 4958 1982 5014 ostendant

414 5041 541 5096 mihi
576 5041 739 5096 Deum
763 5056 937 5096 suum.
959 5041 1089 5097 Cum
1113 5044 1205 5098 tibi
1234 5045 1333 5099 hoc
1352 5045 1478 5100 dicit
1500 5062 1752 5118 paganus,
1777 5065 1880 5103 non
1904 5050 1984 5105 in-

412 5133 562 5187 venis
588 5132 728 5204 quod
760 5132 832 5187 illi
862 5133 1144 5200 ostendas;
1176 5136 1298 5205 quia
1326 5151 1429 5191 non
1461 5147 1541 5193 est
1578 5140 1664 5194 cui
1705 5143 1970 5197 ostendas.

413 5225 578 5281 Redis
604 5242 766 5299 ergo,
797 5237 852 5283 et
880 5226 1082 5298 plangis
1105 5227 1170 5282 ad
1205 5229 1400 5296 Deum;
1428 5233 1550 5302 quia
1592 5234 1664 5288 illi
1708 5237 1944 5305 suspiras
1964 5277 1979 5302 ,

415 5326 697 5386 antequam
726 5317 940 5382 videas,
980 5326 1035 5374 et
1059 5317 1323 5374 desiderio
1349 5320 1514 5391 ipsius
1539 5324 1740 5392 gemis;
1773 5336 1826 5380 et
1859 5327 1979 5396 quia

415 5403 468 5456 in
494 5405 663 5475 ipsius
683 5407 949 5464 desiderio
979 5408 1174 5478 ploras,
1207 5409 1390 5466 dulces
1419 5421 1544 5466 sunt
1569 5424 1623 5469 et
1652 5415 1779 5485 ipsa:
1805 5416 1981 5487 lacry-

417 5508 553 5560 ιηω.
594 5506 649 5550 et
690 5511 787 5566 pro
811 5500 931 5554 cibo
964 5499 1055 5554 tibi
1085 5510 1274 5569 erunt,
1306 5503 1426 5572 quia
1456 5503 1605 5559 facta:
1635 5517 1758 5561 sunt
1801 5508 1890 5563 tibi
1930 5517 1983 5562 et

477 5650 496 5684 ι
521 5646 741 5709 Quinque
763 5656 890 5708 Mss,
914 5654 1166 5706 erexerat:

477 5712 498 5742 ²
526 5721 623 5755 Alli.
649 5714 721 5778 t-‘r.
747 5717 797 5778 et
820 5711 1041 5778 plerique
1065 5725 1191 5778 tus-5.,
1227 5731 1366 5767 nemo
1383 5717 1519 5769 illum
1540 5720 1853 5775 manducaret
1876 5737 1982 5773 cum

414 5778 546 5827 tanta
568 5771 813 5817 maritate.
841 5771 1010 5827 tlurat,
1041 5791 1131 5824 εις..

1664 330 1721 385 S.
1761 329 2126 389 AUGUSTINI
2158 330 2462 393 EPISCOPI

3559 354 3579 410 ι
3590 355 3697 413 686

2120 448 2249 519 ipsa:
2277 453 2431 521 panis
2454 452 2544 510 die
2579 468 2643 512 ac
2677 467 2866 526 nocte,
2909 459 3034 517 dum
3069 462 3268 520 dicitur
3294 464 3388 522 tibi
3416 470 3694 539 quotidie,

2118 539 2216 598 Ubi
2240 553 2314 599 est
2352 544 2492 602 Deus
2519 551 2669 606 tuus?
2712 550 2818 608 Sed
2848 555 3025 610 veniet
3053 556 3192 613 Deus
3219 567 3361 627 tuus,
3384 560 3453 617 de
3477 577 3584 632 quo
3609 564 3695 618 di-

2064 672 2069 677 .
2111 633 2269 700 citur,
2304 635 2402 692 Ubi
2422 641 2532 695 est?
2560 652 2614 697 ct
2643 642 2911 716 abstergct
2940 646 3201 721 lacrymas
3229 650 3411 724 (Apoc.
3436 670 3561 724 nt,
3589 658 3626 713 4
3645 661 3692 725 ),

2111 733 2166 779 et
2189 725 2302 796 ipse
2326 742 2422 798 pro
2450 745 2586 798 pane
2607 732 2961 807 lacrymarum
2985 740 3256 807 succedet,
3284 754 3338 798 et
3361 753 3414 800 te
3438 746 3488 799 in
3515 757 3673 803 aiter.

2110 829 2235 871 num
2265 819 2554 889 saginabit;
2583 825 2704 895 quia
2731 827 2831 882 erit
2864 829 3141 889 uobiscum
3168 834 3388 891 verbum
3423 836 3548 901 Dei,
3576 855 3695 909 quo

2110 920 2398 977 pascuntur
2431 914 2641 985 Angeli.
2687 917 2902 974 Interim
2942 922 3101 977 modo
3145 924 3356 982 labores
3380 926 3689 1003 fructuum,

2111 1011 2291 1069 postea
2320 1003 2519 1061 fructus
2544 1007 2760 1065 laboris.
2783 1010 3003 1069 Labores
3027 1019 3283 1085 fructuum
3313 1030 3515 1075 tuorum
3540 1041 3691 1079 mau-

2106 1090 2347 1161 ducabis;
2374 1096 2544 1153 beatus
2562 1116 2631 1165 es,
2656 1111 2703 1155 et
2727 1101 2850 1157 bene
2871 1104 2963 1157 tibi
2984 1107 3094 1159 erit.
3121 1105 3311 1163 Beatus
3331 1128 3383 1165 es
3405 1154 3421 1179 ,
3453 1113 3519 1168 ile
3547 1131 3687 1185 pne-

2104 1186 2239 1239 scnti
2268 1199 2381 1250 est;
2411 1188 2534 1245 bene
2559 1190 2647 1245 tibi
2673 1195 2785 1258 erit,
2814 1195 2880 1259 de
2900 1194 3078 1252 futuro
3102 1209 3220 1255 est:
3248 1218 3368 1257 cum
3393 1208 3687 1263 tnanducas

2104 1275 2313 1332 labores
2340 1278 2602 1337 fructuum
2634 1294 2841 1339 tuorum
2861 1328 2875 1351 ,
2907 1286 3079 1344 beatus
3101 1306 3190 1355 es;
3217 1307 3338 1347 cum
3373 1299 3686 1363 perveneris

2102 1366 2167 1420 ad
2213 1366 2439 1424 fructum
2482 1372 2721 1428 laborum
2786 1384 3030 1440 tuorum,
3077 1379 3198 1435 bene
3255 1382 3344 1436 tibi
3387 1386 3500 1438 erit.
3540 1386 3683 1456 Quid

2100 1456 2265 1513 dixit?
2290 1459 2420 1515 Nam
2449 1462 2492 1516 si
2519 1463 2655 1519 bene
2684 1466 2774 1520 tibi
2802 1469 2923 1532 erit,
2960 1470 3141 1540 utique
3168 1471 3354 1527 beatus
3380 1477 3518 1541 eris;
3550 1489 3604 1532 et
3629 1482 3679 1533 si

2100 1547 2287 1606 beatus
2319 1553 2455 1620 eris,
2488 1554 2624 1610 bene
2652 1559 2833 1629 utique
2871 1561 2961 1615 tibi
2990 1564 3111 1618 erit.
3141 1562 3245 1620 Sed
3279 1567 3501 1624 interest
3538 1570 3682 1627 inter

2099 1653 2247 1711 Spem
2261 1650 2314 1697 et
2326 1659 2458 1698 rem.
2471 1644 2528 1700 Si
2544 1661 2665 1717 spes
2676 1656 2780 1703 tam
2799 1649 2987 1718 dulcis,
3004 1665 3203 1724 quanto
3223 1672 3308 1711 res
3319 1658 3524 1714 dulcior
3537 1662 3640 1716 erit
3657 1665 3677 1719 Ξ

2171 1733 2258 1787 Η.
2273 1732 2389 1788 Jam
2408 1737 2676 1793 veniamus
2692 1738 2757 1793 ad
2776 1740 2923 1803 illud,
2948 1741 3090 1797 Uxor
3105 1754 3212 1799 tua:
3227 1746 3438 1803 Christo
3456 1750 3674 1807 dicitur.

2097 1818 2241 1892 Ergo
2259 1839 2397 1879 uxor
2434 1825 2582 1895 ejus,
2608 1828 2845 1885 Ecclesia
2890 1831 3037 1902 ejus;
3069 1834 3308 1907 Ecclesia
3361 1841 3475 1907 ejus
3495 1882 3511 1907 ,
3541 1858 3681 1897 uxor

2095 1911 2244 1981 ejus,
2274 1930 2369 1971 nos
2400 1916 2517 1985 ipsi.
2544 1918 2847 1986 Sicutuinea
2872 1924 3070 1993 fertilis.
3096 1925 3201 1980 Sed
3226 1928 3275 1980 in
3297 1930 3487 1998 quibus
3516 1934 3673 1987 vinea

2095 2003 2321 2061 fertilis?
2350 2008 2596 2065 Videmus
2617 2012 2755 2068 enim
2783 2015 3007 2082 parietes
3029 2016 3157 2073 istos
3186 2010 3445 2075 intrantes
3477 2025 3680 2081 inultus

2095 2096 2333 2162 steriles;
2364 2099 2603 2163 videmus
2644 2103 2767 2171 quia
2819 2104 2949 2159 istos
2994 2108 3220 2176 parietes
3279 2111 3475 2167 intrant
3518 2116 3675 2171 multi

2093 2186 2316 2251 ebriosi,
2337 2188 2660 2247 feneratores
2679 2235 2695 2258 ,
2714 2210 3019 2266 mangones,
3045 2212 3341 2268 qumrentes
3363 2205 3668 2277 sortilegos,

2093 2286 2279 2333 euntes
2328 2280 2394 2335 ad
2453 2294 2809 2352 priccantores
2851 2296 2906 2342 et
2947 2294 3409 2362 prmcantatrices,
3456 2300 3673 2367 quando

2092 2366 2197 2422 illis
2241 2380 2399 2438 caput
2445 2371 2606 2427 dolet.
2650 2374 2753 2429 Ista
2796 2386 2877 2431 est
2932 2378 3175 2435 fertilitas
3203 2384 3409 2440 vium?
3438 2366 3530 2442 ista
3586 2401 3677 2446 est

2094 2459 2304 2516 ubertas
2326 2464 2680 2521 ux0ris?.Non
2729 2469 2839 2538 ipsa
2865 2478 2965 2525 est.
3021 2473 3137 2526 ista:
3180 2477 3344 2544 spimc
3386 2492 3510 2533 sunt
3535 2486 3670 2544 ,sed

2091 2566 2196 2605 non
2227 2552 2419 2623 ubique
2442 2555 2702 2624 spinosa‘.
2728 2558 2893 2615 liabet
2918 2564 3196 2632 quamdam
3231 2566 3583 2639 fertilitatem,
3614 2587 3674 2630 et

2091 2650 2172 2696 est
2199 2644 2350 2698 vinea
2394 2646 2613 2713 fertilis;
2645 2650 2739 2704 sed
2778 2651 2832 2705 in
2876 2654 3108 2722 quibus?
3138 2654 3204 2709 In
3227 2658 3467 2715 lateribus
3485 2663 3670 2720 domus

2092 2741 2209 2787 tuae.
2239 2734 2355 2789 Non
2381 2752 2567 2793 omnes
2603 2738 2852 2796 dicuntur
2877 2742 3040 2798 latera
3067 2745 3275 2802 domus.
3310 2750 3497 2817 Qner
3520 2759 3666 2809 enim

2090 2842 2207 2897 quae
2241 2828 2347 2882 sint
2389 2830 2552 2885 latera
2579 2849 2593 2885 :
2623 2833 2746 2900 quid
2796 2833 3008 2890 dicam?
3047 2837 3283 2894 Parietes
3335 2851 3657 2913 situt,qu.~tsi

2091 2918 2291 2988 lapides
2307 2921 2494 2977 fortes?
2522 2923 2577 2978 Si
2607 2923 2675 2979 de
2703 2925 2806 2981 hoc
2831 2927 3130 2984 habitacula
3153 2935 3411 3002 corporali
3431 2936 3659 3004 diceret,

2089 3010 2228 3069 forte
2246 3014 2345 3069 hoc
2364 3016 2777 3087 intelligeremus
2793 3019 2979 3075 latera.
3000 3022 3187 3078 Latcra
3205 3025 3430 3081 dicimus
3445 3026 3663 3097 domus,

2089 3121 2182 3162 eos
2206 3107 2291 3178 qui
2322 3108 2583 3171 inhaerent
2608 3108 2842 3166 Christo.
2871 3112 2985 3169 Non
3019 3116 3159 3170 enim
3195 3118 3309 3173 sine
3328 3134 3486 3173 causa
3530 3132 3587 3177 et
3612 3124 3670 3177 in

2089 3211 2333 3254 sermone
2354 3200 2656 3269 quotidiana
2679 3201 2904 3257 dicimus
2931 3205 2997 3261 de
3014 3205 3189 3277 aliquo
3207 3249 3222 3273 ,
3249 3209 3337 3279 qui
3365 3211 3501 3265 forte
3530 3214 3670 3267 male

2088 3291 2196 3360 agit
2220 3306 2284 3344 ex
2312 3293 2566 3346 malorum
2585 3295 2822 3350 consiliis
2845 3298 3170 3366 amicorum;
3211 3301 3277 3356 de
3302 3303 3392 3357 illo
3415 3304 3668 3372 dicimus,

2087 3382 2223 3437 Mala
2254 3383 2414 3449 latera
2439 3384 2619 3440 habet.
2649 3386 2785 3455 Quid
2802 3397 2916 3456 est,
2944 3390 3075 3445 Mala
3105 3391 3267 3449 latera
3312 3394 3473 3451 habet
3492 3397 3518 3450 ἲ
3538 3398 3668 3455 Mali

2090 3475 2163 3530 illi
2210 3475 2488 3532 inharrent.
2537 3479 2674 3550 Ergo
2718 3481 2866 3538 etde
2914 3483 3055 3552 alio,
3086 3484 3227 3541 Bona
3254 3487 3417 3544 tatem
3468 3490 3665 3546 habet:

2089 3566 2241 3622 bouis
2277 3569 2511 3624 consiliis
2559 3570 2704 3626 vivit.
2734 3572 2871 3639 Quid
2918 3584 3000 3630 est
3055 3574 3195 3632 hoc?
3220 3578 3382 3634 Bonis
3425 3583 3668 3639 consiliis

2089 3659 2307 3729 regitur.
2344 3661 2481 3731 Ergo
2526 3662 2690 3718 latera
2732 3664 2922 3721 domus
2968 3678 3092 3722 sunt
3143 3670 3217 3724 illi
3263 3674 3351 3741 qui
3399 3669 3669 3732 inhaerent.

2087 3749 2322 3807 Christo.
2353 3751 2463 3807 Nec
2489 3752 2608 3808 sine
2633 3769 2790 3809 causa
2821 3768 2873 3811 et
2897 3757 3007 3826 ipsa
3035 3760 3228 3831 conjux
3246 3762 3315 3818 dc
3340 3764 3504 3821 latere
3523 3765 3662 3822 facta

2087 3851 2189 3897 est.
2217 3840 2343 3897 Viro
2361 3842 2687 3911 dormiente,
2717 3846 2820 3900 Eva
2850 3850 2985 3904 facta
3017 3859 3100 3905 est
3143 3851 3292 3926 (Gen.
3320 3869 3390 3922 ιι,
3415 3855 3507 3921 2t,
3534 3856 3659 3927 22),

2089 3934 2349 3988 moriente
2374 3933 2587 3992 Christo
2607 3976 2621 3999 ,
2644 3937 2876 3993 Ecclesia
2907 3939 3039 3995 facta
3066 3954 3176 3998 est:
3205 3954 3259 4000 et
3286 3946 3368 4001 illa
3396 3947 3465 4002 de
3494 3950 3663 4004 latere

2086 4024 2220 4091 viri,
2247 4038 2366 4078 cum
2397 4034 2541 4081 costa
2595 4027 2829 4083 detracta
2873 4045 2990 4097 CSt;
3017 4042 3070 4088 et
3096 4033 3192 4089 ista
3241 4036 3308 4092 de
3333 4037 3497 4093 latere
3523 4039 3660 4107 viri,

2086 4113 2298 4183 quando
2327 4115 2463 4171 latus
2514 4116 2695 4172 lancea
2735 4133 3041 4189 percussum
3077 4133 3159 4178 est
3198 4124 3375 4197 (Joan.
3404 4144 3509 4193 xu,
3539 4130 3659 4199 54),

2086 4217 2140 4262 ct
2172 4208 2511 4265 Sacramenta
2537 4212 2921 4284 profluxerunt.
2955 4218 3094 4288 Ergo
3138 4236 3265 4274 umor
3294 4232 3381 4275 tua
3409 4233 3464 4275 ut
3508 4224 3657 4278 vinea

2087 4299 2287 4370 fertilis.
2312 4299 2418 4355 Sed
2449 4302 2499 4354 in
2542 4304 2776 4372 quibus?
2820 4305 2886 4359 In
2934 4307 3170 4363 lateribus
3215 4310 3393 4364 domus
3427 4314 3571 4365 tuat’.
3600 4312 3661 4368 In

2085 4390 2203 4444 aliis
2226 4392 2314 4462 qui
2342 4407 2445 4447 non
2467 4392 2742 4449 adhaerent
2772 4393 3022 4465 Christo,
3050 4399 3262 4454 sterilis.
3283 4400 3386 4455 Sed
3414 4417 3513 4456 nec
3538 4402 3661 4460 illos

2087 4481 2137 4534 in
2167 4481 2316 4536 vinea
2343 4486 2680 4553 computabo.

2158 4574 2245 4633 12.
2279 4574 2401 4629 Filii
2427 4579 2516 4630 tui.
2546 4577 2675 4644 Quae
2713 4588 2797 4633 est
2843 4596 3000 4645 uxor,
3032 4581 3129 4650 ipsi
3187 4591 3310 4637 sunt
3357 4593 3413 4637 et
3455 4582 3566 4637 lilii.
3597 4583 3659 4639 ιιι

2087 4665 2202 4719 istis
2225 4667 2522 4722 carnalibus
2556 4670 2749 4736 nuptiis
2774 4679 2829 4725 ct
2849 4672 3138 4741 conjugiis,
3171 4673 3271 4726 alia
3305 4691 3436 4727 uxor
3474 4683 3525 4729 et
3567 4677 3663 4732 alii

2089 4755 2175 4827 filii
2209 4774 2221 4809 :
2259 4759 2308 4811 in
2339 4758 2573 4813 Ecclesia
2610 4775 2727 4830 qua:
2769 4778 2919 4829 uxor,
2966 4762 3060 4830 ipsi
3098 4763 3210 4818 lilii.
3243 4763 3320 4817 Ad
3364 4765 3660 4819 Ecclesium

2086 4850 2226 4903 enim
2268 4852 2595 4922 pertinebant
2623 4854 2858 4921 Apostoli
2883 4895 2897 4917 ,
2919 4862 2973 4907 et
3000 4854 3050 4906 in
3100 4854 3371 4925 membris
3402 4855 3663 4910 Ecclesia:

2087 4950 2256 4993 erant.
2288 4941 2424 5009 Ergo
2475 4944 2523 4993 in
2546 4941 2769 5012 eonjugc
2792 4943 2953 5011 ipsius
2981 4953 3164 5009 erant,
3194 4953 3247 4998 et
3283 4944 3471 5014 conjux
3503 4956 3663 5001 erant

2089 5030 2374 5085 secundum
2408 5034 2700 5100 portionem
2726 5049 2874 5086 suam
2905 5049 3061 5103 quam
3092 5034 3144 5088 iu
3172 5036 3420 5089 membris
3444 5037 3665 5090 obtine—

2087 5123 2231 5177 bant.
2264 5123 2436 5190 Quare
2480 5140 2604 5194 ρι’ςο
2649 5124 2716 5178 de
2761 5125 2861 5178 illis
2896 5125 3086 5179 dicitur
3115 5143 3126 5178 :
3152 5126 3278 5179 Cum
3316 5128 3572 5179 recesserit
3597 5128 3665 5180 ab

2087 5215 2158 5267 eis
2181 5231 2413 5283 sponsus,
2443 5214 2982 5284 tuncjrjuuabunt/ilii
3002 5217 3173 5286 sponsi
3193 5216 3495 5289 (Matt/tux,
3534 5219 3667 5283 15)?
3724 5256 3729 5259 -

2090 5302 2231 5373 Ergo
2281 5304 2397 5374 ipsa
2433 5304 2621 5373 corjux
2642 5347 2657 5371 ,
2688 5317 2737 5357 ct
2767 5306 2864 5373 ipsi
2898 5304 3032 5358 filii”.
3060 5304 3247 5360 Mirum
3293 5306 3443 5371 dico,
3470 5306 3666 5361 fratres

2088 5398 2213 5454 inci.
2247 5396 2299 5450 ln
2330 5397 2502 5453 verbis
2535 5384 2738 5451 Domini
2770 5398 3065 5454 invenimus
3095 5399 3383 5455 Ecclesium
3402 5398 3668 5454 etfrattes

2090 5490 2254 5560 ipsius
2280 5504 2398 5543 esse
2418 5530 2432 5554 ,
2462 5499 2517 5543 et
2540 5504 2752 5544 sorores
2775 5490 2936 5558 ipsius
2967 5506 3086 5545 esse
3105 5532 3120 5555 ,
3149 5501 3203 5545 ct
3241 5501 3464 5546 matrem
3496 5490 3667 5560 ipsius

2154 5607 2167 5634 ι
2197 5601 2420 5664 Plerique
2442 5609 2565 5661 Mss,
2589 5601 2673 5653 sed
2696 5615 2789 5652 non
2806 5601 2994 5665 ubique.
3020 5605 3263 5665 spinosam
3285 5604 3442 5662 habet,
3468 5613 3565 5655 etc.

2152 5666 2172 5697 ²
2195 5665 2283 5734 llic
2322 5670 2397 5713 tr.
2437 5671 2487 5713 ct
2524 5671 2632 5713 Lor.
2667 5664 2879 5724 addunt,
2902 5664 3074 5716 ἰακυδι
3111 5665 3159 5715 in
3198 5664 3258 5716 iis
3294 5665 3377 5727 qui
3411 5666 3670 5717 atlhrrcnt

2090 5724 2294 5778 Christo.

2169 5785 2278 5835 $Er.
2306 5785 2451 5848 Lugd.
2473 5795 2609 5848 \‘cn.,
2633 5786 2736 5849 ipsa
2759 5786 2861 5845 ﬁlii.
2966 5795 3020 5837 tl.
