4032 6202
347 255 476 312 1685

340 393 474 434 csse.
499 376 631 432 Nam
660 391 782 431 cum
805 374 1175 430 nuntiarentur
1199 371 1247 428 ei
1292 381 1461 426 mater
1484 371 1598 439 ejus
1637 380 1687 422 et
1719 366 1906 421 fratres

340 472 463 526 foris
509 478 742 533 stantes;
770 469 888 538 quia
932 466 1061 521 foris
1105 465 1346 525 stabant.
1399 473 1576 534 typum
1632 459 1903 532 gerebant.

339 563 465 630 Quis
498 571 652 632 typus
707 558 1248 646 matris?Synagoga.
1303 555 1432 620 Quis
1482 564 1636 624 typus
1687 551 1904 605 fratrum

336 653 664 707 carnalium?
690 649 858 704 Judmi
913 650 1041 702 loris
1083 658 1302 702 stantes.
1333 646 1399 701 Et
1447 646 1572 698 foris
1603 652 1709 697 stat
1750 657 1908 714 syna-

335 765 488 820 goga.
515 748 644 803 Nam
672 747 834 802 Maria
865 747 918 801 in
945 745 1200 800 lateribus
1225 743 1414 798 domus
1442 743 1591 807 ejus,
1622 749 1676 795 et
1699 719 1904 809 cognati

335 841 450 910 ejus
480 855 544 894 ex
566 839 784 909 virginis
810 837 986 892 Maria:
1003 834 1459 904 consanguinitate
1485 834 1759 888 venientes
1777 871 1792 896 ,
1816 831 1906 900 qui

335 935 534 987 incum
585 930 957 994 crediderunt,
993 930 1044 983 in
1098 919 1347 983 lateribus
1400 926 1590 980 domus
1632 925 1905 994 cjus;non

334 1017 671 1094 in’qnantum
702 1020 903 1076 carnali
931 1020 1383 1092 consanguinitate
1406 1017 1574 1087 juncti
1595 1025 1778 1078 erant,
1810 1013 1906 1068 sed

327 1117 386 1172 in
407 1124 660 1186 quantum
685 1115 906 1170 verbum
955 1114 1045 1168 Dei
1068 1112 1349 1167 audiebant
1393 1120 1448 1165 et
1489 1109 1770 1164 faciebant.
1796 1108 1908 1162 lloc

331 1208 474 1262 enim
497 1205 776 1275 reSpondit
808 1204 1064 1258 Dominus
1088 1204 1263 1267 etait,
1298 1200 1425 1266 Quae
1452 1201 1574 1254 mihi
1611 1211 1790 1265 mater,
1821 1207 1908 1252 aut

329 1299 418 1368 qui
468 1298 690 1367 fratres?
718 1295 869 1352 Unde
913 1301 1251 1350 tentaverunt
1294 1291 1507 1363 quidam
1562 1291 1739 1346 dicere
1783 1291 1904 1360 quia

329 1391 576 1446 Christus
601 1399 823 1443 matrem
849 1402 954 1442 non
1007 1386 1224 1447 habuit,
1251 1386 1374 1455 quia
1407 1383 1578 1448 dixit,
1615 1383 1739 1450 Qute
1782 1382 1904 1434 mihi

329 1482 532 1535 mater?
551 1479 767 1547 Quare?
799 1480 937 1550 Ergo
963 1479 1152 1533 Petrus
1195 1486 1250 1532 ct
1272 1477 1506 1532 Joannes
1535 1486 1588 1530 et
1635 1474 1863 1529 Jacobus
1886 1514 1900 1537 ,

327 1581 387 1625 et
411 1570 498 1623 alii
522 1569 761 1639 Apostoli
807 1577 984 1637 patres
1037 1583 1138 1621 non
1198 1566 1498 1620 habuerunt
1551 1566 1600 1619 in
1635 1563 1905 1619 terra?Et

335 1672 512 1716 tamen
539 1660 666 1730 quid
685 1661 764 1715 eis
789 1660 950 1715 dicit?
981 1658 1156 1713 Nolite
1185 1659 1317 1713 vobis
1339 1659 1502 1712 dicere
1538 1667 1731 1729 patrem
1756 1673 1906 1726 super

328 1763 558 1817 terram;
601 1769 731 1805 unus
777 1761 848 1805 est
887 1752 1018 1804 enim
1049 1749 1205 1804 Pater
1246 1760 1402 1804 vester
1442 1766 1525 1820 qui
1564 1752 1617 1802 in
1669 1748 1806 1802 caelis
1834 1759 1904 1802 est

330 1842 444 1915 (Id.
475 1831 729 1912 ixnt,9).
752 1840 904 1909 Quod
935 1857 1058 1912 ergo
1099 1843 1149 1896 in
1179 1852 1323 1912 patre
1349 1841 1573 1896 docebat
1597 1840 1902 1910 discipulos,

331 1939 436 1989 hoc
463 1936 512 1988 in
546 1943 713 1988 matre
756 1935 867 2003 ipse
893 1933 1297 1988 demonstravit.
1325 1933 1446 1987 Vult
1474 1935 1614 1987 enim
1651 1934 1903 1986 Dominus

331 2038 391 2080 ut
433 2026 978 2096 consanguinitalihus
1035 2027 1256 2080 terrenis
1295 2041 1664 2094 praeponamus
1717 2026 1900 2079 Deum.

333 2119 494 2173 Defer
541 2119 714 2188 patri,
743 2119 863 2186 quia
914 2126 1062 2186 pater
1109 2128 1227 2180 est;
1255 2119 1404 2173 defer
1435 2120 1561 2183 Deo,
1593 2120 1718 2188 quia
1770 2120 1904 2174 Deus

327 2221 432 2265 est.
465 2210 749 2266 Gcncravit
776 2220 826 2264 te
849 2220 995 2278 pater
1015 2210 1466 2263 accommt‘ulando
1490 2226 1703 2266 carnem
1732 2225 1902 2277 suam;

327 2305 534 2358 creavit
560 2313 609 2357 te
639 2303 776 2357 Deus
817 2302 1117 2356 adhibendo
1142 2303 1428 2371 potentiam
1457 2317 1628 2356 suam.
1677 2302 1752 2356 Ne
1798 2303 1903 2355 ira-

329 2404 512 2449 scatur
540 2404 687 2462 patcr
715 2408 834 2446 cum
859 2394 1000 2447 Deus
1050 2394 1121 2447 illi
1152 2395 1510 2462 praepOnitur;
1547 2395 1651 2447 imo
1682 2394 1906 2463 gaudeat

327 2486 437 2549 sibi
485 2495 684 2541 tantum
734 2485 964 2553 deferri,
999 2494 1056 2544 ut
1099 2487 1185 2540 ille
1229 2487 1502 2540 inventus-
1533 2497 1673 2542 esset
1719 2489 1806 2557 qui
1856 2487 1904 2542 ei

328 2577 551 2632 deberet
577 2577 808 2646 prmponi
833 2577 931 2645 (α).
965 2578 1102 2645 ΕΓεο
1124 2577 1246 2644 quid
1269 2577 1479 2630 dicam?
1505 2578 1756 2630 Dominus
1781 2578 1904 2648 quid

327 2667 444 2722 ait?
474 2668 601 2731 Quae
621 2667 742 2719 milii
763 2677 938 2732 mater,
961 2677 1045 2718 aut
1065 2668 1149 2733 qui
1169 2668 1390 2736 fratres?
1411 2667 1476 2720 Et
1492 2668 1709 2721 extendit
1730 2685 1907 2721 manus

328 2761 385 2814 in
403 2759 676 2829 discipulos
697 2777 832 2825 suos,
857 2770 902 2813 et
927 2763 996 2812 ait
1015 2775 1033 2813 :
1055 2759 1187 2812 Ecce
1208 2771 1364 2813 mater
1381 2777 1488 2813 mea
1509 2771 1555 2813 et
1577 2763 1757 2830 fratres
1787 2761 1904 2814 mei.

330 2851 553 2906 Fratres
601 2862 780 2913 erant;
807 2862 976 2906 mater
1013 2851 1283 2922 quomodo
1305 2853 1524 2909 .erant?
1559 2853 1806 2919 Addidit,
1842 2853 1907 2908 Et

328 2945 418 3014 qui
451 2944 624 3012 fecerit
649 2944 950 2997 uoluntatem
978 2943 1145 2998 Patris
1184 2945 1312 3006 mei,
1339 2946 1446 3013 ipse
1495 2947 1618 2998 nti/ti
1662 2949 1838 3018 frater,
1862 2957 1908 3000 et

329 3054 497 3100 soror,
543 3047 591 3090 et
629 3045 785 3090 mater
831 3047 902 3090 est
951 3035 1060 3106 (1d.
1092 3053 1218 3102 χχιι,
1245 3037 1456 3106 46-50).
1509 3039 1670 3104 Puta,
1727 3042 1902 3109 frater,

332 3137 556 3199 propter
583 3144 766 3182 sexum
796 3129 1004 3182 virilem
1033 3144 1188 3196 quem
1221 3128 1380 3182 habet
1428 3129 1709 3195 Bcclcsia‘;
1740 3148 1904 3199 soror,

331 3232 553 3293 propter
575 3221 796 3276 feminas
823 3235 954 3289 quas
983 3219 1068 3275 hic
1096 3221 1148 3274 in
1173 3221 1423 3275 membris
1451 3221 1608 3275 habet
1633 3221 1906 3277 Christus:

330 3324 493 3367 mater
521 3311 814 3382 quomodo,
840 3311 937 3364 nisi
962 3311 1083 3381 quia
1115 3312 1224 3381 ipse
1255 3312 1498 3365 Christus
1527 3322 1609 3366 est
1657 3313 1709 3366 in
1745 3311 1903 3368 Chri-

331 3405 558 3465 stianis,
587 3417 720 3473 quos
761 3401 1091 3482 Christianos
1137 3419 1232 3472 per
1283 3403 1612 3472 Baptismum
1666 3405 1906 3474 quotidie

335 3499 474 3566 parit
515 3495 780 3550 Ecclesia?
811 3497 946 3565 Ergo
997 3497 1048 3551 in
1077 3495 1268 3566 quibus
1299 3497 1549 3568 intelligis
1598 3498 1908 3568 conjugem,

333 3592 388 3645 in
419 3591 807 3654 illis'matrem,
840 3589 892 3642 in
923 3589 1024 3644 illis
1055 3589 1211 3642 ﬁlios.

409 3685 495 3739 15.
539 3683 756 3736 Dicatur
784 3697 909 3754 ergo
950 3683 1134 3751 quales
1162 3682 1357 3736 debent
1382 3696 1500 3737 esse
1545 3682 1657 3735 ﬁlii.
1681 3681 1911 3748 Quales?

336 3774 570 3831 Pacifici.
620 3773 793 3841 Quare
843 3773 1086 3842 pacifici?
1127 3772 1293 3840 Quia,
1343 3771 1485 3825 Beati
1531 3772 1762 3841 paciﬁci,
1791 3774 1910 3842 quia

335 3869 435 3937 ipsi
475 3867 570 3936 ﬁlii
611 3865 704 3919 Dei
751 3866 1058 3919 vocabuntur
1097 3863 1219 3933 (Id.
1247 3880 1310 3927 ν,
1353 3864 1449 3932 9).
1503 3863 1632 3930 Quia
1688 3879 1815 3934 ergo
1855 3866 1907 3918 in

333 3962 472 4016 oliva
505 3959 703 4013 fructus
731 3966 812 4012 est
833 3957 973 4026 pacis
996 3974 1007 4010 :
1041 3957 1218 4010 olemn
1241 3955 1381 4010 enim
1411 3970 1593 4024 pacem
1621 3956 1908 4025 significat,

335 4057 460 4124 quia
506 4053 816 4108 charitatem
864 4051 1156 4121 significat;
1187 4049 1303 4103 sine
1345 4049 1598 4103 charitate
1648 4049 1786 4102 nulla
1813 4065 1913 4118 pax

335 4157 457 4202 est:
487 4154 539 4200 et
569 4143 904 4197 manifestum
941 4151 1023 4196 est
1051 4141 1173 4211 quia
1214 4141 1302 4211 qui
1353 4140 1645 4194 diviserunt
1696 4155 1874 4209 pacem
1897 4183 1911 4206 ,

339 4256 449 4296 non
475 4237 735 4292 habebant
753 4236 1086 4292 charitatem.
1112 4235 1384 4306 Undejam
1411 4233 1631 4302 exposui
1659 4233 1913 4290 Charitati

340 4339 532 4386 vestrae
567 4327 729 4396 quare
770 4327 1010 4381 columba
1061 4327 1180 4380 folia
1213 4343 1330 4380 cum
1376 4325 1544 4380 fructu
1584 4327 1812 4396 portavit
1849 4328 1914 4380 ad

338 4437 520 4479 arcam
549 4418 700 4490 (Gen.
727 4434 848 4482 vui,
879 4420 988 4487 ll);
1023 4428 1078 4472 ut
1105 4418 1427 4488 significaret
1452 4417 1570 4485 quia
1616 4430 1669 4471 et
1715 4417 1785 4471 illi
1827 4419 1914 4484 qui

340 4516 472 4570 foris
515 4515 761 4584 baptizati
808 4522 962 4576 sunt,
995 4513 1131 4565 sicut.
1170 4512 1306 4580 ligna
1337 4511 1422 4565 illa
1447 4520 1592 4566 extra
1617 4527 1791 4566 arcam
1820 4511 1915 4563 ba—

340 4609 535 4680 ptizata
556 4618 697 4671 sunt,
727 4607 770 4661 si
791 4623 892 4660 non
919 4605 1029 4659 sola
1063 4604 1179 4658 folia
1215 4605 1522 4672 habuerint,
1554 4606 1604 4660 id
1635 4616 1716 4661 est
1756 4606 1915 4660 verba

343 4703 488 4767 sola,
520 4701 612 4755 sed
639 4700 919 4754 habuerint
960 4708 1013 4752 et
1061 4697 1316 4763 fructttm,
1343 4699 1482 4767 quod
1529 4710 1606 4753 est
1658 4699 1914 4762 Charitas,

343 4793 454 4861 ipsa
483 4791 724 4847 columba
750 4791 868 4842 illos
896 4797 1132 4859 reportat
1171 4788 1234 4841 ad
1273 4803 1477 4851 arcam,
1509 4798 1563 4842 et
1589 4791 1807 4843 veniunt
1853 4790 1918 4844 ad

344 4884 598 4937 unitatem
633 4881 729 4952 (lt).
762 4880 915 4934 Tales
942 4896 1067 4949 ergo
1110 4878 1198 4931 ﬁlii
1228 4879 1421 4933 debent
1445 4894 1563 4934 esse
1607 4881 1658 4933 in
1709 4881 1920 4932 circuitu

344 4991 529 5028 mensa:
583 4973 825 5035 Domini,
863 4974 992 5026 velut
1047 4973 1310 5025 nove/latio
1363 4973 1626 5026 olivar-tnn.
1683 4960 1919 5026 Perfecta

345 5081 432 5120 res
458 5076 570 5130 est,
594 5081 779 5135 magna
828 5065 1124 5118 beatitudo:
1153 5065 1257 5133 jam
1297 5065 1413 5133 quis
1467 5065 1536 5118 ibi
1592 5065 1724 5118 nolit
1766 5064 1921 5118 esse?

346 5159 476 5213 Cum
503 5159 696 5213 videris
747 5159 979 5234 aliquem
1027 5158 1389 5225 blasphemum
1418 5156 1611 5211 habere
1665 5173 1919 5224 uxorem,

349 5251 483 5304 ﬁlios
505 5293 519 5317 ,
572 5260 820 5319 nepotes,
853 5261 903 5302 et
938 5259 986 5300 te
1019 5247 1151 5302 forte
1180 5263 1282 5300 non
1315 5247 1539 5311 habere,
1569 5248 1674 5300 noli
1715 5248 1920 5314 zelare;

349 5322 468 5397 vide
513 5343 633 5410 quia
669 5351 721 5395 ct
765 5343 815 5394 itt
847 5350 896 5393 te
926 5341 1244 5410 completum
1275 5349 1389 5406 est,
1412 5339 1506 5392 sed
1561 5339 1921 5408 spiritualitcr.

413 5476 429 5507 ί
458 5473 552 5522 t-xld
577 5508 592 5530 ,
609 5487 732 5537 quos
744 5470 839 5530 hic,
870 5479 962 5520 etc.
984 5506 996 5527 ,
1019 5472 1362 5537 omittuntque,
1391 5481 1525 5519 soror
1564 5473 1760 5531 propter
1787 5467 1927 5530 femi-

351 5548 453 5592 nas,
478 5537 604 5596 quod
621 5534 677 5584 in
693 5534 847 5584 altero
871 5534 1097 5596 ex_t;orh.
1127 5542 1232 5596 Mss.
1252 5541 1501 5596 repertum
1523 5538 1616 5580 est.

414 5590 648 5666 (oft-virtu
679 5597 800 5657 leg.,
837 5603 888 5646 at
934 5593 1014 5644 ille
1045 5607 1165 5643 unus
1199 5590 1412 5644 inventus
1445 5591 1505 5642 sit
1528 5625 1544 5653 ,
1577 5591 1659 5654 qui
1694 5591 1738 5642 ei
1763 5590 1928 5642 debeat

353 5672 580 5719 pra‘pom.
604 5703 618 5716 ,

412 5717 483 5782 (6)
509 5728 658 5770 't'ract.
685 5736 729 5768 ῃ
755 5721 801 5768 in
826 5727 975 5780 team,
1003 5734 1032 5768 [ι
1074 5717 1147 5767 ιο.

1347 223 1737 306 manuario
1777 248 1839 303 IN
1868 247 2195 322 pessuma
2222 250 2472 311 cxxvn.

3449 262 3584 318 £686

2022 375 2094 425 An
2123 372 2256 430 forte
2296 391 2398 430 non
2424 391 2482 431 es
2511 374 2563 430 in
2614 377 2901 434 membris?
2923 378 2980 435 Si
3027 395 3129 435 non
3162 380 3232 437 ibi
3275 395 3365 446 es,
3393 381 3579 452 plange

2011 467 2132 536 quia
2165 484 2262 524 nec
2304 471 2541 539 bic,nec
2564 471 2653 525 ibi.
2679 473 2733 528 Si
2781 481 2954 527 autem
3003 474 3108 539 ibi,
3157 488 3373 530 securus
3425 484 3576 536 esto;

1974 602 1983 611 .
2011 561 2132 628 quia
2162 561 2261 616 etsi
2291 561 2360 615 ibi
2397 569 2452 616 et
2469 577 2574 615 non
2604 562 2716 629 hic,
2741 562 3057 618 fructuosius
3085 565 3153 618 ibi
3184 581 3339 634 quam
3364 563 3469 619 hic.

2084 654 2168 709 M.
2209 653 2266 709 Si
2341 670 2468 723 ergo
2528 655 2810 720 habemus,
2861 673 3021 728 quare
3091 657 3382 712 habemus?
3448 657 3579 723 Quia

2013 745 2260 799 timemus
2301 745 2604 800 Dominum.
2652 745 2782 800 Ecce
2824 749 2894 800 sic
2948 748 3259 802 benedicatur
3297 749 3444 801 homo
3496 749 3580 817 qui

2009 837 2143 889 timet
2178 835 2463 890 Dominum.
2486 837 2580 892 Ille
2599 845 2680 891 est
2696 837 2860 901 homo,
2880 839 2966 908 qui
2984 849 3106 893 sunt
3125 839 3388 900 homines;-
3403 849 3453 894 ct
3478 839 3574 906 ipsi

2011 927 2273 996 homines,
2295 930 2599 1000 homo:quia
2630 931 2777 984 multi
2806 946 2987 997 unum,
3010 932 3128 1000 quia
3153 931 3390 985 Christus
3416 928 3571 983 unus.

2081 1024 2166 1076 l5.
2210 1022 2356 1095 [vers.
2395 1024 2447 1088 5,
2501 1022 2576 1095 6.]
2614 1023 2883 1077 Benctlicat
2937 1035 2984 1077 te
3034 1022 3279 1077 Dominus
3299 1039 3361 1076 ea:
3424 1021 3571 1076 Sion.

2009 1114 2257 1182 Cmperas
2295 1116 2435 1170 enim
2490 1116 2792 1180 attendere,
2825 1115 2952 1169 Ecce
2991 1116 3061 1169 sic
3093 1115 3400 1169 benetlicetur
3428 1115 3574 1168 homo

2009 1209 2094 1279 qui
2118 1208 2254 1261 timet
2279 1207 2553 1261 Dominum
2572 1207 2713 1278 :jam
2746 1207 2880 1262 forte
2917 1185 3055 1261 oculi
3086 1206 3156 1259 tui
3180 1205 3327 1259 ibant
3347 1221 3439 1274 per
3459 1205 3577 1258 illos

2007 1299 2097 1368 qui
2151 1313 2254 1353 non
2286 1298 2472 1353 timent
2518 1297 2832 1364 Dominum,
2878 1306 2931 1352 et
2978 1296 3226 1352 videbant
3266 1295 3334 1349 ibi
3387 1312 3577 1350 uxores

2010 1390 2290 1454 fecundas,
2320 1389 2456 1443 ﬁlios
2479 1389 2808 1444 abundantes
2848 1389 3072 1443 circuire
3122 1402 3356 1442 mensam
3412 1389 3574 1455 patris

2009 1482 2120 1545 sui;
2155 1481 2332 1534 nescio
2356 1495 2456 1550 qua
2497 1479 2651 1534 ibas':
2680 1478 2949 1533 Benedicat
2993 1488 3038 1532 te
3078 1477 3321 1531 Dominus
3342 1522 3354 1544 ,
3387 1478 3478 1531 sed
3515 1494 3576 1531 ea:

2011 1572 2156 1628 Sion.
2180 1571 2294 1626 Noli
2317 1571 2555 1641 (interere
2594 1571 2712 1626 illas
2743 1570 3134 1624 benedictioncs
3160 1586 3278 1639 qua:
3325 1586 3426 1623 non
3455 1579 3574 1623 sunt

2008 1681 2071 1720 ex
2107 1665 2250 1719 Sion.
2281 1664 2395 1718 Non
2430 1663 2696 1719 benedixit
2728 1662 2979 1716 Dominus
3008 1661 3169 1725 tales,
3205 1659 3395 1715 fratres
3437 1661 3574 1714 mei?

2009 1757 2316 1811 Benedictio
2341 1757 2437 1810 ista
2462 1755 2668 1808 Domini
2697 1765 2777 1808 est
2801 1771 2814 1807 :
2839 1763 2928 1807 aut
2953 1753 2999 1806 si
3029 1767 3129 1807 non
3158 1763 3236 1807 est.
3259 1767 3288 1806 a
3315 1753 3537 1805 Domino
3558 1794 3571 1813 ,

2009 1852 2127 1920 quis
2151 1850 2309 1905 ducet
2335 1865 2550 1904 uxorem
2571 1892 2585 1914 ,
2618 1850 2660 1902 si
2683 1848 2812 1902 nolit
2835 1845 3252 1915 Dominus?quis
3271 1845 3434 1915 possit
3460 1858 3578 1898 esse

2008 1955 2166 1994 sanus
2185 1982 2200 2006 ,
2241 1943 2284 1995 si
2316 1941 2446 1994 nolit
2486 1939 2776 1993 Dominus?
2805 1947 2894 1991 aut
2917 1937 3033 2008 quis
3060 1945 3236 2006 posset
3261 1950 3378 1990 esse
3401 1934 3575 1999 (lives,

2008 2033 2053 2088 si
2091 2034 2220 2086 nolit
2262 2031 2554 2086 Dominus?
2585 2032 2678 2084 Dat
2725 2030 2846 2085 illa:
2899 2029 2991 2082 scd
3033 2045 3133 2082 non
3191 2028 3338 2082 vidcs
3364 2027 3481 2096 quia
3526 2037 3577 2078 et

2009 2124 2286 2192 pecoribus
2301 2123 2479 2178 dedit?
2508 2121 2619 2178 Non
2641 2136 2767 2192 ergo
2792 2121 2858 2176 de
2881 2121 3005 2177 Sion
3032 2131 3112 2176 est
3139 2121 3235 2174 ista
3259 2119 3571 2174 benedictio.

2008 2214 2274 2269 Bcnedicat
2303 2227 2347 2268 te
2372 2214 2619 2268 Dominus
2645 2230 2706 2268 ea:
2727 2213 2889 2278 Sion;
2916 2223 2960 2265 et
2982 2212 3148 2265 videas
3165 2228 3272 2280 qum
3317 2213 3442 2264 bona
3464 2220 3576 2262 sunt

2007 2307 2308 2360 Jerusalem.
2335 2306 2460 2359 Nam
2509 2306 2596 2359 illa
2639 2306 2771 2358 bona
2817 2319 2918 2357 non
2969 2312 3090 2357 sunt
3134 2303 3447 2356 Jerusalem.
3485 2299 3577 2352 Vis

2010 2400 2189 2453 videre
2233 2399 2354 2469 quia
2411 2415 2513 2451 non
2558 2407 2680 2452 sunt
2723 2398 2854 2451 bona
2903 2396 3232 2452 Jerusalem?
3287 2395 3356 2450 Et
3395 2395 3577 2446 avibus

2009 2491 2204 2545 dictum
2233 2483 2334 2555 est,
2352 2488 2588 2550 Crescite,
2613 2501 2656 2541 et
2678 2489 3076 2558 multiplicamini
3107 2485 3250 2557 (Gen.
3279 2503 3312 2549 ι,
3334 2485 3450 2552 2‘2).
3477 2485 3577 2537 Pro

2010 2597 2199 2649 magno
2248 2581 2324 2634 vis
2373 2579 2567 2634 habere
2604 2579 2740 2649 quod
2784 2579 2966 2632 avibus
3002 2577 3252 2632 donatum
3294 2575 3410 2630 est?
3442 2575 3576 2629 Voce

2009 2674 2217 2740 quidem
2269 2673 2358 2726 Dei
2403 2672 2652 2726 donatum
2697 2681 2806 2736 est,
2849 2670 2965 2739 quis
3005 2669 3240 2723 nesciat?
3281 2667 3384 2722 Sed
3433 2676 3577 2720 utere

2009 2768 2161 2823 bonis
2183 2765 2314 2830 istis,
2339 2765 2384 2818 si
2405 2765 2597 2834 accipis
2618 2774 2700 2830 ;et
2715 2764 2879 2834 magis
2906 2763 3072 2832 cogita
3093 2761 3358 2832 quomodo
3378 2761 3576 2815 nutrias

2010 2860 2096 2928 qui
2152 2857 2258 2911 nati
2310 2867 2466 2922 sunt,
2496 2872 2652 2926 quam
2685 2864 2741 2908 ιιι
2797 2864 3096 2908 nascantur.
3125 2854 3237 2907 Non
3281 2853 3422 2908 enim
3467 2852 3574 2921 jam

2012 2950 2231 3004 felicitas
2278 2959 2360 3003 est
2414 2947 2606 3002 habere
2659 2949 2825 3011 ﬁlios,
2871 2946 2967 3000 sed
3013 2946 3182 3000 bonos
3235 2945 3450 2998 habere.
3509 2944 3580 2996 De

2011 3041 2306 3096 nutriendis
2333 3040 2543 3105 labora,
2577 3039 2622 3094 si
2642 3039 2748 3093 nati
2776 3038 3001 3100 fuerint;
3030 3037 3072 3090 si
3101 3046 3273 3091 autem
3302 3052 3403 3089 non
3435 3035 3582 3099 nati,

2011 3152 2106 3205 age
2124 3135 2320 3206 gratias
2350 3135 2476 3189 Deo.
2512 3132 2667 3186 Forte
2691 3132 2862 3185 minus
2883 3130 3139 3184 sollicitus
3169 3129 3274 3183 eris
3291 3173 3304 3192 ,
3325 3139 3378 3183 et
3405 3138 3586 3190 tamen

2013 3227 2208 3281 sterilis
2252 3240 2355 3279 non
2403 3223 2702 3277 remansisti
2756 3221 2896 3274 illius
2951 3220 3150 3273 matris.
3177 3218 3334 3274 Forte
3367 3221 3387 3248 '
3415 3233 3504 3284 per
3532 3224 3584 3269 te

2014 3327 2303 3371 nascuntur
2355 3313 2698 3384 spiritualiter
2746 3311 2814 3366 de
2856 3312 2952 3365 ista
2997 3322 3196 3371 matre,
3245 3310 3334 3379 qui
3359 3317 3483 3362 sunt
3530 3315 3585 3361 ut

2013 3407 2259 3463 novella:3
2272 3407 2524 3461 olivarum
2540 3405 2925 3459 circumeuntes
2939 3415 3172 3455 mensam
3196 3399 3421 3452 Domini.
3439 3399 3582 3450 (2on-

2013 3501 2212 3555 soletur
2264 3513 2389 3568 ergo
2426 3506 2476 3551 lc
2507 3496 2785 3559 Dominus,
2813 3501 2868 3547 ut
2912 3493 3078 3547 videas
3122 3491 3250 3545 bona
3283 3491 3584 3543 Jerusalem.

2017 3593 2105 3644 Illa
2133 3591 2273 3644 enim
2299 3591 2434 3642 bona
2452 3597 2588 3640 sunt.
2617 3587 2790 3653 Quare
2835 3585 2995 3637 sunt?
3023 3583 3151 3648 Quia
3200 3591 3394 3634 aeterna
3442 3589 3586 3634 sunt.

2015 3682 2187 3747 Quare
2208 3688 2324 3731 sunt
2343 3678 2368 3730 ?
2388 3677 2517 3744 Quia
2545 3677 2612 3728 ibi
2641 3684 2719 3728 est
2747 3689 2856 3735 rex,
2889 3671 2996 3742 Ego
3024 3689 3133 3724 sum
3159 3672 3363 3740 qnisttm
3389 3669 3583 3741 (Exod.

2015 3789 2099 3837 tn,
2132 3773 2240 3842 14).
2268 3769 2368 3824 Ista
2394 3783 2516 3821 vero
2545 3768 2681 3822 bona
2705 3774 2860 3828 sunt,
2889 3775 2941 3818 et
2969 3778 3072 3816 non
3109 3772 3261 3816 sunt:
3297 3777 3402 3814 non
3443 3761 3586 3814 enim

2017 3875 2188 3928 stant;
2221 3864 2488 3926 labuntur,
2521 3859 2707 3914 fluunt.
2743 3855 2866 3911 Filii
2898 3864 3023 3911 sunt
3066 3853 3303 3922 parvuli;
3331 3851 3586 3906 blandiris

2019 3956 2278 4027 parvulis,
2312 3952 2656 4009 blandiuntur
2685 3949 2918 4021 parvuli:
2944 3944 3197 4016 numquid
3224 3952 3368 3999 stant
3399 3941 3591 4027 ineo?

2019 4026 2124 4105 Sed
2150 4057 2300 4118 optas
2321 4055 2380 4100 ut
2405 4051 2668 4109 crescant,
2692 4051 2746 4096 ut
2773 4039 2990 4094 accedat
3009 4048 3137 4114 actas
3157 4034 3446 4106 Optas.Sed
3467 4026 3591 4088 'vide

2018 4145 2137 4214 quia
2157 4156 2274 4196 cum
2296 4137 2498 4194 accedit
2531 4153 2662 4200 una,
2693 4135 2858 4189 altera
2892 4132 3132 4186 moritur.
3161 4129 3419 4185 Veniente
3465 4143 3592 4197 pue-

2022 4234 2159 4295 ritia,
2185 4231 2409 4285 moritur
2434 4227 2648 4282 infantia
2672 4225 2948 4292 ;vcniente
2969 4221 3345 4287 adolescentia,
3371 4219 3593 4274 moritur

2022 4321 2552 4394 pueritia;vcuiente
2599 4319 2905 4388 ju‘vcntute,
2937 4315 3156 4368 mOritur
3204 4311 3594 4374 adolescentia;

2021 4417 2268 4471 veniente
2345 4421 2647 4476 senectute,
2699 4409 2923 4463 moritur
2989 4407 3271 4475 juventus;
3345 4403 3624 4458 veniente.

2022 4519 2210 4570 morte,
2240 4506 2460 4559 moritur
2486 4504 2657 4557 omnis
2685 4502 2985 4565 :ctas.Quot
3006 4508 3156 4566 optas
3181 4494 3374 4566 gradus
3401 4493 3593 4557 aetatis,

2027 4611 2104 4656 tot
2129 4601 2280 4654 simul
2308 4607 2458 4668 optas
2485 4606 2539 4651 et
2563 4603 2759 4648 mortes
2786 4602 3017 4645 :rtatum.
3044 4588 3158 4644 Non
3182 4595 3306 4642 sunt
3320 4601 3446 4656 ergo
3475 4585 3593 4639 ista.

2023 4697 2156 4751 Num
2183 4693 2372 4748 deinde
2406 4692 2512 4744 nati
2539 4697 2659 4743 sunt
2682 4687 2771 4740 tibi
2799 4685 2886 4738 ﬁlii
2920 4684 2970 4738 in
3000 4693 3137 4736 terra
3166 4691 3336 4735 tecum
3369 4677 3554 4732 victuri
3579 4717 3593 4736 ,

2025 4805 2089 4840 an
2123 4798 2170 4839 te
2206 4787 2378 4854 potius
2412 4777 2675 4834 exclusuri
2701 4789 2751 4831 et
2781 4773 3114 4829 successuri?
3155 4771 3234 4825 Ad
3263 4787 3354 4824 eos
3401 4767 3598 4839 gaudes

2028 4879 2114 4948 qui
2140 4877 2244 4930 nati
2274 4882 2418 4937 sunt,
2441 4883 2495 4924 ut
2516 4867 2855 4924 excludaris?
2877 4866 2989 4920 Nati
3009 4865 3147 4919 enim
3182 4863 3328 4931 pueri
3352 4871 3597 4928 tanquam

2030 4969 2130 5023 hoc
2159 4968 2339 5022 dicunt
2383 4962 2684 5031 parentibus
2732 4959 2874 5010 suis:
2910 4957 3033 5022 Eia,
3064 4956 3289 5020 cogitate
3338 4953 3414 5005 ire
3443 4950 3594 5010 hinc,

2029 5074 2244 5129 agamus
2288 5065 2340 5110 et
2385 5071 2482 5107 nos
2523 5052 2741 5106 inimum
2781 5059 3040 5102 nostrum.
3093 5045 3279 5099 Minius
3317 5051 3398 5096 cst
3455 5040 3595 5094 enim

2029 5151 2234 5218 generis
2259 5146 2470 5200 humani
2502 5153 2608 5196 tota
2638 5144 2739 5194 vita
2766 5135 3237 5204 tentationis;qnia
3273 5133 3472 5187 dictum
3500 5140 3598 5191 est.

2036 5242 2275 5297 Unircrsn
2307 5239 2497 5291 vanitas
2521 5235 2679 5288 omnis
2701 5235 2846 5286 homo
2866 5232 3029 5285 virens
3058 5226 3239 5301 (Psal.
3263 5237 3468 5280 xxxvm
3488 5266 3500 5286 ,
3525 5223 3601 5291 6).

2031 5335 2095 5388 Et
2123 5343 2294 5384 tamen
2326 5330 2367 5382 si
2408 5328 2664 5399 gaudetur
2699 5325 2762 5378 ad
2799 5326 2934 5378 ﬁlios
2956 5332 3316 5382 successuros;
3347 5326 3601 5386 quantum

2096 5467 2110 5494 ¹
2137 5462 2274 5510 Corh.
2302 5469 2400 5509 Μελ
2427 5457 2590 5508 Nescio
2628 5469 2746 5518 quas
2772 5451 3116 5518 benedictioncs
3138 5447 3402 5518 qtttcrebas,
3434 5451 3478 5496 et
3516 5460 3610 5494 non

2033 5538 2095 5574 ea?
2134 5537 2258 5574 non.
2284 5549 2344 5558 -—
2378 5528 2449 5570 Er.
2478 5509 2784 5582 t.ugd.'Ven.
2813 5529 2827 5565 :
2868 5512 3033 5565 Nescio
3065 5509 3160 5576 qud
3178 5509 3310 5566 ibas,
3344 5517 3388 5560 ct
3419 5522 3512 5558 non
3549 5523 3608 5559 ea:

2025 5596 2213 5696 malini-1r.
2240 5593 2385 5705 ἅμα.
2412 5654 2529 5694 \‘en.
2561 5650 2611 5705 et
2635 5650 2764 5696 t.ov.,
2784 5641 2903 5705 [orte
2936 5633 3040 5698 ﬁlii.
3140 5644 3195 5684 tl.

2109 5713 2128 5744 ³
2156 5723 2252 5758 λιιι.
2271 5701 2343 5757 tir.
2371 5715 2422 5776 ct
2444 5715 2568 5765 Mss,
2596 5703 2640 5755 in
2667 5701 2874 5754 novellis.
