3984 6200
386 233 513 294 I687

381 345 712 419 gaudendum
738 353 824 405 est
841 341 907 399 ad
924 341 1057 397 ﬁlios
1080 352 1200 395 cum
1240 336 1431 411 quibus
1480 336 1903 407 permanebimus

382 450 435 494 et
458 439 523 499 ad
550 439 697 495 illum
725 445 925 507 patrem
940 431 1024 487 cui
1050 430 1158 487 nati
1199 442 1383 485 sumus
1431 444 1536 484 non
1565 429 1927 493 moriturum‘,

382 530 475 585 sed
506 539 562 585 ut
580 544 674 584 nos
702 505 932 582 camille
950 537 1159 593 semper
1183 521 1455 576 vivamus?
1482 519 1598 592 Ipsa
1630 530 1753 585 sunt
1801 508 1957 579 bona

382 619 670 674 Jerusalem
694 658 709 683 ,
728 616 849 686 quia
876 616 989 685 ipsa
1015 622 1156 669 sunt.
1189 611 1455 669 Benedieat
1476 621 1523 667 te
1542 626 1669 682 ergo
1690 610 1937 665 Dominus

384 728 446 767 ea:
466 692 629 776 Sion;
651 719 695 764 et
715 707 880 763 videas
900 723 1014 781 quia
1035 707 1164 761 bona
1187 718 1301 761 sunt
1322 704 1624 759 Jerusalem.
1654 703 1787 761 Nam
1814 704 1937 757 ista’

381 817 499 871 qua:
537 799 763 855 attendis
823 799 990 864 bona,
1020 811 1192 853 caecus
1228 795 1395 852 vides.
1433 794 1645 859 Videas,
1688 794 1782 850 sed
1851 794 1943 855 illa

283 954 288 961 _
380 894 519 949 bona
546 908 662 963 qua:
688 891 849 947 corde
880 889 1140 945 videntur.
1169 888 1236 943 Et
1272 886 1520 961 quamdiu
1566 886 1755 942 videbo
1803 886 1940 951 bona

380 985 713 1042 Jerusalem?
736 983 918 1039 Omnes
937 982 1042 1037 dies
1057 981 1170 1036 vita:
1183 989 1300 1035 tuae.
1322 979 1423 1035 Sed
1445 979 1489 1033 si
1514 979 1615 1033 vita
1631 988 1719 1035 tua
1743 987 1940 1032 arterna

383 1079 561 1143 fuerit,
592 1079 643 1132 in
672 1086 928 1131 retentum
975 1073 1178 1130 videbis
1222 1072 1358 1127 bona
1402 1070 1712 1126 Jerusalem.
1746 1069 1802 1124 Si
1844 1084 1941 1124 auo

384 1170 540 1238 tem',
571 1169 760 1227 fratres
781 1168 905 1235 mei,
928 1168 1024 1223 ista
1051 1166 1189 1222 bona
1216 1173 1358 1231 sunt,
1380 1162 1473 1219 sed
1494 1178 1597 1218 non
1625 1176 1806 1218 omnes
1834 1161 1948 1217 dies

390 1263 514 1318 vita:
536 1272 637 1317 tua:
669 1260 852 1317 vides:
884 1275 988 1315 non
1010 1259 1148 1314 enim
1175 1258 1388 1326 quando
1430 1256 1550 1312 exis
1585 1255 1653 1337 de
1681 1269 1944 1324 corpore,

390 1356 637 1414 moreris.
652 1355 963 1411 Persei-erat
979 1354 1080 1408 vita
1105 1362 1224 1407 tua:
1254 1366 1446 1421 corpus
1463 1350 1705 1415 moritur,
1720 1344 1812 1403 sed
1839 1348 1947 1402 vita

387 1451 602 1520 Spiritus
620 1456 945 1519 perseverat.
986 1444 1135 1502 Oculi
1158 1460 1261 1500 non
1311 1442 1666 1514 vident,quia
1708 1440 1953 1496 discessit

388 1541 478 1610 qui
502 1555 599 1610 per
622 1539 802 1595 oculos
827 1536 1055 1595 videbat.
1094 1535 1419 1606 Ubicumque
1443 1542 1526 1590 est
1542 1534 1633 1603 qui
1653 1548 1748 1603 per
1768 1531 1951 1586 oculos

390 1631 623 1695 videbat,
655 1629 797 1685 videt
825 1628 1043 1699 aliquid.
1069 1626 1185 1684 Non
1212 1628 1352 1682 enim
1386 1636 1624 1681 mortuus
1651 1633 1766 1680 erat
1805 1623 1952 1678 dives

391 1722 481 1778 ille
500 1723 587 1793 qui
618 1722 672 1778 in
693 1729 829 1777 terra
857 1714 1171 1777 induebatur
1196 1734 1425 1791 purpura
1455 1726 1511 1773 et
1534 1718 1711 1789 bysso;
1740 1716 1784 1771 si
1811 1729 1954 1769 mor-

392 1824 514 1871 tuus
551 1824 715 1880 esset,
767 1813 905 1884 apud
936 1811 1132 1868 inferos
1173 1828 1275 1867 non
1302 1818 1636 1881 torqueretur
1662 1808 1811 1879 (Luc.
1843 1822 1949 1870 xvi,

392 1905 479 1967 19.
501 1904 616 1972 23).
651 1903 947 1974 Optandum
975 1903 1048 1959 illi
1079 1901 1239 1958 forte‘
1270 1911 1386 1957 erat
1429 1909 1486 1955 ut
1512 1908 1827 1964 moreretur,
1858 1896 1950 1952 sed

390 1996 533 2051 malo
576 2010 673 2052 suo
710 1993 840 2050 vixit
883 1992 1022 2063 apud
1064 1992 1673 2065 inferos.Torquebatur
1705 1990 1865 2056 enim,
1901 1998 1958 2044 et

395 2102 500 2142 non
519 2086 729 2142 videbat
776 2086 912 2141 bona
940 2085 1027 2140 illa
1068 2099 1187 2154 qua:
1226 2084 1278 2138 in
1306 2094 1451 2141 terra
1496 2083 1799 2139 dimiserat:
1826 2097 1955 2140 ecce

393 2186 508 2232 erat
527 2178 635 2232 vita
656 2176 819 2247 ipsius
850 2175 970 2233 talis
990 2218 1004 2239 ,
1031 2184 1087 2230 ct
1112 2175 1248 2231 bona
1280 2175 1364 2230 illa
1410 2191 1515 2230 non
1553 2174 1786 2231 videbat.
1816 2174 1954 2243 Ergo

399 2280 453 2323 tu
482 2270 603 2324 talia
651 2269 893 2325 desidera
926 2268 1062 2323 bona
1105 2283 1224 2337 qua:
1265 2267 1441 2323 videas
1487 2282 1657 2321 onmes
1694 2266 1800 2321 dies
1843 2266 1957 2321 vita:

396 2369 525 2421 tuae,
552 2360 601 2414 id
618 2370 736 2425 est,
760 2369 817 2414 ut
840 2374 960 2415 cum
989 2359 1116 2431 ipsis
1144 2358 1295 2413 bouis
1319 2357 1463 2412 vivas
1484 2357 1536 2411 in
1562 2365 1841 2411 aeternum.
1917 2339 1956 2355 ³

463 2452 549 2508 16.
579 2451 707 2521 Qua:
749 2460 874 2506 sunt
908 2466 1033 2522 ergo
1063 2450 1150 2505 illa
1197 2450 1331 2504 bona
1355 2492 1369 2514 ,
1411 2450 1635 2513 fratres,
1678 2436 1954 2506 attendite.

398 2543 507 2597 Dici
550 2552 769 2614 possunt
806 2542 942 2596 bona
986 2541 1338 2596 istazAurum
1382 2552 1493 2603 est,
1536 2550 1809 2610 argentum
1836 2549 1954 2607 est,

396 2636 586 2692 {nitidus
612 2651 851 2691 amoenus
880 2643 995 2696 est,
1026 2620 1326 2689 marmorati
1356 2633 1581 2702 parietes
1617 2640 1779 2699 sunt,
1822 2639 1958 2687 tecta

394 2729 632 2797 laqueata
651 2728 807 2782 sunt?
824 2726 987 2780 Absit.
1012 2725 1111 2780 Ista
1127 2710 1478 2794 abundantius
1494 2738 1750 2794 pauperes
1766 2722 1961 2787 habent

397 2819 447 2871 in
481 2818 579 2873 hac
602 2816 725 2872 vita.
758 2816 881 2872 Plus
903 2825 985 2870 est
1004 2815 1143 2869 enim
1164 2814 1383 2886 pauperi
1408 2814 1586 2869 videre
1605 2814 1796 2892 cgelum
1823 2814 1956 2870 stel-

393 2908 590 2973 latum,
622 2922 774 2977 quam
804 2906 949 2963 diviti
979 2914 1172 2961 tectum
1201 2906 1519 2961 inauratum.
1549 2905 1796 2972 Fratres,
1832 2919 1959 2977 ergo

390 2999 532 3069 quod
562 3010 645 3054 est
676 2998 798 3051 illud
828 2998 1045 3060 bonum,
1071 3012 1179 3068 quo
1202 2996 1542 3054 accendimur
1562 3040 1578 3067 ,
1614 2997 1699 3053 cui
1728 2997 1960 3068 suspira-

394 3105 531 3157 mus,
559 3104 664 3159 quo
691 3088 1111 3154 inﬂammantur,
1146 3096 1362 3158 propter
1399 3088 1542 3159 quod
1566 3088 1763 3161 bonum
1787 3076 1960 3159 adipi-

393 3180 647 3241 secundum
659 3188 714 3236 et
733 3179 1016 3247 videndum
1040 3188 1215 3234 tantos
1238 3179 1445 3235 labores
1464 3179 1806 3247 sustinemus,
1825 3179 1962 3234 sicut

392 3270 615 3331 audistis
657 3283 779 3325 cum
829 3268 1094 3339 legeretur
1139 3268 1454 3339 Apostolus,
1501 3269 1622 3340 quia
1658 3286 1828 3324 omnes
1876 3271 1964 3339 qui

393 3363 565 3416 volunt
592 3364 671 3430 pie
699 3363 856 3414 vivere
882 3362 933 3414 in
960 3360 1156 3415 Christo
1178 3358 1214 3414 Ι
1217 3376 1324 3425 esu,
1355 3361 1742 3431 persecutionem
1762 3362 1963 3432 patiun-

392 3464 477 3507 tur
506 3452 568 3522 (Il
596 3452 727 3507 Tim.
773 3468 850 3519 Ill,
890 3450 1019 3522 I2)?
1055 3451 1167 3508 Non
1201 3453 1340 3506 enim
1379 3452 1570 3519 modo,
1615 3454 1735 3523 quia
1774 3452 1959 3508 diabo-

394 3546 475 3599 lus
501 3558 595 3613 per
623 3558 773 3613 reges
802 3558 905 3597 non
932 3543 1083 3598 szcvit
1104 3584 1120 3607 ,
1168 3542 1286 3598 ideo
1310 3542 1594 3598 Christiani
1623 3558 1728 3601 non
1754 3543 1961 3612 patiun-

396 3647 479 3691 tur
503 3636 943 3705 pcrsecutimmn.
974 3635 1027 3689 Si
1062 3643 1301 3689 mortuus
1339 3644 1422 3689 est
1449 3633 1709 3702 diabolus,
1741 3643 1962 3689 mortua:

390 3737 516 3783 sunt
544 3727 967 3796 twrsecutiones;
1005 3728 1048 3780 si
1087 3735 1263 3780 autem
1305 3726 1392 3780 ille
1420 3725 1755 3781 adversarius
1785 3736 1963 3781 noster

391 3821 538 3881 vivit,
568 3820 706 3874 mule
731 3836 833 3874 non
858 3818 1174 3874 tentationes
1196 3818 1460 3891 suggerit?
1485 3818 1625 3874 unde
1651 3835 1756 3873 non
1778 3820 1962 3874 saevit?

393 3911 532 3966 unde
557 3927 660 3966 non
693 3911 862 3966 minas
890 3919 980 3965 aut
1004 3909 1253 3967 scandala
1280 3911 1568 3980 procurat?
1594 3910 1640 3966 0
1665 3911 1710 3966 si
1741 3911 1961 3983 incipias

390 4003 478 4073 pie
503 4004 680 4058 vivere
698 4043 714 4068 ,
760 4001 965 4058 videbis
992 4002 1113 4072 quia
1138 4002 1310 4057 omnis
1335 4003 1421 4072 qui
1450 4002 1562 4058 vult
1591 4002 1676 4073 pie
1700 4003 1881 4061 vivere
1906 4003 1961 4058 in

388 4092 601 4151 Christo
627 4092 751 4149 J‘csu
772 4135 789 4162 ,
836 4093 1255 4164 persecutionem
1297 4093 1546 4162 patietur.
1589 4092 1812 4164 Propter
1834 4093 1961 4165 quid

388 4200 518 4255 ergo
551 4185 780 4254 patimur
818 4192 990 4240 tantas
1032 4183 1460 4254 persecutiones?
1502 4182 1562 4239 Si
1604 4184 1736 4239 enim
1771 4184 1826 4237 in
1867 4183 1963 4238 hac

389 4276 490 4330 rita
518 4277 569 4330 in
595 4276 795 4333 Christo
823 4285 1079 4345 sperantes
1105 4292 1278 4329 sumus
1307 4286 1520 4342 tantum,
1552 4276 1625 4331 ait
1650 4276 1958 4344 Apostolus,

388 4364 770 4425 miserabiliores
793 4382 967 4421 sumus
987 4366 1214 4419 omnibus
1233 4366 1511 4420 hominibus
1537 4368 1578 4437 (I
1598 4367 1717 4424 Cor.
1740 4384 1827 4435 xv,
1847 4368 1958 4439 I9).

390 4458 613 4527 Propter
634 4457 756 4525 quid
782 4457 1015 4511 damnati
1040 4466 1166 4511 sunt
1189 4456 1254 4510 ad
1283 4457 1477 4511 bestias
1500 4460 1799 4530 martyres?
1818 4458 1961 4529 quod

387 4557 471 4604 cst
509 4548 637 4604 illud
668 4548 897 4614 bonum,
939 4547 1040 4602 dici
1073 4547 1288 4616 potest?
1322 4547 1461 4601 unde
1481 4589 1498 4611 ,
1524 4558 1614 4602 aut
1639 4565 1756 4619 qua:
1783 4549 1961 4620 lingua

387 4641 564 4695 dicat?
602 4651 694 4695 aut
730 4657 848 4711 qum
886 4656 1043 4695 aures
1084 4639 1339 4693 audiant?
1377 4639 1442 4695 Et
1466 4640 1678 4710 quidem
1718 4642 1843 4696 illud
1871 4660 1960 4698 nec

386 4732 525 4786 auris
549 4731 769 4793 audivit,
816 4746 906 4784 nec
934 4731 987 4784 in
1026 4747 1113 4784 cor
1153 4730 1368 4787 hominis
1404 4731 1624 4784 ascendit
1649 4728 1760 4801 (Id.
1788 4747 1848 4796 Il,
1877 4733 1955 4804 9).

386 4827 641 4880 Amemus
671 4832 872 4878 tantum
891 4823 935 4889 ⁸,
966 4822 1305 4892 proﬁciamus
1333 4831 1533 4879 tantum
1560 4824 1787 4879 :vidctis
1815 4826 1954 4881 enim

385 4916 506 4985 quia
537 4930 726 4985 pugna:
752 4929 855 4968 non
885 4913 1096 4981 desunt,
1141 4922 1196 4968 et
1232 4929 1673 4989 pugnamuscum
1703 4918 1955 4990 concupi-

383 5007 601 5062 scentiis
644 5007 857 5061 nostris.
892 5006 1194 5076 Pugnamus
1236 5005 1365 5061 foris
1405 5022 1526 5062 cum
1569 5007 1866 5065 inﬁdelibus
1903 5020 1958 5066 et

384 5098 810 5153 inobedicut'tbus
833 5097 1165 5161 hominibus;
1199 5112 1492 5167 pugnamus
1521 5098 1661 5154 intus
1687 5114 1806 5155 cum
1828 5118 1955 5170 sug-

382 5188 732 5255 gestionibus,
754 5202 876 5242 cum
898 5186 1382 5258 perturbationibus
1401 5188 1699 5244 carnalibus
1723 5207 1736 5245 :
1763 5189 1956 5260 ubique

384 5293 679 5348 pugnamus
722 5278 916 5348 adhuc,
963 5277 1084 5347 quia
1135 5291 1329 5345 corpus
1370 5277 1509 5347 quod
1556 5279 1951 5347 corrumpitur,

381 5379 630 5437 aggravat
655 5370 884 5425 animam
914 5370 1070 5439 (Sap.
1115 5384 1188 5433 ix,
1234 5368 1355 5435 15);
1406 5385 1697 5439 pugnamus
1738 5372 1909 5428 adhuc
1935 5414 1950 5437 ,

444 5459 458 5489 ¹
486 5459 559 5507 sic
580 5466 687 5509 uss.
715 5468 765 5509 At
784 5460 917 5519 uid,
938 5472 1029 5510 non
1053 5457 1292 5508 morituri.

442 5521 461 5550 ¹
490 5527 612 5579 uss,
634 5534 725 5570 non
748 5522 855 5571 ista.

445 5582 462 5648 ξ
488 5587 551 5648 tta
577 5592 679 5632 MSS.
707 5585 814 5631 ΗΜ.
839 5597 973 5635 vet‘n.
1002 5591 1093 5632 Isti
1116 5589 1273 5631 autrm
1302 5595 1317 5630 :
1343 5584 1535 5635 ciuisse.
1560 5584 1617 5634 si.

440 5642 459 5669 ⁵
487 5642 651 5691 tiures
667 5651 790 5699 Mss,
819 5653 961 5693 certe.

438 5706 458 5737 ⁸
483 5707 552 5754 sic
574 5704 792 5768 [letique
818 5715 920 5754 Mss.
948 5715 1001 5754 Al
1024 5707 1153 5767 Edd.,
1183 5712 1356 5756 trunca.

1580 225 1644 283 s.
1685 184 2045 284 incusum
2082 223 2383 284 EPISCOPI

3470 235 3607 292 1688

2050 338 2298 408 quoniam
2325 337 2372 413 si
2397 338 2601 407 spiritus
2619 340 2718 394 vita
2735 350 2828 407 est,
2863 350 3037 397 tamen
3063 359 3242 413 corpus
3265 355 3515 398 mortuum
3537 354 3615 399 est

2050 440 2256 501 μορίαν
2279 411 2553 501 peccatum.
2596 432 2699 487 Sed
2746 433 2871 504 quid
2917 411 3159 490 futurum?
3186 436 3305 491 est?
3348 436 3410 493 Si
3448 449 3618 491 autem

2051 519 2272 595 Spiritus
2304 521 2416 592 ejus
2441 521 2631 576 halitat
2674 523 2727 577 in
2765 525 2935 592 nobis,
2980 528 3067 597 qui
3090 528 3343 581 suscitavit
3363 528 3617 583 Christum

2049 629 2114 668 ea:
2138 614 2348 667 mortuis
2368 655 2382 679 ,
2415 614 2678 679 uiviﬁcabit
2704 625 2751 670 et
2777 619 3008 671 mortalia
3033 633 3243 688 corpora
3267 629 3448 680 vestra,
3489 637 3619 686 pro-

2051 715 2161 775 pter
2185 705 2433 776 Spiritum
2467 706 2576 778 ejus
2597 709 2684 774 qui
2708 708 2896 762 habitat
2924 709 2977 762 in
3016 708 3150 763 vobis
3176 708 3347 779 (Rom.
3383 726 3493 772 vui,
3526 713 3621 776 10,

2051 794 2161 864 11).
2188 795 2322 852 Cum
2349 812 2475 867 ergo
2503 798 2756 853 viviticata
2784 798 2978 854 fuerint
3002 800 3237 854 membra
3262 811 3440 854 nostra
3472 818 3623 855 mor-

2052 889 2212 957 talia,
2237 890 2345 960 jam
2385 890 2517 946 nihil
2560 891 2779 947 resistet
2815 891 3018 961 spiritui
3063 900 3266 947 nostro.
3308 891 3422 946 Νυιι
3453 892 3627 946 fames
3674 960 3690 970 _

2053 981 2175 1046 erit,
2206 996 2312 1036 non
2335 981 2451 1038 sitis
2477 982 2613 1046 erit,
2657 981 2776 1052 quia
2803 982 2871 1038 de
2893 983 3232 1052 corruptione
3253 984 3492 1054 corporis
3522 984 3631 1039 ista

2054 1081 2361 1129 nascuntur.
2394 1072 2517 1128 Ideo
2546 1073 2738 1139 reﬁcis,
2761 1073 2881 1143 quia
2905 1088 2937 1127 a
2964 1082 3014 1129 te
3038 1073 3234 1144 aliquid
3259 1074 3455 1130 deticit.
3478 1077 3631 1130 Con-

2052 1167 2394 1237 cupiseentize
2418 1166 2824 1222 delectationum
2863 1166 3151 1222 carnalium
3180 1177 3367 1223 contra
3399 1183 3495 1222 nos
3526 1184 3633 1237 pu-

2052 1267 2234 1331 gnant.
2278 1257 2498 1313 Mortem
2536 1266 2806 1329 portamus
2850 1257 3193 1313 itilirmitate‘
3227 1259 3631 1329 corporis:setl

2055 1366 2177 1405 cum
2208 1365 2350 1406 mors
2376 1351 2488 1421 ipsa
2513 1365 2766 1409 conversa
2794 1351 2947 1406 fuerit
2968 1351 3019 1405 in
3049 1350 3192 1405 illaut
3216 1352 3633 1407 incommutabi-

2054 1440 2258 1498 litatem
2278 1484 2295 1509 ,
2323 1451 2376 1497 et
2398 1443 2740 1510 eorruptibile
2765 1441 2866 1497 hoc
2895 1442 3124 1501 induerit
3148 1440 3630 1516 incorruptionem,

2055 1542 2109 1590 et
2146 1534 2372 1589 mortale
2398 1534 2500 1589 hoc
2536 1533 2767 1589 induerit
2795 1535 3265 1602 immortalitatem,
3293 1536 3420 1607 quid
3445 1539 3637 1592 audiet

2057 1635 2184 1682 tunc
2212 1627 2392 1683 mors?
2422 1626 2517 1682 Ubi
2537 1637 2631 1693 est,
2655 1644 2807 1691 mors,
2831 1630 3080 1683 contentio
3103 1631 3228 1683 tua?
3246 1628 3329 1682 ubi
3346 1640 3443 1695 est,
3468 1647 3635 1694 mors,

2055 1717 2260 1772 aculeus
2285 1718 2441 1772 tuus?
2466 1718 2531 1772 Et
2560 1717 2696 1774 forte
2728 1721 2952 1774 moritur
2974 1762 2989 1785 ,
3036 1730 3091 1775 et
3131 1720 3374 1775 dicetur:
3403 1721 3638 1777 Restant

2056 1807 2216 1879 aliqui
2244 1807 2481 1863 inimici?
2509 1808 2653 1874 Non;
2686 1810 2922 1879 sequitur
2949 1810 3216 1864 novissima
3241 1812 3447 1865 inimica
3469 1829 3636 1867 mors.

2058 1897 2193 1953 Cum
2221 1898 2338 1954 haec
2360 1898 2626 1955 destructa
2655 1899 2812 1955 fuerit
2829 1942 2845 1965 ,
2877 1901 3243 1957 immortalitas
3271 1904 3545 1959 succedet.
3578 1906 3636 1961 Si

2057 1990 2233 2046 nullus
2271 1991 2374 2047 erit
2396 1991 2637 2047 inimicus
2660 2032 2675 2057 ,
2722 1993 2871 2063 quasi
2899 1994 3166 2049 nouissima
3192 1995 3472 2050 destruetur
3497 2013 3639 2051 mors

2058 2084 2106 2154 (Ι
2129 2084 2248 2140 Cor.
2272 2100 2360 2152 xv,
2387 2085 2477 2153 55,
2503 2085 2595 2153 5i,
2626 2086 2715 2150 55,
2748 2086 2860 2156 26).
2892 2085 3094 2142 Bonum
3136 2097 3376 2143 nostrum
3400 2091 3486 2144 cui
3541 2106 3637 2144 su-

2056 2174 2354 2245 spiramus,
2381 2190 2483 2245 pax
2522 2176 2642 2231 erit.
2667 2176 2805 2233 Ecce
2852 2177 3047 2233 bonum
3070 2218 3087 2245 ,
3128 2182 3339 2244 fratres,
3378 2195 3630 2251 magnum

2059 2264 2256 2321 bonum
2286 2281 2384 2336 pax
2411 2275 2648 2322 vocatur.
2687 2268 3014 2336 Quaerebatis
3038 2270 3162 2339 quid
3185 2281 3497 2327 vocaretur:
3524 2274 3633 2326 Au-

2060 2372 2177 2412 rum
2203 2365 2305 2424 est,
2351 2367 2626 2428 argentum
2666 2369 2782 2426 est,
2822 2375 2889 2415 an
2940 2359 3149 2425 fundus,
3194 2377 3262 2417 an
3296 2364 3498 2417 vestis?
3526 2364 3637 2419 Pax

2060 2454 2181 2501 est:
2204 2460 2310 2502 non
2341 2462 2441 2517 pax
2479 2448 2690 2518 qualem
2734 2448 2872 2503 inter
2896 2465 2957 2506 se
2981 2449 3177 2505 habent
3205 2452 3483 2520 homines,
3514 2454 3637 2507 inti-

2060 2536 2207 2603 dam,
2235 2536 2556 2607 instabilem,
2579 2540 2908 2606 mutabilem,
2938 2530 3190 2597 incertam
3214 2560 3229 2607 ;
3257 2557 3356 2597 nec
3383 2558 3484 2612 pax
3518 2546 3642 2602 talis

2060 2626 2274 2697 qualem
2298 2643 2481 2705 secum
2514 2629 2675 2685 habet
2700 2632 2813 2701 ipse
2846 2646 2982 2687 unus
3009 2632 3188 2687 homo.
3221 2633 3469 2689 Diximus
3494 2637 3637 2691 enim

2061 2720 2184 2791 quia
2213 2730 2268 2777 ct
2290 2735 2469 2778 secum
2494 2731 2689 2793 pugnat
2716 2722 2908 2789 homo;
2939 2739 3212 2793 usquequo
3235 2725 3418 2780 domet
3442 2741 3638 2781 omnes

2061 2811 2395 2882 cupiditates,
2436 2811 2610 2868 adhuc
2641 2823 2863 2885 pugnat.
2906 2815 3086 2881 Qualis
3128 2830 3255 2885 ergo
3294 2817 3441 2886 pax?
3467 2818 3636 2884 Quam

2059 2904 2379 2960 oculus'non
2414 2904 2559 2971 uidit,
2606 2921 2694 2959 nec
2732 2906 2871 2959 auris
2910 2906 3119 2960 audiuit.
3161 2906 3346 2973 Qualis
3390 2909 3536 2977 par!
3565 2909 3640 2964 De

2059 2994 2375 3064 Jerusalem,
2403 2997 2523 3068 quia
2549 2996 2838 3054 Jerusalem
2867 2998 3262 3068 interpretatur,
3295 2999 3441 3055 Visio
3470 3002 3637 3070 pacis.

2063 3086 2153 3144 Sic
2178 3102 2307 3159 ergo
2335 3087 2591 3142 benedicat
2614 3098 2661 3143 te
2685 3087 2932 3147 Dominus
2952 3106 3016 3145 ea:
3043 3090 3208 3158 Sion;
3234 3102 3284 3145 et
3307 3093 3481 3147 rideas
3508 3094 3640 3149 bona

2060 3194 2173 3250 qua:
2198 3188 2315 3234 sunt
2337 3178 2638 3242 Jerusalem,
2664 3189 2719 3235 et
2740 3180 2921 3236 videas
2950 3198 3121 3237 onmes
3146 3183 3253 3238 dies
3272 3185 3386 3237 vita
3412 3193 3542 3239 tum.
3576 3182 3643 3238 Et

2059 3270 2248 3337 videas,
2275 3285 2381 3327 non
2423 3270 2560 3327 ﬁlios
2585 3280 2703 3326 tuos
2727 3280 2928 3327 tantum
2945 3313 2961 3339 ,
2993 3273 3086 3327 sed
3116 3273 3249 3343 ﬁlios
3270 3275 3499 3347 ﬁliorum
3530 3287 3641 3331 tuo-

2062 3379 2193 3421 rum.
2233 3363 2371 3432 Quid
2398 3372 2500 3427 est,
2533 3364 2673 3431 ﬁlios
2709 3367 2866 3421 tuos?
2911 3365 3083 3454 Opera
3111 3376 3198 3422 tua
3226 3385 3344 3438 qua:
3387 3369 3477 3425 hic
3505 3373 3638 3440 agis.

2061 3456 2159 3524 Qui
2182 3466 2307 3512 sunt
2327 3457 2418 3512 ﬁlii
2443 3458 2710 3512 ﬁliorum?
2736 3458 2961 3514 Fructus
2980 3475 3203 3530 operum
3226 3470 3457 3515 tuorum.
3488 3463 3644 3518 Facis

2061 3546 2459 3617 eleemosynas,
2493 3547 2582 3602 lilii
2615 3552 2688 3602 tui
2715 3557 2876 3602 sunt:
2905 3559 3122 3619 propter
3144 3550 3523 3622 eleemosynas
3551 3569 3642 3608 ac-

2060 3638 2195 3706 cipis
2245 3639 2405 3699 vitam
2456 3649 2747 3706 mternam,
2806 3640 2899 3695 lilii
2947 3641 3172 3699 ﬁliorum
3226 3650 3437 3697 tuorum
3493 3656 3641 3699 sunt.

2070 3728 2251 3783 Videas
2275 3730 2409 3798 ﬁlios
2436 3731 2656 3801 ﬁliorum
2685 3742 2916 3797 tuorum;
2964 3743 3019 3787 et
3053 3733 3156 3795 erit
3191 3734 3334 3804 quod
3362 3738 3641 3806 sequitur,

2061 3836 2166 3891 quo
2193 3821 2561 3889 concluditur,
2605 3820 2724 3905 Pan
2763 3839 2915 3891 super
2960 3822 3142 3878 Israel.
3190 3825 3317 3881 Ilaec
3344 3841 3446 3896 pax
3491 3830 3644 3884 vobis

2063 3913 2379 3983 praedicatur
2405 3929 2436 3968 a
2466 3913 2619 3970 nobis
2639 3955 2655 3980 ,
2702 3915 2814 3985 ipsa
2842 3925 3052 3971 amatur
3076 3932 3108 3970 a
3138 3917 3323 3986 nobis,
3362 3920 3479 3988 ipsa
3528 3932 3587 3976 ut
3611 3940 3639 3975 a

2060 4005 2212 4060 vobis
2232 4014 2439 4061 antetur
2460 4045 2477 4071 ,
2519 4015 2784 4075 optamus.
2826 4007 2907 4062 Ad
2932 4007 3076 4063 illam
3110 4023 3292 4078 pacem
3320 4014 3642 4080 perveniunt

2060 4096 2151 4168 qui
2178 4106 2234 4152 et
2257 4096 2345 4152 hic
2388 4095 2591 4167 pacifici
2637 4096 2853 4153 fuerint.
2898 4098 2977 4154 Illi
3022 4107 3148 4154 sunt
3174 4109 3229 4156 et
3268 4100 3358 4157 hic
3394 4102 3638 4173 paciﬁci,

2059 4188 2149 4260 qui
2178 4197 2232 4245 et
2254 4187 2358 4255 ibi;
2389 4188 2482 4259 qui
2518 4189 2846 4245 circumeunt
2874 4206 3111 4247 mensam
3148 4192 3356 4249 Dauini
3382 4204 3640 4267 tanquam

2061 4281 2344 4339 novellatio
2366 4282 2647 4350 olivarum,
2690 4292 2748 4337 ut
2775 4298 2880 4338 non
2921 4284 2994 4339 sit
3015 4285 3212 4340 sterilis
3238 4280 3432 4353 arbor,
3462 4289 3643 4359 qualis

2060 4371 2163 4429 fuit
2198 4374 2284 4428 illa
2331 4372 2556 4431 ﬁculnea
2603 4374 2690 4431 ubi
2721 4364 2948 4429 fructum
2999 4391 3106 4430 non
3148 4376 3348 4432 invenit
3390 4380 3643 4436 esuriens

2062 4464 2333 4519 Dominus.
2382 4465 2452 4521 Et
2491 4464 2679 4521 videtis
2722 4464 2846 4534 quid
2892 4466 2943 4521 ei
2986 4466 3284 4538 contigerit.
3328 4467 3480 4523 Folia
3527 4471 3639 4526 sola

2059 4556 2307 4620 habebat.
2337 4557 2564 4617 lructum
2590 4575 2694 4613 non
2727 4558 3178 4628 habebatUlattlt.
3213 4576 3329 4628 ιιι,
3361 4561 3488 4617 18α
3514 4563 3636 4632 19);

2028 4682 2031 4693 ι
2057 4648 2138 4706 sic
2164 4657 2289 4704 sunt
2312 4650 2403 4721 qui
2428 4650 2589 4704 verba
2617 4649 2853 4717 habent,
2901 4658 2955 4705 et
2980 4649 3117 4705 facta
3143 4666 3249 4706 non
3280 4651 3499 4708 habent.
3532 4654 3637 4709 Ve-

2059 4739 2213 4794 niens
2233 4740 2497 4797 csurieus'
2517 4739 2773 4795 Dominus
2816 4755 2921 4795 non
2970 4740 3040 4796 ibi
3084 4743 3290 4801 invenit
3307 4744 3452 4815 quod
3481 4762 3637 4801 utau-

2058 4830 2246 4897 dueet;
2275 4831 2397 4901 quia
2426 4829 2582 4887 ﬁdem
2614 4840 2850 4887 nostram
2888 4840 2943 4887 et
2984 4830 3122 4888 facta
3166 4824 3302 4890 bona
3337 4836 3508 4890 esurit
3536 4836 3640 4891 Do-

2059 4920 2253 4979 minus.
2271 4921 2555 4977 Pascamus
2577 4920 2725 4976 illum
2755 4920 2894 4979 bene
2917 4921 3172 4989 vivendo,
3199 4934 3254 4979 et
3279 4934 3465 4996 pascet
3489 4941 3595 4983 nos
3615 4929 3637 4960 '

2060 5012 2110 5067 in
2138 5022 2398 5066 aatcrnum
2425 5012 2578 5067 nobis
2599 5012 2779 5066 vivere
2803 5012 3074 5068 donando.

2413 5155 2493 5217 IN
2523 5154 2907 5218 PSALMUM
2947 5155 3268 5219 CXXVIII

2625 5260 3065 5317 .ENARRATIO.

2611 5365 2781 5409 SERIO
2808 5368 2876 5408 ΔΙ)
2901 5368 3124 5407 Ριειιειί.

2126 5444 2175 5497 1.
2211 5442 2453 5497 l’salmus
2482 5459 2639 5514 quem
2666 5444 3017 5508 cantavimus,
3045 5442 3220 5498 brevis
3240 5452 3325 5499 est
3343 5462 3356 5498 :
3375 5444 3469 5500 sed
3495 5446 3629 5500 sicut

2054 5534 2306 5602 St‘tiputm
2351 5544 2431 5589 est
2477 5535 2527 5589 in
2560 5534 2847 5605 Evangelio
2872 5534 2940 5590 de
2968 5533 3221 5588 luceluce
3242 5578 3254 5597 ,
3286 5545 3485 5591 statura
3511 5537 3627 5591 bre-

2121 5648 2134 5710 ξ
2164 5646 2236 5693 sic
2259 5652 2357 5693 Am.
2384 5652 2531 5710 met
2553 5644 2776 5707 plerique
2800 5652 2905 5695 SIss.
2933 5653 2987 5695 Al
3010 5652 3137 5710 ων..
3160 5643 3498 5710 inﬁrmitatem.

2014 5774 2024 5785 δ
2118 5708 2137 5739 ³
2164 5710 2236 5757 sic
2258 5714 2332 5757 Π.
2355 5708 2497 5771 Lugd.
2523 5715 2635 5757 ten.
2676 5718 2724 5757 et
2748 5715 2855 5757 Lov.
2878 5713 2925 5756 ω
2951 5713 2997 5755 Β.
3015 5709 3157 5758 deest
3180 5708 3289 5770 vus,
3310 5721 3410 5761 nos.
3470 5713 3529 5758 ιι.
