  <div class='ocr_page' id='page_1' title='image "/cluster/home/n/w/nwhite01/storage/ocr_20150623/37/hvd.32044096580592/340.png"; bbox 0 0 4032 6202; ppageno 0'>
   <div class='ocr_carea' id='block_1_1' title="bbox 331 315 463 370">
    <p class='ocr_par' dir='ltr' id='par_1_1' title="bbox 331 315 463 370">
     <span class='ocr_line' id='line_1_1' title="bbox 331 315 463 370; baseline -0.015 0"><span class='ocrx_word' id='word_1_1' title='bbox 331 315 463 370; x_wconf 74' lang='grc'><strong>1689</strong></span> 
     </span>
    </p>
   </div>
   <div class='ocr_carea' id='block_1_2' title="bbox 318 423 1886 498">
    <p class='ocr_par' dir='ltr' id='par_1_2' title="bbox 318 423 1886 498">
     <span class='ocr_line' id='line_1_2' title="bbox 318 423 1886 498; baseline -0.001 -19"><span class='ocrx_word' id='word_1_2' title='bbox 318 428 429 492; x_wconf 88' lang='lat' dir='ltr'><strong>vis,</strong></span> <span class='ocrx_word' id='word_1_3' title='bbox 474 434 529 480; x_wconf 92' lang='lat' dir='ltr'><strong>et</strong></span> <span class='ocrx_word' id='word_1_4' title='bbox 569 441 786 495; x_wconf 80' lang='lat' dir='ltr'><strong>magnus</strong></span> <span class='ocrx_word' id='word_1_5' title='bbox 813 426 864 480; x_wconf 94' lang='lat' dir='ltr'><strong>in</strong></span> <span class='ocrx_word' id='word_1_6' title='bbox 891 440 1049 494; x_wconf 78' lang='lat' dir='ltr'><strong>Opere</strong></span> <span class='ocrx_word' id='word_1_7' title='bbox 1078 423 1224 498; x_wconf 86' lang='lat' dir='ltr'><strong>(Luc.</strong></span> <span class='ocrx_word' id='word_1_8' title='bbox 1253 441 1362 488; x_wconf 74' lang='lat' dir='ltr'><strong>xu,</strong></span> <span class='ocrx_word' id='word_1_9' title='bbox 1393 424 1553 494; x_wconf 72' lang='lat'><strong>2-9);</strong></span> <span class='ocrx_word' id='word_1_10' title='bbox 1597 425 1734 480; x_wconf 91' lang='lat' dir='ltr'><strong>sicut</strong></span> <span class='ocrx_word' id='word_1_11' title='bbox 1756 425 1886 478; x_wconf 81' lang='lat' dir='ltr'><strong>scri-</strong></span> 
     </span>
    </p>
   </div>
   <div class='ocr_carea' id='block_1_3' title="bbox 319 512 1884 586">
    <p class='ocr_par' dir='ltr' id='par_1_3' title="bbox 319 512 1884 586">
     <span class='ocr_line' id='line_1_3' title="bbox 319 512 1884 586; baseline -0.002 -17"><span class='ocrx_word' id='word_1_12' title='bbox 319 527 461 586; x_wconf 89' lang='lat' dir='ltr'><strong>ptum</strong></span> <span class='ocrx_word' id='word_1_13' title='bbox 510 524 592 570; x_wconf 89' lang='lat' dir='ltr'><strong>est</strong></span> <span class='ocrx_word' id='word_1_14' title='bbox 643 517 710 570; x_wconf 91' lang='lat' dir='ltr'><strong>de</strong></span> <span class='ocrx_word' id='word_1_15' title='bbox 761 515 845 569; x_wconf 91' lang='lat' dir='ltr'><strong>illa</strong></span> <span class='ocrx_word' id='word_1_16' title='bbox 897 515 1051 570; x_wconf 88' lang='lat' dir='ltr'><strong>vidua</strong></span> <span class='ocrx_word' id='word_1_17' title='bbox 1094 530 1212 586; x_wconf 71' lang='lat' dir='ltr'><strong>qua:</strong></span> <span class='ocrx_word' id='word_1_18' title='bbox 1255 514 1360 568; x_wconf 91' lang='lat' dir='ltr'><strong>duo</strong></span> <span class='ocrx_word' id='word_1_19' title='bbox 1403 515 1604 568; x_wconf 87' lang='lat' dir='ltr'><strong>mitmta</strong></span> <span class='ocrx_word' id='word_1_20' title='bbox 1651 514 1790 567; x_wconf 91' lang='lat' dir='ltr'><strong>misit</strong></span> <span class='ocrx_word' id='word_1_21' title='bbox 1833 512 1884 566; x_wconf 89' lang='lat' dir='ltr'><strong>in</strong></span> 
     </span>
    </p>
   </div>
   <div class='ocr_carea' id='block_1_4' title="bbox 314 603 1885 677">
    <p class='ocr_par' dir='ltr' id='par_1_4' title="bbox 314 603 1885 677">
     <span class='ocr_line' id='line_1_4' title="bbox 314 603 1885 677; baseline -0.001 -19"><span class='ocrx_word' id='word_1_22' title='bbox 314 606 781 677; x_wconf 74' lang='lat' dir='ltr'><strong>gazophylacium,</strong></span> <span class='ocrx_word' id='word_1_23' title='bbox 831 606 1004 660; x_wconf 93' lang='lat' dir='ltr'><strong>brevis</strong></span> <span class='ocrx_word' id='word_1_24' title='bbox 1034 607 1254 675; x_wconf 81' lang='lat' dir='ltr'><strong>pecunia</strong></span> <span class='ocrx_word' id='word_1_25' title='bbox 1278 647 1292 670; x_wconf 97' lang='lat'><strong>,</strong></span> <span class='ocrx_word' id='word_1_26' title='bbox 1323 604 1415 660; x_wconf 87' lang='lat' dir='ltr'><strong>sed</strong></span> <span class='ocrx_word' id='word_1_27' title='bbox 1444 620 1630 675; x_wconf 82' lang='lat' dir='ltr'><strong>magna</strong></span> <span class='ocrx_word' id='word_1_28' title='bbox 1659 603 1885 658; x_wconf 88' lang='lat' dir='ltr'><strong>charitas</strong></span> 
     </span>
    </p>
   </div>
   <div class='ocr_carea' id='block_1_5' title="bbox 317 697 1881 768">
    <p class='ocr_par' dir='ltr' id='par_1_5' title="bbox 317 697 1881 768">
     <span class='ocr_line' id='line_1_5' title="bbox 317 697 1881 768; baseline 0 -18"><span class='ocrx_word' id='word_1_29' title='bbox 317 697 505 768; x_wconf 79' lang='lat' dir='ltr'><strong>(Marc.</strong></span> <span class='ocrx_word' id='word_1_30' title='bbox 549 714 652 763; x_wconf 74' lang='lat' dir='ltr'><strong>xu,</strong></span> <span class='ocrx_word' id='word_1_31' title='bbox 691 698 876 768; x_wconf 62' lang='lat'><strong>42-44)</strong></span> <span class='ocrx_word' id='word_1_32' title='bbox 912 716 925 752; x_wconf 93' lang='lat'><strong>:</strong></span> <span class='ocrx_word' id='word_1_33' title='bbox 963 699 1040 753; x_wconf 87' lang='lat' dir='ltr'><strong>sic</strong></span> <span class='ocrx_word' id='word_1_34' title='bbox 1073 708 1125 753; x_wconf 93' lang='lat' dir='ltr'><strong>et</strong></span> <span class='ocrx_word' id='word_1_35' title='bbox 1162 699 1261 752; x_wconf 87' lang='lat' dir='ltr'><strong>iste</strong></span> <span class='ocrx_word' id='word_1_36' title='bbox 1311 699 1575 767; x_wconf 91' lang='lat' dir='ltr'><strong>psalmus,</strong></span> <span class='ocrx_word' id='word_1_37' title='bbox 1637 699 1679 751; x_wconf 91' lang='lat' dir='ltr'><strong>si</strong></span> <span class='ocrx_word' id='word_1_38' title='bbox 1723 697 1881 750; x_wconf 86' lang='lat' dir='ltr'><strong>verba</strong></span> 
     </span>
    </p>
   </div>
   <div class='ocr_carea' id='block_1_6' title="bbox 315 787 1883 858">
    <p class='ocr_par' dir='ltr' id='par_1_6' title="bbox 315 787 1883 858">
     <span class='ocr_line' id='line_1_6' title="bbox 315 787 1883 858; baseline -0.001 -17"><span class='ocrx_word' id='word_1_39' title='bbox 315 803 586 853; x_wconf 84' lang='lat' dir='ltr'><strong>numeres,</strong></span> <span class='ocrx_word' id='word_1_40' title='bbox 613 789 786 842; x_wconf 82' lang='lat' dir='ltr'><strong>brevis</strong></span> <span class='ocrx_word' id='word_1_41' title='bbox 809 799 923 852; x_wconf 92' lang='lat' dir='ltr'><strong>est;</strong></span> <span class='ocrx_word' id='word_1_42' title='bbox 957 789 999 842; x_wconf 89' lang='lat' dir='ltr'><strong>si</strong></span> <span class='ocrx_word' id='word_1_43' title='bbox 1029 789 1319 844; x_wconf 88' lang='lat' dir='ltr'><strong>sententias</strong></span> <span class='ocrx_word' id='word_1_44' title='bbox 1346 787 1633 858; x_wconf 86' lang='lat' dir='ltr'><strong>appendas,</strong></span> <span class='ocrx_word' id='word_1_45' title='bbox 1663 801 1883 856; x_wconf 82' lang='lat' dir='ltr'><strong>magnus</strong></span> 
     </span>
    </p>
   </div>
   <div class='ocr_carea' id='block_1_7' title="bbox 308 877 1879 948">
    <p class='ocr_par' dir='ltr' id='par_1_7' title="bbox 308 877 1879 948">
     <span class='ocr_line' id='line_1_7' title="bbox 308 877 1879 948; baseline 0.001 -18"><span class='ocrx_word' id='word_1_46' title='bbox 308 887 411 932; x_wconf 88' lang='lat' dir='ltr'><strong>est.</strong></span> <span class='ocrx_word' id='word_1_47' title='bbox 451 877 567 932; x_wconf 72' lang='lat' dir='ltr'><strong>Non</strong></span> <span class='ocrx_word' id='word_1_48' title='bbox 598 895 725 948; x_wconf 80' lang='lat' dir='ltr'><strong>ergo</strong></span> <span class='ocrx_word' id='word_1_49' title='bbox 751 895 847 932; x_wconf 90' lang='lat' dir='ltr'><strong>nos</strong></span> <span class='ocrx_word' id='word_1_50' title='bbox 889 881 1083 948; x_wconf 90' lang='lat' dir='ltr'><strong>poterit</strong></span> <span class='ocrx_word' id='word_1_51' title='bbox 1108 879 1304 934; x_wconf 91' lang='lat' dir='ltr'><strong>diutius</strong></span> <span class='ocrx_word' id='word_1_52' title='bbox 1331 894 1496 947; x_wconf 90' lang='lat' dir='ltr'><strong>usque</strong></span> <span class='ocrx_word' id='word_1_53' title='bbox 1521 879 1587 932; x_wconf 92' lang='lat' dir='ltr'><strong>ad</strong></span> <span class='ocrx_word' id='word_1_54' title='bbox 1615 879 1879 933; x_wconf 86' lang='lat' dir='ltr'><strong>fastidium</strong></span> 
     </span>
    </p>
   </div>
   <div class='ocr_carea' id='block_1_8' title="bbox 308 968 1882 1040">
    <p class='ocr_par' dir='ltr' id='par_1_8' title="bbox 308 968 1882 1040">
     <span class='ocr_line' id='line_1_8' title="bbox 308 968 1882 1040; baseline 0.002 -19"><span class='ocrx_word' id='word_1_55' title='bbox 308 968 569 1028; x_wconf 85' lang='lat' dir='ltr'><strong>detinere.</strong></span> <span class='ocrx_word' id='word_1_56' title='bbox 599 970 810 1036; x_wconf 82' lang='lat' dir='ltr'><strong>Quare?</strong></span> <span class='ocrx_word' id='word_1_57' title='bbox 838 971 1092 1025; x_wconf 81' lang='lat' dir='ltr'><strong>Advertat</strong></span> <span class='ocrx_word' id='word_1_58' title='bbox 1135 971 1410 1040; x_wconf 80' lang='lat' dir='ltr'><strong>prudentia</strong></span> <span class='ocrx_word' id='word_1_59' title='bbox 1437 981 1633 1034; x_wconf 88' lang='lat' dir='ltr'><strong>vestra,</strong></span> <span class='ocrx_word' id='word_1_60' title='bbox 1665 979 1718 1024; x_wconf 91' lang='lat' dir='ltr'><strong>et</strong></span> <span class='ocrx_word' id='word_1_61' title='bbox 1745 969 1882 1024; x_wconf 85' lang='lat' dir='ltr'><strong>adsit</strong></span> 
     </span>
    </p>
   </div>
   <div class='ocr_carea' id='block_1_9' title="bbox 306 1063 1875 1130">
    <p class='ocr_par' dir='ltr' id='par_1_9' title="bbox 306 1063 1875 1130">
     <span class='ocr_line' id='line_1_9' title="bbox 306 1063 1875 1130; baseline -0.001 -13"><span class='ocrx_word' id='word_1_62' title='bbox 306 1064 534 1118; x_wconf 87' lang='lat' dir='ltr'><strong>intentio</strong></span> <span class='ocrx_word' id='word_1_63' title='bbox 576 1064 859 1118; x_wconf 88' lang='lat' dir='ltr'><strong>christiana</strong></span> <span class='ocrx_word' id='word_1_64' title='bbox 891 1083 903 1118; x_wconf 89' lang='lat'><strong>:</strong></span> <span class='ocrx_word' id='word_1_65' title='bbox 933 1074 1088 1118; x_wconf 84' lang='lat' dir='ltr'><strong>sonet</strong></span> <span class='ocrx_word' id='word_1_66' title='bbox 1132 1065 1349 1119; x_wconf 83' lang='lat' dir='ltr'><strong>verbum</strong></span> <span class='ocrx_word' id='word_1_67' title='bbox 1403 1063 1492 1119; x_wconf 87' lang='lat' dir='ltr'><strong>Dei</strong></span> <span class='ocrx_word' id='word_1_68' title='bbox 1542 1063 1875 1130; x_wconf 87' lang='lat' dir='ltr'><strong>volentibus,</strong></span> 
     </span>
    </p>
   </div>
   <div class='ocr_carea' id='block_1_10' title="bbox 305 1146 1874 1224">
    <p class='ocr_par' dir='ltr' id='par_1_10' title="bbox 305 1146 1874 1224">
     <span class='ocr_line' id='line_1_10' title="bbox 305 1146 1874 1224; baseline -0.002 -15"><span class='ocrx_word' id='word_1_69' title='bbox 305 1146 628 1218; x_wconf 84' lang='lat' dir='ltr'><strong>uolentibus,</strong></span> <span class='ocrx_word' id='word_1_70' title='bbox 653 1164 967 1224; x_wconf 79' lang='lat' dir='ltr'><strong>Opportune,</strong></span> <span class='ocrx_word' id='word_1_71' title='bbox 993 1155 1310 1224; x_wconf 86' lang='lat' dir='ltr'><strong>importune.</strong></span> <span class='ocrx_word' id='word_1_72' title='bbox 1335 1154 1534 1209; x_wconf 89' lang='lat' dir='ltr'><strong>Invenit</strong></span> <span class='ocrx_word' id='word_1_73' title='bbox 1556 1154 1653 1208; x_wconf 91' lang='lat' dir='ltr'><strong>sibi</strong></span> <span class='ocrx_word' id='word_1_74' title='bbox 1679 1154 1874 1220; x_wconf 87' lang='lat' dir='ltr'><strong>locmn,</strong></span> 
     </span>
    </p>
   </div>
   <div class='ocr_carea' id='block_1_11' title="bbox 303 1246 1876 1317">
    <p class='ocr_par' dir='ltr' id='par_1_11' title="bbox 303 1246 1876 1317">
     <span class='ocr_line' id='line_1_11' title="bbox 303 1246 1876 1317; baseline -0.001 -17"><span class='ocrx_word' id='word_1_75' title='bbox 303 1247 507 1302; x_wconf 87' lang='lat' dir='ltr'><strong>invenit</strong></span> <span class='ocrx_word' id='word_1_76' title='bbox 530 1248 688 1302; x_wconf 89' lang='lat' dir='ltr'><strong>corda</strong></span> <span class='ocrx_word' id='word_1_77' title='bbox 718 1248 801 1302; x_wconf 90' lang='lat' dir='ltr'><strong>ubi</strong></span> <span class='ocrx_word' id='word_1_78' title='bbox 834 1250 1164 1316; x_wconf 89' lang='lat' dir='ltr'><strong>requiescat,</strong></span> <span class='ocrx_word' id='word_1_79' title='bbox 1195 1247 1396 1302; x_wconf 84' lang='lat' dir='ltr'><strong>invenit</strong></span> <span class='ocrx_word' id='word_1_80' title='bbox 1423 1257 1617 1302; x_wconf 88' lang='lat' dir='ltr'><strong>terram</strong></span> <span class='ocrx_word' id='word_1_81' title='bbox 1643 1246 1728 1300; x_wconf 90' lang='lat' dir='ltr'><strong>ubi</strong></span> <span class='ocrx_word' id='word_1_82' title='bbox 1753 1261 1876 1317; x_wconf 80' lang='lat' dir='ltr'><strong>ger-</strong></span> 
     </span>
    </p>
   </div>
   <div class='ocr_carea' id='block_1_12' title="bbox 301 1337 1876 1408">
    <p class='ocr_par' dir='ltr' id='par_1_12' title="bbox 301 1337 1876 1408">
     <span class='ocr_line' id='line_1_12' title="bbox 301 1337 1876 1408; baseline -0.003 -14"><span class='ocrx_word' id='word_1_83' title='bbox 301 1341 474 1394; x_wconf 88' lang='lat' dir='ltr'><strong>minet</strong></span> <span class='ocrx_word' id='word_1_84' title='bbox 503 1348 556 1394; x_wconf 91' lang='lat' dir='ltr'><strong>et</strong></span> <span class='ocrx_word' id='word_1_85' title='bbox 587 1339 810 1394; x_wconf 90' lang='lat' dir='ltr'><strong>fructum</strong></span> <span class='ocrx_word' id='word_1_86' title='bbox 843 1337 1000 1392; x_wconf 82' lang='lat' dir='ltr'><strong>ferat.</strong></span> <span class='ocrx_word' id='word_1_87' title='bbox 1028 1338 1159 1391; x_wconf 85' lang='lat' dir='ltr'><strong>Nam</strong></span> <span class='ocrx_word' id='word_1_88' title='bbox 1202 1337 1322 1408; x_wconf 83' lang='lat' dir='ltr'><strong>quia</strong></span> <span class='ocrx_word' id='word_1_89' title='bbox 1352 1338 1498 1391; x_wconf 90' lang='lat' dir='ltr'><strong>multi</strong></span> <span class='ocrx_word' id='word_1_90' title='bbox 1526 1337 1646 1390; x_wconf 90' lang='lat' dir='ltr'><strong>mali</strong></span> <span class='ocrx_word' id='word_1_91' title='bbox 1673 1346 1795 1390; x_wconf 90' lang='lat' dir='ltr'><strong>sunt</strong></span> <span class='ocrx_word' id='word_1_92' title='bbox 1824 1346 1876 1389; x_wconf 88' lang='lat' dir='ltr'><strong>et</strong></span> 
     </span>
    </p>
   </div>
   <div class='ocr_carea' id='block_1_13' title="bbox 300 1429 1873 1504">
    <p class='ocr_par' dir='ltr' id='par_1_13' title="bbox 300 1429 1873 1504">
     <span class='ocr_line' id='line_1_13' title="bbox 300 1429 1873 1504; baseline -0.003 -18"><span class='ocrx_word' id='word_1_93' title='bbox 300 1432 466 1504; x_wconf 83' lang='lat' dir='ltr'><strong>iniqui</strong></span> <span class='ocrx_word' id='word_1_94' title='bbox 489 1447 619 1504; x_wconf 91' lang='lat' dir='ltr'><strong>quos</strong></span> <span class='ocrx_word' id='word_1_95' title='bbox 650 1442 818 1500; x_wconf 81' lang='lat' dir='ltr'><strong>portat</strong></span> <span class='ocrx_word' id='word_1_96' title='bbox 833 1431 1066 1486; x_wconf 87' lang='lat' dir='ltr'><strong>Ecclesia</strong></span> <span class='ocrx_word' id='word_1_97' title='bbox 1086 1445 1251 1500; x_wconf 90' lang='lat' dir='ltr'><strong>usque</strong></span> <span class='ocrx_word' id='word_1_98' title='bbox 1275 1431 1324 1483; x_wconf 93' lang='lat' dir='ltr'><strong>in</strong></span> <span class='ocrx_word' id='word_1_99' title='bbox 1349 1431 1527 1489; x_wconf 88' lang='lat' dir='ltr'><strong>linem,</strong></span> <span class='ocrx_word' id='word_1_100' title='bbox 1543 1429 1873 1483; x_wconf 91' lang='lat' dir='ltr'><strong>manifestum</strong></span> 
     </span>
    </p>
   </div>
   <div class='ocr_carea' id='block_1_14' title="bbox 298 1518 1874 1590">
    <p class='ocr_par' dir='ltr' id='par_1_14' title="bbox 298 1518 1874 1590">
     <span class='ocr_line' id='line_1_14' title="bbox 298 1518 1874 1590; baseline -0.003 -14"><span class='ocrx_word' id='word_1_101' title='bbox 298 1531 386 1576; x_wconf 89' lang='lat' dir='ltr'><strong>est</strong></span> <span class='ocrx_word' id='word_1_102' title='bbox 413 1541 425 1576; x_wconf 92' lang='lat'>:</span> <span class='ocrx_word' id='word_1_103' title='bbox 452 1531 506 1576; x_wconf 92' lang='lat' dir='ltr'><strong>ct</strong></span> <span class='ocrx_word' id='word_1_104' title='bbox 529 1523 577 1574; x_wconf 81' lang='lat' dir='ltr'><strong>lii</strong></span> <span class='ocrx_word' id='word_1_105' title='bbox 601 1531 725 1575; x_wconf 89' lang='lat' dir='ltr'><strong>sunt</strong></span> <span class='ocrx_word' id='word_1_106' title='bbox 750 1521 940 1590; x_wconf 89' lang='lat' dir='ltr'><strong>quibus</strong></span> <span class='ocrx_word' id='word_1_107' title='bbox 965 1521 1181 1574; x_wconf 81' lang='lat' dir='ltr'><strong>verbum</strong></span> <span class='ocrx_word' id='word_1_108' title='bbox 1210 1519 1298 1573; x_wconf 88' lang='lat' dir='ltr'><strong>Dei</strong></span> <span class='ocrx_word' id='word_1_109' title='bbox 1327 1518 1647 1588; x_wconf 85' lang='lat' dir='ltr'><strong>superï¬‚uum</strong></span> <span class='ocrx_word' id='word_1_110' title='bbox 1675 1526 1756 1572; x_wconf 89' lang='lat' dir='ltr'><strong>est</strong></span> <span class='ocrx_word' id='word_1_111' title='bbox 1780 1535 1795 1583; x_wconf 91' lang='lat'><strong>;</strong></span> <span class='ocrx_word' id='word_1_112' title='bbox 1821 1527 1874 1571; x_wconf 90' lang='lat' dir='ltr'><strong>et</strong></span> 
     </span>
    </p>
   </div>
   <div class='ocr_carea' id='block_1_15' title="bbox 295 1611 1875 1682">
    <p class='ocr_par' dir='ltr' id='par_1_15' title="bbox 295 1611 1875 1682">
     <span class='ocr_line' id='line_1_15' title="bbox 295 1611 1875 1682; baseline -0.003 -15"><span class='ocrx_word' id='word_1_113' title='bbox 295 1624 391 1668; x_wconf 87' lang='lat' dir='ltr'><strong>aut</strong></span> <span class='ocrx_word' id='word_1_114' title='bbox 416 1616 493 1669; x_wconf 88' lang='lat' dir='ltr'><strong>sic</strong></span> <span class='ocrx_word' id='word_1_115' title='bbox 518 1615 568 1668; x_wconf 91' lang='lat' dir='ltr'><strong>in</strong></span> <span class='ocrx_word' id='word_1_116' title='bbox 599 1615 720 1668; x_wconf 91' lang='lat' dir='ltr'><strong>illos</strong></span> <span class='ocrx_word' id='word_1_117' title='bbox 745 1614 905 1679; x_wconf 84' lang='lat' dir='ltr'><strong>cadit,</strong></span> <span class='ocrx_word' id='word_1_118' title='bbox 950 1611 1215 1682; x_wconf 90' lang='lat' dir='ltr'><strong>quomodo</strong></span> <span class='ocrx_word' id='word_1_119' title='bbox 1241 1627 1422 1666; x_wconf 86' lang='lat' dir='ltr'><strong>semen</strong></span> <span class='ocrx_word' id='word_1_120' title='bbox 1465 1612 1516 1664; x_wconf 91' lang='lat' dir='ltr'><strong>in</strong></span> <span class='ocrx_word' id='word_1_121' title='bbox 1545 1611 1627 1665; x_wconf 90' lang='lat' dir='ltr'><strong>via</strong></span> <span class='ocrx_word' id='word_1_122' title='bbox 1659 1611 1875 1666; x_wconf 85' lang='lat' dir='ltr'><strong>concul-</strong></span> 
     </span>
    </p>
   </div>
   <div class='ocr_carea' id='block_1_16' title="bbox 294 1703 1867 1774">
    <p class='ocr_par' dir='ltr' id='par_1_16' title="bbox 294 1703 1867 1774">
     <span class='ocr_line' id='line_1_16' title="bbox 294 1703 1867 1774; baseline -0.004 -12"><span class='ocrx_word' id='word_1_123' title='bbox 294 1717 470 1772; x_wconf 88' lang='lat' dir='ltr'><strong>catur,</strong></span> <span class='ocrx_word' id='word_1_124' title='bbox 499 1719 551 1762; x_wconf 92' lang='lat' dir='ltr'><strong>et</strong></span> <span class='ocrx_word' id='word_1_125' title='bbox 575 1723 602 1759; x_wconf 90' lang='lat' dir='ltr'><strong>a</strong></span> <span class='ocrx_word' id='word_1_126' title='bbox 643 1707 943 1760; x_wconf 85' lang='lat' dir='ltr'><strong>volatilibus</strong></span> <span class='ocrx_word' id='word_1_127' title='bbox 969 1705 1265 1774; x_wconf 83' lang='lat' dir='ltr'><strong>colligitur;</strong></span> <span class='ocrx_word' id='word_1_128' title='bbox 1299 1713 1388 1758; x_wconf 91' lang='lat' dir='ltr'><strong>aut</strong></span> <span class='ocrx_word' id='word_1_129' title='bbox 1413 1705 1489 1758; x_wconf 91' lang='lat' dir='ltr'><strong>sic</strong></span> <span class='ocrx_word' id='word_1_130' title='bbox 1518 1705 1569 1756; x_wconf 92' lang='lat' dir='ltr'><strong>in</strong></span> <span class='ocrx_word' id='word_1_131' title='bbox 1595 1718 1689 1758; x_wconf 93' lang='lat' dir='ltr'><strong>eos</strong></span> <span class='ocrx_word' id='word_1_132' title='bbox 1709 1703 1867 1770; x_wconf 87' lang='lat' dir='ltr'><strong>cadit,</strong></span> 
     </span>
    </p>
   </div>
   <div class='ocr_carea' id='block_1_17' title="bbox 292 1793 1868 1868">
    <p class='ocr_par' dir='ltr' id='par_1_17' title="bbox 292 1793 1868 1868">
     <span class='ocr_line' id='line_1_17' title="bbox 292 1793 1868 1868; baseline -0.002 -19"><span class='ocrx_word' id='word_1_133' title='bbox 292 1798 564 1868; x_wconf 86' lang='lat' dir='ltr'><strong>quomodo</strong></span> <span class='ocrx_word' id='word_1_134' title='bbox 589 1813 768 1852; x_wconf 91' lang='lat' dir='ltr'><strong>semen</strong></span> <span class='ocrx_word' id='word_1_135' title='bbox 801 1797 851 1851; x_wconf 92' lang='lat' dir='ltr'><strong>in</strong></span> <span class='ocrx_word' id='word_1_136' title='bbox 876 1806 1084 1865; x_wconf 89' lang='lat' dir='ltr'><strong>petrosa</strong></span> <span class='ocrx_word' id='word_1_137' title='bbox 1105 1796 1241 1859; x_wconf 89' lang='lat' dir='ltr'><strong>loca,</strong></span> <span class='ocrx_word' id='word_1_138' title='bbox 1265 1795 1349 1850; x_wconf 92' lang='lat' dir='ltr'><strong>ubi</strong></span> <span class='ocrx_word' id='word_1_139' title='bbox 1373 1809 1476 1848; x_wconf 91' lang='lat' dir='ltr'><strong>non</strong></span> <span class='ocrx_word' id='word_1_140' title='bbox 1498 1793 1656 1848; x_wconf 88' lang='lat' dir='ltr'><strong>habet</strong></span> <span class='ocrx_word' id='word_1_141' title='bbox 1675 1801 1868 1847; x_wconf 89' lang='lat' dir='ltr'><strong>terram</strong></span> 
     </span>
    </p>
   </div>
   <div class='ocr_carea' id='block_1_18' title="bbox 291 1886 1868 1956">
    <p class='ocr_par' dir='ltr' id='par_1_18' title="bbox 291 1886 1868 1956">
     <span class='ocr_line' id='line_1_18' title="bbox 291 1886 1868 1956; baseline -0.003 -11"><span class='ocrx_word' id='word_1_142' title='bbox 291 1891 518 1945; x_wconf 90' lang='lat' dir='ltr'><strong>multam</strong></span> <span class='ocrx_word' id='word_1_143' title='bbox 542 1933 557 1955; x_wconf 94' lang='lat'><strong>,</strong></span> <span class='ocrx_word' id='word_1_144' title='bbox 588 1891 761 1943; x_wconf 87' lang='lat' dir='ltr'><strong>statim</strong></span> <span class='ocrx_word' id='word_1_145' title='bbox 789 1889 922 1950; x_wconf 64' lang='lat' dir='ltr'><strong>exit.</strong></span> <span class='ocrx_word' id='word_1_146' title='bbox 953 1898 1006 1944; x_wconf 89' lang='lat' dir='ltr'><strong>et</strong></span> <span class='ocrx_word' id='word_1_147' title='bbox 1031 1887 1284 1942; x_wconf 87' lang='lat' dir='ltr'><strong>calefacto</strong></span> <span class='ocrx_word' id='word_1_148' title='bbox 1320 1886 1431 1941; x_wconf 88' lang='lat' dir='ltr'><strong>sole</strong></span> <span class='ocrx_word' id='word_1_149' title='bbox 1472 1887 1660 1941; x_wconf 83' lang='lat' dir='ltr'><strong>arescit</strong></span> <span class='ocrx_word' id='word_1_150' title='bbox 1686 1927 1699 1950; x_wconf 95' lang='lat'><strong>,</strong></span> <span class='ocrx_word' id='word_1_151' title='bbox 1746 1887 1868 1956; x_wconf 90' lang='lat' dir='ltr'><strong>quia</strong></span> 
     </span>
    </p>
   </div>
   <div class='ocr_carea' id='block_1_19' title="bbox 291 1977 1866 2048">
    <p class='ocr_par' dir='ltr' id='par_1_19' title="bbox 291 1977 1866 2048">
     <span class='ocr_line' id='line_1_19' title="bbox 291 1977 1866 2048; baseline -0.003 -12"><span class='ocrx_word' id='word_1_152' title='bbox 291 1998 406 2036; x_wconf 91' lang='lat' dir='ltr'><strong>non</strong></span> <span class='ocrx_word' id='word_1_153' title='bbox 446 1981 602 2035; x_wconf 88' lang='lat' dir='ltr'><strong>habet</strong></span> <span class='ocrx_word' id='word_1_154' title='bbox 624 1980 889 2045; x_wconf 84' lang='lat' dir='ltr'><strong>radicem;</strong></span> <span class='ocrx_word' id='word_1_155' title='bbox 919 1989 1009 2034; x_wconf 91' lang='lat' dir='ltr'><strong>aut</strong></span> <span class='ocrx_word' id='word_1_156' title='bbox 1036 1979 1172 2034; x_wconf 90' lang='lat' dir='ltr'><strong>sicut</strong></span> <span class='ocrx_word' id='word_1_157' title='bbox 1197 1980 1332 2034; x_wconf 91' lang='lat' dir='ltr'><strong>inter</strong></span> <span class='ocrx_word' id='word_1_158' title='bbox 1359 1979 1558 2048; x_wconf 89' lang='lat' dir='ltr'><strong>spinas,</strong></span> <span class='ocrx_word' id='word_1_159' title='bbox 1599 1977 1739 2048; x_wconf 92' lang='lat' dir='ltr'><strong>quod</strong></span> <span class='ocrx_word' id='word_1_160' title='bbox 1767 1979 1866 2032; x_wconf 87' lang='lat' dir='ltr'><strong>etsi</strong></span> 
     </span>
    </p>
   </div>
   <div class='ocr_carea' id='block_1_20' title="bbox 287 2066 1863 2141">
    <p class='ocr_par' dir='ltr' id='par_1_20' title="bbox 287 2066 1863 2141">
     <span class='ocr_line' id='line_1_20' title="bbox 287 2066 1863 2141; baseline -0.002 -17"><span class='ocrx_word' id='word_1_161' title='bbox 287 2071 560 2141; x_wconf 79' lang='lat' dir='ltr'><strong>germinet</strong></span> <span class='ocrx_word' id='word_1_162' title='bbox 579 2079 632 2124; x_wconf 90' lang='lat' dir='ltr'><strong>et</strong></span> <span class='ocrx_word' id='word_1_163' title='bbox 653 2079 875 2124; x_wconf 91' lang='lat' dir='ltr'><strong>conetur</strong></span> <span class='ocrx_word' id='word_1_164' title='bbox 895 2070 947 2123; x_wconf 89' lang='lat' dir='ltr'><strong>in</strong></span> <span class='ocrx_word' id='word_1_165' title='bbox 974 2083 1128 2123; x_wconf 80' lang='lat' dir='ltr'><strong>auras</strong></span> <span class='ocrx_word' id='word_1_166' title='bbox 1149 2083 1384 2138; x_wconf 81' lang='lat' dir='ltr'><strong>surgere,</strong></span> <span class='ocrx_word' id='word_1_167' title='bbox 1409 2066 1666 2122; x_wconf 79' lang='lat' dir='ltr'><strong>oli&#39;ocatur</strong></span> <span class='ocrx_word' id='word_1_168' title='bbox 1689 2075 1863 2121; x_wconf 90' lang='lat' dir='ltr'><strong>tamen</strong></span> 
     </span>
    </p>
   </div>
   <div class='ocr_carea' id='block_1_21' title="bbox 286 2155 1861 2230">
    <p class='ocr_par' dir='ltr' id='par_1_21' title="bbox 286 2155 1861 2230">
     <span class='ocr_line' id='line_1_21' title="bbox 286 2155 1861 2230; baseline -0.003 -14"><span class='ocrx_word' id='word_1_169' title='bbox 286 2162 631 2216; x_wconf 88' lang='lat' dir='ltr'><strong>multitudine</strong></span> <span class='ocrx_word' id='word_1_170' title='bbox 659 2163 950 2230; x_wconf 89' lang='lat' dir='ltr'><strong>spinarum.</strong></span> <span class='ocrx_word' id='word_1_171' title='bbox 990 2161 1145 2215; x_wconf 84' lang='lat' dir='ltr'><strong>Tales</strong></span> <span class='ocrx_word' id='word_1_172' title='bbox 1173 2155 1346 2214; x_wconf 63' lang='lat' dir='ltr'><strong>autem</strong></span> <span class='ocrx_word' id='word_1_173' title='bbox 1377 2169 1500 2214; x_wconf 91' lang='lat' dir='ltr'><strong>sunt</strong></span> <span class='ocrx_word' id='word_1_174' title='bbox 1526 2160 1612 2229; x_wconf 91' lang='lat' dir='ltr'><strong>qui</strong></span> <span class='ocrx_word' id='word_1_175' title='bbox 1643 2159 1861 2214; x_wconf 90' lang='lat' dir='ltr'><strong>verbum</strong></span> 
     </span>
    </p>
   </div>
   <div class='ocr_carea' id='block_1_22' title="bbox 287 2251 1857 2322">
    <p class='ocr_par' dir='ltr' id='par_1_22' title="bbox 287 2251 1857 2322">
     <span class='ocr_line' id='line_1_22' title="bbox 287 2251 1857 2322; baseline -0.004 -13"><span class='ocrx_word' id='word_1_176' title='bbox 287 2254 387 2309; x_wconf 97' lang='lat' dir='ltr'><strong>Dei</strong></span> <span class='ocrx_word' id='word_1_177' title='bbox 415 2262 758 2308; x_wconf 88' lang='lat' dir='ltr'><strong>contemnunt</strong></span> <span class='ocrx_word' id='word_1_178' title='bbox 783 2255 921 2308; x_wconf 89' lang='lat' dir='ltr'><strong>sicut</strong></span> <span class='ocrx_word' id='word_1_179' title='bbox 947 2253 1050 2317; x_wconf 87' lang='lat' dir='ltr'><strong>via,</strong></span> <span class='ocrx_word' id='word_1_180' title='bbox 1082 2263 1172 2306; x_wconf 91' lang='lat' dir='ltr'><strong>aut</strong></span> <span class='ocrx_word' id='word_1_181' title='bbox 1199 2252 1286 2322; x_wconf 89' lang='lat' dir='ltr'><strong>qui</strong></span> <span class='ocrx_word' id='word_1_182' title='bbox 1311 2252 1377 2306; x_wconf 88' lang='lat' dir='ltr'><strong>ad</strong></span> <span class='ocrx_word' id='word_1_183' title='bbox 1404 2251 1585 2305; x_wconf 89' lang='lat' dir='ltr'><strong>horam</strong></span> <span class='ocrx_word' id='word_1_184' title='bbox 1611 2251 1857 2321; x_wconf 77' lang='lat' dir='ltr'><strong>gaudent,</strong></span> 
     </span>
    </p>
   </div>
   <div class='ocr_carea' id='block_1_23' title="bbox 282 2343 1859 2409">
    <p class='ocr_par' dir='ltr' id='par_1_23' title="bbox 282 2343 1859 2409">
     <span class='ocr_line' id='line_1_23' title="bbox 282 2343 1859 2409; baseline -0.004 -9"><span class='ocrx_word' id='word_1_185' title='bbox 282 2354 334 2400; x_wconf 90' lang='lat' dir='ltr'><strong>et</strong></span> <span class='ocrx_word' id='word_1_186' title='bbox 398 2345 530 2399; x_wconf 86' lang='lat' dir='ltr'><strong>faeta</strong></span> <span class='ocrx_word' id='word_1_187' title='bbox 581 2344 952 2409; x_wconf 87' lang='lat' dir='ltr'><strong>tribulatione,</strong></span> <span class='ocrx_word' id='word_1_188' title='bbox 1007 2344 1141 2397; x_wconf 89' lang='lat' dir='ltr'><strong>sicut</strong></span> <span class='ocrx_word' id='word_1_189' title='bbox 1189 2353 1321 2397; x_wconf 63' lang='lat' dir='ltr'><strong>arstu</strong></span> <span class='ocrx_word' id='word_1_190' title='bbox 1365 2343 1525 2407; x_wconf 88' lang='lat' dir='ltr'><strong>solis,</strong></span> <span class='ocrx_word' id='word_1_191' title='bbox 1581 2352 1859 2402; x_wconf 89' lang='lat' dir='ltr'><strong>arescunt;</strong></span> 
     </span>
    </p>
   </div>
   <div class='ocr_carea' id='block_1_24' title="bbox 281 2431 1862 2505">
    <p class='ocr_par' dir='ltr' id='par_1_24' title="bbox 281 2431 1862 2505">
     <span class='ocr_line' id='line_1_24' title="bbox 281 2431 1862 2505; baseline -0.003 -14"><span class='ocrx_word' id='word_1_192' title='bbox 281 2447 376 2491; x_wconf 89' lang='lat' dir='ltr'><strong>aut</strong></span> <span class='ocrx_word' id='word_1_193' title='bbox 416 2439 504 2505; x_wconf 92' lang='lat' dir='ltr'><strong>qui</strong></span> <span class='ocrx_word' id='word_1_194' title='bbox 548 2435 951 2504; x_wconf 77' lang='lat' dir='ltr'><strong>cogitationibus</strong></span> <span class='ocrx_word' id='word_1_195' title='bbox 988 2443 1042 2497; x_wconf 89' lang='lat' dir='ltr'><strong>et</strong></span> <span class='ocrx_word' id='word_1_196' title='bbox 1087 2433 1230 2487; x_wconf 89' lang='lat' dir='ltr'><strong>curis</strong></span> <span class='ocrx_word' id='word_1_197' title='bbox 1254 2442 1307 2487; x_wconf 90' lang='lat' dir='ltr'><strong>et</strong></span> <span class='ocrx_word' id='word_1_198' title='bbox 1331 2432 1678 2487; x_wconf 88' lang='lat' dir='ltr'><strong>sollicitudine</strong></span> <span class='ocrx_word' id='word_1_199' title='bbox 1707 2431 1862 2497; x_wconf 84' lang='lat' dir='ltr'><strong>hujus</strong></span> 
     </span>
    </p>
   </div>
   <div class='ocr_carea' id='block_1_25' title="bbox 279 2524 1859 2600">
    <p class='ocr_par' dir='ltr' id='par_1_25' title="bbox 279 2524 1859 2600">
     <span class='ocr_line' id='line_1_25' title="bbox 279 2524 1859 2600; baseline -0.002 -19"><span class='ocrx_word' id='word_1_200' title='bbox 279 2528 496 2591; x_wconf 86' lang='lat' dir='ltr'><strong>mundi,</strong></span> <span class='ocrx_word' id='word_1_201' title='bbox 529 2535 775 2594; x_wconf 89' lang='lat' dir='ltr'><strong>tanquam</strong></span> <span class='ocrx_word' id='word_1_202' title='bbox 806 2524 1236 2600; x_wconf 70' lang='lat' dir='ltr'><strong>Spiuisavaritia:</strong></span> <span class='ocrx_word' id='word_1_203' title='bbox 1264 2524 1492 2577; x_wconf 83' lang='lat' dir='ltr'><strong>otl&#39;oeant</strong></span> <span class='ocrx_word' id='word_1_204' title='bbox 1518 2524 1656 2592; x_wconf 89' lang='lat' dir='ltr'><strong>quod</strong></span> <span class='ocrx_word' id='word_1_205' title='bbox 1681 2525 1731 2577; x_wconf 91' lang='lat' dir='ltr'><strong>in</strong></span> <span class='ocrx_word' id='word_1_206' title='bbox 1756 2525 1859 2578; x_wconf 88' lang='lat' dir='ltr'><strong>illis</strong></span> 
     </span>
    </p>
   </div>
   <div class='ocr_carea' id='block_1_26' title="bbox 279 2615 1854 2688">
    <p class='ocr_par' dir='ltr' id='par_1_26' title="bbox 279 2615 1854 2688">
     <span class='ocr_line' id='line_1_26' title="bbox 279 2615 1854 2688; baseline -0.001 -20"><span class='ocrx_word' id='word_1_207' title='bbox 279 2627 527 2688; x_wconf 70' lang='lat' dir='ltr'><strong>(mperat</strong></span> <span class='ocrx_word' id='word_1_208' title='bbox 565 2617 879 2686; x_wconf 84' lang='lat' dir='ltr'><strong>germinare.</strong></span> <span class='ocrx_word' id='word_1_209' title='bbox 929 2615 1024 2668; x_wconf 84' lang='lat' dir='ltr'><strong>Est</strong></span> <span class='ocrx_word' id='word_1_210' title='bbox 1073 2625 1249 2669; x_wconf 89' lang='lat' dir='ltr'><strong>autem</strong></span> <span class='ocrx_word' id='word_1_211' title='bbox 1298 2615 1455 2669; x_wconf 90' lang='lat' dir='ltr'><strong>etiam</strong></span> <span class='ocrx_word' id='word_1_212' title='bbox 1501 2625 1635 2669; x_wconf 90' lang='lat' dir='ltr'><strong>terra</strong></span> <span class='ocrx_word' id='word_1_213' title='bbox 1680 2616 1854 2681; x_wconf 88' lang='lat' dir='ltr'><strong>bona,</strong></span> 
     </span>
    </p>
   </div>
   <div class='ocr_carea' id='block_1_27' title="bbox 279 2705 1854 2781">
    <p class='ocr_par' dir='ltr' id='par_1_27' title="bbox 279 2705 1854 2781">
     <span class='ocr_line' id='line_1_27' title="bbox 279 2705 1854 2781; baseline -0.003 -16"><span class='ocrx_word' id='word_1_214' title='bbox 279 2730 391 2781; x_wconf 81' lang='lat' dir='ltr'><strong>quo</strong></span> <span class='ocrx_word' id='word_1_215' title='bbox 418 2725 601 2764; x_wconf 87' lang='lat' dir='ltr'><strong>semen</strong></span> <span class='ocrx_word' id='word_1_216' title='bbox 632 2723 752 2766; x_wconf 87' lang='lat' dir='ltr'><strong>cum</strong></span> <span class='ocrx_word' id='word_1_217' title='bbox 779 2707 1066 2773; x_wconf 89' lang='lat' dir='ltr'><strong>ceciderit,</strong></span> <span class='ocrx_word' id='word_1_218' title='bbox 1115 2705 1266 2760; x_wconf 72' lang='lat' dir='ltr'><strong>affert</strong></span> <span class='ocrx_word' id='word_1_219' title='bbox 1296 2706 1552 2762; x_wconf 88' lang='lat' dir='ltr'><strong>fructum.</strong></span> <span class='ocrx_word' id='word_1_220' title='bbox 1587 2705 1729 2760; x_wconf 87' lang='lat' dir='ltr'><strong>aliud</strong></span> <span class='ocrx_word' id='word_1_221' title='bbox 1761 2706 1854 2760; x_wconf 86' lang='lat' dir='ltr'><strong>tri-</strong></span> 
     </span>
    </p>
   </div>
   <div class='ocr_carea' id='block_1_28' title="bbox 279 2796 1852 2871">
    <p class='ocr_par' dir='ltr' id='par_1_28' title="bbox 279 2796 1852 2871">
     <span class='ocr_line' id='line_1_28' title="bbox 279 2796 1852 2871; baseline -0.006 -12"><span class='ocrx_word' id='word_1_222' title='bbox 279 2821 498 2865; x_wconf 86' lang='lat' dir='ltr'><strong>cenum,</strong></span> <span class='ocrx_word' id='word_1_223' title='bbox 523 2803 664 2857; x_wconf 90' lang='lat' dir='ltr'><strong>aliud</strong></span> <span class='ocrx_word' id='word_1_224' title='bbox 687 2817 1028 2871; x_wconf 75' lang='lat' dir='ltr'><strong>sexagenum,</strong></span> <span class='ocrx_word' id='word_1_225' title='bbox 1053 2799 1192 2853; x_wconf 88' lang='lat' dir='ltr'><strong>aliud</strong></span> <span class='ocrx_word' id='word_1_226' title='bbox 1213 2807 1490 2853; x_wconf 90' lang='lat' dir='ltr'><strong>centenum</strong></span> <span class='ocrx_word' id='word_1_227' title='bbox 1514 2796 1722 2867; x_wconf 80' lang='lat' dir='ltr'><strong>(Matth.</strong></span> <span class='ocrx_word' id='word_1_228' title='bbox 1739 2813 1852 2864; x_wconf 80' lang='lat' dir='ltr'><strong>xm,</strong></span> 
     </span>
    </p>
   </div>
   <div class='ocr_carea' id='block_1_29' title="bbox 277 2887 1856 2965">
    <p class='ocr_par' dir='ltr' id='par_1_29' title="bbox 277 2887 1856 2965">
     <span class='ocr_line' id='line_1_29' title="bbox 277 2887 1856 2965; baseline -0.009 -13"><span class='ocrx_word' id='word_1_229' title='bbox 277 2897 443 2965; x_wconf 74' lang='lat'><strong>5-9.5)</strong></span> <span class='ocrx_word' id='word_1_230' title='bbox 469 2914 481 2948; x_wconf 91' lang='lat'><strong>:</strong></span> <span class='ocrx_word' id='word_1_231' title='bbox 506 2897 619 2948; x_wconf 90' lang='lat' dir='ltr'><strong>sive</strong></span> <span class='ocrx_word' id='word_1_232' title='bbox 652 2909 833 2963; x_wconf 91' lang='lat' dir='ltr'><strong>parum</strong></span> <span class='ocrx_word' id='word_1_233' title='bbox 859 2930 875 2957; x_wconf 93' lang='lat'><strong>,</strong></span> <span class='ocrx_word' id='word_1_234' title='bbox 923 2892 1033 2945; x_wconf 89' lang='lat' dir='ltr'><strong>sive</strong></span> <span class='ocrx_word' id='word_1_235' title='bbox 1064 2889 1315 2951; x_wconf 91' lang='lat' dir='ltr'><strong>multum,</strong></span> <span class='ocrx_word' id='word_1_236' title='bbox 1367 2902 1554 2941; x_wconf 91' lang='lat' dir='ltr'><strong>omnes</strong></span> <span class='ocrx_word' id='word_1_237' title='bbox 1579 2887 1630 2940; x_wconf 91' lang='lat' dir='ltr'><strong>in</strong></span> <span class='ocrx_word' id='word_1_238' title='bbox 1662 2887 1856 2940; x_wconf 89' lang='lat' dir='ltr'><strong>horreo</strong></span> 
     </span>
    </p>
   </div>
   <div class='ocr_carea' id='block_1_30' title="bbox 278 2973 1851 3054">
    <p class='ocr_par' dir='ltr' id='par_1_30' title="bbox 278 2973 1851 3054">
     <span class='ocr_line' id='line_1_30' title="bbox 278 2973 1851 3054; baseline -0.006 -14"><span class='ocrx_word' id='word_1_239' title='bbox 278 3000 459 3042; x_wconf 83' lang='lat' dir='ltr'><strong>erunt.</strong></span> <span class='ocrx_word' id='word_1_240' title='bbox 501 2988 628 3042; x_wconf 86' lang='lat' dir='ltr'><strong>Sunt</strong></span> <span class='ocrx_word' id='word_1_241' title='bbox 674 3000 802 3054; x_wconf 80' lang='lat' dir='ltr'><strong>ergo</strong></span> <span class='ocrx_word' id='word_1_242' title='bbox 853 2984 1020 3047; x_wconf 81' lang='lat' dir='ltr'><strong>tales,</strong></span> <span class='ocrx_word' id='word_1_243' title='bbox 1068 2991 1122 3035; x_wconf 92' lang='lat' dir='ltr'><strong>et</strong></span> <span class='ocrx_word' id='word_1_244' title='bbox 1169 2988 1384 3048; x_wconf 91' lang='lat' dir='ltr'><strong>propter</strong></span> <span class='ocrx_word' id='word_1_245' title='bbox 1423 2981 1518 3032; x_wconf 91' lang='lat' dir='ltr'><strong>hos</strong></span> <span class='ocrx_word' id='word_1_246' title='bbox 1568 2973 1851 3048; x_wconf 83' lang='lat' dir='ltr'><strong>loquimur.</strong></span> 
     </span>
    </p>
   </div>
   <div class='ocr_carea' id='block_1_31' title="bbox 277 3070 1868 3150">
    <p class='ocr_par' dir='ltr' id='par_1_31' title="bbox 277 3070 1868 3150">
     <span class='ocr_line' id='line_1_31' title="bbox 277 3070 1868 3150; baseline -0.008 -14"><span class='ocrx_word' id='word_1_247' title='bbox 277 3084 510 3150; x_wconf 81' lang='lat' dir='ltr'><strong>Propter</strong></span> <span class='ocrx_word' id='word_1_248' title='bbox 537 3079 632 3133; x_wconf 93' lang='lat' dir='ltr'><strong>hos</strong></span> <span class='ocrx_word' id='word_1_249' title='bbox 660 3077 890 3146; x_wconf 84' lang='lat' dir='ltr'><strong>loquitur</strong></span> <span class='ocrx_word' id='word_1_250' title='bbox 913 3076 1203 3143; x_wconf 84' lang='lat' dir='ltr'><strong>Scriptura,</strong></span> <span class='ocrx_word' id='word_1_251' title='bbox 1229 3079 1443 3140; x_wconf 88' lang='lat' dir='ltr'><strong>propter</strong></span> <span class='ocrx_word' id='word_1_252' title='bbox 1471 3070 1566 3124; x_wconf 89' lang='lat' dir='ltr'><strong>hos</strong></span> <span class='ocrx_word' id='word_1_253' title='bbox 1591 3087 1695 3124; x_wconf 92' lang='lat' dir='ltr'><strong>non</strong></span> <span class='ocrx_word' id='word_1_254' title='bbox 1719 3078 1868 3130; x_wconf 76' lang='lat' dir='ltr'><strong>tacet</strong></span> 
     </span>
    </p>
   </div>
   <div class='ocr_carea' id='block_1_32' title="bbox 279 3160 1856 3241">
    <p class='ocr_par' dir='ltr' id='par_1_32' title="bbox 279 3160 1856 3241">
     <span class='ocr_line' id='line_1_32' title="bbox 279 3160 1856 3241; baseline -0.008 -14"><span class='ocrx_word' id='word_1_255' title='bbox 279 3172 647 3241; x_wconf 80' lang='lat' dir='ltr'><strong>Evangelium.</strong></span> <span class='ocrx_word' id='word_1_256' title='bbox 679 3168 783 3224; x_wconf 88' lang='lat' dir='ltr'><strong>Sed</strong></span> <span class='ocrx_word' id='word_1_257' title='bbox 825 3176 878 3222; x_wconf 92' lang='lat' dir='ltr'><strong>ct</strong></span> <span class='ocrx_word' id='word_1_258' title='bbox 920 3165 992 3220; x_wconf 93' lang='lat' dir='ltr'><strong>illi</strong></span> <span class='ocrx_word' id='word_1_259' title='bbox 1035 3164 1266 3228; x_wconf 89' lang='lat' dir='ltr'><strong>audiant,</strong></span> <span class='ocrx_word' id='word_1_260' title='bbox 1315 3177 1381 3216; x_wconf 89' lang='lat' dir='ltr'><strong>ne</strong></span> <span class='ocrx_word' id='word_1_261' title='bbox 1420 3160 1718 3215; x_wconf 88' lang='lat' dir='ltr'><strong>forte-aliud</strong></span> <span class='ocrx_word' id='word_1_262' title='bbox 1747 3161 1856 3215; x_wconf 89' lang='lat' dir='ltr'><strong>sint</strong></span> 
     </span>
    </p>
   </div>
   <div class='ocr_carea' id='block_1_33' title="bbox 277 3252 1853 3325">
    <p class='ocr_par' dir='ltr' id='par_1_33' title="bbox 277 3252 1853 3325">
     <span class='ocr_line' id='line_1_33' title="bbox 277 3252 1853 3325; baseline -0.006 -7"><span class='ocrx_word' id='word_1_263' title='bbox 277 3265 438 3318; x_wconf 87' lang='lat' dir='ltr'><strong>hodie</strong></span> <span class='ocrx_word' id='word_1_264' title='bbox 459 3306 473 3324; x_wconf 92' lang='lat'><strong>,</strong></span> <span class='ocrx_word' id='word_1_265' title='bbox 502 3262 638 3316; x_wconf 89' lang='lat' dir='ltr'><strong>aliud</strong></span> <span class='ocrx_word' id='word_1_266' title='bbox 669 3275 815 3325; x_wconf 91' lang='lat' dir='ltr'><strong>cras;</strong></span> <span class='ocrx_word' id='word_1_267' title='bbox 849 3275 913 3312; x_wconf 89' lang='lat' dir='ltr'><strong>ne</strong></span> <span class='ocrx_word' id='word_1_268' title='bbox 960 3258 1092 3310; x_wconf 87' lang='lat' dir='ltr'><strong>forte</strong></span> <span class='ocrx_word' id='word_1_269' title='bbox 1137 3263 1406 3309; x_wconf 87' lang='lat' dir='ltr'><strong>mutentur</strong></span> <span class='ocrx_word' id='word_1_270' title='bbox 1435 3252 1698 3308; x_wconf 91' lang='lat' dir='ltr'><strong>audiendo</strong></span> <span class='ocrx_word' id='word_1_271' title='bbox 1717 3292 1732 3319; x_wconf 96' lang='lat'><strong>,</strong></span> <span class='ocrx_word' id='word_1_272' title='bbox 1761 3261 1853 3308; x_wconf 91' lang='lat' dir='ltr'><strong>aut</strong></span> 
     </span>
    </p>
   </div>
   <div class='ocr_carea' id='block_1_34' title="bbox 276 3344 1846 3421">
    <p class='ocr_par' dir='ltr' id='par_1_34' title="bbox 276 3344 1846 3421">
     <span class='ocr_line' id='line_1_34' title="bbox 276 3344 1846 3421; baseline -0.007 -11"><span class='ocrx_word' id='word_1_273' title='bbox 276 3366 432 3412; x_wconf 87' lang='lat' dir='ltr'><strong>arent</strong></span> <span class='ocrx_word' id='word_1_274' title='bbox 462 3356 618 3418; x_wconf 88' lang='lat' dir='ltr'><strong>viam,</strong></span> <span class='ocrx_word' id='word_1_275' title='bbox 647 3360 738 3407; x_wconf 91' lang='lat' dir='ltr'><strong>aut</strong></span> <span class='ocrx_word' id='word_1_276' title='bbox 768 3351 969 3421; x_wconf 84' lang='lat' dir='ltr'><strong>lapides</strong></span> <span class='ocrx_word' id='word_1_277' title='bbox 1002 3356 1243 3419; x_wconf 74' lang='lat' dir='ltr'><strong>purgent,</strong></span> <span class='ocrx_word' id='word_1_278' title='bbox 1275 3357 1365 3399; x_wconf 88' lang='lat' dir='ltr'><strong>aut</strong></span> <span class='ocrx_word' id='word_1_279' title='bbox 1395 3347 1571 3414; x_wconf 90' lang='lat' dir='ltr'><strong>spinas</strong></span> <span class='ocrx_word' id='word_1_280' title='bbox 1599 3344 1846 3400; x_wconf 85' lang='lat' dir='ltr'><strong>evellant.</strong></span> 
     </span>
    </p>
   </div>
   <div class='ocr_carea' id='block_1_35' title="bbox 277 3437 1853 3518">
    <p class='ocr_par' dir='ltr' id='par_1_35' title="bbox 277 3437 1853 3518">
     <span class='ocr_line' id='line_1_35' title="bbox 277 3437 1853 3518; baseline -0.008 -14"><span class='ocrx_word' id='word_1_281' title='bbox 277 3451 429 3504; x_wconf 89' lang='lat' dir='ltr'><strong>Dicat</strong></span> <span class='ocrx_word' id='word_1_282' title='bbox 469 3448 695 3518; x_wconf 87' lang='lat' dir='ltr'><strong>Spiritus</strong></span> <span class='ocrx_word' id='word_1_283' title='bbox 724 3446 856 3510; x_wconf 90' lang='lat' dir='ltr'><strong>Dei,</strong></span> <span class='ocrx_word' id='word_1_284' title='bbox 902 3437 1060 3496; x_wconf 83' lang='lat' dir='ltr'><strong>dicat</strong></span> <span class='ocrx_word' id='word_1_285' title='bbox 1089 3441 1263 3504; x_wconf 90' lang='lat' dir='ltr'><strong>nobis,</strong></span> <span class='ocrx_word' id='word_1_286' title='bbox 1310 3447 1487 3494; x_wconf 87' lang='lat' dir='ltr'><strong>cantet</strong></span> <span class='ocrx_word' id='word_1_287' title='bbox 1525 3438 1710 3504; x_wconf 70' lang='lat' dir='ltr'><strong>nobis;</strong></span> <span class='ocrx_word' id='word_1_288' title='bbox 1741 3438 1853 3492; x_wconf 85' lang='lat' dir='ltr'><strong>sive</strong></span> 
     </span>
    </p>
   </div>
   <div class='ocr_carea' id='block_1_36' title="bbox 278 3529 1853 3602">
    <p class='ocr_par' dir='ltr' id='par_1_36' title="bbox 278 3529 1853 3602">
     <span class='ocr_line' id='line_1_36' title="bbox 278 3529 1853 3602; baseline -0.007 -8"><span class='ocrx_word' id='word_1_289' title='bbox 278 3543 504 3597; x_wconf 77' lang='lat' dir='ltr'><strong>velimus</strong></span> <span class='ocrx_word' id='word_1_290' title='bbox 554 3540 766 3602; x_wconf 86' lang='lat' dir='ltr'><strong>saltare,</strong></span> <span class='ocrx_word' id='word_1_291' title='bbox 822 3537 932 3590; x_wconf 86' lang='lat' dir='ltr'><strong>sive</strong></span> <span class='ocrx_word' id='word_1_292' title='bbox 976 3535 1242 3598; x_wconf 89' lang='lat' dir='ltr'><strong>nolimus,</strong></span> <span class='ocrx_word' id='word_1_293' title='bbox 1291 3539 1468 3586; x_wconf 88' lang='lat' dir='ltr'><strong>cantet</strong></span> <span class='ocrx_word' id='word_1_294' title='bbox 1517 3531 1649 3600; x_wconf 88' lang='lat' dir='ltr'><strong>ipse.</strong></span> <span class='ocrx_word' id='word_1_295' title='bbox 1700 3529 1853 3584; x_wconf 85' lang='lat' dir='ltr'><strong>Sicut</strong></span> 
     </span>
    </p>
   </div>
   <div class='ocr_carea' id='block_1_37' title="bbox 275 3619 1850 3702">
    <p class='ocr_par' dir='ltr' id='par_1_37' title="bbox 275 3619 1850 3702">
     <span class='ocr_line' id='line_1_37' title="bbox 275 3619 1850 3702; baseline -0.011 -13"><span class='ocrx_word' id='word_1_296' title='bbox 275 3635 418 3690; x_wconf 86' lang='lat' dir='ltr'><strong>enim</strong></span> <span class='ocrx_word' id='word_1_297' title='bbox 458 3634 543 3702; x_wconf 93' lang='lat' dir='ltr'><strong>qui</strong></span> <span class='ocrx_word' id='word_1_298' title='bbox 574 3631 731 3685; x_wconf 89' lang='lat' dir='ltr'><strong>saltat</strong></span> <span class='ocrx_word' id='word_1_299' title='bbox 754 3671 768 3694; x_wconf 93' lang='lat'><strong>,</strong></span> <span class='ocrx_word' id='word_1_300' title='bbox 803 3628 1036 3682; x_wconf 83' lang='lat' dir='ltr'><strong>membra</strong></span> <span class='ocrx_word' id='word_1_301' title='bbox 1065 3634 1241 3680; x_wconf 87' lang='lat' dir='ltr'><strong>movet</strong></span> <span class='ocrx_word' id='word_1_302' title='bbox 1270 3623 1334 3678; x_wconf 90' lang='lat' dir='ltr'><strong>ad</strong></span> <span class='ocrx_word' id='word_1_303' title='bbox 1363 3633 1611 3685; x_wconf 89' lang='lat' dir='ltr'><strong>cantum;</strong></span> <span class='ocrx_word' id='word_1_304' title='bbox 1657 3620 1735 3675; x_wconf 90' lang='lat' dir='ltr'><strong>sic</strong></span> <span class='ocrx_word' id='word_1_305' title='bbox 1763 3619 1850 3689; x_wconf 86' lang='lat' dir='ltr'><strong>qui</strong></span> 
     </span>
    </p>
   </div>
   <div class='ocr_carea' id='block_1_38' title="bbox 277 3711 1852 3790">
    <p class='ocr_par' dir='ltr' id='par_1_38' title="bbox 277 3711 1852 3790">
     <span class='ocr_line' id='line_1_38' title="bbox 277 3711 1852 3790; baseline -0.009 -13"><span class='ocrx_word' id='word_1_306' title='bbox 277 3727 472 3778; x_wconf 77' lang='lat' dir='ltr'><strong>saltant</strong></span> <span class='ocrx_word' id='word_1_307' title='bbox 514 3723 578 3774; x_wconf 91' lang='lat' dir='ltr'><strong>ad</strong></span> <span class='ocrx_word' id='word_1_308' title='bbox 629 3729 948 3790; x_wconf 87' lang='lat' dir='ltr'><strong>praeceptum</strong></span> <span class='ocrx_word' id='word_1_309' title='bbox 1005 3717 1128 3777; x_wconf 89' lang='lat' dir='ltr'><strong>Dei,</strong></span> <span class='ocrx_word' id='word_1_310' title='bbox 1183 3713 1432 3782; x_wconf 86' lang='lat' dir='ltr'><strong>eperibus</strong></span> <span class='ocrx_word' id='word_1_311' title='bbox 1485 3711 1852 3777; x_wconf 82' lang='lat' dir='ltr'><strong>obtemperant</strong></span> 
     </span>
    </p>
   </div>
   <div class='ocr_carea' id='block_1_39' title="bbox 278 3798 1853 3880">
    <p class='ocr_par' dir='ltr' id='par_1_39' title="bbox 278 3798 1853 3880">
     <span class='ocr_line' id='line_1_39' title="bbox 278 3798 1853 3880; baseline -0.011 -11"><span class='ocrx_word' id='word_1_312' title='bbox 278 3830 432 3869; x_wconf 90' lang='lat' dir='ltr'><strong>sono.</strong></span> <span class='ocrx_word' id='word_1_313' title='bbox 463 3811 586 3865; x_wconf 71' lang='lat' dir='ltr'><strong>Ideo</strong></span> <span class='ocrx_word' id='word_1_314' title='bbox 615 3810 705 3880; x_wconf 92' lang='lat' dir='ltr'><strong>qui</strong></span> <span class='ocrx_word' id='word_1_315' title='bbox 745 3810 1027 3863; x_wconf 89' lang='lat' dir='ltr'><strong>noluerunt</strong></span> <span class='ocrx_word' id='word_1_316' title='bbox 1057 3807 1155 3859; x_wconf 86' lang='lat' dir='ltr'><strong>hoc</strong></span> <span class='ocrx_word' id='word_1_317' title='bbox 1200 3804 1410 3868; x_wconf 89' lang='lat' dir='ltr'><strong>facere,</strong></span> <span class='ocrx_word' id='word_1_318' title='bbox 1453 3800 1576 3870; x_wconf 87' lang='lat' dir='ltr'><strong>quid</strong></span> <span class='ocrx_word' id='word_1_319' title='bbox 1622 3798 1853 3854; x_wconf 80' lang='lat' dir='ltr'><strong>illisDoâ€”</strong></span> 
     </span>
    </p>
   </div>
   <div class='ocr_carea' id='block_1_40' title="bbox 278 3891 1851 3969">
    <p class='ocr_par' dir='ltr' id='par_1_40' title="bbox 278 3891 1851 3969">
     <span class='ocr_line' id='line_1_40' title="bbox 278 3891 1851 3969; baseline -0.01 -9"><span class='ocrx_word' id='word_1_320' title='bbox 278 3909 454 3960; x_wconf 89' lang='lat' dir='ltr'><strong>minus</strong></span> <span class='ocrx_word' id='word_1_321' title='bbox 488 3904 618 3958; x_wconf 83' lang='lat' dir='ltr'><strong>dicit</strong></span> <span class='ocrx_word' id='word_1_322' title='bbox 657 3903 706 3956; x_wconf 91' lang='lat' dir='ltr'><strong>in</strong></span> <span class='ocrx_word' id='word_1_323' title='bbox 745 3898 1068 3969; x_wconf 69' lang='lat' dir='ltr'><strong>Evangelii)?</strong></span> <span class='ocrx_word' id='word_1_324' title='bbox 1114 3896 1436 3949; x_wconf 84' lang='lat' dir='ltr'><strong>Cantavimus</strong></span> <span class='ocrx_word' id='word_1_325' title='bbox 1463 3891 1617 3958; x_wconf 81' lang='lat' dir='ltr'><strong>vobis,</strong></span> <span class='ocrx_word' id='word_1_326' title='bbox 1664 3900 1708 3944; x_wconf 88' lang='lat' dir='ltr'><strong>et</strong></span> <span class='ocrx_word' id='word_1_327' title='bbox 1751 3907 1851 3944; x_wconf 81' lang='lat' dir='ltr'><strong>non</strong></span> 
     </span>
    </p>
   </div>
   <div class='ocr_carea' id='block_1_41' title="bbox 275 3978 1846 4065">
    <p class='ocr_par' dir='ltr' id='par_1_41' title="bbox 275 3978 1846 4065">
     <span class='ocr_line' id='line_1_41' title="bbox 275 3978 1846 4065; baseline -0.011 -15"><span class='ocrx_word' id='word_1_328' title='bbox 275 3997 528 4059; x_wconf 69' lang='lat' dir='ltr'><strong>saltastis;</strong></span> <span class='ocrx_word' id='word_1_329' title='bbox 577 3993 885 4065; x_wconf 73' lang='lat' dir='ltr'><strong>planximus,</strong></span> <span class='ocrx_word' id='word_1_330' title='bbox 907 4000 953 4043; x_wconf 86' lang='lat' dir='ltr'><strong>et</strong></span> <span class='ocrx_word' id='word_1_331' title='bbox 992 3978 1092 4042; x_wconf 81' lang='lat' dir='ltr'><strong>non</strong></span> <span class='ocrx_word' id='word_1_332' title='bbox 1131 3983 1440 4040; x_wconf 75' lang='lat' dir='ltr'><strong>lamentastis</strong></span> <span class='ocrx_word' id='word_1_333' title='bbox 1481 3980 1590 4050; x_wconf 87' lang='lat' dir='ltr'><strong>(Id.</strong></span> <span class='ocrx_word' id='word_1_334' title='bbox 1619 3996 1701 4044; x_wconf 72' lang='grc' dir='ltr'><strong>Ï‡Î¹,</strong></span> <span class='ocrx_word' id='word_1_335' title='bbox 1735 3979 1846 4050; x_wconf 82' lang='lat' dir='ltr'><strong>l7).</strong></span> 
     </span>
    </p>
   </div>
   <div class='ocr_carea' id='block_1_42' title="bbox 275 4069 1848 4155">
    <p class='ocr_par' dir='ltr' id='par_1_42' title="bbox 275 4069 1848 4155">
     <span class='ocr_line' id='line_1_42' title="bbox 275 4069 1848 4155; baseline -0.013 -13"><span class='ocrx_word' id='word_1_336' title='bbox 275 4088 470 4142; x_wconf 85' lang='lat' dir='ltr'><strong>Cantct</strong></span> <span class='ocrx_word' id='word_1_337' title='bbox 498 4101 657 4155; x_wconf 82' lang='lat' dir='ltr'><strong>ergo;</strong></span> <span class='ocrx_word' id='word_1_338' title='bbox 693 4083 959 4138; x_wconf 88' lang='lat' dir='ltr'><strong>credimus</strong></span> <span class='ocrx_word' id='word_1_339' title='bbox 987 4081 1037 4132; x_wconf 93' lang='lat' dir='ltr'><strong>in</strong></span> <span class='ocrx_word' id='word_1_340' title='bbox 1085 4077 1174 4132; x_wconf 89' lang='lat' dir='ltr'><strong>Dei</strong></span> <span class='ocrx_word' id='word_1_341' title='bbox 1216 4070 1686 4134; x_wconf 71' lang='lat' dir='ltr'><strong>misericordiamâ€™,</strong></span> <span class='ocrx_word' id='word_1_342' title='bbox 1727 4069 1848 4138; x_wconf 86' lang='lat' dir='ltr'><strong>quia</strong></span> 
     </span>
    </p>
   </div>
   <div class='ocr_carea' id='block_1_43' title="bbox 275 4160 1850 4245">
    <p class='ocr_par' dir='ltr' id='par_1_43' title="bbox 275 4160 1850 4245">
     <span class='ocr_line' id='line_1_43' title="bbox 275 4160 1850 4245; baseline -0.013 -13"><span class='ocrx_word' id='word_1_343' title='bbox 275 4181 434 4232; x_wconf 83' lang='lat' dir='ltr'><strong>erunt</strong></span> <span class='ocrx_word' id='word_1_344' title='bbox 475 4175 544 4230; x_wconf 91' lang='lat' dir='ltr'><strong>de</strong></span> <span class='ocrx_word' id='word_1_345' title='bbox 573 4174 763 4245; x_wconf 90' lang='lat' dir='ltr'><strong>quibus</strong></span> <span class='ocrx_word' id='word_1_346' title='bbox 790 4187 886 4226; x_wconf 90' lang='lat' dir='ltr'><strong>nos</strong></span> <span class='ocrx_word' id='word_1_347' title='bbox 915 4168 1239 4223; x_wconf 79' lang='lat' dir='ltr'><strong>consoletur.</strong></span> <span class='ocrx_word' id='word_1_348' title='bbox 1271 4163 1399 4218; x_wconf 77' lang='lat' dir='ltr'><strong>Nam</strong></span> <span class='ocrx_word' id='word_1_349' title='bbox 1430 4160 1521 4231; x_wconf 83' lang='lat' dir='ltr'><strong>qui</strong></span> <span class='ocrx_word' id='word_1_350' title='bbox 1551 4160 1850 4229; x_wconf 77' lang='lat' dir='ltr'><strong>pertinaces</strong></span> 
     </span>
    </p>
   </div>
   <div class='ocr_carea' id='block_1_44' title="bbox 277 4251 1850 4338">
    <p class='ocr_par' dir='ltr' id='par_1_44' title="bbox 277 4251 1850 4338">
     <span class='ocr_line' id='line_1_44' title="bbox 277 4251 1850 4338; baseline -0.013 -15"><span class='ocrx_word' id='word_1_351' title='bbox 277 4277 426 4338; x_wconf 83' lang='lat' dir='ltr'><strong>sunt,</strong></span> <span class='ocrx_word' id='word_1_352' title='bbox 458 4272 862 4337; x_wconf 84' lang='lat' dir='ltr'><strong>perseverantes</strong></span> <span class='ocrx_word' id='word_1_353' title='bbox 889 4263 939 4315; x_wconf 93' lang='lat' dir='ltr'><strong>in</strong></span> <span class='ocrx_word' id='word_1_354' title='bbox 973 4259 1193 4324; x_wconf 88' lang='lat' dir='ltr'><strong>malitia,</strong></span> <span class='ocrx_word' id='word_1_355' title='bbox 1225 4253 1462 4326; x_wconf 87' lang='lat' dir='ltr'><strong>quamvis</strong></span> <span class='ocrx_word' id='word_1_356' title='bbox 1487 4251 1850 4306; x_wconf 63' lang='lat' dir='ltr'><strong>audiantâ€™vere</strong></span> 
     </span>
    </p>
   </div>
   <div class='ocr_carea' id='block_1_45' title="bbox 277 4341 1847 4421">
    <p class='ocr_par' dir='ltr' id='par_1_45' title="bbox 277 4341 1847 4421">
     <span class='ocr_line' id='line_1_45' title="bbox 277 4341 1847 4421; baseline -0.012 -7"><span class='ocrx_word' id='word_1_357' title='bbox 277 4360 402 4414; x_wconf 91' lang='lat' dir='ltr'><strong>bum</strong></span> <span class='ocrx_word' id='word_1_358' title='bbox 448 4357 582 4421; x_wconf 90' lang='lat' dir='ltr'><strong>Dei,</strong></span> <span class='ocrx_word' id='word_1_359' title='bbox 640 4354 905 4410; x_wconf 80' lang='lat' dir='ltr'><strong>scandulis</strong></span> <span class='ocrx_word' id='word_1_360' title='bbox 930 4349 1167 4421; x_wconf 90' lang='lat' dir='ltr'><strong>quotidie</strong></span> <span class='ocrx_word' id='word_1_361' title='bbox 1198 4345 1504 4417; x_wconf 87' lang='lat' dir='ltr'><strong>perturbant</strong></span> <span class='ocrx_word' id='word_1_362' title='bbox 1534 4341 1847 4397; x_wconf 74' lang='lat' dir='ltr'><strong>Ecclesium.</strong></span> 
     </span>
    </p>
   </div>
   <div class='ocr_carea' id='block_1_46' title="bbox 278 4430 1724 4512">
    <p class='ocr_par' dir='ltr' id='par_1_46' title="bbox 278 4430 1724 4512">
     <span class='ocr_line' id='line_1_46' title="bbox 278 4430 1724 4512; baseline -0.014 -7"><span class='ocrx_word' id='word_1_363' title='bbox 278 4450 353 4505; x_wconf 87' lang='lat' dir='ltr'><strong>De</strong></span> <span class='ocrx_word' id='word_1_364' title='bbox 381 4449 575 4502; x_wconf 85' lang='lat' dir='ltr'><strong>talibus</strong></span> <span class='ocrx_word' id='word_1_365' title='bbox 595 4447 722 4501; x_wconf 89' lang='lat' dir='ltr'><strong>dicit</strong></span> <span class='ocrx_word' id='word_1_366' title='bbox 749 4445 848 4498; x_wconf 86' lang='lat' dir='ltr'><strong>iste</strong></span> <span class='ocrx_word' id='word_1_367' title='bbox 877 4443 1144 4512; x_wconf 76' lang='lat' dir='ltr'><strong>psalmus;</strong></span> <span class='ocrx_word' id='word_1_368' title='bbox 1189 4439 1266 4492; x_wconf 84' lang='lat' dir='ltr'><strong>sic</strong></span> <span class='ocrx_word' id='word_1_369' title='bbox 1287 4436 1426 4490; x_wconf 90' lang='lat' dir='ltr'><strong>enim</strong></span> <span class='ocrx_word' id='word_1_370' title='bbox 1451 4433 1645 4503; x_wconf 64' lang='lat' dir='ltr'><strong>erepit:</strong></span> <span class='ocrx_word' id='word_1_371' title='bbox 1717 4430 1724 4436; x_wconf 85' lang='grc'><strong>â€™</strong></span> 
     </span>
    </p>
   </div>
   <div class='ocr_carea' id='block_1_47' title="bbox 341 4524 1852 4612">
    <p class='ocr_par' dir='ltr' id='par_1_47' title="bbox 341 4524 1852 4612">
     <span class='ocr_line' id='line_1_47' title="bbox 341 4524 1852 4612; baseline -0.015 -16"><span class='ocrx_word' id='word_1_372' title='bbox 341 4542 398 4596; x_wconf 76' lang='grc'><strong>9..</strong></span> <span class='ocrx_word' id='word_1_373' title='bbox 449 4538 599 4612; x_wconf 80' lang='lat' dir='ltr'><strong>[vers.</strong></span> <span class='ocrx_word' id='word_1_374' title='bbox 638 4535 774 4607; x_wconf 75' lang='lat'><strong>1-5.]</strong></span> <span class='ocrx_word' id='word_1_375' title='bbox 822 4536 972 4605; x_wconf 76' lang='lat' dir='ltr'><strong>Swpe</strong></span> <span class='ocrx_word' id='word_1_376' title='bbox 1014 4535 1418 4600; x_wconf 74' lang='lat' dir='ltr'><strong>expugnaverunt</strong></span> <span class='ocrx_word' id='word_1_377' title='bbox 1443 4540 1521 4578; x_wconf 83' lang='lat' dir='ltr'><strong>me</strong></span> <span class='ocrx_word' id='word_1_378' title='bbox 1543 4540 1576 4576; x_wconf 90' lang='lat' dir='ltr'><strong>a</strong></span> <span class='ocrx_word' id='word_1_379' title='bbox 1595 4524 1852 4606; x_wconf 72' lang='lat' dir='ltr'><strong>juventute</strong></span> 
     </span>
    </p>
   </div>
   <div class='ocr_carea' id='block_1_48' title="bbox 277 4618 1847 4696">
    <p class='ocr_par' dir='ltr' id='par_1_48' title="bbox 277 4618 1847 4696">
     <span class='ocr_line' id='line_1_48' title="bbox 277 4618 1847 4696; baseline -0.014 -9"><span class='ocrx_word' id='word_1_380' title='bbox 277 4650 406 4687; x_wconf 85' lang='lat' dir='ltr'><strong>mea.</strong></span> <span class='ocrx_word' id='word_1_381' title='bbox 429 4629 668 4686; x_wconf 87' lang='lat' dir='ltr'><strong>Ecclesia</strong></span> <span class='ocrx_word' id='word_1_382' title='bbox 697 4627 926 4696; x_wconf 90' lang='lat' dir='ltr'><strong>loquitur</strong></span> <span class='ocrx_word' id='word_1_383' title='bbox 946 4623 1015 4679; x_wconf 89' lang='lat' dir='ltr'><strong>de</strong></span> <span class='ocrx_word' id='word_1_384' title='bbox 1038 4622 1122 4676; x_wconf 90' lang='lat' dir='ltr'><strong>his</strong></span> <span class='ocrx_word' id='word_1_385' title='bbox 1147 4634 1280 4690; x_wconf 92' lang='lat' dir='ltr'><strong>quos</strong></span> <span class='ocrx_word' id='word_1_386' title='bbox 1305 4618 1508 4680; x_wconf 89' lang='lat' dir='ltr'><strong>tolerat,</strong></span> <span class='ocrx_word' id='word_1_387' title='bbox 1533 4625 1586 4669; x_wconf 90' lang='lat' dir='ltr'><strong>et</strong></span> <span class='ocrx_word' id='word_1_388' title='bbox 1604 4624 1847 4683; x_wconf 89' lang='lat' dir='ltr'><strong>tanquam</strong></span> 
     </span>
    </p>
   </div>
   <div class='ocr_carea' id='block_1_49' title="bbox 278 4705 1850 4787">
    <p class='ocr_par' dir='ltr' id='par_1_49' title="bbox 278 4705 1850 4787">
     <span class='ocr_line' id='line_1_49' title="bbox 278 4705 1850 4787; baseline -0.014 -10"><span class='ocrx_word' id='word_1_389' title='bbox 278 4725 560 4785; x_wconf 87' lang='lat' dir='ltr'><strong>diceretur,</strong></span> <span class='ocrx_word' id='word_1_390' title='bbox 580 4717 840 4787; x_wconf 86' lang='lat' dir='ltr'><strong>Numquid</strong></span> <span class='ocrx_word' id='word_1_391' title='bbox 865 4713 1059 4769; x_wconf 87' lang='lat' dir='ltr'><strong>modo?</strong></span> <span class='ocrx_word' id='word_1_392' title='bbox 1082 4711 1322 4767; x_wconf 76' lang='lat' dir='ltr'><strong>Olim&#39;est</strong></span> <span class='ocrx_word' id='word_1_393' title='bbox 1343 4707 1575 4762; x_wconf 79' lang='lat' dir='ltr'><strong>Ecclesia</strong></span> <span class='ocrx_word' id='word_1_394' title='bbox 1590 4705 1633 4771; x_wconf 79' lang='grc'><strong>Â²Í¾</strong></span> <span class='ocrx_word' id='word_1_395' title='bbox 1662 4719 1724 4756; x_wconf 81' lang='lat' dir='ltr'><strong>ex</strong></span> <span class='ocrx_word' id='word_1_396' title='bbox 1747 4717 1850 4772; x_wconf 91' lang='lat' dir='ltr'><strong>quo</strong></span> 
     </span>
    </p>
   </div>
   <div class='ocr_carea' id='block_1_50' title="bbox 277 4791 1843 4880">
    <p class='ocr_par' dir='ltr' id='par_1_50' title="bbox 277 4791 1843 4880">
     <span class='ocr_line' id='line_1_50' title="bbox 277 4791 1843 4880; baseline -0.014 -14"><span class='ocrx_word' id='word_1_397' title='bbox 277 4823 532 4868; x_wconf 89' lang='lat' dir='ltr'><strong>vocantur</strong></span> <span class='ocrx_word' id='word_1_398' title='bbox 558 4809 760 4874; x_wconf 90' lang='lat' dir='ltr'><strong>sancti,</strong></span> <span class='ocrx_word' id='word_1_399' title='bbox 791 4815 873 4880; x_wconf 83' lang='lat' dir='ltr'><strong>est</strong></span> <span class='ocrx_word' id='word_1_400' title='bbox 905 4804 1136 4859; x_wconf 88' lang='lat' dir='ltr'><strong>Ecclesia</strong></span> <span class='ocrx_word' id='word_1_401' title='bbox 1177 4802 1230 4854; x_wconf 92' lang='lat' dir='ltr'><strong>in</strong></span> <span class='ocrx_word' id='word_1_402' title='bbox 1275 4809 1436 4853; x_wconf 91' lang='lat' dir='ltr'><strong>terra.</strong></span> <span class='ocrx_word' id='word_1_403' title='bbox 1468 4791 1765 4864; x_wconf 84' lang='lat' dir='ltr'><strong>Aliquando</strong></span> <span class='ocrx_word' id='word_1_404' title='bbox 1794 4793 1843 4845; x_wconf 91' lang='lat' dir='ltr'><strong>in</strong></span> 
     </span>
    </p>
   </div>
   <div class='ocr_carea' id='block_1_51' title="bbox 277 4882 1851 4959">
    <p class='ocr_par' dir='ltr' id='par_1_51' title="bbox 277 4882 1851 4959">
     <span class='ocr_line' id='line_1_51' title="bbox 277 4882 1851 4959; baseline -0.014 0"><span class='ocrx_word' id='word_1_405' title='bbox 277 4906 390 4959; x_wconf 84' lang='lat' dir='ltr'><strong>solo</strong></span> <span class='ocrx_word' id='word_1_406' title='bbox 417 4902 550 4957; x_wconf 81' lang='lat' dir='ltr'><strong>Abel</strong></span> <span class='ocrx_word' id='word_1_407' title='bbox 587 4898 823 4956; x_wconf 83' lang='lat' dir='ltr'><strong>Ecclesia</strong></span> <span class='ocrx_word' id='word_1_408' title='bbox 867 4905 980 4951; x_wconf 88' lang='lat' dir='ltr'><strong>erat</strong></span> <span class='ocrx_word' id='word_1_409' title='bbox 1005 4937 1019 4959; x_wconf 97' lang='lat'><strong>,</strong></span> <span class='ocrx_word' id='word_1_410' title='bbox 1065 4901 1118 4946; x_wconf 93' lang='lat' dir='ltr'><strong>ct</strong></span> <span class='ocrx_word' id='word_1_411' title='bbox 1161 4897 1488 4958; x_wconf 78' lang='lat' dir='ltr'><strong>expugnatus</strong></span> <span class='ocrx_word' id='word_1_412' title='bbox 1529 4893 1664 4939; x_wconf 85' lang='lat' dir='ltr'><strong>osta</strong></span> <span class='ocrx_word' id='word_1_413' title='bbox 1690 4882 1851 4937; x_wconf 82' lang='lat' dir='ltr'><strong>fratre</strong></span> 
     </span>
    </p>
   </div>
   <div class='ocr_carea' id='block_1_52' title="bbox 279 4975 1850 5063">
    <p class='ocr_par' dir='ltr' id='par_1_52' title="bbox 279 4975 1850 5063">
     <span class='ocr_line' id='line_1_52' title="bbox 279 4975 1850 5063; baseline -0.015 -14"><span class='ocrx_word' id='word_1_414' title='bbox 279 4996 416 5049; x_wconf 90' lang='lat' dir='ltr'><strong>man</strong></span> <span class='ocrx_word' id='word_1_415' title='bbox 444 5003 499 5049; x_wconf 90' lang='lat' dir='ltr'><strong>et</strong></span> <span class='ocrx_word' id='word_1_416' title='bbox 527 4991 736 5063; x_wconf 89' lang='lat' dir='ltr'><strong>perdito</strong></span> <span class='ocrx_word' id='word_1_417' title='bbox 763 4987 894 5044; x_wconf 90' lang='lat' dir='ltr'><strong>Cain</strong></span> <span class='ocrx_word' id='word_1_418' title='bbox 940 4985 1090 5056; x_wconf 76' lang='lat' dir='ltr'><strong>(Gen.</strong></span> <span class='ocrx_word' id='word_1_419' title='bbox 1124 4999 1192 5042; x_wconf 83' lang='lat' dir='ltr'><strong>IV,</strong></span> <span class='ocrx_word' id='word_1_420' title='bbox 1225 4981 1295 5050; x_wconf 90' lang='lat'><strong>8).</strong></span> <span class='ocrx_word' id='word_1_421' title='bbox 1333 4976 1629 5046; x_wconf 87' lang='lat' dir='ltr'><strong>Aliquando</strong></span> <span class='ocrx_word' id='word_1_422' title='bbox 1656 4975 1707 5028; x_wconf 90' lang='lat' dir='ltr'><strong>in</strong></span> <span class='ocrx_word' id='word_1_423' title='bbox 1733 4975 1850 5063; x_wconf 89' lang='lat' dir='ltr'><strong>solo</strong></span> 
     </span>
    </p>
   </div>
   <div class='ocr_carea' id='block_1_53' title="bbox 279 5062 1845 5143">
    <p class='ocr_par' dir='ltr' id='par_1_53' title="bbox 279 5062 1845 5143">
     <span class='ocr_line' id='line_1_53' title="bbox 279 5062 1845 5143; baseline -0.015 -1"><span class='ocrx_word' id='word_1_424' title='bbox 279 5086 458 5141; x_wconf 75' lang='lat' dir='ltr'><strong>Euoch</strong></span> <span class='ocrx_word' id='word_1_425' title='bbox 486 5062 721 5139; x_wconf 71' lang='lat' dir='ltr'><strong>Ecclesia</strong></span> <span class='ocrx_word' id='word_1_426' title='bbox 747 5086 862 5133; x_wconf 83' lang='lat' dir='ltr'><strong>erat</strong></span> <span class='ocrx_word' id='word_1_427' title='bbox 885 5119 900 5143; x_wconf 95' lang='lat'><strong>,</strong></span> <span class='ocrx_word' id='word_1_428' title='bbox 932 5086 986 5131; x_wconf 87' lang='lat' dir='ltr'><strong>et</strong></span> <span class='ocrx_word' id='word_1_429' title='bbox 1012 5073 1297 5128; x_wconf 88' lang='lat' dir='ltr'><strong>translatus</strong></span> <span class='ocrx_word' id='word_1_430' title='bbox 1317 5078 1399 5123; x_wconf 90' lang='lat' dir='ltr'><strong>est</strong></span> <span class='ocrx_word' id='word_1_431' title='bbox 1423 5069 1490 5121; x_wconf 88' lang='lat' dir='ltr'><strong>ab</strong></span> <span class='ocrx_word' id='word_1_432' title='bbox 1517 5065 1708 5135; x_wconf 90' lang='lat' dir='ltr'><strong>iniquis</strong></span> <span class='ocrx_word' id='word_1_433' title='bbox 1738 5062 1845 5138; x_wconf 82' lang='lat' dir='ltr'><strong>(Id.</strong></span> 
     </span>
    </p>
   </div>
   <div class='ocr_carea' id='block_1_54' title="bbox 279 5156 1853 5247">
    <p class='ocr_par' dir='ltr' id='par_1_54' title="bbox 279 5156 1853 5247">
     <span class='ocr_line' id='line_1_54' title="bbox 279 5156 1853 5247; baseline -0.015 -19"><span class='ocrx_word' id='word_1_434' title='bbox 279 5193 331 5241; x_wconf 84' lang='lat' dir='ltr'><strong>v,</strong></span> <span class='ocrx_word' id='word_1_435' title='bbox 357 5177 474 5247; x_wconf 72' lang='grc'><strong>24).</strong></span> <span class='ocrx_word' id='word_1_436' title='bbox 501 5171 805 5243; x_wconf 81' lang='lat' dir='ltr'><strong>Aliquando</strong></span> <span class='ocrx_word' id='word_1_437' title='bbox 832 5170 882 5222; x_wconf 88' lang='lat' dir='ltr'><strong>in</strong></span> <span class='ocrx_word' id='word_1_438' title='bbox 915 5164 1024 5220; x_wconf 87' lang='lat' dir='ltr'><strong>sola</strong></span> <span class='ocrx_word' id='word_1_439' title='bbox 1053 5163 1210 5216; x_wconf 89' lang='lat' dir='ltr'><strong>domo</strong></span> <span class='ocrx_word' id='word_1_440' title='bbox 1235 5160 1346 5214; x_wconf 75' lang='lat' dir='ltr'><strong>Noe</strong></span> <span class='ocrx_word' id='word_1_441' title='bbox 1373 5156 1604 5210; x_wconf 85' lang='lat' dir='ltr'><strong>Ecclesia</strong></span> <span class='ocrx_word' id='word_1_442' title='bbox 1633 5163 1766 5247; x_wconf 85' lang='lat' dir='ltr'><strong>erat,</strong></span> <span class='ocrx_word' id='word_1_443' title='bbox 1798 5161 1853 5207; x_wconf 93' lang='lat' dir='ltr'><strong>et</strong></span> 
     </span>
    </p>
   </div>
   <div class='ocr_carea' id='block_1_55' title="bbox 280 5243 1849 5336">
    <p class='ocr_par' dir='ltr' id='par_1_55' title="bbox 280 5243 1849 5336">
     <span class='ocr_line' id='line_1_55' title="bbox 280 5243 1849 5336; baseline -0.016 -15"><span class='ocrx_word' id='word_1_444' title='bbox 280 5243 492 5336; x_wconf 82' lang='lat' dir='ltr'><strong>pertulit</strong></span> <span class='ocrx_word' id='word_1_445' title='bbox 529 5275 719 5318; x_wconf 91' lang='lat' dir='ltr'><strong>omnes</strong></span> <span class='ocrx_word' id='word_1_446' title='bbox 764 5259 853 5330; x_wconf 91' lang='lat' dir='ltr'><strong>qui</strong></span> <span class='ocrx_word' id='word_1_447' title='bbox 902 5254 1096 5310; x_wconf 88' lang='lat' dir='ltr'><strong>diluvio</strong></span> <span class='ocrx_word' id='word_1_448' title='bbox 1127 5250 1425 5322; x_wconf 88' lang='lat' dir='ltr'><strong>perierunt,</strong></span> <span class='ocrx_word' id='word_1_449' title='bbox 1477 5255 1529 5300; x_wconf 92' lang='lat' dir='ltr'><strong>et</strong></span> <span class='ocrx_word' id='word_1_450' title='bbox 1576 5243 1684 5299; x_wconf 87' lang='lat' dir='ltr'><strong>sola</strong></span> <span class='ocrx_word' id='word_1_451' title='bbox 1729 5257 1849 5296; x_wconf 89' lang='lat' dir='ltr'><strong>arca</strong></span> 
     </span>
    </p>
   </div>
   <div class='ocr_carea' id='block_1_56' title="bbox 281 5333 1846 5411">
    <p class='ocr_par' dir='ltr' id='par_1_56' title="bbox 281 5333 1846 5411">
     <span class='ocr_line' id='line_1_56' title="bbox 281 5333 1846 5411; baseline -0.017 -1"><span class='ocrx_word' id='word_1_452' title='bbox 281 5333 474 5410; x_wconf 83' lang='lat' dir='ltr'><strong>natavit</strong></span> <span class='ocrx_word' id='word_1_453' title='bbox 503 5356 553 5408; x_wconf 92' lang='lat' dir='ltr'><strong>in</strong></span> <span class='ocrx_word' id='word_1_454' title='bbox 582 5351 846 5411; x_wconf 82' lang='lat' dir='ltr'><strong>ï¬‚uctibus,</strong></span> <span class='ocrx_word' id='word_1_455' title='bbox 875 5357 930 5402; x_wconf 91' lang='lat' dir='ltr'><strong>et</strong></span> <span class='ocrx_word' id='word_1_456' title='bbox 957 5344 1125 5401; x_wconf 86' lang='lat' dir='ltr'><strong>evasit</strong></span> <span class='ocrx_word' id='word_1_457' title='bbox 1149 5341 1212 5395; x_wconf 88' lang='lat' dir='ltr'><strong>ad</strong></span> <span class='ocrx_word' id='word_1_458' title='bbox 1242 5341 1438 5393; x_wconf 88' lang='lat' dir='ltr'><strong>siccum</strong></span> <span class='ocrx_word' id='word_1_459' title='bbox 1477 5334 1590 5406; x_wconf 89' lang='lat' dir='ltr'><strong>(Id.</strong></span> <span class='ocrx_word' id='word_1_460' title='bbox 1627 5333 1846 5402; x_wconf 83' lang='lat' dir='ltr'><strong>vt-vut).</strong></span> 
     </span>
    </p>
   </div>
   <div class='ocr_carea' id='block_1_57' title="bbox 281 5430 1848 5517">
    <p class='ocr_par' dir='ltr' id='par_1_57' title="bbox 281 5430 1848 5517">
     <span class='ocr_line' id='line_1_57' title="bbox 281 5430 1848 5517; baseline -0.017 -16"><span class='ocrx_word' id='word_1_461' title='bbox 281 5445 578 5517; x_wconf 80' lang='lat' dir='ltr'><strong>Aliquando</strong></span> <span class='ocrx_word' id='word_1_462' title='bbox 609 5446 658 5497; x_wconf 93' lang='lat' dir='ltr'><strong>iu</strong></span> <span class='ocrx_word' id='word_1_463' title='bbox 687 5441 803 5496; x_wconf 89' lang='lat' dir='ltr'><strong>solo</strong></span> <span class='ocrx_word' id='word_1_464' title='bbox 829 5436 1095 5493; x_wconf 88' lang='lat' dir='ltr'><strong>Abraham</strong></span> <span class='ocrx_word' id='word_1_465' title='bbox 1139 5430 1375 5486; x_wconf 88' lang='lat' dir='ltr'><strong>Ecclesia</strong></span> <span class='ocrx_word' id='word_1_466' title='bbox 1401 5437 1551 5517; x_wconf 83' lang='lat' dir='ltr'><strong>erat,</strong></span> <span class='ocrx_word' id='word_1_467' title='bbox 1579 5434 1632 5478; x_wconf 91' lang='lat' dir='ltr'><strong>et</strong></span> <span class='ocrx_word' id='word_1_468' title='bbox 1657 5431 1848 5517; x_wconf 77' lang='lat' dir='ltr'><strong>quanta</strong></span> 
     </span>
    </p>
   </div>
   <div class='ocr_carea' id='block_1_58' title="bbox 282 5513 1850 5605">
    <p class='ocr_par' dir='ltr' id='par_1_58' title="bbox 282 5513 1850 5605">
     <span class='ocr_line' id='line_1_58' title="bbox 282 5513 1850 5605; baseline -0.017 -11"><span class='ocrx_word' id='word_1_469' title='bbox 282 5513 496 5605; x_wconf 80' lang='lat' dir='ltr'><strong>pertulit</strong></span> <span class='ocrx_word' id='word_1_470' title='bbox 521 5537 586 5592; x_wconf 87' lang='lat' dir='ltr'><strong>ab</strong></span> <span class='ocrx_word' id='word_1_471' title='bbox 627 5533 843 5603; x_wconf 87' lang='lat' dir='ltr'><strong>iniquis,</strong></span> <span class='ocrx_word' id='word_1_472' title='bbox 877 5528 1137 5593; x_wconf 84' lang='lat' dir='ltr'><strong>novimus.</strong></span> <span class='ocrx_word' id='word_1_473' title='bbox 1175 5525 1228 5576; x_wconf 90' lang='lat' dir='ltr'><strong>In</strong></span> <span class='ocrx_word' id='word_1_474' title='bbox 1255 5521 1370 5576; x_wconf 90' lang='lat' dir='ltr'><strong>solo</strong></span> <span class='ocrx_word' id='word_1_475' title='bbox 1399 5519 1508 5572; x_wconf 86' lang='lat' dir='ltr'><strong>filio</strong></span> <span class='ocrx_word' id='word_1_476' title='bbox 1532 5514 1709 5570; x_wconf 83' lang='lat' dir='ltr'><strong>fratris</strong></span> <span class='ocrx_word' id='word_1_477' title='bbox 1737 5513 1850 5582; x_wconf 87' lang='lat' dir='ltr'><strong>ejus</strong></span> 
     </span>
    </p>
   </div>
   <div class='ocr_carea' id='block_1_59' title="bbox 280 5608 1852 5695">
    <p class='ocr_par' dir='ltr' id='par_1_59' title="bbox 280 5608 1852 5695">
     <span class='ocr_line' id='line_1_59' title="bbox 280 5608 1852 5695; baseline -0.018 -9"><span class='ocrx_word' id='word_1_478' title='bbox 280 5629 395 5695; x_wconf 71' lang='lat' dir='ltr'><strong>Lat,</strong></span> <span class='ocrx_word' id='word_1_479' title='bbox 442 5640 495 5684; x_wconf 87' lang='lat' dir='ltr'><strong>et</strong></span> <span class='ocrx_word' id='word_1_480' title='bbox 540 5630 590 5681; x_wconf 90' lang='lat' dir='ltr'><strong>in</strong></span> <span class='ocrx_word' id='word_1_481' title='bbox 617 5627 776 5680; x_wconf 92' lang='lat' dir='ltr'><strong>domo</strong></span> <span class='ocrx_word' id='word_1_482' title='bbox 805 5622 920 5691; x_wconf 81' lang='lat' dir='ltr'><strong>ejus</strong></span> <span class='ocrx_word' id='word_1_483' title='bbox 965 5619 1016 5673; x_wconf 92' lang='lat' dir='ltr'><strong>in</strong></span> <span class='ocrx_word' id='word_1_484' title='bbox 1055 5613 1301 5673; x_wconf 88' lang='lat' dir='ltr'><strong>Sodomis</strong></span> <span class='ocrx_word' id='word_1_485' title='bbox 1341 5608 1576 5666; x_wconf 85' lang='lat' dir='ltr'><strong>Ecclesia</strong></span> <span class='ocrx_word' id='word_1_486' title='bbox 1620 5613 1754 5668; x_wconf 89' lang='lat' dir='ltr'><strong>erat,</strong></span> <span class='ocrx_word' id='word_1_487' title='bbox 1799 5611 1852 5658; x_wconf 89' lang='lat' dir='ltr'><strong>et</strong></span> 
     </span>
    </p>
   </div>
   <div class='ocr_carea' id='block_1_60' title="bbox 342 5732 1786 5805">
    <p class='ocr_par' dir='ltr' id='par_1_60' title="bbox 342 5732 1786 5805">
     <span class='ocr_line' id='line_1_60' title="bbox 342 5732 1786 5805; baseline -0.001 -15"><span class='ocrx_word' id='word_1_488' title='bbox 342 5749 357 5777; x_wconf 81' lang='grc' dir='ltr'>á½·</span> <span class='ocrx_word' id='word_1_489' title='bbox 387 5746 571 5805; x_wconf 73' lang='lat' dir='ltr'><strong>Aliquot</strong></span> <span class='ocrx_word' id='word_1_490' title='bbox 587 5732 1092 5805; x_wconf 62' lang='lat' dir='ltr'><strong>htss.,_ritiset&#39;icordtq.</strong></span> <span class='ocrx_word' id='word_1_491' title='bbox 1107 5803 1132 5805; x_wconf 27' lang='lat' dir='ltr'>ï¬‚</span> <span class='ocrx_word' id='word_1_492' title='bbox 1148 5803 1161 5805; x_wconf 83' lang='lat'>_</span> <span class='ocrx_word' id='word_1_493' title='bbox 1178 5789 1227 5805; x_wconf 33' lang='grc' dir='ltr'><strong>Î”-</strong></span> <span class='ocrx_word' id='word_1_494' title='bbox 1253 5792 1388 5805; x_wconf 38' lang='lat' dir='ltr'><strong>AMâ€œ</strong></span> <span class='ocrx_word' id='word_1_495' title='bbox 1411 5781 1517 5805; x_wconf 47' lang='lat'><strong>_,â€˜,__</strong></span> <span class='ocrx_word' id='word_1_496' title='bbox 1535 5786 1597 5805; x_wconf 49' lang='grc' dir='ltr'><strong>Î·,</strong></span> <span class='ocrx_word' id='word_1_497' title='bbox 1615 5775 1786 5805; x_wconf 46' lang='lat' dir='ltr'><strong>mum.</strong></span> 
     </span>
    </p>
   </div>
   <div class='ocr_carea' id='block_1_61' title="bbox 345 5774 1849 5863">
    <p class='ocr_par' dir='ltr' id='par_1_61' title="bbox 345 5774 1849 5863">
     <span class='ocr_line' id='line_1_61' title="bbox 345 5774 1849 5863; baseline -0.019 -8"><span class='ocrx_word' id='word_1_498' title='bbox 345 5774 364 5839; x_wconf 24' lang='lat' dir='ltr'><strong>ii</strong></span> <span class='ocrx_word' id='word_1_499' title='bbox 385 5774 1073 5863; x_wconf 50' lang='lat' dir='ltr'><strong>&quot;ifiaiiiï¬â€™diâ€˜iiiu</strong></span> <span class='ocrx_word' id='word_1_500' title='bbox 1082 5774 1230 5843; x_wconf 79' lang='lat' dir='ltr'><strong>modo</strong></span> <span class='ocrx_word' id='word_1_501' title='bbox 1243 5792 1286 5839; x_wconf 79' lang='lat' dir='ltr'><strong>et</strong></span> <span class='ocrx_word' id='word_1_502' title='bbox 1297 5797 1390 5837; x_wconf 82' lang='lat' dir='ltr'><strong>non</strong></span> <span class='ocrx_word' id='word_1_503' title='bbox 1407 5781 1520 5836; x_wconf 80' lang='lat' dir='ltr'><strong>olim</strong></span> <span class='ocrx_word' id='word_1_504' title='bbox 1529 5786 1598 5834; x_wconf 77' lang='lat' dir='ltr'><strong>est</strong></span> <span class='ocrx_word' id='word_1_505' title='bbox 1607 5774 1849 5832; x_wconf 74' lang='lat' dir='ltr'><strong>Ecclesia?</strong></span> 
     </span>
    </p>
   </div>
   <div class='ocr_carea' id='block_1_62' title="bbox 1338 308 2492 374">
    <p class='ocr_par' dir='ltr' id='par_1_62' title="bbox 1338 308 2492 374">
     <span class='ocr_line' id='line_1_62' title="bbox 1338 308 2492 374; baseline 0.004 -7"><span class='ocrx_word' id='word_1_506' title='bbox 1338 308 1729 368; x_wconf 75' lang='lat' dir='ltr'><strong>ENAIlRATIO</strong></span> <span class='ocrx_word' id='word_1_507' title='bbox 1757 310 1821 366; x_wconf 84' lang='lat' dir='ltr'><strong>IN</strong></span> <span class='ocrx_word' id='word_1_508' title='bbox 1862 309 2179 370; x_wconf 66' lang='lat' dir='ltr'><strong>PSALMUM</strong></span> <span class='ocrx_word' id='word_1_509' title='bbox 2216 316 2492 374; x_wconf 74' lang='lat' dir='ltr'><strong>CXXVIII.</strong></span> 
     </span>
    </p>
   </div>
   <div class='ocr_carea' id='block_1_63' title="bbox 3419 324 3552 382">
    <p class='ocr_par' dir='ltr' id='par_1_63' title="bbox 3419 324 3552 382">
     <span class='ocr_line' id='line_1_63' title="bbox 3419 324 3552 382; baseline 0.015 -1"><span class='ocrx_word' id='word_1_510' title='bbox 3419 324 3552 382; x_wconf 64' lang='lat'><strong>1690</strong></span> 
     </span>
    </p>
   </div>
   <div class='ocr_carea' id='block_1_64' title="bbox 1998 429 3552 507">
    <p class='ocr_par' dir='ltr' id='par_1_64' title="bbox 1998 429 3552 507">
     <span class='ocr_line' id='line_1_64' title="bbox 1998 429 3552 507; baseline 0.013 -33"><span class='ocrx_word' id='word_1_511' title='bbox 1998 429 2210 496; x_wconf 74' lang='lat' dir='ltr'><strong>pertulit</strong></span> <span class='ocrx_word' id='word_1_512' title='bbox 2228 430 2577 487; x_wconf 88' lang='lat' dir='ltr'><strong>Sodomorum</strong></span> <span class='ocrx_word' id='word_1_513' title='bbox 2604 431 2905 505; x_wconf 89' lang='lat' dir='ltr'><strong>iniquitates</strong></span> <span class='ocrx_word' id='word_1_514' title='bbox 2927 446 2980 491; x_wconf 92' lang='lat' dir='ltr'><strong>et</strong></span> <span class='ocrx_word' id='word_1_515' title='bbox 3001 435 3400 507; x_wconf 88' lang='lat' dir='ltr'><strong>pervcrsitates,</strong></span> <span class='ocrx_word' id='word_1_516' title='bbox 3420 454 3552 506; x_wconf 84' lang='lat' dir='ltr'><strong>quo-</strong></span> 
     </span>
    </p>
   </div>
   <div class='ocr_carea' id='block_1_65' title="bbox 1997 521 3547 600">
    <p class='ocr_par' dir='ltr' id='par_1_65' title="bbox 1997 521 3547 600">
     <span class='ocr_line' id='line_1_65' title="bbox 1997 521 3547 600; baseline 0.009 -28"><span class='ocrx_word' id='word_1_517' title='bbox 1997 533 2153 590; x_wconf 89' lang='lat' dir='ltr'><strong>usque</strong></span> <span class='ocrx_word' id='word_1_518' title='bbox 2170 521 2305 578; x_wconf 90' lang='lat' dir='ltr'><strong>Deus</strong></span> <span class='ocrx_word' id='word_1_519' title='bbox 2322 540 2441 579; x_wconf 88' lang='lat' dir='ltr'><strong>eum</strong></span> <span class='ocrx_word' id='word_1_520' title='bbox 2459 525 2524 581; x_wconf 90' lang='lat' dir='ltr'><strong>de</strong></span> <span class='ocrx_word' id='word_1_521' title='bbox 2543 526 2715 582; x_wconf 90' lang='lat' dir='ltr'><strong>medio</strong></span> <span class='ocrx_word' id='word_1_522' title='bbox 2742 528 2974 598; x_wconf 89' lang='lat' dir='ltr'><strong>ipsorum</strong></span> <span class='ocrx_word' id='word_1_523' title='bbox 3001 529 3240 584; x_wconf 88' lang='lat' dir='ltr'><strong>liberavit</strong></span> <span class='ocrx_word' id='word_1_524' title='bbox 3262 529 3409 600; x_wconf 76' lang='lat' dir='ltr'><strong>(Gen.</strong></span> <span class='ocrx_word' id='word_1_525' title='bbox 3441 546 3547 586; x_wconf 78' lang='lat' dir='ltr'><strong>xu-</strong></span> 
     </span>
    </p>
   </div>
   <div class='ocr_carea' id='block_1_66' title="bbox 1991 612 3551 691">
    <p class='ocr_par' dir='ltr' id='par_1_66' title="bbox 1991 612 3551 691">
     <span class='ocr_line' id='line_1_66' title="bbox 1991 612 3551 691; baseline 0.006 -26"><span class='ocrx_word' id='word_1_526' title='bbox 1991 614 2096 681; x_wconf 62' lang='grc' dir='ltr'><strong>Î¹Î¹Î¹).</strong></span> <span class='ocrx_word' id='word_1_527' title='bbox 2127 612 2297 685; x_wconf 72' lang='lat' dir='ltr'><strong>Coepit</strong></span> <span class='ocrx_word' id='word_1_528' title='bbox 2322 630 2439 670; x_wconf 88' lang='lat' dir='ltr'><strong>esse</strong></span> <span class='ocrx_word' id='word_1_529' title='bbox 2467 625 2522 670; x_wconf 90' lang='lat' dir='ltr'><strong>ct</strong></span> <span class='ocrx_word' id='word_1_530' title='bbox 2550 617 2600 671; x_wconf 93' lang='lat' dir='ltr'><strong>in</strong></span> <span class='ocrx_word' id='word_1_531' title='bbox 2634 619 2826 688; x_wconf 85' lang='lat' dir='ltr'><strong>pepulo</strong></span> <span class='ocrx_word' id='word_1_532' title='bbox 2853 619 3008 674; x_wconf 88' lang='lat' dir='ltr'><strong>Israel</strong></span> <span class='ocrx_word' id='word_1_533' title='bbox 3038 620 3305 684; x_wconf 86' lang='lat' dir='ltr'><strong>Ecclesia;</strong></span> <span class='ocrx_word' id='word_1_534' title='bbox 3335 621 3551 691; x_wconf 90' lang='lat' dir='ltr'><strong>pertulit</strong></span> 
     </span>
    </p>
   </div>
   <div class='ocr_carea' id='block_1_67' title="bbox 1989 703 3545 781">
    <p class='ocr_par' dir='ltr' id='par_1_67' title="bbox 1989 703 3545 781">
     <span class='ocr_line' id='line_1_67' title="bbox 1989 703 3545 781; baseline 0.006 -25"><span class='ocrx_word' id='word_1_535' title='bbox 1989 703 2314 760; x_wconf 82' lang='lat' dir='ltr'><strong>Pharaonem</strong></span> <span class='ocrx_word' id='word_1_536' title='bbox 2343 718 2397 762; x_wconf 90' lang='lat' dir='ltr'><strong>et</strong></span> <span class='ocrx_word' id='word_1_537' title='bbox 2422 708 2719 779; x_wconf 58' lang='lat' dir='ltr'><strong>(Egyptios.</strong></span> <span class='ocrx_word' id='word_1_538' title='bbox 2766 710 2937 780; x_wconf 65' lang='lat' dir='ltr'><strong>Coepit</strong></span> <span class='ocrx_word' id='word_1_539' title='bbox 2959 719 3011 766; x_wconf 91' lang='lat' dir='ltr'><strong>et</strong></span> <span class='ocrx_word' id='word_1_540' title='bbox 3041 711 3090 764; x_wconf 89' lang='lat' dir='ltr'><strong>in</strong></span> <span class='ocrx_word' id='word_1_541' title='bbox 3123 711 3232 781; x_wconf 90' lang='lat' dir='ltr'><strong>ipsa</strong></span> <span class='ocrx_word' id='word_1_542' title='bbox 3273 711 3508 766; x_wconf 84' lang='lat' dir='ltr'><strong>Ecclesia</strong></span> <span class='ocrx_word' id='word_1_543' title='bbox 3529 750 3545 775; x_wconf 85' lang='lat'><strong>,</strong></span> 
     </span>
    </p>
   </div>
   <div class='ocr_carea' id='block_1_68' title="bbox 1987 787 3543 868">
    <p class='ocr_par' dir='ltr' id='par_1_68' title="bbox 1987 787 3543 868">
     <span class='ocr_line' id='line_1_68' title="bbox 1987 787 3543 868; baseline 0.005 -22"><span class='ocrx_word' id='word_1_544' title='bbox 1987 792 2036 847; x_wconf 91' lang='lat' dir='ltr'><strong>id</strong></span> <span class='ocrx_word' id='word_1_545' title='bbox 2078 804 2158 849; x_wconf 89' lang='lat' dir='ltr'><strong>est</strong></span> <span class='ocrx_word' id='word_1_546' title='bbox 2203 787 2257 850; x_wconf 84' lang='lat' dir='ltr'><strong>in</strong></span> <span class='ocrx_word' id='word_1_547' title='bbox 2293 798 2486 868; x_wconf 86' lang='lat' dir='ltr'><strong>pepulo</strong></span> <span class='ocrx_word' id='word_1_548' title='bbox 2526 799 2706 868; x_wconf 90' lang='lat' dir='ltr'><strong>Israel,</strong></span> <span class='ocrx_word' id='word_1_549' title='bbox 2755 816 3004 856; x_wconf 88' lang='lat' dir='ltr'><strong>numerus</strong></span> <span class='ocrx_word' id='word_1_550' title='bbox 3042 816 3162 856; x_wconf 91' lang='lat' dir='ltr'><strong>esse</strong></span> <span class='ocrx_word' id='word_1_551' title='bbox 3202 813 3543 856; x_wconf 85' lang='lat' dir='ltr'><strong>sanctorum:</strong></span> 
     </span>
    </p>
   </div>
   <div class='ocr_carea' id='block_1_69' title="bbox 1939 880 3544 961">
    <p class='ocr_par' dir='ltr' id='par_1_69' title="bbox 1939 880 3544 961">
     <span class='ocr_line' id='line_1_69' title="bbox 1939 880 3544 961; baseline 0.006 -24"><span class='ocrx_word' id='word_1_552' title='bbox 1939 880 2188 956; x_wconf 64' lang='lat' dir='ltr'><strong>,.,Hoyses</strong></span> <span class='ocrx_word' id='word_1_553' title='bbox 2214 895 2266 940; x_wconf 91' lang='lat' dir='ltr'><strong>et</strong></span> <span class='ocrx_word' id='word_1_554' title='bbox 2294 888 2472 944; x_wconf 83' lang='lat' dir='ltr'><strong>caeteri</strong></span> <span class='ocrx_word' id='word_1_555' title='bbox 2500 891 2666 944; x_wconf 88' lang='lat' dir='ltr'><strong>sancti</strong></span> <span class='ocrx_word' id='word_1_556' title='bbox 2713 890 3046 960; x_wconf 89' lang='lat' dir='ltr'><strong>pertulerunt</strong></span> <span class='ocrx_word' id='word_1_557' title='bbox 3084 890 3292 961; x_wconf 92' lang='lat' dir='ltr'><strong>iniquos</strong></span> <span class='ocrx_word' id='word_1_558' title='bbox 3333 890 3544 948; x_wconf 60' lang='grc' dir='ltr'><strong>Î´Ï…á½¹Ï‰ÏƒÎ¹</strong></span> 
     </span>
    </p>
   </div>
   <div class='ocr_carea' id='block_1_70' title="bbox 1983 977 3542 1045">
    <p class='ocr_par' dir='ltr' id='par_1_70' title="bbox 1983 977 3542 1045">
     <span class='ocr_line' id='line_1_70' title="bbox 1983 977 3542 1045; baseline 0.005 -18"><span class='ocrx_word' id='word_1_559' title='bbox 1983 977 2232 1045; x_wconf 91' lang='lat' dir='ltr'><strong>populum</strong></span> <span class='ocrx_word' id='word_1_560' title='bbox 2283 978 2462 1034; x_wconf 89' lang='lat' dir='ltr'><strong>Israel.</strong></span> <span class='ocrx_word' id='word_1_561' title='bbox 2512 980 2737 1036; x_wconf 80' lang='lat' dir='ltr'><strong>Ventum</strong></span> <span class='ocrx_word' id='word_1_562' title='bbox 2781 993 2862 1038; x_wconf 89' lang='lat' dir='ltr'><strong>est</strong></span> <span class='ocrx_word' id='word_1_563' title='bbox 2921 991 2976 1038; x_wconf 88' lang='lat' dir='ltr'><strong>et</strong></span> <span class='ocrx_word' id='word_1_564' title='bbox 3012 982 3079 1037; x_wconf 91' lang='lat' dir='ltr'><strong>ad</strong></span> <span class='ocrx_word' id='word_1_565' title='bbox 3136 983 3412 1036; x_wconf 90' lang='lat' dir='ltr'><strong>Dominum</strong></span> <span class='ocrx_word' id='word_1_566' title='bbox 3445 998 3542 1036; x_wconf 88' lang='lat' dir='ltr'><strong>no-</strong></span> 
     </span>
    </p>
   </div>
   <div class='ocr_carea' id='block_1_71' title="bbox 1981 1067 3540 1142">
    <p class='ocr_par' dir='ltr' id='par_1_71' title="bbox 1981 1067 3540 1142">
     <span class='ocr_line' id='line_1_71' title="bbox 1981 1067 3540 1142; baseline 0.005 -24"><span class='ocrx_word' id='word_1_567' title='bbox 1981 1075 2148 1120; x_wconf 89' lang='lat' dir='ltr'><strong>strum</strong></span> <span class='ocrx_word' id='word_1_568' title='bbox 2175 1067 2354 1123; x_wconf 82' lang='lat' dir='ltr'><strong>Iesum</strong></span> <span class='ocrx_word' id='word_1_569' title='bbox 2381 1069 2670 1138; x_wconf 91' lang='lat' dir='ltr'><strong>Christum,</strong></span> <span class='ocrx_word' id='word_1_570' title='bbox 2703 1072 3044 1142; x_wconf 70' lang='lat' dir='ltr'><strong>prazdicatum</strong></span> <span class='ocrx_word' id='word_1_571' title='bbox 3071 1082 3152 1128; x_wconf 91' lang='lat' dir='ltr'><strong>est</strong></span> <span class='ocrx_word' id='word_1_572' title='bbox 3177 1072 3540 1142; x_wconf 82' lang='lat' dir='ltr'><strong>Evangelium,</strong></span> 
     </span>
    </p>
   </div>
   <div class='ocr_carea' id='block_1_72' title="bbox 1952 1159 3543 1233">
    <p class='ocr_par' dir='ltr' id='par_1_72' title="bbox 1952 1159 3543 1233">
     <span class='ocr_line' id='line_1_72' title="bbox 1952 1159 3543 1233; baseline 0.003 -21"><span class='ocrx_word' id='word_1_573' title='bbox 1952 1181 1954 1184; x_wconf 92' lang='grc'><strong>Î‡</strong></span> <span class='ocrx_word' id='word_1_574' title='bbox 1981 1159 2112 1213; x_wconf 78' lang='lat' dir='ltr'><strong>dixit</strong></span> <span class='ocrx_word' id='word_1_575' title='bbox 2135 1160 2186 1215; x_wconf 92' lang='lat' dir='ltr'><strong>in</strong></span> <span class='ocrx_word' id='word_1_576' title='bbox 2217 1161 2459 1228; x_wconf 87' lang='lat' dir='ltr'><strong>Psalmis,</strong></span> <span class='ocrx_word' id='word_1_577' title='bbox 2497 1163 2799 1218; x_wconf 82' lang='lat' dir='ltr'><strong>Annuntiavi</strong></span> <span class='ocrx_word' id='word_1_578' title='bbox 2825 1175 2868 1218; x_wconf 86' lang='lat' dir='ltr'><strong>et</strong></span> <span class='ocrx_word' id='word_1_579' title='bbox 2893 1166 3084 1219; x_wconf 85' lang='lat' dir='ltr'><strong>locutus</strong></span> <span class='ocrx_word' id='word_1_580' title='bbox 3121 1183 3252 1230; x_wconf 80' lang='lat' dir='ltr'><strong>sum,</strong></span> <span class='ocrx_word' id='word_1_581' title='bbox 3300 1165 3543 1233; x_wconf 80' lang='lat' dir='ltr'><strong>multipli-</strong></span> 
     </span>
    </p>
   </div>
   <div class='ocr_carea' id='block_1_73' title="bbox 1979 1250 3540 1327">
    <p class='ocr_par' dir='ltr' id='par_1_73' title="bbox 1979 1250 3540 1327">
     <span class='ocr_line' id='line_1_73' title="bbox 1979 1250 3540 1327; baseline 0.006 -25"><span class='ocrx_word' id='word_1_582' title='bbox 1979 1250 2149 1318; x_wconf 83' lang='lat' dir='ltr'><strong>plicati</strong></span> <span class='ocrx_word' id='word_1_583' title='bbox 2197 1261 2312 1306; x_wconf 85' lang='lat' dir='ltr'><strong>sunt</strong></span> <span class='ocrx_word' id='word_1_584' title='bbox 2353 1269 2503 1322; x_wconf 80' lang='lat' dir='ltr'><strong>super</strong></span> <span class='ocrx_word' id='word_1_585' title='bbox 2545 1270 2806 1309; x_wconf 83' lang='lat' dir='ltr'><strong>numerum</strong></span> <span class='ocrx_word' id='word_1_586' title='bbox 2853 1255 3018 1327; x_wconf 77' lang='lat' dir='ltr'><strong>(Iâ€™sal.</strong></span> <span class='ocrx_word' id='word_1_587' title='bbox 3068 1271 3264 1321; x_wconf 75' lang='lat' dir='ltr'><strong>xxxrx,</strong></span> <span class='ocrx_word' id='word_1_588' title='bbox 3305 1254 3380 1326; x_wconf 86' lang='lat'><strong>6).</strong></span> <span class='ocrx_word' id='word_1_589' title='bbox 3408 1255 3540 1323; x_wconf 84' lang='lat' dir='ltr'><strong>Quid</strong></span> 
     </span>
    </p>
   </div>
   <div class='ocr_carea' id='block_1_74' title="bbox 1977 1345 3538 1417">
    <p class='ocr_par' dir='ltr' id='par_1_74' title="bbox 1977 1345 3538 1417">
     <span class='ocr_line' id='line_1_74' title="bbox 1977 1345 3538 1417; baseline 0.006 -25"><span class='ocrx_word' id='word_1_590' title='bbox 1977 1349 2079 1404; x_wconf 89' lang='lat' dir='ltr'><strong>est,</strong></span> <span class='ocrx_word' id='word_1_591' title='bbox 2107 1357 2260 1411; x_wconf 80' lang='lat' dir='ltr'><strong>super</strong></span> <span class='ocrx_word' id='word_1_592' title='bbox 2279 1345 2583 1399; x_wconf 85' lang='lat' dir='ltr'><strong>numerum?</strong></span> <span class='ocrx_word' id='word_1_593' title='bbox 2608 1345 2720 1400; x_wconf 82' lang='lat' dir='ltr'><strong>Non</strong></span> <span class='ocrx_word' id='word_1_594' title='bbox 2746 1347 2918 1400; x_wconf 91' lang='lat' dir='ltr'><strong>solum</strong></span> <span class='ocrx_word' id='word_1_595' title='bbox 2947 1346 3024 1400; x_wconf 91' lang='lat' dir='ltr'><strong>illi</strong></span> <span class='ocrx_word' id='word_1_596' title='bbox 3050 1347 3386 1402; x_wconf 90' lang='lat' dir='ltr'><strong>crediderunt</strong></span> <span class='ocrx_word' id='word_1_597' title='bbox 3411 1349 3424 1378; x_wconf 78' lang='lat'><em>â€˜</em></span> <span class='ocrx_word' id='word_1_598' title='bbox 3452 1347 3538 1417; x_wconf 92' lang='lat' dir='ltr'><strong>qui</strong></span> 
     </span>
    </p>
   </div>
   <div class='ocr_carea' id='block_1_75' title="bbox 1978 1421 3541 1507">
    <p class='ocr_par' dir='ltr' id='par_1_75' title="bbox 1978 1421 3541 1507">
     <span class='ocr_line' id='line_1_75' title="bbox 1978 1421 3541 1507; baseline 0.004 -23"><span class='ocrx_word' id='word_1_599' title='bbox 1978 1433 2244 1500; x_wconf 89' lang='lat' dir='ltr'><strong>pertinent</strong></span> <span class='ocrx_word' id='word_1_600' title='bbox 2279 1433 2344 1488; x_wconf 93' lang='lat' dir='ltr'><strong>ad</strong></span> <span class='ocrx_word' id='word_1_601' title='bbox 2374 1421 2650 1490; x_wconf 84' lang='lat' dir='ltr'><strong>numerum</strong></span> <span class='ocrx_word' id='word_1_602' title='bbox 2697 1447 3033 1502; x_wconf 89' lang='lat' dir='ltr'><strong>sanctorum;</strong></span> <span class='ocrx_word' id='word_1_603' title='bbox 3064 1437 3155 1492; x_wconf 92' lang='lat' dir='ltr'><strong>sed</strong></span> <span class='ocrx_word' id='word_1_604' title='bbox 3195 1447 3248 1492; x_wconf 92' lang='lat' dir='ltr'><strong>et</strong></span> <span class='ocrx_word' id='word_1_605' title='bbox 3275 1453 3422 1507; x_wconf 83' lang='lat' dir='ltr'><strong>super</strong></span> <span class='ocrx_word' id='word_1_606' title='bbox 3448 1455 3541 1491; x_wconf 87' lang='lat' dir='ltr'><strong>nu-</strong></span> 
     </span>
    </p>
   </div>
   <div class='ocr_carea' id='block_1_76' title="bbox 1976 1525 3538 1598">
    <p class='ocr_par' dir='ltr' id='par_1_76' title="bbox 1976 1525 3538 1598">
     <span class='ocr_line' id='line_1_76' title="bbox 1976 1525 3538 1598; baseline 0.005 -24"><span class='ocrx_word' id='word_1_607' title='bbox 1976 1538 2169 1576; x_wconf 88' lang='lat' dir='ltr'><strong>merum</strong></span> <span class='ocrx_word' id='word_1_608' title='bbox 2208 1525 2472 1579; x_wconf 88' lang='lat' dir='ltr'><strong>intrarunt</strong></span> <span class='ocrx_word' id='word_1_609' title='bbox 2499 1543 2513 1577; x_wconf 74' lang='lat'><strong><em>2</em></strong></span> <span class='ocrx_word' id='word_1_610' title='bbox 2540 1527 2689 1581; x_wconf 87' lang='lat' dir='ltr'><strong>multi</strong></span> <span class='ocrx_word' id='word_1_611' title='bbox 2730 1527 2856 1598; x_wconf 87' lang='lat' dir='ltr'><strong>justi</strong></span> <span class='ocrx_word' id='word_1_612' title='bbox 2883 1569 2897 1591; x_wconf 90' lang='lat'><strong>,</strong></span> <span class='ocrx_word' id='word_1_613' title='bbox 2935 1528 3028 1583; x_wconf 86' lang='lat' dir='ltr'><strong>sed</strong></span> <span class='ocrx_word' id='word_1_614' title='bbox 3055 1539 3107 1583; x_wconf 92' lang='lat' dir='ltr'><strong>et</strong></span> <span class='ocrx_word' id='word_1_615' title='bbox 3135 1527 3310 1596; x_wconf 91' lang='lat' dir='ltr'><strong>plures</strong></span> <span class='ocrx_word' id='word_1_616' title='bbox 3338 1527 3538 1598; x_wconf 85' lang='lat' dir='ltr'><strong>iniqui;</strong></span> 
     </span>
    </p>
   </div>
   <div class='ocr_carea' id='block_1_77' title="bbox 1975 1615 3537 1688">
    <p class='ocr_par' dir='ltr' id='par_1_77' title="bbox 1975 1615 3537 1688">
     <span class='ocr_line' id='line_1_77' title="bbox 1975 1615 3537 1688; baseline 0.003 -22"><span class='ocrx_word' id='word_1_617' title='bbox 1975 1622 2029 1666; x_wconf 93' lang='lat' dir='ltr'><strong>et</strong></span> <span class='ocrx_word' id='word_1_618' title='bbox 2071 1615 2404 1683; x_wconf 88' lang='lat' dir='ltr'><strong>pertulerunt</strong></span> <span class='ocrx_word' id='word_1_619' title='bbox 2442 1617 2570 1685; x_wconf 84' lang='lat' dir='ltr'><strong>justi</strong></span> <span class='ocrx_word' id='word_1_620' title='bbox 2603 1617 2829 1688; x_wconf 82' lang='lat' dir='ltr'><strong>iniquos.</strong></span> <span class='ocrx_word' id='word_1_621' title='bbox 2874 1619 3133 1684; x_wconf 84' lang='lat' dir='ltr'><strong>Quando?</strong></span> <span class='ocrx_word' id='word_1_622' title='bbox 3176 1619 3231 1673; x_wconf 92' lang='lat' dir='ltr'><strong>In</strong></span> <span class='ocrx_word' id='word_1_623' title='bbox 3280 1618 3537 1672; x_wconf 81' lang='lat' dir='ltr'><strong>Ecclesia.</strong></span> 
     </span>
    </p>
   </div>
   <div class='ocr_carea' id='block_1_78' title="bbox 1973 1703 3538 1780">
    <p class='ocr_par' dir='ltr' id='par_1_78' title="bbox 1973 1703 3538 1780">
     <span class='ocr_line' id='line_1_78' title="bbox 1973 1703 3538 1780; baseline 0.003 -23"><span class='ocrx_word' id='word_1_624' title='bbox 1973 1703 2234 1775; x_wconf 84' lang='lat' dir='ltr'><strong>Numquid</strong></span> <span class='ocrx_word' id='word_1_625' title='bbox 2282 1707 2440 1762; x_wconf 89' lang='lat' dir='ltr'><strong>modo</strong></span> <span class='ocrx_word' id='word_1_626' title='bbox 2482 1709 2673 1773; x_wconf 89' lang='lat' dir='ltr'><strong>solum,</strong></span> <span class='ocrx_word' id='word_1_627' title='bbox 2720 1725 2786 1764; x_wconf 85' lang='lat' dir='ltr'><strong>ex</strong></span> <span class='ocrx_word' id='word_1_628' title='bbox 2836 1725 2942 1780; x_wconf 90' lang='lat' dir='ltr'><strong>quo</strong></span> <span class='ocrx_word' id='word_1_629' title='bbox 2985 1719 3278 1776; x_wconf 89' lang='lat' dir='ltr'><strong>enumerat,</strong></span> <span class='ocrx_word' id='word_1_630' title='bbox 3326 1725 3387 1764; x_wconf 85' lang='lat' dir='ltr'><strong>ex</strong></span> <span class='ocrx_word' id='word_1_631' title='bbox 3434 1723 3538 1779; x_wconf 92' lang='lat' dir='ltr'><strong>quo</strong></span> 
     </span>
    </p>
   </div>
   <div class='ocr_carea' id='block_1_79' title="bbox 1975 1800 3536 1869">
    <p class='ocr_par' dir='ltr' id='par_1_79' title="bbox 1975 1800 3536 1869">
     <span class='ocr_line' id='line_1_79' title="bbox 1975 1800 3536 1869; baseline 0.005 -20"><span class='ocrx_word' id='word_1_632' title='bbox 1975 1800 2396 1854; x_wconf 79' lang='lat' dir='ltr'><strong>commemorat?</strong></span> <span class='ocrx_word' id='word_1_633' title='bbox 2428 1800 2549 1855; x_wconf 90' lang='lat' dir='ltr'><strong>ldeo</strong></span> <span class='ocrx_word' id='word_1_634' title='bbox 2585 1817 2653 1855; x_wconf 92' lang='lat' dir='ltr'><strong>ne</strong></span> <span class='ocrx_word' id='word_1_635' title='bbox 2681 1802 2963 1856; x_wconf 89' lang='lat' dir='ltr'><strong>miraretur</strong></span> <span class='ocrx_word' id='word_1_636' title='bbox 2990 1802 3146 1856; x_wconf 93' lang='lat' dir='ltr'><strong>modo</strong></span> <span class='ocrx_word' id='word_1_637' title='bbox 3177 1801 3426 1869; x_wconf 85' lang='lat' dir='ltr'><strong>Ecclesia,</strong></span> <span class='ocrx_word' id='word_1_638' title='bbox 3457 1801 3536 1857; x_wconf 89' lang='lat' dir='ltr'><strong>vel</strong></span> 
     </span>
    </p>
   </div>
   <div class='ocr_carea' id='block_1_80' title="bbox 1975 1887 3538 1958">
    <p class='ocr_par' dir='ltr' id='par_1_80' title="bbox 1975 1887 3538 1958">
     <span class='ocr_line' id='line_1_80' title="bbox 1975 1887 3538 1958; baseline 0.003 -18"><span class='ocrx_word' id='word_1_639' title='bbox 1975 1901 2041 1940; x_wconf 89' lang='lat' dir='ltr'><strong>ne</strong></span> <span class='ocrx_word' id='word_1_640' title='bbox 2067 1887 2339 1958; x_wconf 88' lang='lat' dir='ltr'><strong>quisquam</strong></span> <span class='ocrx_word' id='word_1_641' title='bbox 2366 1890 2650 1945; x_wconf 90' lang='lat' dir='ltr'><strong>miraretur</strong></span> <span class='ocrx_word' id='word_1_642' title='bbox 2670 1892 2723 1944; x_wconf 91' lang='lat' dir='ltr'><strong>in</strong></span> <span class='ocrx_word' id='word_1_643' title='bbox 2747 1891 2999 1956; x_wconf 87' lang='lat' dir='ltr'><strong>Ecclesia,</strong></span> <span class='ocrx_word' id='word_1_644' title='bbox 3024 1892 3203 1945; x_wconf 88' lang='lat' dir='ltr'><strong>volens</strong></span> <span class='ocrx_word' id='word_1_645' title='bbox 3225 1905 3342 1945; x_wconf 90' lang='lat' dir='ltr'><strong>esse</strong></span> <span class='ocrx_word' id='word_1_646' title='bbox 3370 1906 3538 1945; x_wconf 84' lang='lat' dir='ltr'><strong>mem-</strong></span> 
     </span>
    </p>
   </div>
   <div class='ocr_carea' id='block_1_81' title="bbox 1972 1977 3532 2051">
    <p class='ocr_par' dir='ltr' id='par_1_81' title="bbox 1972 1977 3532 2051">
     <span class='ocr_line' id='line_1_81' title="bbox 1972 1977 3532 2051; baseline 0.001 -19"><span class='ocrx_word' id='word_1_647' title='bbox 1972 1977 2124 2032; x_wconf 91' lang='lat' dir='ltr'><strong>brum</strong></span> <span class='ocrx_word' id='word_1_648' title='bbox 2153 1979 2345 2034; x_wconf 91' lang='lat' dir='ltr'><strong>bonum</strong></span> <span class='ocrx_word' id='word_1_649' title='bbox 2385 1981 2658 2048; x_wconf 68' lang='lat' dir='ltr'><strong>Ecclesiae,</strong></span> <span class='ocrx_word' id='word_1_650' title='bbox 2711 1981 2892 2035; x_wconf 85' lang='lat' dir='ltr'><strong>audiat</strong></span> <span class='ocrx_word' id='word_1_651' title='bbox 2932 1991 2986 2034; x_wconf 90' lang='lat' dir='ltr'><strong>et</strong></span> <span class='ocrx_word' id='word_1_652' title='bbox 3025 1983 3190 2051; x_wconf 88' lang='lat' dir='ltr'><strong>ipsam</strong></span> <span class='ocrx_word' id='word_1_653' title='bbox 3241 1981 3532 2035; x_wconf 75' lang='lat' dir='ltr'><strong>Ecclesium</strong></span> 
     </span>
    </p>
   </div>
   <div class='ocr_carea' id='block_1_82' title="bbox 1973 2071 3532 2140">
    <p class='ocr_par' dir='ltr' id='par_1_82' title="bbox 1973 2071 3532 2140">
     <span class='ocr_line' id='line_1_82' title="bbox 1973 2071 3532 2140; baseline 0.002 -17"><span class='ocrx_word' id='word_1_654' title='bbox 1973 2081 2195 2123; x_wconf 87' lang='lat' dir='ltr'><strong>matrem</strong></span> <span class='ocrx_word' id='word_1_655' title='bbox 2243 2086 2390 2124; x_wconf 90' lang='lat' dir='ltr'><strong>suam</strong></span> <span class='ocrx_word' id='word_1_656' title='bbox 2437 2071 2702 2127; x_wconf 89' lang='lat' dir='ltr'><strong>dicentem</strong></span> <span class='ocrx_word' id='word_1_657' title='bbox 2759 2071 3040 2128; x_wconf 88' lang='lat' dir='ltr'><strong>sibi:Noli</strong></span> <span class='ocrx_word' id='word_1_658' title='bbox 3081 2072 3260 2126; x_wconf 90' lang='lat' dir='ltr'><strong>mirari</strong></span> <span class='ocrx_word' id='word_1_659' title='bbox 3299 2071 3366 2128; x_wconf 85' lang='lat' dir='ltr'><strong>ad</strong></span> <span class='ocrx_word' id='word_1_660' title='bbox 3412 2072 3532 2140; x_wconf 83' lang='lat' dir='ltr'><strong>ista,</strong></span> 
     </span>
    </p>
   </div>
   <div class='ocr_carea' id='block_1_83' title="bbox 1969 2160 3538 2235">
    <p class='ocr_par' dir='ltr' id='par_1_83' title="bbox 1969 2160 3538 2235">
     <span class='ocr_line' id='line_1_83' title="bbox 1969 2160 3538 2235; baseline 0.004 -21"><span class='ocrx_word' id='word_1_661' title='bbox 1969 2160 2072 2226; x_wconf 82' lang='lat' dir='ltr'><strong>ï¬li;</strong></span> <span class='ocrx_word' id='word_1_662' title='bbox 2099 2162 2246 2231; x_wconf 66' lang='lat' dir='ltr'><strong>Saepe</strong></span> <span class='ocrx_word' id='word_1_663' title='bbox 2273 2173 2679 2233; x_wconf 71' lang='lat' dir='ltr'><strong>expugnaverunt</strong></span> <span class='ocrx_word' id='word_1_664' title='bbox 2703 2181 2781 2218; x_wconf 86' lang='lat' dir='ltr'><strong>me</strong></span> <span class='ocrx_word' id='word_1_665' title='bbox 2799 2181 2830 2217; x_wconf 90' lang='lat' dir='ltr'><strong>a</strong></span> <span class='ocrx_word' id='word_1_666' title='bbox 2845 2167 3106 2235; x_wconf 81' lang='lat' dir='ltr'><strong>juventute</strong></span> <span class='ocrx_word' id='word_1_667' title='bbox 3127 2181 3260 2219; x_wconf 86' lang='lat' dir='ltr'><strong>mea.</strong></span> <span class='ocrx_word' id='word_1_668' title='bbox 3535 2171 3538 2176; x_wconf 84' lang='lat'>&#39;</span> 
     </span>
    </p>
   </div>
   <div class='ocr_carea' id='block_1_84' title="bbox 2037 2252 3534 2327">
    <p class='ocr_par' dir='ltr' id='par_1_84' title="bbox 2037 2252 3534 2327">
     <span class='ocr_line' id='line_1_84' title="bbox 2037 2252 3534 2327; baseline 0.003 -20"><span class='ocrx_word' id='word_1_669' title='bbox 2037 2253 2094 2307; x_wconf 83' lang='grc'><strong>5.</strong></span> <span class='ocrx_word' id='word_1_670' title='bbox 2116 2252 2330 2322; x_wconf 78' lang='lat' dir='ltr'><strong>Magnus</strong></span> <span class='ocrx_word' id='word_1_671' title='bbox 2352 2253 2568 2309; x_wconf 73' lang='lat' dir='ltr'><strong>affectus</strong></span> <span class='ocrx_word' id='word_1_672' title='bbox 2593 2254 2670 2310; x_wconf 89' lang='lat' dir='ltr'><strong>sic</strong></span> <span class='ocrx_word' id='word_1_673' title='bbox 2696 2255 2920 2324; x_wconf 72' lang='lat' dir='ltr'><strong>cmpisse</strong></span> <span class='ocrx_word' id='word_1_674' title='bbox 2943 2256 3204 2310; x_wconf 77' lang='lat' dir='ltr'><strong>Psalmum</strong></span> <span class='ocrx_word' id='word_1_675' title='bbox 3230 2273 3242 2308; x_wconf 90' lang='lat'><strong>:</strong></span> <span class='ocrx_word' id='word_1_676' title='bbox 3271 2253 3420 2327; x_wconf 80' lang='lat' dir='ltr'><strong>Swpe</strong></span> <span class='ocrx_word' id='word_1_677' title='bbox 3446 2272 3534 2311; x_wconf 73' lang='lat' dir='ltr'><strong>ea)-</strong></span> 
     </span>
    </p>
   </div>
   <div class='ocr_carea' id='block_1_85' title="bbox 1967 2347 3529 2419">
    <p class='ocr_par' dir='ltr' id='par_1_85' title="bbox 1967 2347 3529 2419">
     <span class='ocr_line' id='line_1_85' title="bbox 1967 2347 3529 2419; baseline 0.004 -22"><span class='ocrx_word' id='word_1_678' title='bbox 1967 2355 2314 2415; x_wconf 83' lang='lat' dir='ltr'><strong>pugnaverunt</strong></span> <span class='ocrx_word' id='word_1_679' title='bbox 2350 2362 2428 2399; x_wconf 84' lang='lat' dir='ltr'><strong>me</strong></span> <span class='ocrx_word' id='word_1_680' title='bbox 2467 2363 2500 2399; x_wconf 90' lang='lat' dir='ltr'><strong>a</strong></span> <span class='ocrx_word' id='word_1_681' title='bbox 2532 2348 2795 2417; x_wconf 83' lang='lat' dir='ltr'><strong>juventute</strong></span> <span class='ocrx_word' id='word_1_682' title='bbox 2822 2364 2949 2402; x_wconf 84' lang='lat' dir='ltr'><strong>mea.</strong></span> <span class='ocrx_word' id='word_1_683' title='bbox 2990 2347 3150 2416; x_wconf 85' lang='lat' dir='ltr'><strong>Quasi</strong></span> <span class='ocrx_word' id='word_1_684' title='bbox 3188 2349 3383 2419; x_wconf 90' lang='lat' dir='ltr'><strong>aliquid</strong></span> <span class='ocrx_word' id='word_1_685' title='bbox 3419 2349 3529 2419; x_wconf 86' lang='lat' dir='ltr'><strong>jam</strong></span> 
     </span>
    </p>
   </div>
   <div class='ocr_carea' id='block_1_86' title="bbox 1967 2436 3533 2510">
    <p class='ocr_par' dir='ltr' id='par_1_86' title="bbox 1967 2436 3533 2510">
     <span class='ocr_line' id='line_1_86' title="bbox 1967 2436 3533 2510; baseline 0.002 -21"><span class='ocrx_word' id='word_1_686' title='bbox 1967 2436 2313 2506; x_wconf 87' lang='lat' dir='ltr'><strong>loquebatur:</strong></span> <span class='ocrx_word' id='word_1_687' title='bbox 2339 2436 2548 2491; x_wconf 89' lang='lat' dir='ltr'><strong>videtur</strong></span> <span class='ocrx_word' id='word_1_688' title='bbox 2591 2437 2732 2493; x_wconf 91' lang='lat' dir='ltr'><strong>enim</strong></span> <span class='ocrx_word' id='word_1_689' title='bbox 2752 2453 2861 2492; x_wconf 87' lang='lat' dir='ltr'><strong>non</strong></span> <span class='ocrx_word' id='word_1_690' title='bbox 2887 2439 3111 2507; x_wconf 69' lang='lat' dir='ltr'><strong>coepisse</strong></span> <span class='ocrx_word' id='word_1_691' title='bbox 3133 2480 3147 2504; x_wconf 94' lang='lat'><strong>,</strong></span> <span class='ocrx_word' id='word_1_692' title='bbox 3180 2439 3273 2495; x_wconf 91' lang='lat' dir='ltr'><strong>sed</strong></span> <span class='ocrx_word' id='word_1_693' title='bbox 3315 2454 3533 2510; x_wconf 81' lang='lat' dir='ltr'><strong>respon-</strong></span> 
     </span>
    </p>
   </div>
   <div class='ocr_carea' id='block_1_87' title="bbox 1966 2526 3534 2598">
    <p class='ocr_par' dir='ltr' id='par_1_87' title="bbox 1966 2526 3534 2598">
     <span class='ocr_line' id='line_1_87' title="bbox 1966 2526 3534 2598; baseline 0.001 -18"><span class='ocrx_word' id='word_1_694' title='bbox 1966 2526 2126 2582; x_wconf 89' lang='lat' dir='ltr'><strong>disse.</strong></span> <span class='ocrx_word' id='word_1_695' title='bbox 2148 2526 2440 2596; x_wconf 83' lang='lat' dir='ltr'><strong>Respondit</strong></span> <span class='ocrx_word' id='word_1_696' title='bbox 2457 2536 2631 2583; x_wconf 88' lang='lat' dir='ltr'><strong>autem</strong></span> <span class='ocrx_word' id='word_1_697' title='bbox 2649 2569 2662 2593; x_wconf 92' lang='lat'><strong>,</strong></span> <span class='ocrx_word' id='word_1_698' title='bbox 2686 2527 2906 2598; x_wconf 86' lang='lat' dir='ltr'><strong>quibus?</strong></span> <span class='ocrx_word' id='word_1_699' title='bbox 2922 2526 3279 2595; x_wconf 76' lang='lat' dir='ltr'><strong>Cogitantibus</strong></span> <span class='ocrx_word' id='word_1_700' title='bbox 3292 2537 3346 2582; x_wconf 93' lang='lat' dir='ltr'><strong>et</strong></span> <span class='ocrx_word' id='word_1_701' title='bbox 3363 2527 3534 2582; x_wconf 86' lang='lat' dir='ltr'><strong>dicen-</strong></span> 
     </span>
    </p>
   </div>
   <div class='ocr_carea' id='block_1_88' title="bbox 1965 2617 3527 2688">
    <p class='ocr_par' dir='ltr' id='par_1_88' title="bbox 1965 2617 3527 2688">
     <span class='ocr_line' id='line_1_88' title="bbox 1965 2617 3527 2688; baseline 0 -18"><span class='ocrx_word' id='word_1_702' title='bbox 1965 2617 2104 2671; x_wconf 90' lang='lat' dir='ltr'><strong>tibus</strong></span> <span class='ocrx_word' id='word_1_703' title='bbox 2137 2635 2150 2671; x_wconf 90' lang='lat'><strong><em>:</em></strong></span> <span class='ocrx_word' id='word_1_704' title='bbox 2181 2617 2382 2685; x_wconf 88' lang='lat' dir='ltr'><strong>Quanta</strong></span> <span class='ocrx_word' id='word_1_705' title='bbox 2435 2619 2571 2673; x_wconf 88' lang='lat' dir='ltr'><strong>mala</strong></span> <span class='ocrx_word' id='word_1_706' title='bbox 2623 2619 2968 2688; x_wconf 89' lang='lat' dir='ltr'><strong>perferimus,</strong></span> <span class='ocrx_word' id='word_1_707' title='bbox 3038 2627 3231 2688; x_wconf 88' lang='lat' dir='ltr'><strong>quanta</strong></span> <span class='ocrx_word' id='word_1_708' title='bbox 3281 2618 3527 2674; x_wconf 87' lang='lat' dir='ltr'><strong>scamlala</strong></span> 
     </span>
    </p>
   </div>
   <div class='ocr_carea' id='block_1_89' title="bbox 1963 2700 3528 2782">
    <p class='ocr_par' dir='ltr' id='par_1_89' title="bbox 1963 2700 3528 2782">
     <span class='ocr_line' id='line_1_89' title="bbox 1963 2700 3528 2782; baseline 0.001 -18"><span class='ocrx_word' id='word_1_709' title='bbox 1963 2711 2301 2766; x_wconf 88' lang='lat' dir='ltr'><strong>crebrescunt</strong></span> <span class='ocrx_word' id='word_1_710' title='bbox 2327 2700 2557 2780; x_wconf 86' lang='lat' dir='ltr'><strong>quotidie</strong></span> <span class='ocrx_word' id='word_1_711' title='bbox 2577 2751 2591 2777; x_wconf 93' lang='lat'><strong>,</strong></span> <span class='ocrx_word' id='word_1_712' title='bbox 2619 2711 2830 2782; x_wconf 90' lang='lat' dir='ltr'><strong>quando</strong></span> <span class='ocrx_word' id='word_1_713' title='bbox 2855 2713 2874 2743; x_wconf 76' lang='lat'>&#39;</span> <span class='ocrx_word' id='word_1_714' title='bbox 2905 2712 3065 2781; x_wconf 91' lang='lat' dir='ltr'><strong>iniqui</strong></span> <span class='ocrx_word' id='word_1_715' title='bbox 3109 2711 3304 2765; x_wconf 90' lang='lat' dir='ltr'><strong>intrant</strong></span> <span class='ocrx_word' id='word_1_716' title='bbox 3343 2711 3393 2764; x_wconf 91' lang='lat' dir='ltr'><strong>in</strong></span> <span class='ocrx_word' id='word_1_717' title='bbox 3425 2711 3528 2765; x_wconf 70' lang='grc' dir='ltr'><strong>Î•Îµ-</strong></span> 
     </span>
    </p>
   </div>
   <div class='ocr_carea' id='block_1_90' title="bbox 1963 2787 3526 2872">
    <p class='ocr_par' dir='ltr' id='par_1_90' title="bbox 1963 2787 3526 2872">
     <span class='ocr_line' id='line_1_90' title="bbox 1963 2787 3526 2872; baseline 0 -18"><span class='ocrx_word' id='word_1_718' title='bbox 1963 2801 2177 2855; x_wconf 89' lang='lat' dir='ltr'><strong>clesiam</strong></span> <span class='ocrx_word' id='word_1_719' title='bbox 2205 2810 2259 2855; x_wconf 93' lang='lat' dir='ltr'><strong>ct</strong></span> <span class='ocrx_word' id='word_1_720' title='bbox 2285 2809 2554 2870; x_wconf 88' lang='lat' dir='ltr'><strong>portamus</strong></span> <span class='ocrx_word' id='word_1_721' title='bbox 2579 2802 2710 2856; x_wconf 88' lang='lat' dir='ltr'><strong>eos?</strong></span> <span class='ocrx_word' id='word_1_722' title='bbox 2737 2802 3071 2872; x_wconf 82' lang='lat' dir='ltr'><strong>Respondeat</strong></span> <span class='ocrx_word' id='word_1_723' title='bbox 3094 2787 3268 2856; x_wconf 83' lang='lat' dir='ltr'><strong>autem</strong></span> <span class='ocrx_word' id='word_1_724' title='bbox 3296 2801 3526 2856; x_wconf 88' lang='lat' dir='ltr'><strong>Ecclesia</strong></span> 
     </span>
    </p>
   </div>
   <div class='ocr_carea' id='block_1_91' title="bbox 1965 2890 3530 2962">
    <p class='ocr_par' dir='ltr' id='par_1_91' title="bbox 1965 2890 3530 2962">
     <span class='ocr_line' id='line_1_91' title="bbox 1965 2890 3530 2962; baseline 0.001 -18"><span class='ocrx_word' id='word_1_725' title='bbox 1965 2890 2032 2946; x_wconf 91' lang='lat' dir='ltr'><strong>de</strong></span> <span class='ocrx_word' id='word_1_726' title='bbox 2061 2892 2374 2962; x_wconf 85' lang='lat' dir='ltr'><strong>quibusdam</strong></span> <span class='ocrx_word' id='word_1_727' title='bbox 2394 2933 2407 2954; x_wconf 95' lang='lat'><strong>,</strong></span> <span class='ocrx_word' id='word_1_728' title='bbox 2435 2892 2484 2946; x_wconf 89' lang='lat' dir='ltr'><strong>id</strong></span> <span class='ocrx_word' id='word_1_729' title='bbox 2515 2901 2596 2947; x_wconf 90' lang='lat' dir='ltr'><strong>est</strong></span> <span class='ocrx_word' id='word_1_730' title='bbox 2619 2935 2634 2960; x_wconf 95' lang='lat'><strong>,</strong></span> <span class='ocrx_word' id='word_1_731' title='bbox 2658 2892 2724 2947; x_wconf 91' lang='lat' dir='ltr'><strong>de</strong></span> <span class='ocrx_word' id='word_1_732' title='bbox 2751 2893 3027 2948; x_wconf 90' lang='lat' dir='ltr'><strong>fortiorum</strong></span> <span class='ocrx_word' id='word_1_733' title='bbox 3059 2907 3188 2948; x_wconf 89' lang='lat' dir='ltr'><strong>voce</strong></span> <span class='ocrx_word' id='word_1_734' title='bbox 3214 2891 3530 2961; x_wconf 85' lang='lat' dir='ltr'><strong>respondeat</strong></span> 
     </span>
    </p>
   </div>
   <div class='ocr_carea' id='block_1_92' title="bbox 1965 2982 3528 3052">
    <p class='ocr_par' dir='ltr' id='par_1_92' title="bbox 1965 2982 3528 3052">
     <span class='ocr_line' id='line_1_92' title="bbox 1965 2982 3528 3052; baseline 0.002 -17"><span class='ocrx_word' id='word_1_735' title='bbox 1965 2983 2194 3052; x_wconf 86' lang='lat' dir='ltr'><strong>querelis</strong></span> <span class='ocrx_word' id='word_1_736' title='bbox 2223 2983 2549 3037; x_wconf 84' lang='lat' dir='ltr'><strong>inï¬rmorum</strong></span> <span class='ocrx_word' id='word_1_737' title='bbox 2571 3024 2585 3049; x_wconf 91' lang='lat'><strong>,</strong></span> <span class='ocrx_word' id='word_1_738' title='bbox 2608 2991 2662 3038; x_wconf 90' lang='lat' dir='ltr'><strong>et</strong></span> <span class='ocrx_word' id='word_1_739' title='bbox 2681 2983 2994 3038; x_wconf 79' lang='lat' dir='ltr'><strong>confirment</strong></span> <span class='ocrx_word' id='word_1_740' title='bbox 3022 2983 3156 3036; x_wconf 82' lang='lat' dir='ltr'><strong>firmi</strong></span> <span class='ocrx_word' id='word_1_741' title='bbox 3181 2982 3445 3048; x_wconf 86' lang='lat' dir='ltr'><strong>infirmos,</strong></span> <span class='ocrx_word' id='word_1_742' title='bbox 3472 2992 3528 3038; x_wconf 90' lang='lat' dir='ltr'><strong>et</strong></span> 
     </span>
    </p>
   </div>
   <div class='ocr_carea' id='block_1_93' title="bbox 1958 3074 3522 3147">
    <p class='ocr_par' dir='ltr' id='par_1_93' title="bbox 1958 3074 3522 3147">
     <span class='ocr_line' id='line_1_93' title="bbox 1958 3074 3522 3147; baseline 0 -19"><span class='ocrx_word' id='word_1_743' title='bbox 1958 3074 2186 3145; x_wconf 83' lang='lat' dir='ltr'><strong>grandes</strong></span> <span class='ocrx_word' id='word_1_744' title='bbox 2223 3076 2466 3144; x_wconf 90' lang='lat' dir='ltr'><strong>parvulos</strong></span> <span class='ocrx_word' id='word_1_745' title='bbox 2487 3118 2502 3141; x_wconf 93' lang='lat'><strong>,</strong></span> <span class='ocrx_word' id='word_1_746' title='bbox 2532 3085 2585 3131; x_wconf 86' lang='lat' dir='ltr'><strong>et</strong></span> <span class='ocrx_word' id='word_1_747' title='bbox 2620 3076 2762 3131; x_wconf 83' lang='lat' dir='ltr'><strong>dicat</strong></span> <span class='ocrx_word' id='word_1_748' title='bbox 2790 3077 3022 3131; x_wconf 87' lang='lat' dir='ltr'><strong>Ecclesia</strong></span> <span class='ocrx_word' id='word_1_749' title='bbox 3048 3117 3062 3143; x_wconf 92' lang='lat'><strong>,</strong></span> <span class='ocrx_word' id='word_1_750' title='bbox 3095 3077 3244 3147; x_wconf 81' lang='lat' dir='ltr'><strong>Swpc</strong></span> <span class='ocrx_word' id='word_1_751' title='bbox 3266 3093 3522 3146; x_wconf 71' lang='lat' dir='ltr'><strong>expugna-</strong></span> 
     </span>
    </p>
   </div>
   <div class='ocr_carea' id='block_1_94' title="bbox 1959 3162 3522 3239">
    <p class='ocr_par' dir='ltr' id='par_1_94' title="bbox 1959 3162 3522 3239">
     <span class='ocr_line' id='line_1_94' title="bbox 1959 3162 3522 3239; baseline 0.001 -19"><span class='ocrx_word' id='word_1_752' title='bbox 1959 3177 2132 3222; x_wconf 77' lang='lat' dir='ltr'><strong>verunt</strong></span> <span class='ocrx_word' id='word_1_753' title='bbox 2158 3183 2236 3232; x_wconf 81' lang='lat' dir='ltr'><strong>me</strong></span> <span class='ocrx_word' id='word_1_754' title='bbox 2263 3184 2294 3220; x_wconf 91' lang='lat' dir='ltr'><strong>a</strong></span> <span class='ocrx_word' id='word_1_755' title='bbox 2313 3169 2575 3238; x_wconf 87' lang='lat' dir='ltr'><strong>juventute</strong></span> <span class='ocrx_word' id='word_1_756' title='bbox 2599 3183 2729 3222; x_wconf 89' lang='lat' dir='ltr'><strong>mea.</strong></span> <span class='ocrx_word' id='word_1_757' title='bbox 2773 3167 2916 3220; x_wconf 86' lang='lat' dir='ltr'><strong>Dicat</strong></span> <span class='ocrx_word' id='word_1_758' title='bbox 2944 3185 3058 3221; x_wconf 82' lang='lat' dir='ltr'><strong>vero</strong></span> <span class='ocrx_word' id='word_1_759' title='bbox 3089 3168 3108 3199; x_wconf 86' lang='grc'>Â³</span> <span class='ocrx_word' id='word_1_760' title='bbox 3139 3166 3300 3221; x_wconf 73' lang='lat' dir='ltr'><strong>Israel</strong></span> <span class='ocrx_word' id='word_1_761' title='bbox 3323 3209 3338 3235; x_wconf 95' lang='lat'><strong>,</strong></span> <span class='ocrx_word' id='word_1_762' title='bbox 3372 3162 3522 3239; x_wconf 53' lang='lat' dir='ltr'><strong>Steph</strong></span> 
     </span>
    </p>
   </div>
   <div class='ocr_carea' id='block_1_95' title="bbox 1957 3258 3521 3330">
    <p class='ocr_par' dir='ltr' id='par_1_95' title="bbox 1957 3258 3521 3330">
     <span class='ocr_line' id='line_1_95' title="bbox 1957 3258 3521 3330; baseline 0.001 -18"><span class='ocrx_word' id='word_1_763' title='bbox 1957 3268 2366 3329; x_wconf 73' lang='lat' dir='ltr'><strong>expugnaverunt</strong></span> <span class='ocrx_word' id='word_1_764' title='bbox 2392 3275 2523 3312; x_wconf 87' lang='lat' dir='ltr'><strong>mea</strong></span> <span class='ocrx_word' id='word_1_765' title='bbox 2559 3259 2822 3330; x_wconf 80' lang='lat' dir='ltr'><strong>juventute</strong></span> <span class='ocrx_word' id='word_1_766' title='bbox 2846 3275 2976 3314; x_wconf 84' lang='lat' dir='ltr'><strong>mea.</strong></span> <span class='ocrx_word' id='word_1_767' title='bbox 3023 3259 3172 3314; x_wconf 89' lang='lat' dir='ltr'><strong>Dicat</strong></span> <span class='ocrx_word' id='word_1_768' title='bbox 3213 3258 3377 3326; x_wconf 91' lang='lat' dir='ltr'><strong>illud,</strong></span> <span class='ocrx_word' id='word_1_769' title='bbox 3418 3274 3521 3314; x_wconf 90' lang='lat' dir='ltr'><strong>non</strong></span> 
     </span>
    </p>
   </div>
   <div class='ocr_carea' id='block_1_96' title="bbox 1955 3349 3522 3422">
    <p class='ocr_par' dir='ltr' id='par_1_96' title="bbox 1955 3349 3522 3422">
     <span class='ocr_line' id='line_1_96' title="bbox 1955 3349 3522 3422; baseline 0 -18"><span class='ocrx_word' id='word_1_770' title='bbox 1955 3349 2083 3404; x_wconf 89' lang='lat' dir='ltr'><strong>illud</strong></span> <span class='ocrx_word' id='word_1_771' title='bbox 2107 3350 2305 3405; x_wconf 88' lang='lat' dir='ltr'><strong>timeat.</strong></span> <span class='ocrx_word' id='word_1_772' title='bbox 2333 3350 2449 3418; x_wconf 90' lang='lat' dir='ltr'><strong>Quo</strong></span> <span class='ocrx_word' id='word_1_773' title='bbox 2467 3350 2607 3406; x_wconf 91' lang='lat' dir='ltr'><strong>enim</strong></span> <span class='ocrx_word' id='word_1_774' title='bbox 2638 3349 2778 3406; x_wconf 91' lang='lat' dir='ltr'><strong>valet</strong></span> <span class='ocrx_word' id='word_1_775' title='bbox 2799 3393 2815 3416; x_wconf 96' lang='lat'><strong>,</strong></span> <span class='ocrx_word' id='word_1_776' title='bbox 2842 3350 2980 3422; x_wconf 87' lang='lat' dir='ltr'><strong>quod</strong></span> <span class='ocrx_word' id='word_1_777' title='bbox 3009 3365 3127 3406; x_wconf 89' lang='lat' dir='ltr'><strong>cum</strong></span> <span class='ocrx_word' id='word_1_778' title='bbox 3149 3350 3364 3406; x_wconf 78' lang='lat' dir='ltr'><strong>dixisset</strong></span> <span class='ocrx_word' id='word_1_779' title='bbox 3387 3349 3522 3417; x_wconf 74' lang='grc' dir='ltr'><strong>,ÎµÏ‰-</strong></span> 
     </span>
    </p>
   </div>
   <div class='ocr_carea' id='block_1_97' title="bbox 1956 3441 3519 3514">
    <p class='ocr_par' dir='ltr' id='par_1_97' title="bbox 1956 3441 3519 3514">
     <span class='ocr_line' id='line_1_97' title="bbox 1956 3441 3519 3514; baseline 0.002 -19"><span class='ocrx_word' id='word_1_780' title='bbox 1956 3457 2019 3510; x_wconf 82' lang='lat' dir='ltr'><strong>pe</strong></span> <span class='ocrx_word' id='word_1_781' title='bbox 2045 3451 2450 3513; x_wconf 75' lang='lat' dir='ltr'><strong>expugnaverunt</strong></span> <span class='ocrx_word' id='word_1_782' title='bbox 2482 3459 2561 3496; x_wconf 88' lang='lat' dir='ltr'><strong>me</strong></span> <span class='ocrx_word' id='word_1_783' title='bbox 2583 3483 2598 3507; x_wconf 95' lang='lat'><strong>,</strong></span> <span class='ocrx_word' id='word_1_784' title='bbox 2630 3441 2866 3508; x_wconf 90' lang='lat' dir='ltr'><strong>addidit,</strong></span> <span class='ocrx_word' id='word_1_785' title='bbox 2895 3459 2926 3496; x_wconf 92' lang='lat' dir='ltr'><strong>a</strong></span> <span class='ocrx_word' id='word_1_786' title='bbox 2940 3444 3201 3514; x_wconf 85' lang='lat' dir='ltr'><strong>juvcnlute</strong></span> <span class='ocrx_word' id='word_1_787' title='bbox 3225 3459 3335 3496; x_wconf 89' lang='lat' dir='ltr'><strong>mea</strong></span> <span class='ocrx_word' id='word_1_788' title='bbox 3351 3442 3377 3496; x_wconf 72' lang='lat'><strong>.9</strong></span> <span class='ocrx_word' id='word_1_789' title='bbox 3403 3441 3519 3498; x_wconf 77' lang='lat' dir='ltr'><strong>Iam</strong></span> 
     </span>
    </p>
   </div>
   <div class='ocr_carea' id='block_1_98' title="bbox 1957 3533 3517 3604">
    <p class='ocr_par' dir='ltr' id='par_1_98' title="bbox 1957 3533 3517 3604">
     <span class='ocr_line' id='line_1_98' title="bbox 1957 3533 3517 3604; baseline 0.001 -17"><span class='ocrx_word' id='word_1_790' title='bbox 1957 3533 2114 3588; x_wconf 91' lang='lat' dir='ltr'><strong>modo</strong></span> <span class='ocrx_word' id='word_1_791' title='bbox 2142 3535 2388 3589; x_wconf 69' lang='lat' dir='ltr'><strong>Ecclesia:</strong></span> <span class='ocrx_word' id='word_1_792' title='bbox 2408 3543 2653 3590; x_wconf 88' lang='lat' dir='ltr'><strong>senectus</strong></span> <span class='ocrx_word' id='word_1_793' title='bbox 2678 3545 3007 3604; x_wconf 83' lang='lat' dir='ltr'><strong>expugnatur</strong></span> <span class='ocrx_word' id='word_1_794' title='bbox 3023 3576 3038 3600; x_wconf 94' lang='lat'><strong>,</strong></span> <span class='ocrx_word' id='word_1_795' title='bbox 3063 3535 3155 3590; x_wconf 90' lang='lat' dir='ltr'><strong>sed</strong></span> <span class='ocrx_word' id='word_1_796' title='bbox 3177 3549 3279 3588; x_wconf 90' lang='lat' dir='ltr'><strong>non</strong></span> <span class='ocrx_word' id='word_1_797' title='bbox 3306 3533 3517 3588; x_wconf 91' lang='lat' dir='ltr'><strong>timeat:</strong></span> 
     </span>
    </p>
   </div>
   <div class='ocr_carea' id='block_1_99' title="bbox 1954 3614 3520 3695">
    <p class='ocr_par' dir='ltr' id='par_1_99' title="bbox 1954 3614 3520 3695">
     <span class='ocr_line' id='line_1_99' title="bbox 1954 3614 3520 3695; baseline -0.002 -16"><span class='ocrx_word' id='word_1_798' title='bbox 1954 3614 2128 3689; x_wconf 82' lang='lat' dir='ltr'><strong>dicat,</strong></span> <span class='ocrx_word' id='word_1_799' title='bbox 2156 3625 2306 3695; x_wconf 65' lang='lat' dir='ltr'><strong>Saepe</strong></span> <span class='ocrx_word' id='word_1_800' title='bbox 2331 3636 2741 3694; x_wconf 72' lang='lat' dir='ltr'><strong>expugnaverunt</strong></span> <span class='ocrx_word' id='word_1_801' title='bbox 2768 3641 2844 3677; x_wconf 89' lang='lat' dir='ltr'><strong>me</strong></span> <span class='ocrx_word' id='word_1_802' title='bbox 2862 3642 2892 3676; x_wconf 88' lang='grc' dir='ltr'><strong>Î¹Î¹</strong></span> <span class='ocrx_word' id='word_1_803' title='bbox 2903 3622 3165 3694; x_wconf 78' lang='lat' dir='ltr'><strong>jureunite</strong></span> <span class='ocrx_word' id='word_1_804' title='bbox 3206 3640 3334 3677; x_wconf 85' lang='lat' dir='ltr'><strong>mea.</strong></span> <span class='ocrx_word' id='word_1_805' title='bbox 3359 3622 3520 3676; x_wconf 84' lang='lat' dir='ltr'><strong>Num-</strong></span> 
     </span>
    </p>
   </div>
   <div class='ocr_carea' id='block_1_100' title="bbox 1954 3714 3518 3786">
    <p class='ocr_par' dir='ltr' id='par_1_100' title="bbox 1954 3714 3518 3786">
     <span class='ocr_line' id='line_1_100' title="bbox 1954 3714 3518 3786; baseline -0.001 -18"><span class='ocrx_word' id='word_1_806' title='bbox 1954 3715 2078 3786; x_wconf 88' lang='lat' dir='ltr'><strong>quid</strong></span> <span class='ocrx_word' id='word_1_807' title='bbox 2110 3715 2229 3770; x_wconf 89' lang='lat' dir='ltr'><strong>ideo</strong></span> <span class='ocrx_word' id='word_1_808' title='bbox 2256 3730 2358 3769; x_wconf 89' lang='lat' dir='ltr'><strong>non</strong></span> <span class='ocrx_word' id='word_1_809' title='bbox 2391 3717 2628 3784; x_wconf 87' lang='lat' dir='ltr'><strong>pervenit</strong></span> <span class='ocrx_word' id='word_1_810' title='bbox 2653 3715 2718 3769; x_wconf 86' lang='lat' dir='ltr'><strong>ad</strong></span> <span class='ocrx_word' id='word_1_811' title='bbox 2743 3724 3062 3770; x_wconf 87' lang='lat' dir='ltr'><strong>senectutem</strong></span> <span class='ocrx_word' id='word_1_812' title='bbox 3084 3754 3098 3779; x_wconf 93' lang='lat'><strong>,</strong></span> <span class='ocrx_word' id='word_1_813' title='bbox 3121 3714 3242 3783; x_wconf 89' lang='lat' dir='ltr'><strong>quia</strong></span> <span class='ocrx_word' id='word_1_814' title='bbox 3270 3730 3374 3767; x_wconf 86' lang='lat' dir='ltr'><strong>non</strong></span> <span class='ocrx_word' id='word_1_815' title='bbox 3399 3727 3518 3767; x_wconf 85' lang='lat' dir='ltr'><strong>ces-</strong></span> 
     </span>
    </p>
   </div>
   <div class='ocr_carea' id='block_1_101' title="bbox 1954 3803 3518 3875">
    <p class='ocr_par' dir='ltr' id='par_1_101' title="bbox 1954 3803 3518 3875">
     <span class='ocr_line' id='line_1_101' title="bbox 1954 3803 3518 3875; baseline -0.002 -14"><span class='ocrx_word' id='word_1_816' title='bbox 1954 3813 2206 3861; x_wconf 88' lang='lat' dir='ltr'><strong>saverunt</strong></span> <span class='ocrx_word' id='word_1_817' title='bbox 2223 3804 2294 3858; x_wconf 91' lang='lat' dir='ltr'><strong>illi</strong></span> <span class='ocrx_word' id='word_1_818' title='bbox 2314 3804 2664 3875; x_wconf 78' lang='lat' dir='ltr'><strong>expugnando</strong></span> <span class='ocrx_word' id='word_1_819' title='bbox 2684 3805 2708 3858; x_wconf 89' lang='lat'><strong>?</strong></span> <span class='ocrx_word' id='word_1_820' title='bbox 2727 3803 2976 3873; x_wconf 91' lang='lat' dir='ltr'><strong>numquid</strong></span> <span class='ocrx_word' id='word_1_821' title='bbox 2998 3803 3176 3858; x_wconf 90' lang='lat' dir='ltr'><strong>delere</strong></span> <span class='ocrx_word' id='word_1_822' title='bbox 3199 3806 3518 3873; x_wconf 88' lang='lat' dir='ltr'><strong>potuerunt?</strong></span> 
     </span>
    </p>
   </div>
   <div class='ocr_carea' id='block_1_102' title="bbox 1955 3892 3517 3962">
    <p class='ocr_par' dir='ltr' id='par_1_102' title="bbox 1955 3892 3517 3962">
     <span class='ocr_line' id='line_1_102' title="bbox 1955 3892 3517 3962; baseline -0.003 -12"><span class='ocrx_word' id='word_1_823' title='bbox 1955 3896 2106 3950; x_wconf 83' lang='lat' dir='ltr'><strong>Dicat</strong></span> <span class='ocrx_word' id='word_1_824' title='bbox 2125 3912 2238 3950; x_wconf 84' lang='lat' dir='ltr'><strong>vero</strong></span> <span class='ocrx_word' id='word_1_825' title='bbox 2261 3895 2466 3962; x_wconf 83' lang='lat' dir='ltr'><strong>Israel;</strong></span> <span class='ocrx_word' id='word_1_826' title='bbox 2494 3907 2548 3950; x_wconf 92' lang='lat' dir='ltr'><strong>et</strong></span> <span class='ocrx_word' id='word_1_827' title='bbox 2575 3895 2882 3950; x_wconf 86' lang='lat' dir='ltr'><strong>consoletur</strong></span> <span class='ocrx_word' id='word_1_828' title='bbox 2908 3908 2967 3949; x_wconf 92' lang='lat' dir='ltr'><strong>se</strong></span> <span class='ocrx_word' id='word_1_829' title='bbox 2993 3892 3188 3961; x_wconf 78' lang='lat' dir='ltr'><strong>Israel,</strong></span> <span class='ocrx_word' id='word_1_830' title='bbox 3212 3893 3517 3948; x_wconf 91' lang='lat' dir='ltr'><strong>consoletur</strong></span> 
     </span>
    </p>
   </div>
   <div class='ocr_carea' id='block_1_103' title="bbox 1953 3983 3514 4058">
    <p class='ocr_par' dir='ltr' id='par_1_103' title="bbox 1953 3983 3514 4058">
     <span class='ocr_line' id='line_1_103' title="bbox 1953 3983 3514 4058; baseline -0.005 -14"><span class='ocrx_word' id='word_1_831' title='bbox 1953 4003 2013 4044; x_wconf 89' lang='lat' dir='ltr'><strong>se</strong></span> <span class='ocrx_word' id='word_1_832' title='bbox 2052 3988 2164 4058; x_wconf 89' lang='lat' dir='ltr'><strong>ipsa</strong></span> <span class='ocrx_word' id='word_1_833' title='bbox 2212 3985 2451 4042; x_wconf 90' lang='lat' dir='ltr'><strong>Ecclesia</strong></span> <span class='ocrx_word' id='word_1_834' title='bbox 2501 3986 2569 4041; x_wconf 91' lang='lat' dir='ltr'><strong>de</strong></span> <span class='ocrx_word' id='word_1_835' title='bbox 2595 3985 2873 4056; x_wconf 71' lang='lat' dir='ltr'><strong>prmteritis</strong></span> <span class='ocrx_word' id='word_1_836' title='bbox 2897 3983 3195 4053; x_wconf 84' lang='lat' dir='ltr'><strong>exemplis,</strong></span> <span class='ocrx_word' id='word_1_837' title='bbox 3245 3991 3300 4040; x_wconf 90' lang='lat' dir='ltr'><strong>et</strong></span> <span class='ocrx_word' id='word_1_838' title='bbox 3339 3983 3514 4047; x_wconf 91' lang='lat' dir='ltr'><strong>dicat,</strong></span> 
     </span>
    </p>
   </div>
   <div class='ocr_carea' id='block_1_104' title="bbox 1954 4077 3113 4153">
    <p class='ocr_par' dir='ltr' id='par_1_104' title="bbox 1954 4077 3113 4153">
     <span class='ocr_line' id='line_1_104' title="bbox 1954 4077 3113 4153; baseline -0.009 -14"><span class='ocrx_word' id='word_1_839' title='bbox 1954 4083 2106 4153; x_wconf 63' lang='lat' dir='ltr'><strong>Stepe</strong></span> <span class='ocrx_word' id='word_1_840' title='bbox 2127 4088 2533 4152; x_wconf 71' lang='lat' dir='ltr'><strong>expugnaverunt</strong></span> <span class='ocrx_word' id='word_1_841' title='bbox 2555 4096 2634 4132; x_wconf 87' lang='lat' dir='ltr'><strong>me</strong></span> <span class='ocrx_word' id='word_1_842' title='bbox 2657 4095 2688 4131; x_wconf 88' lang='lat' dir='ltr'><strong>a</strong></span> <span class='ocrx_word' id='word_1_843' title='bbox 2704 4077 2961 4148; x_wconf 84' lang='lat' dir='ltr'><strong>juventutc</strong></span> <span class='ocrx_word' id='word_1_844' title='bbox 2984 4093 3113 4130; x_wconf 84' lang='lat' dir='ltr'><strong>utea.</strong></span> 
     </span>
    </p>
   </div>
   <div class='ocr_carea' id='block_1_105' title="bbox 2023 4169 3516 4248">
    <p class='ocr_par' dir='ltr' id='par_1_105' title="bbox 2023 4169 3516 4248">
     <span class='ocr_line' id='line_1_105' title="bbox 2023 4169 3516 4248; baseline -0.008 -17"><span class='ocrx_word' id='word_1_845' title='bbox 2023 4177 2076 4231; x_wconf 71' lang='grc' dir='ltr'><strong>Î”.</strong></span> <span class='ocrx_word' id='word_1_846' title='bbox 2104 4174 2278 4248; x_wconf 76' lang='lat' dir='ltr'><strong>Quare</strong></span> <span class='ocrx_word' id='word_1_847' title='bbox 2327 4170 2799 4245; x_wconf 82' lang='lat' dir='ltr'><strong>expugnaverunt?</strong></span> <span class='ocrx_word' id='word_1_848' title='bbox 2845 4169 3048 4224; x_wconf 82' lang='lat' dir='ltr'><strong>Etenim</strong></span> <span class='ocrx_word' id='word_1_849' title='bbox 3101 4185 3202 4224; x_wconf 83' lang='lat' dir='ltr'><strong>non</strong></span> <span class='ocrx_word' id='word_1_850' title='bbox 3253 4176 3516 4248; x_wconf 72' lang='lat' dir='ltr'><strong>potuerunt</strong></span> 
     </span>
    </p>
   </div>
   <div class='ocr_carea' id='block_1_106' title="bbox 1953 4240 3516 4336">
    <p class='ocr_par' dir='ltr' id='par_1_106' title="bbox 1953 4240 3516 4336">
     <span class='ocr_line' id='line_1_106' title="bbox 1953 4240 3516 4336; baseline -0.007 -14"><span class='ocrx_word' id='word_1_851' title='bbox 1953 4268 2094 4322; x_wconf 85' lang='lat' dir='ltr'><strong>mihi.</strong></span> <span class='ocrx_word' id='word_1_852' title='bbox 2126 4267 2298 4336; x_wconf 85' lang='lat' dir='ltr'><strong>Supra</strong></span> <span class='ocrx_word' id='word_1_853' title='bbox 2340 4263 2546 4319; x_wconf 87' lang='lat' dir='ltr'><strong>dorsum</strong></span> <span class='ocrx_word' id='word_1_854' title='bbox 2580 4277 2745 4325; x_wconf 83' lang='lat' dir='ltr'><strong>meum</strong></span> <span class='ocrx_word' id='word_1_855' title='bbox 2787 4259 3154 4332; x_wconf 78' lang='lat' dir='ltr'><strong>fabricaverunt</strong></span> <span class='ocrx_word' id='word_1_856' title='bbox 3195 4240 3516 4329; x_wconf 68' lang='lat' dir='ltr'><strong>peccatores;</strong></span> 
     </span>
    </p>
   </div>
   <div class='ocr_carea' id='block_1_107' title="bbox 1953 4350 3516 4431">
    <p class='ocr_par' dir='ltr' id='par_1_107' title="bbox 1953 4350 3516 4431">
     <span class='ocr_line' id='line_1_107' title="bbox 1953 4350 3516 4431; baseline -0.008 -16"><span class='ocrx_word' id='word_1_857' title='bbox 1953 4361 2100 4431; x_wconf 83' lang='lat' dir='ltr'><strong>longe</strong></span> <span class='ocrx_word' id='word_1_858' title='bbox 2118 4362 2335 4428; x_wconf 83' lang='lat' dir='ltr'><strong>fecerunt</strong></span> <span class='ocrx_word' id='word_1_859' title='bbox 2356 4354 2650 4425; x_wconf 84' lang='lat' dir='ltr'><strong>iujustitiam</strong></span> <span class='ocrx_word' id='word_1_860' title='bbox 2669 4369 2830 4412; x_wconf 84' lang='lat' dir='ltr'><strong>suam.</strong></span> <span class='ocrx_word' id='word_1_861' title='bbox 2850 4352 3024 4420; x_wconf 86' lang='lat' dir='ltr'><strong>Quare</strong></span> <span class='ocrx_word' id='word_1_862' title='bbox 3047 4357 3473 4422; x_wconf 79' lang='lat' dir='ltr'><strong>expugnaverunt</strong></span> <span class='ocrx_word' id='word_1_863' title='bbox 3493 4350 3516 4402; x_wconf 88' lang='lat'><strong>?</strong></span> 
     </span>
    </p>
   </div>
   <div class='ocr_carea' id='block_1_108' title="bbox 1955 4444 3517 4523">
    <p class='ocr_par' dir='ltr' id='par_1_108' title="bbox 1955 4444 3517 4523">
     <span class='ocr_line' id='line_1_108' title="bbox 1955 4444 3517 4523; baseline -0.007 -18"><span class='ocrx_word' id='word_1_864' title='bbox 1955 4453 2089 4523; x_wconf 81' lang='lat' dir='ltr'><strong>Quia</strong></span> <span class='ocrx_word' id='word_1_865' title='bbox 2133 4467 2232 4503; x_wconf 86' lang='lat' dir='ltr'><strong>non</strong></span> <span class='ocrx_word' id='word_1_866' title='bbox 2284 4456 2546 4519; x_wconf 81' lang='lat' dir='ltr'><strong>potuerunt</strong></span> <span class='ocrx_word' id='word_1_867' title='bbox 2587 4447 2729 4500; x_wconf 86' lang='lat' dir='ltr'><strong>mihi.</strong></span> <span class='ocrx_word' id='word_1_868' title='bbox 2767 4444 2899 4513; x_wconf 85' lang='lat' dir='ltr'><strong>Quid</strong></span> <span class='ocrx_word' id='word_1_869' title='bbox 2945 4453 3061 4511; x_wconf 88' lang='lat' dir='ltr'><strong>est,</strong></span> <span class='ocrx_word' id='word_1_870' title='bbox 3108 4460 3207 4497; x_wconf 85' lang='lat' dir='ltr'><strong>non</strong></span> <span class='ocrx_word' id='word_1_871' title='bbox 3251 4449 3517 4514; x_wconf 85' lang='lat' dir='ltr'><strong>potuerunt</strong></span> 
     </span>
    </p>
   </div>
   <div class='ocr_carea' id='block_1_109' title="bbox 1953 4530 3514 4604">
    <p class='ocr_par' dir='ltr' id='par_1_109' title="bbox 1953 4530 3514 4604">
     <span class='ocr_line' id='line_1_109' title="bbox 1953 4530 3514 4604; baseline -0.006 -10"><span class='ocrx_word' id='word_1_872' title='bbox 1953 4541 2074 4594; x_wconf 82' lang='lat' dir='ltr'><strong>nti/ti</strong></span> <span class='ocrx_word' id='word_1_873' title='bbox 2097 4541 2120 4594; x_wconf 83' lang='lat'><strong><em>?</em></strong></span> <span class='ocrx_word' id='word_1_874' title='bbox 2145 4539 2446 4594; x_wconf 87' lang='lat' dir='ltr'><strong>Fabricare.</strong></span> <span class='ocrx_word' id='word_1_875' title='bbox 2474 4536 2608 4604; x_wconf 85' lang='lat' dir='ltr'><strong>Quid</strong></span> <span class='ocrx_word' id='word_1_876' title='bbox 2638 4545 2718 4590; x_wconf 88' lang='lat' dir='ltr'><strong>est</strong></span> <span class='ocrx_word' id='word_1_877' title='bbox 2737 4575 2751 4599; x_wconf 92' lang='lat'><strong>,</strong></span> <span class='ocrx_word' id='word_1_878' title='bbox 2783 4551 2882 4589; x_wconf 84' lang='lat' dir='ltr'><strong>non</strong></span> <span class='ocrx_word' id='word_1_879' title='bbox 2914 4542 3175 4603; x_wconf 82' lang='lat' dir='ltr'><strong>potuerunt</strong></span> <span class='ocrx_word' id='word_1_880' title='bbox 3204 4531 3374 4585; x_wconf 84' lang='lat' dir='ltr'><strong>mihi?</strong></span> <span class='ocrx_word' id='word_1_881' title='bbox 3400 4530 3514 4586; x_wconf 87' lang='lat' dir='ltr'><strong>Non</strong></span> 
     </span>
    </p>
   </div>
   <div class='ocr_carea' id='block_1_110' title="bbox 1954 4621 3518 4691">
    <p class='ocr_par' dir='ltr' id='par_1_110' title="bbox 1954 4621 3518 4691">
     <span class='ocr_line' id='line_1_110' title="bbox 1954 4621 3518 4691; baseline -0.006 -5"><span class='ocrx_word' id='word_1_882' title='bbox 1954 4631 2057 4687; x_wconf 92' lang='lat' dir='ltr'><strong>illis</strong></span> <span class='ocrx_word' id='word_1_883' title='bbox 2094 4627 2342 4685; x_wconf 88' lang='lat' dir='ltr'><strong>consensi</strong></span> <span class='ocrx_word' id='word_1_884' title='bbox 2363 4627 2428 4681; x_wconf 91' lang='lat' dir='ltr'><strong>ad</strong></span> <span class='ocrx_word' id='word_1_885' title='bbox 2452 4627 2668 4682; x_wconf 89' lang='lat' dir='ltr'><strong>malum.</strong></span> <span class='ocrx_word' id='word_1_886' title='bbox 2691 4625 2874 4682; x_wconf 89' lang='lat' dir='ltr'><strong>Omnis</strong></span> <span class='ocrx_word' id='word_1_887' title='bbox 2894 4625 3034 4678; x_wconf 91' lang='lat' dir='ltr'><strong>enim</strong></span> <span class='ocrx_word' id='word_1_888' title='bbox 3062 4622 3232 4683; x_wconf 89' lang='lat' dir='ltr'><strong>malus</strong></span> <span class='ocrx_word' id='word_1_889' title='bbox 3253 4621 3371 4686; x_wconf 85' lang='lat' dir='ltr'><strong>ideo</strong></span> <span class='ocrx_word' id='word_1_890' title='bbox 3397 4637 3518 4691; x_wconf 80' lang='lat' dir='ltr'><strong>per-</strong></span> 
     </span>
    </p>
   </div>
   <div class='ocr_carea' id='block_1_111' title="bbox 1953 4713 3512 4794">
    <p class='ocr_par' dir='ltr' id='par_1_111' title="bbox 1953 4713 3512 4794">
     <span class='ocr_line' id='line_1_111' title="bbox 1953 4713 3512 4794; baseline -0.007 -16"><span class='ocrx_word' id='word_1_891' title='bbox 1953 4723 2189 4794; x_wconf 85' lang='lat' dir='ltr'><strong>sequitur</strong></span> <span class='ocrx_word' id='word_1_892' title='bbox 2233 4721 2462 4785; x_wconf 90' lang='lat' dir='ltr'><strong>bonum,</strong></span> <span class='ocrx_word' id='word_1_893' title='bbox 2507 4719 2627 4789; x_wconf 91' lang='lat' dir='ltr'><strong>quia</strong></span> <span class='ocrx_word' id='word_1_894' title='bbox 2671 4733 2773 4773; x_wconf 91' lang='lat' dir='ltr'><strong>non</strong></span> <span class='ocrx_word' id='word_1_895' title='bbox 2818 4717 2892 4771; x_wconf 90' lang='lat' dir='ltr'><strong>illi</strong></span> <span class='ocrx_word' id='word_1_896' title='bbox 2933 4715 3196 4772; x_wconf 89' lang='lat' dir='ltr'><strong>consentit</strong></span> <span class='ocrx_word' id='word_1_897' title='bbox 3243 4715 3409 4769; x_wconf 90' lang='lat' dir='ltr'><strong>bonus</strong></span> <span class='ocrx_word' id='word_1_898' title='bbox 3447 4713 3512 4767; x_wconf 87' lang='lat' dir='ltr'><strong>ad</strong></span> 
     </span>
    </p>
   </div>
   <div class='ocr_carea' id='block_1_112' title="bbox 1927 4803 3513 4886">
    <p class='ocr_par' dir='ltr' id='par_1_112' title="bbox 1927 4803 3513 4886">
     <span class='ocr_line' id='line_1_112' title="bbox 1927 4803 3513 4886; baseline -0.009 -18"><span class='ocrx_word' id='word_1_899' title='bbox 1927 4815 2170 4886; x_wconf 37' lang='lat' dir='ltr'><strong>.malum.</strong></span> <span class='ocrx_word' id='word_1_900' title='bbox 2197 4810 2376 4865; x_wconf 88' lang='lat' dir='ltr'><strong>Faciat</strong></span> <span class='ocrx_word' id='word_1_901' title='bbox 2403 4808 2600 4878; x_wconf 91' lang='lat' dir='ltr'><strong>aliquid</strong></span> <span class='ocrx_word' id='word_1_902' title='bbox 2630 4808 2783 4871; x_wconf 85' lang='lat' dir='ltr'><strong>mali,</strong></span> <span class='ocrx_word' id='word_1_903' title='bbox 2810 4821 2913 4859; x_wconf 91' lang='lat' dir='ltr'><strong>non</strong></span> <span class='ocrx_word' id='word_1_904' title='bbox 2936 4805 3176 4873; x_wconf 79' lang='lat' dir='ltr'><strong>objurget</strong></span> <span class='ocrx_word' id='word_1_905' title='bbox 3198 4803 3476 4873; x_wconf 88' lang='lat' dir='ltr'><strong>episcopus</strong></span> <span class='ocrx_word' id='word_1_906' title='bbox 3495 4839 3513 4868; x_wconf 87' lang='lat'><strong>,</strong></span> 
     </span>
    </p>
   </div>
   <div class='ocr_carea' id='block_1_113' title="bbox 1953 4893 3519 4970">
    <p class='ocr_par' dir='ltr' id='par_1_113' title="bbox 1953 4893 3519 4970">
     <span class='ocr_line' id='line_1_113' title="bbox 1953 4893 3519 4970; baseline -0.008 -11"><span class='ocrx_word' id='word_1_907' title='bbox 1953 4904 2123 4960; x_wconf 87' lang='lat' dir='ltr'><strong>bonus</strong></span> <span class='ocrx_word' id='word_1_908' title='bbox 2149 4912 2229 4958; x_wconf 90' lang='lat' dir='ltr'><strong>est</strong></span> <span class='ocrx_word' id='word_1_909' title='bbox 2257 4901 2534 4970; x_wconf 92' lang='lat' dir='ltr'><strong>episcopus</strong></span> <span class='ocrx_word' id='word_1_910' title='bbox 2568 4916 2581 4953; x_wconf 90' lang='lat'><strong>:</strong></span> <span class='ocrx_word' id='word_1_911' title='bbox 2612 4897 2851 4968; x_wconf 79' lang='lat' dir='ltr'><strong>objurget</strong></span> <span class='ocrx_word' id='word_1_912' title='bbox 2881 4896 3196 4966; x_wconf 89' lang='lat' dir='ltr'><strong>episcopus,</strong></span> <span class='ocrx_word' id='word_1_913' title='bbox 3240 4893 3407 4948; x_wconf 88' lang='lat' dir='ltr'><strong>malus</strong></span> <span class='ocrx_word' id='word_1_914' title='bbox 3435 4902 3519 4947; x_wconf 83' lang='lat' dir='ltr'><strong>est</strong></span> 
     </span>
    </p>
   </div>
   <div class='ocr_carea' id='block_1_114' title="bbox 1955 4981 3518 5062">
    <p class='ocr_par' dir='ltr' id='par_1_114' title="bbox 1955 4981 3518 5062">
     <span class='ocr_line' id='line_1_114' title="bbox 1955 4981 3518 5062; baseline -0.01 -12"><span class='ocrx_word' id='word_1_915' title='bbox 1955 4994 2251 5062; x_wconf 91' lang='lat' dir='ltr'><strong>episcopus.</strong></span> <span class='ocrx_word' id='word_1_916' title='bbox 2285 4989 2474 5059; x_wconf 80' lang='lat' dir='ltr'><strong>Rapiat</strong></span> <span class='ocrx_word' id='word_1_917' title='bbox 2521 4985 2752 5057; x_wconf 84' lang='lat' dir='ltr'><strong>aliquid,</strong></span> <span class='ocrx_word' id='word_1_918' title='bbox 2803 4993 2975 5040; x_wconf 84' lang='lat' dir='ltr'><strong>taceat</strong></span> <span class='ocrx_word' id='word_1_919' title='bbox 3017 4983 3102 5039; x_wconf 90' lang='lat' dir='ltr'><strong>cui</strong></span> <span class='ocrx_word' id='word_1_920' title='bbox 3144 4981 3316 5052; x_wconf 90' lang='lat' dir='ltr'><strong>rapit,</strong></span> <span class='ocrx_word' id='word_1_921' title='bbox 3349 4982 3518 5036; x_wconf 87' lang='lat' dir='ltr'><strong>bonus</strong></span> 
     </span>
    </p>
   </div>
   <div class='ocr_carea' id='block_1_115' title="bbox 1956 5073 3514 5149">
    <p class='ocr_par' dir='ltr' id='par_1_115' title="bbox 1956 5073 3514 5149">
     <span class='ocr_line' id='line_1_115' title="bbox 1956 5073 3514 5149; baseline -0.008 -11"><span class='ocrx_word' id='word_1_922' title='bbox 1956 5095 2037 5138; x_wconf 86' lang='lat' dir='ltr'><strong>est</strong></span> <span class='ocrx_word' id='word_1_923' title='bbox 2065 5102 2078 5137; x_wconf 91' lang='lat'>:</span> <span class='ocrx_word' id='word_1_924' title='bbox 2108 5082 2293 5136; x_wconf 88' lang='lat' dir='ltr'><strong>saltem</strong></span> <span class='ocrx_word' id='word_1_925' title='bbox 2317 5080 2558 5149; x_wconf 89' lang='lat' dir='ltr'><strong>loquatur</strong></span> <span class='ocrx_word' id='word_1_926' title='bbox 2587 5085 2640 5130; x_wconf 88' lang='lat' dir='ltr'><strong>et</strong></span> <span class='ocrx_word' id='word_1_927' title='bbox 2668 5073 3058 5146; x_wconf 87' lang='lat' dir='ltr'><strong>reprehendat,</strong></span> <span class='ocrx_word' id='word_1_928' title='bbox 3089 5073 3186 5128; x_wconf 91' lang='lat' dir='ltr'><strong>etsi</strong></span> <span class='ocrx_word' id='word_1_929' title='bbox 3209 5087 3314 5126; x_wconf 91' lang='lat' dir='ltr'><strong>non</strong></span> <span class='ocrx_word' id='word_1_930' title='bbox 3359 5085 3514 5141; x_wconf 84' lang='lat' dir='ltr'><strong>repe-</strong></span> 
     </span>
    </p>
   </div>
   <div class='ocr_carea' id='block_1_116' title="bbox 1958 5163 3512 5240">
    <p class='ocr_par' dir='ltr' id='par_1_116' title="bbox 1958 5163 3512 5240">
     <span class='ocr_line' id='line_1_116' title="bbox 1958 5163 3512 5240; baseline -0.01 -10"><span class='ocrx_word' id='word_1_931' title='bbox 1958 5185 2068 5240; x_wconf 85' lang='lat' dir='ltr'><strong>tat,</strong></span> <span class='ocrx_word' id='word_1_932' title='bbox 2096 5173 2266 5228; x_wconf 90' lang='lat' dir='ltr'><strong>malus</strong></span> <span class='ocrx_word' id='word_1_933' title='bbox 2292 5180 2390 5225; x_wconf 88' lang='lat' dir='ltr'><strong>est.</strong></span> <span class='ocrx_word' id='word_1_934' title='bbox 2420 5170 2584 5224; x_wconf 88' lang='lat' dir='ltr'><strong>Malus</strong></span> <span class='ocrx_word' id='word_1_935' title='bbox 2622 5168 2814 5238; x_wconf 88' lang='lat' dir='ltr'><strong>estqui</strong></span> <span class='ocrx_word' id='word_1_936' title='bbox 2844 5163 3182 5237; x_wconf 88' lang='lat' dir='ltr'><strong>reprehendit</strong></span> <span class='ocrx_word' id='word_1_937' title='bbox 3207 5171 3472 5231; x_wconf 88' lang='lat' dir='ltr'><strong>raptorem</strong></span> <span class='ocrx_word' id='word_1_938' title='bbox 3495 5201 3512 5228; x_wconf 92' lang='lat'><strong>,</strong></span> 
     </span>
    </p>
   </div>
   <div class='ocr_carea' id='block_1_117' title="bbox 1955 5252 3514 5330">
    <p class='ocr_par' dir='ltr' id='par_1_117' title="bbox 1955 5252 3514 5330">
     <span class='ocr_line' id='line_1_117' title="bbox 1955 5252 3514 5330; baseline -0.012 -9"><span class='ocrx_word' id='word_1_939' title='bbox 1955 5273 2009 5321; x_wconf 88' lang='lat' dir='ltr'><strong>et</strong></span> <span class='ocrx_word' id='word_1_940' title='bbox 2035 5265 2200 5318; x_wconf 86' lang='lat' dir='ltr'><strong>bonus</strong></span> <span class='ocrx_word' id='word_1_941' title='bbox 2226 5272 2306 5316; x_wconf 89' lang='lat' dir='ltr'><strong>est</strong></span> <span class='ocrx_word' id='word_1_942' title='bbox 2332 5261 2417 5330; x_wconf 88' lang='lat' dir='ltr'><strong>qui</strong></span> <span class='ocrx_word' id='word_1_943' title='bbox 2442 5259 2608 5328; x_wconf 90' lang='lat' dir='ltr'><strong>rapit!</strong></span> <span class='ocrx_word' id='word_1_944' title='bbox 2648 5257 2894 5312; x_wconf 86' lang='lat' dir='ltr'><strong>Ambulet</strong></span> <span class='ocrx_word' id='word_1_945' title='bbox 2914 5297 2929 5320; x_wconf 95' lang='lat'><strong>,</strong></span> <span class='ocrx_word' id='word_1_946' title='bbox 2977 5253 3334 5308; x_wconf 80' lang='lat' dir='ltr'><strong>.lIanducemus</strong></span> <span class='ocrx_word' id='word_1_947' title='bbox 3359 5262 3406 5306; x_wconf 84' lang='lat' dir='ltr'><strong>et</strong></span> <span class='ocrx_word' id='word_1_948' title='bbox 3438 5252 3514 5304; x_wconf 83' lang='lat' dir='ltr'><strong>bi-</strong></span> 
     </span>
    </p>
   </div>
   <div class='ocr_carea' id='block_1_118' title="bbox 1959 5341 3512 5417">
    <p class='ocr_par' dir='ltr' id='par_1_118' title="bbox 1959 5341 3512 5417">
     <span class='ocr_line' id='line_1_118' title="bbox 1959 5341 3512 5417; baseline -0.008 -8"><span class='ocrx_word' id='word_1_949' title='bbox 1959 5358 2165 5417; x_wconf 79' lang='lat' dir='ltr'><strong>bamus;</strong></span> <span class='ocrx_word' id='word_1_950' title='bbox 2193 5365 2306 5405; x_wconf 78' lang='lat' dir='ltr'><strong>cras</strong></span> <span class='ocrx_word' id='word_1_951' title='bbox 2331 5351 2463 5403; x_wconf 83' lang='lat' dir='ltr'><strong>enim</strong></span> <span class='ocrx_word' id='word_1_952' title='bbox 2508 5351 2794 5402; x_wconf 81' lang='lat' dir='ltr'><strong>moriemur.</strong></span> <span class='ocrx_word' id='word_1_953' title='bbox 2824 5347 3020 5402; x_wconf 85' lang='lat' dir='ltr'><strong>Contra</strong></span> <span class='ocrx_word' id='word_1_954' title='bbox 3043 5343 3324 5412; x_wconf 88' lang='lat' dir='ltr'><strong>Apostolus</strong></span> <span class='ocrx_word' id='word_1_955' title='bbox 3348 5359 3362 5395; x_wconf 88' lang='lat'><strong>:</strong></span> <span class='ocrx_word' id='word_1_956' title='bbox 3386 5341 3512 5397; x_wconf 84' lang='lat' dir='ltr'><strong>Cor-</strong></span> 
     </span>
    </p>
   </div>
   <div class='ocr_carea' id='block_1_119' title="bbox 1956 5435 3508 5516">
    <p class='ocr_par' dir='ltr' id='par_1_119' title="bbox 1956 5435 3508 5516">
     <span class='ocr_line' id='line_1_119' title="bbox 1956 5435 3508 5516; baseline -0.01 -13"><span class='ocrx_word' id='word_1_957' title='bbox 1956 5455 2192 5516; x_wconf 85' lang='lat' dir='ltr'><strong>rumpunt</strong></span> <span class='ocrx_word' id='word_1_958' title='bbox 2219 5445 2371 5498; x_wconf 86' lang='lat' dir='ltr'><strong>bonos</strong></span> <span class='ocrx_word' id='word_1_959' title='bbox 2399 5459 2557 5496; x_wconf 76' lang='lat' dir='ltr'><strong>mores</strong></span> <span class='ocrx_word' id='word_1_960' title='bbox 2581 5441 2708 5495; x_wconf 84' lang='lat' dir='ltr'><strong>collo</strong></span> <span class='ocrx_word' id='word_1_961' title='bbox 2725 5441 2826 5509; x_wconf 73' lang='lat' dir='ltr'><strong>,ut&#39;a</strong></span> <span class='ocrx_word' id='word_1_962' title='bbox 2851 5439 3003 5491; x_wconf 85' lang='lat' dir='ltr'><strong>mala.</strong></span> <span class='ocrx_word' id='word_1_963' title='bbox 3037 5435 3204 5490; x_wconf 81' lang='lat' dir='ltr'><strong>Sobrii</strong></span> <span class='ocrx_word' id='word_1_964' title='bbox 3229 5443 3378 5488; x_wconf 81' lang='lat' dir='ltr'><strong>estote</strong></span> <span class='ocrx_word' id='word_1_965' title='bbox 3411 5435 3508 5504; x_wconf 85' lang='lat' dir='ltr'><strong>ju-</strong></span> 
     </span>
    </p>
   </div>
   <div class='ocr_carea' id='block_1_120' title="bbox 2021 5569 3423 5642">
    <p class='ocr_par' dir='ltr' id='par_1_120' title="bbox 2021 5569 3423 5642">
     <span class='ocr_line' id='line_1_120' title="bbox 2021 5569 3423 5642; baseline -0.008 -12"><span class='ocrx_word' id='word_1_966' title='bbox 2021 5586 2036 5616; x_wconf 75' lang='grc' dir='ltr'><strong>Î¹</strong></span> <span class='ocrx_word' id='word_1_967' title='bbox 2064 5583 2136 5630; x_wconf 79' lang='lat' dir='ltr'><strong>sic</strong></span> <span class='ocrx_word' id='word_1_968' title='bbox 2157 5577 2328 5642; x_wconf 91' lang='lat' dir='ltr'><strong>plures</strong></span> <span class='ocrx_word' id='word_1_969' title='bbox 2344 5585 2450 5626; x_wconf 81' lang='lat' dir='ltr'><strong>Mss.</strong></span> <span class='ocrx_word' id='word_1_970' title='bbox 2473 5583 2527 5642; x_wconf 77' lang='lat' dir='ltr'><strong>At</strong></span> <span class='ocrx_word' id='word_1_971' title='bbox 2548 5575 2680 5634; x_wconf 69' lang='lat' dir='ltr'><strong>add,</strong></span> <span class='ocrx_word' id='word_1_972' title='bbox 2708 5577 2789 5638; x_wconf 77' lang='lat' dir='ltr'><strong>qui</strong></span> <span class='ocrx_word' id='word_1_973' title='bbox 2812 5569 3118 5623; x_wconf 80' lang='lat' dir='ltr'><strong>crediderunt</strong></span> <span class='ocrx_word' id='word_1_974' title='bbox 3139 5576 3184 5620; x_wconf 88' lang='lat' dir='ltr'><strong>et</strong></span> <span class='ocrx_word' id='word_1_975' title='bbox 3206 5569 3304 5632; x_wconf 81' lang='lat' dir='ltr'><strong>qui,</strong></span> <span class='ocrx_word' id='word_1_976' title='bbox 3328 5577 3423 5620; x_wconf 83' lang='lat' dir='ltr'><strong>etc.</strong></span> 
     </span>
    </p>
   </div>
   <div class='ocr_carea' id='block_1_121' title="bbox 2018 5639 2542 5698">
    <p class='ocr_par' dir='ltr' id='par_1_121' title="bbox 2018 5639 2542 5698">
     <span class='ocr_line' id='line_1_121' title="bbox 2018 5639 2542 5698; baseline -0.006 -9"><span class='ocrx_word' id='word_1_977' title='bbox 2018 5647 2036 5675; x_wconf 81' lang='grc'><strong><em>Â²</em></strong></span> <span class='ocrx_word' id='word_1_978' title='bbox 2061 5639 2198 5690; x_wconf 64' lang='grc' dir='ltr'><strong>(á¿–Î¿Î¹Î´á½º.</strong></span> <span class='ocrx_word' id='word_1_979' title='bbox 2227 5646 2306 5687; x_wconf 78' lang='lat' dir='ltr'><strong>Ms.</strong></span> <span class='ocrx_word' id='word_1_980' title='bbox 2325 5675 2339 5698; x_wconf 92' lang='lat'><strong>,</strong></span> <span class='ocrx_word' id='word_1_981' title='bbox 2363 5639 2542 5698; x_wconf 79' lang='lat' dir='ltr'><strong>quanti.</strong></span> 
     </span>
    </p>
   </div>
   <div class='ocr_carea' id='block_1_122' title="bbox 2020 5692 3518 5758">
    <p class='ocr_par' dir='ltr' id='par_1_122' title="bbox 2020 5692 3518 5758">
     <span class='ocr_line' id='line_1_122' title="bbox 2020 5692 3518 5758; baseline -0.005 -7"><span class='ocrx_word' id='word_1_982' title='bbox 2020 5707 2039 5738; x_wconf 79' lang='grc'><strong>Â³</strong></span> <span class='ocrx_word' id='word_1_983' title='bbox 2057 5704 2195 5751; x_wconf 76' lang='lat' dir='ltr'><strong>Edd.:</strong></span> <span class='ocrx_word' id='word_1_984' title='bbox 2219 5692 2360 5749; x_wconf 75' lang='lat' dir='ltr'><strong>Dicat</strong></span> <span class='ocrx_word' id='word_1_985' title='bbox 2377 5692 2490 5749; x_wconf 61' lang='lat' dir='ltr'><strong>&#39;vero</strong></span> <span class='ocrx_word' id='word_1_986' title='bbox 2512 5710 2653 5746; x_wconf 83' lang='lat' dir='ltr'><strong>nunc.</strong></span> <span class='ocrx_word' id='word_1_987' title='bbox 2692 5697 2858 5758; x_wconf 73' lang='lat' dir='ltr'><strong>Abest,</strong></span> <span class='ocrx_word' id='word_1_988' title='bbox 2899 5707 3053 5756; x_wconf 77' lang='lat' dir='ltr'><strong>nunc,</strong></span> <span class='ocrx_word' id='word_1_989' title='bbox 3089 5705 3118 5744; x_wconf 77' lang='grc' dir='ltr'><strong>Ï„Î¹</strong></span> <span class='ocrx_word' id='word_1_990' title='bbox 3146 5700 3252 5746; x_wconf 68' lang='lat' dir='ltr'><strong>Mss.</strong></span> <span class='ocrx_word' id='word_1_991' title='bbox 3279 5701 3328 5744; x_wconf 87' lang='lat' dir='ltr'><strong>et</strong></span> <span class='ocrx_word' id='word_1_992' title='bbox 3350 5692 3518 5744; x_wconf 72' lang='lat' dir='ltr'><strong>sufï¬cit</strong></span> 
     </span>
    </p>
   </div>
   <div class='ocr_carea' id='block_1_123' title="bbox 1959 5759 2730 5834">
    <p class='ocr_par' dir='ltr' id='par_1_123' title="bbox 1959 5759 2730 5834">
     <span class='ocr_line' id='line_1_123' title="bbox 1959 5759 2730 5834; baseline -0.014 -15"><span class='ocrx_word' id='word_1_993' title='bbox 1959 5763 2202 5834; x_wconf 72' lang='lat' dir='ltr'><strong>particula,</strong></span> <span class='ocrx_word' id='word_1_994' title='bbox 2224 5775 2351 5825; x_wconf 78' lang='lat' dir='ltr'><strong>vero,</strong></span> <span class='ocrx_word' id='word_1_995' title='bbox 2377 5775 2460 5824; x_wconf 83' lang='lat' dir='ltr'><strong>pro</strong></span> <span class='ocrx_word' id='word_1_996' title='bbox 2483 5771 2638 5826; x_wconf 71' lang='lat' dir='ltr'><strong>graeca</strong></span> <span class='ocrx_word' id='word_1_997' title='bbox 2652 5759 2730 5810; x_wconf 82' lang='lat' dir='ltr'><strong>deâ€™.</strong></span> 
     </span>
    </p>
   </div>
  </div>
