4032 6202
467 306 599 367 1891

464 422 530 477 sti
547 421 590 488 ',
609 427 654 476 et
669 416 820 474 nolite
830 411 1187 487 peccachsat'.
1208 426 1336 477 nu,
1352 410 1439 473 l5;
1459 406 1607 481 lCor.
1623 400 1912 472 “52-55).
1930 400 2021 454 So-

1676 292 1733 346 S.
1763 284 2121 346 AUGUSTI?“
2158 283 2454 340 EPlSCOPI

3549 286 3689 345 {692

2128 399 2322 464 minis;
2351 397 2509 452 homo
2540 397 2653 468 ipsc
2680 387 2814 467 opus
2839 407 2923 453 est
2949 398 3060 453 Dei.
3092 399 3155 454 Et
3193 400 3315 469 quid
3347 402 3462 457 vult
3508 402 3693 459 Deus?

473 522 564 568 nat
580 505 818 573 verbum,
837 514 989 561 sonat
1011 518 1191 560 sermo
1214 494 1917 557 contradictorlibidinisrat
1935 489 2022 544 ille
2126 489 2380 545 Occidere
2404 490 2455 543 in
2484 499 2537 544 te
2567 490 2705 560 quod
2734 490 2845 559 ipse
2867 489 3038 546 fecisti
3061 533 3077 557 ,
3107 501 3161 546 et
3186 492 3394 547 salvare
3414 493 3554 563 quod
3577 495 3696 563 ipse

466 602 667 656 amicus
683 596 909 652 libidinis
922 610 1050 659 sure,
1066 602 1119 648 et
1138 593 1381 647 inimicus
1398 588 1627 645 sermoni
1645 581 2021 642 contradiceuti

468 694 649 747 amicae
663 704 771 743 suae
789 686 1008 742 infestus
1019 695 1180 750 est,et
1197 684 1309 738 odit
1324 694 1623 736 sermonem
1648 675 1929 733 Dei.Facta
1944 679 2026 728 est

468 786 632 841 amica
657 780 873 836 avaritia
894 821 908 845 ,
935 779 1178 833 inimicus
1201 777 1358 831 Deus.
1379 770 1705 829 Contradicit
1722 769 1864 824 enim
1885 766 2026 822 Deus

466 875 727 940 avaritizc,
777 883 829 928 et
874 871 988 926 vult
1042 870 1168 926 nihil
1216 867 1471 940 possideri
1517 865 1585 920 ab
1632 860 1866 917 avaritia.
1914 857 2027 929 Ego

468 965 738 1038 possidear
763 966 785 996 ³
809 1004 826 1029 ,
865 963 1078 1017 clamat.
1102 959 1234 1028 Quid
1265 959 1344 1013 vis
1371 957 1437 1012 ab
1465 954 1680 1015 avaritia
1727 948 2027 1022 possideri?

468 1057 609 1112 Dura
655 1055 840 1126 jubet,
869 1053 1004 1108 levia
1037 1051 1199 1121 jubeo
1229 1067 1242 1102 :
1272 1062 1405 1103 onus
1442 1046 1556 1116 ejus
1594 1059 1788 1116 grave,
1822 1039 2028 1096 sarcina

469 1162 585 1202 mea
612 1146 744 1215 levis
769 1154 882 1209 est;
907 1144 1090 1214 jugum
1111 1142 1228 1211 ejus
1248 1155 1375 1211 aspe
1393 1154 1491 1192 'um
1516 1146 1595 1191 est
1615 1178 1630 1202 ,
1648 1135 1828 1205 jugum
1853 1146 2027 1187 meum

470 1237 589 1291 lene
644 1245 725 1290 est
766 1232 999 1308 (Matth.
1036 1249 1088 1287 ιι
1118 1274 1134 1300 ,
1188 1231 1317 1301 50).
1350 1228 1463 1284 Noli
1507 1228 1645 1282 velle
1691 1226 1757 1280 ab
1810 1221 2029 1279 avaritia

471 1326 750 1396 possideri.
779 1324 940 1379 Jubet
964 1321 1178 1377 avaritia
1200 1331 1254 1376 ut
1286 1334 1432 1375 mare
1453 1329 1687 1372 transeas
1709 1355 1724 1377 ,
1747 1322 1799 1369 et
1823 1312 2030 1367 obtem-

472 1433 624 1487 peras
656 1435 668 1470 :
693 1402 844 1487 jubet
868 1424 924 1470 ut
949 1425 998 1470 te
1024 1414 1194 1469 ventis
1217 1411 1564 1483 procellis'que
1587 1406 1923 1470 committas;
1945 1402 2032 1473 ju-

473 1507 576 1563 beo
602 1522 699 1578 ego
729 1514 786 1561 ut
828 1514 949 1562 ante
975 1505 1169 1561 ostium
1213 1513 1355 1559 tuum
1382 1517 1447 1580 ex
1471 1515 1535 1555 eo
1563 1498 1701 1569 quod
1745 1495 1909 1552 habes
1937 1493 2032 1549 des

474 1597 689 1668 pauperi
739 1596 929 1666 :piger
975 1610 1034 1651 es
1084 1594 1148 1649 ad
1179 1592 1475 1651 faciendum
1517 1598 1639 1644 ante
1669 1597 1719 1643 te
1757 1600 1891 1655 opus
1932 1583 2030 1638 bo-

477 1705 602 1744 num
620 1729 636 1755 ,
659 1697 712 1744 et
739 1697 986 1744 strenuus
1011 1700 1069 1741 es
1091 1686 1155 1741 ad
1178 1681 1553 1739 transeundum
1579 1693 1743 1733 mare.
1766 1676 1896 1745 Quia
1918 1688 2034 1728 ava-

475 1781 588 1837 ritia
620 1781 874 1850 imperat,
933 1778 1132 1843 servis;
1181 1775 1299 1845 quia
1342 1775 1479 1828 Deus
1520 1771 1709 1842 jubet,
1757 1767 1935 1822 odisti.
1965 1766 2035 1821 Et

475 1872 641 1943 quid?
670 1872 801 1927 Cum
830 1871 1005 1926 odisse
1026 1868 1264 1938 coeperit,
1296 1865 1478 1935 incipit
1499 1862 1633 1917 velle
1652 1858 1918 1915 criminari
1942 1871 2035 1951 eos

474 1979 504 2018 ι
534 1965 722 2035 quibus
758 1962 903 2017 audit
928 1962 1065 2016 bona
1094 1967 1354 2029 praecepta
1381 1998 1396 2023 ,
1428 1963 1482 2010 et
1506 1954 1639 2008 velle
1667 1966 1760 2021 per
1780 1948 2035 2018 suspicio-

477 2073 571 2113 nes
594 2072 715 2113 suas
758 2054 979 2110 crimina
1009 2066 1252 2123 quaerere
1282 2062 1551 2104 servorum
1592 2044 1705 2100 Dei.
1739 2043 1837 2112 Qui
1880 2040 2034 2096 nobis

475 2149 572 2203 ista
600 2148 817 2214 dicunt,
851 2148 949 2200 ista
976 2161 1078 2199 non
1127 2143 1322 2198 faciunt
1366 2140 1502 2210 ipsi?
1543 2138 1612 2192 Et
1648 2137 1745 2190 ista
1776 2134 1888 2190 sive
1917 2146 2035 2202 quae

476 2239 646 2302 fiunt,
677 2238 789 2294 sive
816 2252 934 2306 qua:
980 2250 1082 2289 non
1126 2234 1290 2299 liunt,
1337 2230 1582 2284 dicuntur
1624 2226 1773 2291 fieri;
1819 2231 1873 2279 et
1919 2236 2036 2292 qu:e

476 2328 607 2385 llunt
639 2329 771 2382 bene
792 2370 806 2393 ,
838 2327 1081 2382 dicuntur
1110 2324 1247 2379 male
1278 2322 1390 2376 fieri
1418 2329 1507 2375 :et
1542 2335 1658 2389 qua:
1709 2317 1995 2371 toleramus
2017 2355 2033 2380 ,

475 2419 540 2474 ad
567 2420 774 2488 culpam
801 2429 1033 2471 nostram
1061 2416 1407 2485 applicantur.
1452 2410 1560 2466 Nos
1597 2409 1719 2480 quid
1748 2405 2036 2476 responde-

474 2510 629 2564 mus?
665 2508 778 2563 Noli
809 2523 893 2562 me
927 2505 1231 2569 attendere;
1264 2517 1563 2560 sermonem
1599 2501 1753 2555 istum
1776 2496 1988 2553 attende
2019 2513 2032 2550 :

479 2599 591 2667 ipse
612 2598 702 2652 tibi
732 2597 965 2667 loquitur
990 2611 1082 2665 per
1108 2593 1392 2665 quemlibet
1416 2609 1430 2659 ;
1463 2590 1585 2646 huic
1609 2598 1664 2643 tu
1690 2588 1935 2642 inimicus
1954 2600 2034 2640 es.

457 2687 747 2743 ‘Concorda
795 2702 914 2742 cum
966 2684 1268 2739 adversario
1318 2692 1446 2748 tuo,
1482 2695 1600 2735 cum
1643 2693 1701 2733 es
1737 2692 1856 2733 cum
1884 2690 1950 2732 eo
1985 2676 2034 2729 in

476 2780 558 2832 via
590 2776 697 2851 (Id.
717 2793 782 2841 v,
812 2777 906 2848 25)
930 2793 943 2831 :
967 2773 1323 2831 adversarium
1347 2783 1491 2827 tuum
1521 2784 1820 2826 sermonem
1841 2768 1932 2823 Dei
1955 2766 2035 2821 fe-

478 2871 616 2925 cisti.
662 2869 777 2925 Noli
818 2868 1089 2923 attendere
1118 2866 1139 2899 ³
1170 2865 1288 2937 quia
1343 2865 1432 2920 ille
1458 2863 1549 2919 tibi
1573 2862 1839 2933 loquitur:
1867 2859 2036 2914 malus

479 2971 561 3016 est
582 2975 676 3030 per
700 2975 857 3028 quem
875 2959 965 3014 tibi
994 2958 1241 3028 loquitur;
1265 2955 1358 3011 sed
1385 2970 1491 3010 non
1510 2963 1592 3008 est
1611 2952 1804 3029 malus,
1831 2949 1919 3021 qui
1943 2948 2036 3003 tibi

479 3052 732 3122 loquitur,
757 3064 931 3106 sermo
957 3049 1068 3104 Dei.
1093 3050 1293 3103 Accusa
1314 3046 1476 3101 Deum
1501 3086 1516 3109 ,
1532 3058 1719 3100 accusa
1741 3084 1757 3108 ,
1788 3043 1833 3096 si
1864 3049 2035 3112 potes.

548 3142 602 3197 5.
632 3140 859 3197 Creditis
882 3181 897 3205 ,
928 3140 1114 3194 fratres
1140 3179 1154 3203 ,
1183 3137 1284 3207 huc
1311 3150 1473 3206 usque
1503 3134 1805 3204 pervenisse
1848 3145 1941 3187 eos
1971 3130 2038 3186 de

482 3231 675 3302 quibus
723 3231 918 3284 dicitur
939 3271 952 3293 ,
985 3229 1135 3298 Stepe
1161 3234 1567 3297 expugnaverunt
1593 3239 1671 3277 me
1713 3239 1744 3276 a
1774 3222 2039 3294 juventute

480 3337 592 3374 mea
616 3361 631 3384 ,
656 3328 716 3374 ut
738 3318 898 3373 etiam
940 3318 1109 3386 ipsum
1138 3317 1300 3370 Deum
1331 3328 1580 3395 accusare
1609 3327 1715 3367 non
1752 3311 2037 3366 dubitent?

480 3411 710 3466 Accusas
736 3423 951 3464 avarum
972 3449 986 3471 ,
1019 3416 1071 3462 et
1100 3406 1190 3461 ille
1214 3414 1424 3460 accusat
1450 3405 1610 3459 Deum
1637 3403 1760 3474 quia
1788 3401 1913 3457 fecit
1944 3417 2038 3459 au-.

480 3514 617 3555 rum.
648 3499 763 3554 Noli
791 3513 982 3553 avarus
1011 3511 1149 3552 esse.
1179 3496 1243 3550 Et
1285 3509 1388 3550 non
1425 3492 1623 3549 faceret
1650 3494 1784 3548 Deus
1826 3506 2033 3546 aurum.

478 3590 596 3647 Jam
630 3589 731 3644 hoc
774 3596 974 3659 restat,
1004 3589 1127 3660 quia
1172 3586 1310 3641 mala
1354 3594 1438 3641 tua
1467 3598 1625 3655 Opera
1654 3583 1904 3640 cohibere
1931 3596 2036 3636 non

479 3692 628 3755 potes
647 3721 663 3748 ,
691 3694 912 3736 accusas
945 3694 1103 3750 opera
1127 3679 1262 3734 bona
1286 3678 1374 3732 Dei
1404 3695 1419 3732 :
1445 3676 1686 3746 diSplicet
1716 3674 1809 3730 tibi
1833 3683 2039 3730 creator

480 3782 535 3829 et
553 3773 837 3828 fabricator
863 3770 1066 3826 mundi.
1088 3769 1203 3826 Non
1231 3769 1424 3824 faceret
1443 3778 1498 3824 et
1517 3767 1684 3823 solem
1706 3784 1721 3833 ;
1746 3767 1866 3837 quia
1887 3764 2039 3821 multi

479 3863 530 3920 iu
557 3862 803 3918 fenestris
826 3860 1150 3916 contendunt
1175 3860 1242 3915 de
1268 3859 1643 3925 luminaribus,
1671 3866 1725 3911 et
1748 3856 1812 3910 ad
1841 3855 2037 3926 judicia

480 3968 540 4008 se
586 3952 816 4007 trahunt.
847 3949 893 4006 Ο
918 3951 961 4006 si
982 3950 1105 4004 vitia
1134 3959 1310 4004 nostra
1347 3948 1713 4004 cohibeamus!
1753 3946 1877 4017 quia
1903 3947 2037 4001 bona

476 4054 600 4100 sunt
624 4041 800 4098 omnia
819 4085 834 4108 ,
864 4032 984 4112 quia
1009 4042 1179 4098 bonus
1210 4043 1347 4095 Deus
1368 4040 1453 4110 qui
1480 4038 1603 4095 fecit
1622 4039 1827 4104 omnia;
1855 4048 1909 4093 et
1924 4038 2037 4092 Iau-

478 4134 607 4190 dant
630 4133 774 4187 illum
814 4146 974 4200 opera
1002 4145 1129 4196 sua,
1170 4130 1504 4186 considerata
1544 4129 1665 4199 quia
1706 4128 1845 4183 bona
1873 4135 2037 4193 sunt,

478 4226 546 4283 ab
564 4240 632 4282 eo
653 4226 741 4296 qui
760 4223 918 4278 habet
946 4223 1190 4293 spiritum
1216 4221 1583 4277 considerandi
1603 4262 1620 4287 ,
1652 4220 1896 4291 Spiritum
1928 4220 2041 4290 pie-

478 4318 598 4373 tatis
623 4327 676 4372 et
719 4316 1009 4384 sapientiae.
1040 4314 1283 4385 Undique
1311 4304 1553 4370 laudatur
1589 4315 1731 4369 Deus
1758 4313 1827 4368 ab
1855 4314 2037 4384 operi-

479 4405 575 4461 bus
603 4405 733 4460 suis.
783 4404 1061 4472 Quomodu
1103 4403 1250 4458 illum
1281 4398 1494 4458 laudant
1517 4420 1676 4474 opera
1716 4419 1812 4460 sua
1857 4419 1952 4475 per
1976 4419 2040 4460 os

479 4497 636 4551 trium
676 4495 998 4565 puerorum?
1041 4495 1164 4563 quid
1206 4496 1616 4563 pmtermissum
1660 4495 2040 4551 cstiLaudant

480 4586 601 4643 cmli
621 4627 637 4650 ,
669 4584 884 4640 laudant
911 4584 1097 4654 Angeli
1118 4626 1132 4650 ,
1160 4582 1373 4637 laudant
1397 4582 1568 4637 sidera
1589 4625 1604 4650 ,
1632 4584 1846 4639 laudant
1870 4585 1951 4640 sol
1987 4595 2041 4640 et

481 4676 601 4731 lttna
627 4716 642 4742 ,
673 4675 884 4747 laudant
905 4674 1020 4730 dies
1044 4690 1104 4728 ac
1132 4682 1310 4728 noctes
1334 4715 1349 4739 ,
1376 4673 1549 4727 laudat
1575 4674 1823 4744 quidquid
1848 4676 2040 4746 germi-

479 4778 569 4825 nat
596 4768 663 4824 de
709 4778 849 4823 terra
873 4809 888 4834 ,
918 4768 1092 4821 laudat
1118 4764 1369 4836 quidquid
1398 4776 1543 4820 natat
1572 4767 1623 4820 in
1653 4767 1815 4831 mari,
1864 4767 2042 4824 laudat

444 4858 731 4933 ’quidquid
773 4859 957 4914 volitat
982 4860 1033 4913 in
1080 4875 1235 4923 acre,
1270 4858 1481 4913 laudant
1527 4873 1712 4913 omnes
1751 4869 1957 4914 montes
1987 4870 2072 4914 et'

477 4951 640 5006 colles
658 4992 672 5015 ,
696 4948 910 5005 laudant
928 4949 1119 5019 frigora
1146 4959 1197 5005 et
1221 4959 1413 5014 a-stus;
1438 4959 1492 5003 et
1513 4957 1700 5004 cratera
1725 4950 1901 5003 omnia
1921 4966 2037 5020 qua:

482 5044 619 5098 Deus
646 5042 799 5107 fecit,
847 5041 1066 5096 audistis
1114 5042 1231 5110 quia
1281 5041 1492 5094 laudant
1535 5041 1701 5095 Deum
1737 5039 1893 5110 (Dan.
1944 5057 2034 5105 Ill,

481 5134 645 5190 57-90
669 5131 689 5205 )
721 5151 735 5187 :
769 5132 1019 5203 numquid
1045 5132 1262 5185 audistis
1290 5132 1359 5186 ibi
1382 5132 1500 5202 quia
1529 5131 1707 5186 laudat
1730 5133 1891 5187 Deum
1915 5148 2038 5186 ava-

477 5228 629 5294 ritia,
660 5227 781 5296 quia
811 5225 986 5280 laudat
1017 5224 1179 5277 Deum
1208 5223 1410 5277 luxuria
1432 5223 1455 5265 9
1483 5223 1596 5277 Νοη
1634 5222 1852 5277 laudant
1895 5223 1992 5277 ista
2018 5267 2032 5291 ,

474 5319 596 5389 quia
620 5334 725 5381 non
752 5318 864 5387 ipse
892 5316 981 5370 illa
1012 5315 1153 5369 fecit.
1183 5314 1421 5368 Laudant
1452 5315 1520 5369 ibi
1561 5314 1801 5369 homines
1833 5315 1992 5403 Deum
2019 5332 2033 5382 ;

475 5407 702 5464 hominis
725 5419 932 5463 creator
955 5416 1036 5461 est
1064 5408 1220 5461 Deus.
1249 5405 1481 5459 Avaritia
1510 5420 1642 5475 opus
1670 5413 1753 5460 est
1787 5405 1909 5459 mali
1938 5405 2035 5458 ho-

536 5560 551 5622 ξ
581 5558 755 5622 Regius
773 5564 874 5608 Its;
899 5555 1051 5622 sobrii
1068 5561 1214 5622 estote
1236 5559 1281 5605 et
1313 5552 1501 5622 vigilate
1517 5558 1666 5616 justo.
1804 5611 1813 5622 _

535 5620 557 5684 ξ
579 5612 769 5667 δίονΑιιι.
789 5625 860 5667 Er.
887 5625 938 5668 et
958 5634 969 5681 ι
990 5619 1178 5684 lerique
1204 5626 1309 5684 Mss.
1335 5612 1390 5665 A't
1411 5612 1543 5664 Lovf:
1572 5612 1971 5684 Egoppssideam.

534 5680 558 5710 ⁸
577 5688 785 5743 Quatuor
954 5674 1056 5729 Itali
1076 5674 1318 5730 attendere
1335 5690 1420 5743 per
1442 5689 1581 5740 quem
1601 5674 1696 5726 tibi
1709 5674 1934 5739 loquitur,
1948 5674 2033 5726 sed

476 5739 664 5795 attende
676 5738 788 5800 quia
809 5737 907 5801 ille,
931 5748 1026 5790 etc.

2128 579 2269 636 fecit.

2201 672 2255 728 6.
2286 671 2400 728 Noli
2425 672 2684 727 fenerare.
2708 673 2787 727 'l‘u
2815 687 3031 729 accusas
3054 675 3377 745 Scripturam
3406 677 3698 744 dicentem,

2134 761 2235 830 Qui
2263 764 2525 835 pecuniam
2549 779 2694 817 suam
2712 777 2814 817 non
2834 763 2971 819 dedit
2996 764 3064 819 ad
3084 781 3286 820 usuram
3307 765 3453 834 (I’sal
3481 784 3588 833 xrv,
3612 771 3699 837 ὅ).

2129 853 2242 909 Non
2267 868 2365 925 ego
2390 854 2515 909 illud
2544 855 2768 924 scripsi,
2799 869 2908 909 non
2935 854 3003 912 de
3026 870 3122 912 ore
3160 872 3280 912 meo
3327 862 3497 926 primo
3522 861 3653 913 exiit
3682 874 3702 914 :

2132 947 2295 1001 Deum
2325 946 2466 1000 audi.
2515 946 2578 1001 Et
2606 947 2696 1002 ille
2724 963 2739 1001 :
2769 945 2961 1003 Clerici
3008 963 3115 1002 non
3140 946 3402 1004 fencrent.
3461 951 3522 1004 Et
3562 953 3709 1005 forte

2130 1040 2217 1110 qui
2251 1039 2341 1093 tibi
2372 1039 2635 1109 loquitur,
2681 1055 2790 1095 non
2840 1039 3044 1096 fenerat
3075 1059 3089 1096 :
3118 1042 3211 1097 sed
3255 1042 3298 1095 si
3339 1042 3581 1109 fenerat,
3618 1045 3707 1099 fac

2131 1131 2250 1200 quia
2281 1138 2335 1185 et
2361 1131 2476 1199 ipse
2501 1131 2701 1186 fenerat
2724 1149 2740 1196 ;
2763 1131 3017 1201 numquid
3048 1131 3251 1188 fenerat
3286 1134 3373 1204 qui
3402 1136 3707 1204 per-ipsum

2138 1220 2406 1289 loquitur?
2432 1220 2488 1277 Si
2516 1220 2639 1276 facit
2662 1220 2805 1292 quod
2831 1222 2922 1276 tibi
2951 1222 3115 1288 dicit,
3143 1231 3199 1278 et
3228 1240 3330 1278 non
3363 1236 3418 1278 tu
3444 1224 3610 1287 facis;
3646 1239 3707 1279 tu

2133 1311 2184 1366 in
2212 1311 2388 1383 ignem
2417 1313 2435 1345 ί
2457 1354 2472 1378 ,
2506 1313 2595 1368 ille
2627 1313 2678 1367 in
2707 1328 2951 1384 regnum.
2977 1314 3032 1369 Si
3055 1329 3158 1369 non
3186 1314 3311 1370 facit
3335 1317 3475 1385 quod
3501 1318 3592 1371 tibi
3620 1318 3712 1370 tli—

2134 1403 2234 1467 cit,
2258 1411 2312 1458 et
2335 1404 2532 1472 pariter
2549 1402 2675 1459 facit
2695 1404 2831 1459 mala
2855 1420 2973 1475 qua:
2993 1404 3121 1461 facis
3140 1446 3156 1473 ,
3183 1414 3240 1461 et
3266 1407 3392 1462 dicit
3422 1408 3560 1463 bona
3581 1425 3711 1479 qua:

2140 1509 2242 1548 non
2274 1495 2426 1560 facit;
2473 1497 2671 1565 pariter
2709 1497 2762 1552 in
2791 1498 2985 1569 ignem.
3014 1497 3216 1555 Feuum
3249 1502 3460 1558 ardebit
3487 1504 3509 1534 ⁸
3531 1543 3546 1566 ,
3578 1520 3711 1557 ver-

2138 1583 2261 1639 bum
2286 1594 2464 1640 autem
2500 1586 2706 1642 Domini
2740 1599 2918 1644 manet
2938 1590 2991 1644 in
3012 1597 3268 1647 aeternum
3302 1591 3323 1662 (
3338 1591 3466 1647 Isai.
3494 1610 3597 1661 ιι,
3618 1596 3711 1665 8).

2138 1674 2400 1746 Numquid
2434 1678 2584 1732 ardet
2607 1693 2785 1735 sermo
2809 1681 2898 1751 qui
2926 1681 3016 1737 tibi
3045 1697 3138 1751 per
3165 1683 3310 1739 illum
3348 1684 3558 1741 locutus
3584 1692 3716 1743 est?

2140 1768 2247 1823 Aut
2274 1768 2483 1840 Moyses
2511 1778 2593 1826 est
2631 1771 2719 1842 qui
2752 1772 2844 1827 tibi
2886 1772 3154 1844 loquitur,
3202 1776 3252 1831 id
3296 1789 3409 1845 est,
3441 1780 3611 1835 bonus
3652 1794 3718 1838 ct

2136 1860 2313 1931 justus
2358 1863 2582 1917 famulus
2626 1865 2752 1929 Dei;
2795 1877 2888 1921 aut
2934 1867 3222 1938 pharisams
3266 1882 3349 1927 est
3396 1873 3716 1928 cathedram

2141 1952 2307 2029 Mpysi
2336 1953 2547 2009 sedens.
2578 1956 2782 2011 Audisti
2807 1967 2858 2012 et
2877 1957 3124 2034 deipsis:
3152 1961 3279 2028 ρυω
3302 1964 3495 2027 dicunt,
3525 1966 3713 2030 facite;

2141 2059 2251 2111 quae
2278 2053 2441 2098 autem
2471 2046 2691 2116 faciunt,
2717 2052 2883 2117 facere
2902 2051 3052 2105 nolite
3077 2050 3285 2122 (Matth.
3302 2069 3432 2108 nm
3448 2096 3463 2120 ,
3486 2056 3564 2123 5).
3589 2056 3718 2111 Neu

2142 2133 2306 2189 habes
2330 2144 2382 2189 tu
2404 2137 2545 2192 unde
2572 2146 2624 2193 te
2652 2153 2875 2195 excuses
2896 2181 2915 2207 ,
2941 2142 3153 2211 quando
3179 2158 3356 2199 sermo
3390 2147 3476 2200 Dei
3506 2148 3598 2200 tibi
3627 2149 3717 2202 ιο-

2142 2227 2338 2295 quitur.
2383 2227 2514 2295 Quia
2561 2226 2665 2284 non
2695 2218 2847 2300 petes
2893 2234 3191 2289 interficere
3231 2252 3522 2292 sermonem
3563 2240 3717 2309 Dei,

2142 2319 2408 2373 criminari
2457 2321 2649 2390 qumris
2678 2337 2773 2378 eos
2820 2339 2916 2393 per
2960 2340 3093 2395 quos
3138 2327 3369 2397 loquitur
3395 2330 3482 2383 tibi
3524 2347 3721 2385 serum

2146 2411 2257 2466 Dei.
2284 2412 2476 2479 Qumre
2504 2424 2754 2484 quantum
2787 2421 2865 2471 vis
2885 2458 2900 2482 ,
2931 2417 3019 2472 die
3047 2431 3298 2489 quantum
3320 2425 3400 2476 vis
3421 2466 3435 2488 ,
3462 2424 3715 2494 blasphe-

2144 2519 2230 2559 ma
2256 2515 2507 2575 quantum
2539 2510 2619 2561 vis
2650 2525 2665 2562 :
2697 2507 2851 2578 Swpe
2878 2523 3285 2581 expugnaverunt
3306 2531 3385 2568 me
3408 2533 3439 2568 a
3453 2519 3722 2583 jurentute

2145 2610 2255 2648 mea
2277 2634 2293 2661 ,
2325 2596 2455 2649 dicat
2476 2612 2589 2651 vero
2616 2596 2780 2652 Israel
2808 2641 2824 2665 ,
2856 2598 3438 2673 Stepeexpugnaverunt
3463 2624 3540 2660 me
3564 2624 3594 2660 α
3614 2611 3720 2680 ju-

2143 2695 2340 2741 uentute
2362 2704 2491 2741 mea.
2515 2688 2725 2745 Audent
2768 2691 2925 2745 etiam
2958 2691 3288 2750 feneratores
3331 2695 3511 2751 dicere
3543 2716 3555 2751 :
3590 2699 3715 2753 Non

2144 2777 2314 2834 habeo
2338 2779 2479 2835 aliud
2518 2781 2655 2836 unde
2682 2782 2876 2837 vivam.
2906 2783 3019 2840 Iloc
3061 2785 3188 2840 mihi
3215 2796 3268 2840 et
3294 2789 3429 2842 latro
3452 2789 3653 2845 diceret
3674 2834 3696 2855 ,

2144 2870 2504 2941 deprehensus
2528 2872 2580 2926 in
2616 2873 2798 2938 fauce;
2832 2874 2932 2930 hoc
2973 2884 3026 2929 et
3052 2875 3299 2931 ell’raetor
3322 2877 3563 2945 diceret,
3616 2880 3721 2934 de.

2144 2962 2438 3033 prehensus
2464 2965 2604 3042 circa
2632 2966 2885 3035 parietem
2915 2966 3184 3033 alienum;
3218 2969 3319 3024 hoc
3344 2970 3468 3024 mihi
3490 2982 3541 3025 et
3586 2973 3722 3028 leno

2144 3056 2381 3121 diceret,
2426 3072 2610 3113 emens
2653 3058 2853 3125 puellas
2898 3058 2967 3114 ad
3003 3062 3465 3129 prostitutionem;
3508 3062 3610 3119 hoc
3656 3077 3724 3120 et

2145 3148 2414 3204 maleficus
2430 3148 2700 3205 iucantans
2720 3149 2879 3215 mala,
2896 3160 2951 3206 et
2970 3151 3206 3207 vendens
3226 3154 3513 3223 nequitiam
3533 3170 3721 3221 suam;

2143 3238 2397 3310 quidquid
2441 3240 2545 3295 tale
2586 3240 2870 3311 prohibere
2911 3257 3263 3312 conaremur,
3317 3246 3722 3317 responderent

2145 3345 2330 3386 omnes
2358 3332 2481 3402 quia
2510 3346 2613 3387 non
2658 3333 2917 3391 haberent
2954 3335 3096 3392 unde
3114 3337 3387 3403 viverent,
3419 3340 3543 3411 quia
3588 3340 3723 3397 inde

2145 3437 2205 3478 se
2235 3432 2544 3492 pascerent;
2577 3425 2723 3494 quasi
2741 3440 2847 3480 non
2862 3424 2965 3482 hoc
2981 3411 3149 3498 ipsum
3169 3428 3222 3484 in
3244 3428 3347 3484 illis
3368 3431 3595 3486 maxime
3610 3447 3722 3501 pu-

2145 3513 2394 3568 niendum
2418 3522 2501 3568 est
2525 3554 2541 3581 ,
2569 3515 2691 3585 quia
2719 3526 2887 3571 artem
2917 3516 3168 3587 nequitia:
3192 3517 3537 3590 ddlegerunt,
3569 3521 3721 3577 unde

2144 3604 2306 3660 vitam
2335 3605 2665 3678 transigant,
2690 3616 2744 3663 et
2762 3606 2886 3664 inde
2913 3623 2974 3664 se
2989 3609 3173 3665 volunt
3196 3625 3437 3679 pascere,
3462 3612 3601 3668 unde
3622 3611 3719 3667 of-

2144 3694 2364 3752 fendant
2387 3711 2509 3752 eum
2538 3712 2571 3752 a
2598 3713 2703 3768 quo
2728 3712 2916 3754 omnes
2943 3708 3254 3769 pascuntur.

2215 3789 2270 3845 7.
2299 3789 2404 3846 Sed
2428 3805 2549 3846 cum
2572 3790 2885 3848 clamaveris
2908 3791 3011 3849 hoc
3034 3802 3088 3848 et
3114 3792 3314 3850 dixeris
3331 3835 3349 3862 ,
3384 3795 3460 3851 illi
3488 3811 3723 3867 respon-

2147 3878 2276 3935 dent
2303 3897 2316 3933 :
2348 3878 2406 3936 Si
2428 3880 2510 3936 sic
2531 3920 2549 3948 ,
2581 3895 2685 3936 non
2714 3882 2821 3937 huc
2845 3882 3144 3940 accedimus
3168 3901 3184 3952 ;
3210 3885 3255 3939 si
3279 3886 3358 3941 sic
3376 3927 3391 3950 ,
3418 3901 3524 3941 non
3548 3887 3724 3941 intra-

2147 3986 2265 4027 mus
2290 3970 2342 4027 in
2374 3972 2543 4042 ipsam
2571 3972 2884 4029 Ecelesiam.
2912 3974 3171 4043 Veniant,
3200 3976 3430 4043 intrent,
3457 3977 3677 4033 audiant
3704 3996 3724 4033 :

2149 4061 2301 4134 Saepe
2324 4070 2732 4134 expugnaverunt
2754 4080 2834 4118 me
2860 4081 2893 4118 a
2906 4064 3167 4136 iuventute
3207 4083 3339 4123 mea.
3373 4066 3570 4123 Etenim
3615 4086 3728 4123 non

2147 4159 2413 4222 potuerunt
2455 4152 2580 4206 mihi
2619 4168 2640 4207 :
2678 4169 2835 4223 supra
2878 4153 3084 4210 dorsum
3131 4172 3298 4211 meum
3347 4157 3730 4227 fabricaverunt

2157 4252 2441 4313 peccatores
2465 4257 2485 4297 :
2507 4242 2610 4298 hoc
2633 4252 2717 4299 est
2735 4282 2753 4310 ,
2784 4258 2890 4299 non
2918 4253 3204 4315 potuerunt
3231 4262 3393 4318 agere
3417 4255 3475 4302 ut
3492 4264 3731 4303 consen-

2150 4334 2277 4391 tiam
2305 4352 2320 4402 ;
2352 4334 2593 4391 fecerunt
2620 4335 2762 4405 quod
2789 4346 3018 4407 portem.
3041 4337 3210 4405 Quam
3240 4340 3492 4408 pmclare
3515 4339 3727 4394 dictum

2148 4434 2231 4481 est
2250 4466 2266 4493 ,
2293 4441 2449 4496 quam
2478 4426 2677 4496 Optime
2701 4426 3017 4496 significavit
3039 4468 3054 4491 ,
3087 4426 3287 4483 Etenim
3315 4445 3416 4483 non
3448 4440 3732 4500 potuerunt

2150 4515 2272 4569 mihi
2306 4532 2326 4570 :
2353 4533 2510 4587 supra
2549 4517 2750 4572 dorsum
2795 4534 2960 4571 meum
3001 4520 3368 4589 fabricaverunt
3413 4531 3728 4589 peccatores.

2150 4602 2326 4675 Agunt
2353 4607 2624 4661 nobiscum
2649 4647 2664 4673 ,
2713 4605 2883 4677 primo
2908 4617 2966 4663 ut
2986 4610 3379 4665 consentiamus
3402 4611 3506 4665 illis
3534 4612 3601 4665 ad
3641 4611 3733 4666 fa-

2149 4706 2231 4752 cta
2262 4698 2395 4751 mala
2429 4715 2441 4750 :
2471 4698 2514 4753 si
2542 4713 2647 4752 non
2692 4701 3143 4767 consenserimus,
3174 4700 3420 4757 Tolerate
3467 4716 3563 4756 nos
3585 4742 3602 4770 ,
3634 4703 3729 4757 di-

2149 4798 2294 4845 cunt.
2328 4791 2467 4861 Ergo
2492 4792 2611 4860 auia
2639 4806 2743 4846 non
2784 4794 3000 4861 potuisti
3028 4793 3156 4847 mihi
3179 4833 3195 4860 ,
3241 4793 3470 4849 ascende
3496 4795 3549 4848 in
3586 4794 3730 4849 dor-

2150 4896 2267 4937 sum
2295 4897 2467 4937 meum
2493 4897 2509 4947 ;
2543 4891 2753 4951 portare
2776 4892 2828 4937 te
2853 4882 3024 4938 habeo
3051 4898 3327 4954 quousque
3353 4884 3527 4939 veniat
3556 4885 3680 4938 linis
3712 4904 3731 4941 :

2149 4973 2226 5027 sic
2252 4973 2393 5027 enim
2432 4972 2560 5026 mihi
2594 4983 2909 5043 praeceptum
2953 4983 3065 5037 est.
3114 4983 3174 5028 ut
3218 4975 3444 5029 fructum
3498 4975 3729 5030 afferam

2149 5080 2267 5120 eum
2313 5064 2589 5120 tolerantia
2620 5064 2766 5137 (Luc.
2795 5081 2886 5120 vm
2913 5107 2928 5130 ,
2976 5067 3087 5137 15).
3116 5066 3229 5121 Non
3259 5076 3311 5122 te
3347 5066 3558 5138 corrigo
3578 5107 3595 5129 ,
3626 5076 3720 5121 tu-

2149 5155 2262 5209 lero
2285 5163 2336 5207 te
2363 5172 2375 5208 :
2403 5165 2492 5208 aut
2513 5154 2677 5217 forte,
2704 5170 2823 5209 cum
2851 5157 3019 5211 tolero
3053 5167 3132 5222 te,
3160 5158 3385 5227 corrigis
3422 5168 3493 5215 te.
3525 5157 3584 5212 Si
3612 5172 3727 5214 non

2149 5255 2202 5300 te
2226 5246 2446 5316 corrigis
2472 5261 2639 5316 usque
2665 5248 2717 5300 iu
2740 5247 2927 5312 finem,
2961 5248 3126 5303 tolero
3156 5257 3207 5303 te
3233 5264 3400 5319 usque
3420 5248 3473 5303 iu
3507 5248 3665 5303 finem
3703 5268 3724 5313 ;
3766 5309 3774 5315 _

2146 5347 2200 5390 et
2228 5352 2395 5406 usque
2426 5337 2479 5390 in
2514 5338 2670 5392 finem
2702 5354 2861 5407 super
2902 5338 3118 5393 dorsum
3164 5354 3340 5394 meum
3369 5340 3478 5396 eris
3503 5382 3519 5407 ,
3549 5356 3729 5410 usque

2210 5493 2225 5523 ι
2253 5491 2398 5554 Lugd.
2422 5498 2538 5540 Ven.
2561 5499 2614 5554 et
2632 5497 2741 5541 ιον.
2760 5490 2922 5542 ferunt
2937 5492 2986 5541 in
3008 5499 3148 5554 textu
3168 5493 3387 5554 verbum,
3408 5492 3544 5543 vadis
3558 5506 3577 5553 ;
3592 5494 3643 5543 in
3666 5488 3757 5543 B.‘

2146 5565 2251 5623 non.
2282 5552 2490 5623 legitur;
2529 5552 2619 5602 sed
2652 5561 2763 5603 nota
2795 5552 3074 5618 marginalis
3104 5553 3255 5606 habet
3284 5568 3298 5604 :
3339 5552 3608 5618 s‘Supple,
3639 5568 3732 5605 ua-

2151 5632 2174 5660 ι
2366 5672 2416 5724 in
2609 5676 2771 5737 fenum
2786 5674 2995 5728 ardebit.
3018 5676 3166 5740 Lugd.
3183 5689 3301 5729 ven.
3321 5684 3372 5728 et
3392 5683 3523 5739 ων..
3538 5676 3590 5727 in
3608 5677 3730 5742 igne

2151 5736 2307 5786 {etnon
2327 5735 2446 5786 urde
2516 5772 2528 5785 .
2623 5743 2679 5786 at.
3548 5754 3549 5759 η

2148 5736 2307 5798 {eitum
2327 5734 2528 5786 ardebit.
2609 5734 2679 5788 at.
3085 5734 3110 5740 '
3508 5734 3519 5739 ⁷
3548 5754 3549 5759 η
