4032 6202
335 397 469 456 169⁸5

332 512 396 567 sd
424 519 656 576 tempus.
710 497 973 571 Numquid
1012 507 1223 566 semper
1249 504 1409 561 super
1457 487 1672 542 dorsum
1719 495 1895 536 meiim

332 603 478 661 eris?
512 599 699 654 Veniet
744 594 884 651 enim
913 591 1000 660 qui
1032 586 1156 644 inde
1184 593 1236 640 te
1262 581 1491 640 excutiat
1519 595 1532 631 :
1561 576 1737 632 veniet
1771 582 1898 626 tem-

333 711 430 768 pus
456 689 679 756 messis,
703 685 882 742 veniet
911 681 1030 737 finis
1051 676 1267 740 saeculi;
1305 672 1550 728 immittet
1591 668 1728 722 Dens
1761 677 1901 716 mes-

333 806 503 847 suros.
533 787 792 844 messores
827 789 1004 835 autem
1036 774 1221 844 Angeli
1251 772 1374 825 sunt
1406 785 1422 822 :
1448 768 1696 833 separant
1734 757 1901 811 malos

334 885 398 938 ile
429 880 604 935 medio
625 861 911 947 justorum,
938 870 1073 925 sicut
1113 862 1309 920 zizania
1351 876 1380 914 a
1408 857 1615 920 tritico;
1662 851 1900 906 frumen-

338 952 445 1030 tum
491 968 780 1033 recondent
806 966 858 1020 in
882 964 1073 1017 horreo
1096 999 1110 1023 ,
1149 957 1350 1028 paleam
1379 959 1554 1006 autem
1591 942 1904 1001 comburent

337 1067 442 1137 igni
467 1056 897 1130 inexstinguibili.
926 1049 1137 1108 Portavi
1167 1057 1440 1117 quousque
1462 1035 1627 1109 potui,
1645 1035 1752 1103 jam
1777 1044 1904 1101 gau-

335 1129 469 1214 dens
511 1129 725 1208 transeo
772 1149 824 1204 in
878 1147 1127 1200 horreum
1179 1137 1312 1202 Dei,
1365 1141 1419 1188 et
1465 1141 1682 1186 securus
1711 1129 1900 1186 canto,

337 1247 925 1318 Swpeexpugnaverunt
947 1251 1025 1289 me
1053 1249 1082 1285 a
1101 1215 1364 1303 juventute
1385 1239 1516 1279 mea.

407 1311 462 1396 έ.
493 1311 630 1407 Quid
652 1311 791 1390 enim
820 1327 947 1385 mihi
971 1325 1143 1380 facere
1167 1324 1446 1390 potuerunt
1468 1355 1482 1379 ,
1507 1311 1627 1383 quia
1647 1319 1907 1378 expugna-

336 1439 514 1486 verunt
554 1441 644 1479 me
688 1441 719 1476 a
739 1423 1000 1492 juventute
1047 1411 1197 1467 mea?
1236 1409 1600 1464 Exercuerunt
1649 1413 1768 1460 me,
1799 1407 1906 1448 non

337 1526 740 1595 Oppresserunt.
768 1512 1066 1568 Valuerunt
1095 1504 1224 1560 mihi
1255 1501 1392 1556 sicut
1417 1497 1551 1567 ignis
1578 1491 1642 1546 ad
1681 1501 1867 1544 aurum
1887 1525 1904 1552 ,

339 1579 446 1672 nbit
470 1614 605 1669 sicut
623 1608 760 1678 ignis
785 1604 848 1658 ad
881 1603 1078 1657 fenum.
1109 1595 1248 1666 Ignis
1274 1591 1413 1647 enim
1439 1585 1698 1642 accedens
1729 1579 1792 1634 ad
1816 1593 1909 1631 au-

339 1721 496 1769 rum,
519 1699 729 1756 Sordem
755 1693 918 1772 tollit;
947 1687 1204 1743 accedens
1233 1682 1296 1736 ad
1350 1677 1525 1734 fenum
1549 1716 1564 1740 ,
1593 1674 1645 1728 in
1673 1670 1907 1725 cinerem

339 1796 522 1852 vertit.
551 1759 880 1844 Etenim‘non
901 1785 1166 1852 potuerunt
1192 1773 1311 1828 mihi
1333 1814 1347 1838 ,
1374 1771 1491 1840 quia
1515 1783 1618 1822 non
1640 1758 1906 1825 consensi,

339 1888 463 1960 quia
514 1899 618 1938 non
648 1895 732 1935 me
754 1877 991 1932 fecerunt
1014 1869 1196 1940 quales
1217 1873 1338 1920 sunt
1358 1861 1478 1932 ipsi.
1508 1857 1680 1926 Supra
1707 1854 1910 1907 dorsum

342 1943 509 2034 meum
537 1973 900 2047 fabricaverunt
925 1971 1206 2034 peccatores
1231 1999 1244 2021 ,
1270 1958 1416 2024 longe
1449 1954 1665 2024 fecerunt
1707 1943 1910 2014 injusti-

344 2073 468 2126 tiam
491 2039 651 2122 suam.
688 2062 949 2117 Fecerunt
976 2053 1115 2125 quod
1161 2050 1379 2104 tolerem
1400 2085 1415 2112 ,
1443 2055 1495 2098 et
1525 2059 1628 2096 non
1677 2039 1914 2092 fecerunt

343 2161 431 2218 cui
460 2154 838 2214 consentirem.
863 2148 976 2203 Jam
1019 2157 1146 2212 ergo
1191 2137 1442 2209 injustitia
1485 2133 1715 2204 ipsorum
1759 2128 1914 2196 longe

346 2261 434 2310 est
461 2266 490 2303 a
521 2263 626 2302 me.
677 2243 796 2299 Mali
828 2238 975 2294 mixti
1003 2243 1125 2290 sunt
1150 2231 1336 2294 bonis,
1371 2242 1477 2282 non
1515 2224 1681 2278 solum
1729 2221 1780 2274 in
1810 2234 1912 2272 sa:-

352 2343 514 2405 culo,
548 2336 642 2393 sed
672 2344 724 2389 et
755 2333 806 2387 in
839 2333 949 2400 ipsa
981 2328 1124 2381 intus
1166 2319 1404 2377 Ecclesia
1447 2315 1571 2372 mali
1618 2313 1764 2366 mixti
1793 2319 1916 2366 sunt

349 2399 525 2490 bonis.
558 2427 732 2484 Nostis
755 2467 770 2491 ,
817 2399 873 2477 et
900 2416 1194 2491 probastis;
1235 2424 1289 2467 et
1315 2408 1484 2477 magis
1514 2401 1806 2477 probabitis
1829 2442 1845 2466 ,
1870 2399 1913 2454 si

349 2526 478 2583 boni
503 2521 719 2577 fueritis.
740 2517 861 2571 Cum
882 2513 1022 2568 enim
1053 2508 1279 2562 crevisset
1309 2501 1457 2556 herba
1471 2510 1514 2553 et
1534 2500 1750 2567 fructum
1773 2493 1918 2560 fecis-

349 2629 454 2684 set,
487 2627 613 2670 tunc
653 2613 992 2680 apparuerunt
1044 2600 1238 2654 zizania
1276 2593 1484 2666 (ΜαιιΙι.
1535 2605 1624 2643 χιιι
1650 2629 1665 2653 ,
1704 2582 1915 2655 27-45).

351 2677 500 2770 Nulli
529 2677 786 2778 apparent
814 2699 938 2756 mali
993 2696 1045 2750 in
1077 2690 1312 2748 Ecclesia
1336 2728 1351 2752 ,
1406 2685 1503 2740 nisi
1531 2682 1578 2736 ei
1627 2680 1715 2751 qui
1764 2677 1921 2732 fuerit

354 2769 549 2858 bonus.
568 2769 750 2853 'l‘iostis
769 2805 894 2861 ergo
915 2787 1035 2859 quia
1063 2783 1210 2838 mixti
1231 2787 1354 2835 sunt
1376 2819 1390 2844 ,
1424 2785 1477 2831 et
1497 2789 1708 2842 semper
1729 2780 1782 2823 et
1804 2769 1920 2822 tibi-

355 2906 462 2965 que
481 2891 610 2946 dicit
627 2860 896 2954 Scriptura
919 2880 1039 2950 quia
1058 2891 1163 2930 non
1184 2867 1584 2940 separabantur,
1606 2864 1702 2917 nisi
1724 2863 1773 2915 in
1798 2860 1920 2914 fine.

357 2953 450 3044 Sic
469 3026 486 3050 ,
517 2978 781 3054 quomodo
823 2974 972 3030 mixti
1001 2978 1150 3035 sunt,
1182 2967 1338 3036 longe
1390 2971 1512 3017 sunt
1537 2974 1563 3012 a
1595 2973 1672 3013 se.
1703 2956 1780 3010 Ne
1808 2953 1925 3024 quis

360 3095 490 3152 ergo
513 3053 577 3133 ex
620 3090 686 3130 eo
715 3070 856 3140 quod
888 3067 1033 3123 mixti
1061 3069 1184 3117 sunt
1211 3057 1332 3113 mali
1361 3057 1498 3110 inter
1541 3053 1710 3107 bonos
1733 3090 1747 3113 ,
1775 3057 1928 3116 puta-

362 3143 452 3228 net
470 3167 804 3238 iniquitatem
838 3174 954 3214 esse
979 3157 1128 3227 juxta
1153 3149 1437 3222 justitiam,
1471 3143 1590 3198 Non
1620 3145 1886 3212 potuerunt
1908 3177 1923 3202 ,

363 3235 580 3332 inquit,
618 3256 786 3320 mihi;
813 3253 864 3306 id
896 3259 1012 3312 est,
1065 3245 1348 3309 dixerunt,
1379 3251 1434 3294 et
1479 3235 1617 3292 male
1647 3236 1926 3296 dixerunt,

368 3351 735 3410 Manducemus
775 3353 821 3398 et
863 3341 1130 3400 bibamus;
1161 3351 1272 3388 cras
1323 3331 1454 3386 enim
1501 3327 1786 3396 moriemur.
1814 3322 1927 3377 Non

367 3448 721 3512 corruperunt
749 3446 1021 3490 sermones
1042 3428 1163 3482 mali
1195 3438 1371 3480 mores
1396 3423 1597 3476 bonos:
1625 3418 1674 3472 in
1705 3431 1769 3471 eo
1793 3411 1931 3482 quod

370 3533 544 3590 audivi
579 3547 608 3585 a
638 3531 769 3590 Deo,
805 3541 909 3578 non
929 3521 1061 3577 cessi
1092 3514 1425 3574 sermonibus
1454 3511 1744 3566 hominum.
1775 3505 1937 3560 Fece-

326 3644 337 3656 ·
372 3634 499 3683 runt
526 3621 654 3677 mihi
682 3625 990 3690 peccatores
1013 3609 1151 3680 quod
1182 3615 1447 3676 portarem
1470 3642 1486 3656 .
1519 3616 1623 3655 non
1653 3598 1738 3654 cui
1783 3610 1931 3650 com—

375 3719 632 3774 niiscerer
654 3755 670 3779 ,
699 3723 752 3766 et
802 3708 936 3763 facta
964 3712 1046 3760 est
1075 3700 1320 3771 iniquitas
1361 3709 1543 3750 eorum
1573 3693 1728 3760 longe
1769 3703 1797 3742 a
1830 3701 1934 3740 me.

376 3809 511 3879 Quid
541 3806 680 3860 enim
709 3813 814 3856 lani
840 3812 1024 3870 prope,
1056 3808 1211 3864 quam
1242 3790 1345 3843 duo
1373 3785 1613 3839 homines
1637 3783 1689 3835 in
1711 3794 1812 3832 una
1841 3779 1940 3832 Ec-

378 3868 583 3958 clesia?
632 3894 757 3967 quid
814 3868 918 3947 tam
946 3891 1120 3956 longe,
1150 3897 1306 3953 quam
1353 3877 1600 3947 iniquitas
1627 3891 1656 3928 a
1696 3868 1942 3942 justitia?

383 3992 482 4049 Ubi
514 3963 665 4044 enim‘
683 3982 993 4040 consensio.
1029 3977 1096 4031 ibi
1128 3971 1516 4045 propinquitas.
1539 3967 1788 4036 Ligantur
1817 3963 1940 4026 duo,

394 4093 449 4138 et
475 4081 756 4136 mittuntur
767 4073 832 4128 ad
845 4071 1075 4140 judicem
1096 4083 1110 4133 ;
1129 4066 1284 4129 latro,
1310 4071 1362 4115 et
1378 4060 1652 4128 colligatus
1674 4075 1686 4109 :
1711 4055 1800 4109 ille
1824 4068 1942 4107 sce-

390 4177 611 4233 Ieratus,
643 4169 732 4223 ille
758 4167 1007 4220 innocens
1033 4200 1047 4222 ,
1093 4171 1195 4210 una
1237 4161 1422 4208 catena
1442 4150 1690 4218 ligantur,
1718 4153 1772 4200 et
1795 4145 1948 4212 longe

387 4274 514 4320 sunt
538 4278 567 4317 a
593 4276 671 4317 se.
700 4259 965 4322 Quantum
994 4251 1149 4318 longe
1176 4254 1297 4299 sunt
1324 4259 1353 4297 a
1383 4242 1484 4295 se?
1505 4240 1766 4308 Quantum
1797 4235 1949 4301 longe

387 4369 472 4415 est
497 4356 671 4412 scelus
697 4351 763 4405 ab
789 4344 1111 4404 innocentia.
1154 4341 1288 4394 Ecce
1318 4336 1399 4390 isti
1426 4335 1583 4402 longe
1628 4338 1751 4383 sunt
1778 4326 1844 4380 ab
1874 4325 1951 4379 in-

393 4452 586 4505 vicem.
619 4446 766 4500 Alius
810 4443 944 4495 latro
987 4437 1038 4490 in
1072 4430 1318 4499 llispania
1352 4427 1474 4480 facit
1499 4424 1724 4486 scelera,
1778 4418 1952 4489 proxi-

394 4557 515 4599 mus
541 4540 588 4595 ei
615 4547 695 4593 est
720 4536 806 4605 qui
857 4531 979 4586 facit
1007 4531 1058 4581 in
1099 4525 1292 4580 Africa.
1339 4519 1601 4586 Quantum
1651 4511 1955 4584 proximus?

395 4637 664 4705 Quantum
695 4629 792 4682 sibi
834 4627 1126 4694 junguntur
1150 4616 1323 4670 scelus
1352 4621 1406 4666 et
1452 4610 1623 4662 scelus
1647 4649 1659 4670 ,
1705 4613 1957 4674 quantum

934 4665 961 4692 ε’

395 4727 495 4782 sibi
519 4725 812 4795 junguntur
833 4712 1166 4770 latrocinium
1196 4717 1247 4761 et
1279 4704 1630 4758 lalrocinnnn.
1661 4697 1827 4751 Nemo
1872 4710 1959 4747 er-

399 4835 465 4889 go
490 4784 676 4870 timeat
706 4811 897 4863 mixtos
938 4803 1035 4858 sibi
1081 4812 1301 4866 corpore
1342 4795 1529 4848 malos.
1559 4789 1740 4855 Longe
1767 4785 1832 4838 ab
1859 4784 1962 4837 illis

399 4877 471 4963 sit
501 4905 694 4964 corde.
725 4911 777 4957 et
810 4912 1026 4954 securus
1053 4900 1223 4963 portat
1245 4886 1385 4957 quod
1431 4900 1532 4938 nou
1575 4883 1724 4934 timet
1755 4897 1766 4932 :
1799 4877 1966 4947 Longe

401 5005 622 5075 fecerunt
651 4992 948 5065 injustitiam
975 5002 1134 5040 suum.

471 5091 525 5146 9.
551 5062 709 5161 [versv
730 5081 806 5154 .5.)
823 5079 956 5149 Quid
979 5071 1268 5130 occurrit'?
1291 5069 1496 5123 Florent
1530 5064 1601 5118 illi
1634 5062 1717 5131 qui
1751 5067 1970 5147 regnant

405 5150 584 5251 inique
605 5196 619 5244 ;
642 5189 692 5231 ct
711 5187 766 5228 ut
789 5185 1084 5227 sermonem
1113 5167 1384 5232 loquamur
1407 5156 1566 5224 vulgi,
1585 5164 1758 5206 tonant
1787 5150 1966 5218 iniqui,

406 5242 729 5329 extolluntur
755 5266 804 5317 in
833 5259 1040 5333 typhos,
1074 5257 1124 5309 in
1153 5250 1459 5307 calumnias.
1483 5245 1616 5311 Quid
1641 5242 1802 5309 ergo?
1830 5257 1967 5293 sein-

409 5381 504 5436 per
535 5360 671 5415 hoc?
702 5357 836 5411 Non.
887 5351 1018 5406 Audi
1060 5346 1198 5417 qunti
1233 5343 1500 5410 sequitur:
1534 5335 1778 5388 Dominus
1805 5333 1974 5400 justus

411 5427 637 5512 concidet
664 5449 876 5506 cervices
903 5449 1233 5514 peccatorum.
1259 5431 1500 5486 Intendat
1519 5427 1756 5481 Charitas
1783 5433 1972 5475 vestra.

415 5547 662 5602 Dominus
687 5583 701 5608 ,
733 5536 932 5606 inquit,
954 5532 1121 5603 justus
1161 5525 1381 5580 concidet
1407 5519 1614 5573 cervices
1637 5507 1975 5584 peccatorum.

417 5640 545 5708 Quis
597 5650 704 5689 non
743 5621 1154 5686 contremiscat?
1195 5618 1322 5684 Quis
1368 5613 1508 5666 enim
1552 5624 1656 5663 non
1709 5603 1980 5676 peccavit?

485 5773 500 5802 ¹
531 5776 662 5817 non:
688 5758 808 5821 Quid
833 5759 919 5808 hoc
943 5753 1070 5821 erit?
1093 5749 1260 5821 t\_leIi_us
1294 5755 1404 5821 Αιξικ
1419 5736 1984 5821 ριᾼΕιὲζρςςξινςρὲηξιιχω

434 5801 1029 5890 [έςῖῖίᾷιῖἶιῖἶξιιὸῖξιιῖιιίί
1049 5801 1168 5864 infra
1193 5810 1314 5867 loco,
1333 5805 1514 5870 inique,
1534 5801 1730 5858 habent,
1754 5801 1922 5857 iniqui.

1388 365 1783 430 ENARRATIO
1822 363 1884 420 IN
1925 361 2238 419 PSALMUM
2275 359 2552 419 CXXVIII.

3435 351 3572 410 1694

2016 476 2255 530 Dominus
2274 477 2443 547 justus
2471 471 2693 527 concidet
2719 469 2928 526 cervices
2956 476 3289 540 peccatorum.
3318 464 3573 522 Omnibus

2008 570 2097 639 qui
2137 569 2393 631 audiunt,
2439 567 2597 620 intrat
2625 575 2821 619 tremor
2851 564 2901 615 in
2931 577 3057 626 cor,
3095 559 3139 613 si
3177 559 3397 614 credunt
3419 559 3569 613 Scri-

2007 672 2174 732 pturm
2198 662 2308 717 Dei.
2346 660 2401 716 Si
2435 659 2574 713 enim
2603 657 2702 712 sibi
2732 655 2845 711 sine
2873 669 3028 709 causa
3075 652 3300 706 tundunt
3338 656 3576 705 homines

2007 762 2220 823 pectora
2244 792 2261 818 ,
2295 750 2620 805 mentiuntur
2665 749 2788 817 quia
2840 745 3067 799 tundunt
3112 751 3321 812 pectora
3343 783 3359 808 ,
3390 741 3575 811 sijusti

2007 853 2231 910 sunt;et
2258 843 2308 896 in
2337 855 2402 897 eo
2426 839 2563 911 quod
2593 839 2915 893 mentiuntur
2929 837 3034 890 Deo
3055 877 3069 899 ,
3090 835 3221 889 fiunt
3249 844 3574 904 peccatores.

2007 933 2062 990 Si
2083 948 2209 1004 ergo
2224 932 2480 988 veraciter
2494 929 2592 984 sibi
2613 929 2835 982 tundunt
2855 937 3086 996 pectora,
3107 938 3410 996 peccatores
3429 935 3572 979 sunt.

2007 1023 2076 1078 Et
2101 1023 2218 1093 quis
2247 1031 2482 1075 nostrum
2527 1035 2629 1073 non
2671 1018 2770 1072 sibi
2804 1016 2973 1070 tundit
3003 1015 3223 1085 peetus?
3261 1023 3314 1069 et
3338 1015 3454 1083 quis
3480 1029 3579 1067 no-

2007 1121 2173 1168 strum
2199 1127 2302 1166 non
2329 1111 2475 1165 elidit
2499 1109 2681 1164 oculos
2709 1109 2773 1161 ad
2808 1114 3020 1172 terram,
3052 1108 3185 1160 sicut
3212 1107 3300 1160 ille
3331 1107 3578 1160 Publica-

2009 1220 2154 1268 nius,
2185 1214 2240 1260 et
2266 1204 2430 1264 dicit,
2463 1202 2674 1254 Domine
2697 1243 2712 1266 ,
2757 1200 3002 1271 propitius
3043 1210 3145 1252 esto
3183 1199 3304 1251 milii
3333 1199 3579 1270 peccatori

2013 1297 2164 1368 (Luc.
2190 1312 2344 1361 xvnt,
2380 1295 2504 1365 I5)?
2547 1293 2600 1348 Si
2629 1308 2756 1361 ergo
2781 1307 2963 1346 omnes
2988 1298 3313 1360 peccatores,
3345 1299 3400 1345 et
3426 1304 3580 1342 nemo

2009 1390 2272 1445 invenitur
2306 1389 2421 1443 sine
2451 1395 2666 1456 peccato
2691 1402 2704 1449 ;
2735 1385 2978 1437 omnibus
2992 1381 3252 1435 timendus
3277 1389 3358 1434 est
3379 1379 3582 1449 gladius

2012 1483 2064 1537 in
2086 1481 2346 1545 cervices,
2369 1480 2488 1550 quia
2520 1478 2759 1532 Dominus
2781 1479 2950 1546 justus
2970 1475 3193 1528 concidet
3218 1473 3429 1526 cervices
3470 1488 3585 1542 pec-

2011 1585 2253 1628 catorum.
2301 1571 2415 1627 Non
2448 1579 2572 1640 puto
2592 1611 2606 1634 ,
2636 1568 2828 1623 fratres
2866 1567 2968 1622 mei
2994 1607 3007 1630 ,
3038 1564 3160 1634 quia
3201 1563 3435 1618 omnium
3464 1577 3584 1632 pcc-

2013 1677 2246 1722 calorum
2274 1680 2289 1728 ;
2323 1663 2416 1718 sed
2451 1662 2502 1716 in
2531 1660 2770 1716 membro
2796 1657 2935 1727 quod
2965 1655 3222 1726 percutit,
3245 1654 3312 1707 ibi
3343 1653 3584 1722 deSIgnat

2013 1773 2146 1830 quos
2181 1767 2491 1830 peccatores
2519 1752 2794 1824 percutiat.
2821 1749 2933 1804 Non
2962 1749 3102 1804 enim
3134 1747 3302 1812 dixit,
3334 1747 3585 1800 Dominus

2007 1849 2181 1921 justus
2200 1847 2440 1902 concidet
2470 1859 2655 1899 manus
2681 1850 3046 1912 peccatorum;
3079 1847 3170 1894 aut
3189 1879 3201 1901 ,
3227 1836 3584 1904 Dominusju-

2011 1952 2127 1995 stus
2153 1939 2395 1995 concidet
2419 1937 2582 2008 pedes
2606 1944 2968 2006 peccatorum,
3011 1949 3114 1985 non
3143 1931 3308 1984 dixit:
3343 1929 3435 1984 sed
3465 1929 3584 1997 quia

2016 2042 2320 2103 peccatores
2345 2028 2603 2097 superbos
2631 2026 2840 2079 volebat
2877 2023 3093 2091 intelligi
3118 2063 3132 2086 ,
3165 2019 3381 2088 superbi
3410 2028 3584 2070 autem

2016 2138 2200 2178 omnes
2231 2120 2475 2176 cervicati
2507 2128 2662 2180 sunt,
2695 2118 2782 2186 qui
2829 2132 2931 2170 non
2979 2115 3151 2168 soluat
3199 2113 3396 2165 faciunt
3428 2111 3585 2172 mala,

2017 2214 2111 2269 sed
2137 2227 2262 2287 .nec
2301 2225 2587 2280 agnoscere
2631 2209 2846 2272 volunt,
2881 2215 2932 2260 et
2962 2204 3171 2275 quando
3212 2202 3584 2272 objurgantur,

2012 2305 2303 2374 justilicant
2331 2317 2388 2356 se
2415 2301 2574 2371 (Ecce
2602 2299 2769 2353 fecisti
2795 2315 2806 2360 ;
2837 2298 3020 2352 saltem
3051 2308 3278 2363 agnosce
3306 2291 3588 2362 quid-fece-

2021 2397 2124 2450 ris:
2158 2394 2268 2448 odit
2301 2392 2444 2448 Deus
2469 2400 2800 2460 peccatorcm
2823 2429 2838 2454 ,
2864 2387 3040 2441 oderis
3070 2395 3124 2440 et
3149 2395 3199 2437 tu
3224 2401 3238 2449 ;
3271 2383 3589 2452 conjungere

2023 2487 2151 2552 Deo,
2183 2485 2337 2538 simul
2365 2482 2735 2554 persequiinini
2759 2489 3029 2550 peccatum
3049 2489 3214 2530 tinnn.
3235 2477 3369 2542 Non,
3402 2476 3586 2543 inquit:

2021 2591 2118 2646 ego
2147 2577 2278 2630 bene
2320 2575 2446 2640 feci,
2487 2574 2624 2628 Deus
2663 2571 2797 2625 male
2835 2570 2972 2624 fecit.
3017 2569 3152 2636 Quid
3197 2568 3297 2620 hoc
3336 2566 3453 2620 est?
3480 2565 3591 2634 Ego

2023 2668 2152 2722 nihil
2184 2667 2306 2721 mali
2338 2665 2458 2731 feci,
2487 2665 2690 2734 inquit:
2713 2663 2832 2731 quia
2857 2661 3116 2716 Saturnus
3146 2658 3286 2721 fecit,
3315 2659 3432 2726 quia
3457 2657 3593 2710 Mars

2024 2759 2166 2823 fecit,
2193 2759 2314 2827 quia
2336 2756 2511 2811 Venus
2528 2755 2685 2818 fecit;
2717 2768 2814 2822 ego
2839 2752 2968 2806 nihil
2997 2749 3117 2814 feci,
3147 2749 3312 2803 stellae
3341 2748 3592 2802 fecerunt.

2024 2849 2287 2906 Justiticas
2310 2860 2377 2908 te,
2402 2860 2618 2900 accusas
2639 2845 2805 2898 Deum
2835 2843 2921 2913 qui
2949 2841 3072 2897 fecit
3096 2835 3294 2906 stellas,
3320 2840 3403 2908 qui
3437 2854 3596 2892 orna-

2029 2943 2142 2995 vit1
2173 2938 2442 3010 malum):
2495 2938 2671 3005 itaque
2721 2936 2968 3004 quoniam
3021 2932 3279 3002 justiiicas
3331 2936 3598 2999 peccatum

2030 3042 2197 3097 tuum,
2227 3039 2280 3086 et
2307 3027 2551 3099 superius
2579 3027 2832 3080 adversus
2864 3025 3050 3089 Deum,
3078 3023 3199 3093 quia
3231 3031 3280 3075 te
3305 3020 3434 3074 facis
3454 3029 3602 3073 extra

2029 3125 2259 3194 culpam,
2281 3131 2336 3176 et
2356 3122 2518 3174 Deum
2541 3119 2593 3173 in
2617 3119 2788 3187 culpa,
2810 3124 2864 3171 et
2884 3124 3083 3171 tantum
3105 3113 3320 3170 erexisti
3343 3113 3601 3167 cervicem

2034 3225 2176 3270 tuam
2199 3254 2212 3276 ,
2254 3221 2307 3266 et
2330 3209 2606 3266 cucurristi
2637 3217 2819 3263 contra
2849 3209 3012 3262 Deum
3034 3248 3049 3272 ,
3086 3206 3222 3260 sicut
3246 3204 3500 3273 scriptum
3525 3211 3607 3256 est

2034 3306 2084 3359 in
2107 3305 2206 3359 Job
2233 3303 2462 3374 (dicebat
2486 3301 2553 3356 de
2578 3301 2743 3371 impio
2771 3300 3071 3371 peccatore)
3088 3340 3114 3372 ,Δ
3130 3297 3344 3353 Curreus
3367 3295 3608 3349 adversus

2038 3395 2198 3450 Deum
2219 3395 2270 3448 in
2290 3409 2459 3447 crassa
2483 3381 2822 3446 cervice'scuti
2848 3390 2930 3444 sui
2958 3389 2977 3461 (
3005 3388 3104 3442 Job
3126 3403 3200 3442 xv
3219 3427 3235 3454 ,
3264 3385 3334 3440 26
3363 3385 3411 3457 );
3457 3395 3512 3440 et
3539 3383 3609 3437 ibi

2036 3488 2294 3542 cervicem
2338 3483 2670 3547 nominavit;
2699 3483 2818 3552 quia
2847 3481 2926 3537 sic
2952 3489 3003 3534 te
3027 3479 3186 3549 erigis
3206 3519 3220 3542 ,
3253 3487 3309 3532 et
3334 3491 3436 3529 non
3459 3474 3614 3529 elidis

2038 3579 2222 3632 oculos
2249 3575 2312 3630 ad
2337 3585 2552 3640 terram,
2574 3583 2628 3628 et
2658 3572 2832 3627 tundis
2864 3580 3044 3640 pectus
3067 3609 3083 3636 ,
3108 3580 3159 3624 et
3180 3568 3312 3622 dicis
3333 3609 3346 3630 ,
3377 3565 3610 3630 Domine,

2042 3669 2285 3740 propitius
2321 3676 2424 3721 esto
2461 3666 2582 3718 mihi
2620 3663 2862 3735 peccatOri
2882 3679 2899 3723 ;
2934 3660 3027 3714 sed
3052 3660 3222 3728 jactas
3249 3669 3298 3711 te
3316 3657 3383 3710 de
3413 3656 3615 3710 meritis
3694 3650 3696 3652 ⁷

2044 3760 2146 3813 tuis
2167 3798 2182 3824 ,
2202 3765 2256 3811 et
2285 3758 2364 3810 vis
2393 3768 2598 3810 mecum
2621 3793 2636 3816 ,
2668 3752 2836 3820 inquit
2860 3751 2998 3804 Deus
3018 3791 3033 3815 ,
3075 3748 3273 3817 judicio
3297 3745 3620 3800 contendere

2046 3849 2277 3921 (Jereni.
2307 3864 2341 3901 ιι
2363 3889 2377 3913 ,
2406 3845 2474 3900 ‘29
2496 3845 2514 3916 )
2537 3886 2551 3910 ,
2583 3845 2778 3898 intrare
2809 3856 3012 3895 mcemn
3061 3840 3126 3894 ad
3159 3839 3445 3908 judicium;
3494 3852 3615 3890 cunt

2047 3942 2240 4016 debeas
2256 3941 2307 3993 in
2324 3947 2471 3993 reatu
2489 3947 2578 3992 tuo
2594 3934 2899 3990 satisfacere
2917 3934 3044 3996 Deo,
3063 3933 3353 3987 etclamare
3369 3930 3432 3984 ad
3450 3930 3615 3996 illum,

2049 4033 2186 4103 quod
2223 4031 2479 4085 clamatur
2498 4028 2549 4082 in
2569 4027 2671 4080 alio
2700 4025 2899 4095 psalmo
2922 4065 2936 4088 ,
2969 4022 3028 4077 Si
3057 4023 3338 4093 iniquitates
3375 4021 3611 4074 observa-

2050 4125 2196 4187 veris,
2223 4121 2453 4185 Domine;
2475 4118 2709 4182 Domine,
2727 4117 2838 4186 quis
2853 4112 3108 4166 sustinebit
3123 4111 3290 4183 (Psal.
3309 4126 3487 4176 exstx,
3524 4110 3622 4179 δη

2052 4219 2284 4271 clamare
2308 4212 2373 4266 ad
2402 4211 2546 4265 illum
2567 4250 2582 4276 ,
2601 4207 2738 4277 quod
2759 4206 3018 4260 clamatur
3039 4207 3090 4257 in
3116 4203 3220 4256 alio
3247 4202 3448 4272 psalmo
3467 4242 3482 4266 ,
3513 4199 3623 4272 Ego

2055 4308 2163 4361 dixi
2180 4321 2198 4360 :
2224 4303 2454 4364 Domine,
2487 4301 2720 4353 miserere
2748 4297 2865 4364 mei,
2892 4313 3016 4349 sana
3045 4295 3264 4347 animant
3293 4307 3474 4355 meam,
3505 4291 3629 4361 quia

2061 4399 2258 4472 peccavi
2284 4397 2372 4449 tibi
2394 4392 2564 4467 (Psal.
2594 4408 2681 4455 ιιι,
2709 4390 2797 4457 5):
2824 4389 3072 4460 quoniam
3101 4386 3215 4440 IIGEC
3247 4400 3350 4440 non
3375 4384 3452 4437 vis
3473 4381 3620 4436 dice-

2061 4508 2152 4558 re,
2199 4490 2291 4544 sed
2317 4487 2574 4558 justiﬁcas
2607 4484 2741 4538 facta
2782 4491 2866 4536 tua
2892 4481 3146 4534 adversus
3172 4491 3468 4532 sermonem
3498 4474 3625 4537 Dei;

2060 4584 2208 4640 venit
2237 4584 2288 4636 in
2314 4592 2364 4637 te
2389 4579 2528 4650 quod
2552 4579 2787 4648 sequitur
2816 4575 3104 4643 Scriptura,
3138 4581 3191 4626 et
3210 4570 3356 4635 dicit,
3388 4567 3632 4621 Dominus

2056 4679 2224 4749 justus
2249 4675 2472 4728 concidet
2501 4671 2709 4724 cervices
2739 4676 3071 4738 peccatorum.

2137 4767 2224 4822 10.
2266 4764 2413 4838 [vers.
2438 4761 2514 4834 5.]
2543 4757 2945 4828 Confundantur,
2975 4763 3018 4807 et
3039 4761 3325 4806 avertantur
3341 4743 3632 4810 retrorsum,

2069 4856 2237 4914 omnes
2254 4859 2339 4929 qui
2366 4856 2574 4910 oderunt
2597 4851 2742 4904 Sion.
2761 4847 2854 4915 Qui
2884 4845 3268 4904 oderuntSion,
3292 4841 3517 4896 oderunt
3534 4839 3633 4892 Ec-

2071 4946 2455 5004 cleslam:Sion
2476 4941 2708 4997 Ecclesia
2723 4949 2820 4994 est.
2841 4938 3008 5006 thni
3042 4938 3240 4990 intrant
3267 4935 3316 4986 in
3340 4930 3632 4986 Ecclesium

2072 5043 2211 5104 Iiete,
2231 5039 2454 5093 oderunt
2478 5032 2782 5087 Ecclesium.
2805 5029 2902 5095 Qui
2921 5027 3102 5081 nolunt
3123 5026 3403 5079 observare
3417 5022 3632 5074 verbum

2077 5133 2187 5196 Dei,
2210 5131 2435 5184 oderunt
2455 5123 2745 5178 Ecclesium
2772 5140 2784 5175 :
2807 5121 2972 5188 Super
2990 5121 3365 5171 dorsummeum
3381 5113 3638 5182 fabricave-

2077 5235 2209 5278 runt.
2254 5221 2386 5288 Quid
2415 5221 2609 5272 iactura
2641 5225 2720 5269 est
2745 5213 2979 5268 Ecclesia
3001 5252 3016 5278 ,
3040 5210 3138 5264 nisi
3169 5215 3434 5278 portatura
3479 5218 3640 5272 usque

2081 5319 2129 5370 in
2159 5317 2314 5368 finem
2339 5313 2362 5366 ?

2153 5407 2238 5459 Η.
2280 5401 2428 5475 [vers.
2450 5399 2504 5464 6,
2538 5395 2616 5469 7.]
2645 5395 2747 5448 Sed
2773 5393 2896 5464 quid
2928 5392 2994 5444 de
3025 5391 3126 5443 illis
3169 5387 3334 5441 dicit?
3375 5385 3640 5454 Sequitur,

2085 5499 2237 5554 Fiant
2276 5496 2401 5548 sicut
2427 5495 2595 5562 fenum
2616 5497 2854 5540 tectorum
2879 5524 2893 5545 ,
2924 5482 3055 5551 quod
3077 5481 3215 5550 prius
3237 5493 3385 5547 quam
3407 5475 3644 5529 evellatur

2085 5601 2236 5646 aruit.
2283 5587 2481 5641 Fenum
2527 5589 2780 5636 tectorum
2834 5576 2995 5630 herba
3039 5584 3128 5640 est,
3167 5588 3284 5642 quae
3331 5571 3562 5624 nascitur
3594 5567 3646 5621 in

2042 5683 2056 5704 '
2090 5683 2258 5744 tectis,
2287 5680 2340 5733 in
2369 5670 2888 5739 solariointegulato.
2923 5667 2976 5720 In
3003 5668 3110 5721 alto
3154 5665 3380 5731 videtur,
3416 5672 3469 5718 et
3495 5657 3641 5715 radi-

2157 5795 2174 5825 ί
2204 5800 2301 5840 Am.
2326 5795 2376 5838 et
2399 5785 2621 5850 plerique
2643 5787 2770 5841 uss,
2798 5777 3046 5831 ordinavit.
