4032 6202
525 267 546 320 t
558 258 661 323 (3'95

520 400 636 438 rem
685 397 789 448 non
814 381 991 436 habet.
1023 379 1229 448 Quanto
1259 378 1443 435 melius
1473 378 1724 435 humilius
1748 389 2075 444 nasceretur,

524 486 578 531 et
606 477 776 531 laetius
801 471 1303 530 viresceret?'Modo
1328 473 1558 528 nascitur
1582 472 1737 534 altius
1765 472 1829 526 ad
1858 472 2081 527 celerio-

518 587 630 624 rem
653 568 947 623 ariditatem
995 565 1243 643 Nondum‘
1262 565 1498 620 evulsum
1522 574 1604 619 est
1625 607 1639 629 ,
1670 579 1723 620 et
1748 564 1916 619 aruit:
1950 579 2081 617 nou-

518 660 641 711 dum
675 657 802 710 ﬁniti
828 657 844 688 ³
875 665 995 710 sunt
1025 655 1074 709 in
1108 655 1309 724 judicio
1346 655 1438 709 Dei
1461 695 1474 715 ,
1515 662 1569 709 et
1605 654 1714 723 jam
1753 669 1857 709 non
1888 652 2081 709 habent

517 763 729 801 succum
749 747 1047 801 viriditatis.
1072 746 1337 801 Attendite
1365 761 1523 816 Opera
1552 747 1805 816 ipsorum,
1833 756 1886 802 et
1906 746 2082 804 videte

515 840 633 908 quia
659 837 1045 893 aruerunt.Sed
1070 839 1324 903 vivunt,et
1344 837 1429 892 hic
1448 848 1602 891 sunt:
1634 836 1864 892 nondum
1885 852 2011 907 ergo
2026 854 2081 891 a-

518 931 653 985 vulsi
667 932 1098 997 sunt:Aruerunt,
1115 931 1203 986 scd
1223 931 1451 985 nondum
1474 930 1637 985 avulsi
1655 940 1803 985 sunt:
1820 929 1938 986 facti
1958 941 2082 986 sunt

513 1023 637 1077 sicut
665 1023 837 1091 fenum
866 1032 1124 1083 lectarum,
1155 1022 1289 1092 quod
1315 1023 1454 1091 prius
1478 1039 1627 1093 quam
1650 1022 1888 1077 evellatur
1909 1023 2063 1078 aruit.

584 1114 672 1170 12.
705 1115 771 1169 Ει
798 1114 1013 1169 venient
1040 1128 1338 1180 messores,
1367 1112 1460 1167 sed
1503 1128 1608 1167 non
1634 1114 1700 1168 de
1727 1112 1833 1168 illis
1861 1113 2081 1183 implent

513 1207 831 1276 manipulos.
864 1206 1078 1260 Venturi
1120 1214 1243 1260 sunt
1291 1208 1429 1263 enim
1486 1221 1785 1271 messores,
1817 1216 1872 1262 et
1909 1208 2076 1262 colle-

511 1298 645 1353 eluri
672 1308 792 1351 sunt
810 1297 1037 1351 triticum
1056 1298 1106 1350 in
1128 1296 1398 1362 horreum,
1413 1307 1463 1351 et
1486 1298 1680 1351 zizania
1703 1297 2009 1367 alligabunt,
2025 1309 2079 1352 et

512 1392 720 1445 mittent
745 1391 797 1444 in
828 1390 1020 1460 ignem.
1052 1389 1140 1444 Sic
1163 1399 1213 1444 et
1241 1391 1414 1445 fenum
1444 1399 1699 1445 tectorum
1730 1401 2074 1461 expurgatur,

512 1491 569 1534 et
593 1481 841 1552 quidquid
867 1481 986 1534 inde
1014 1481 1285 1545 evellitur,
1318 1482 1368 1535 in
1397 1482 1567 1551 ignem
1594 1482 1848 1546 mittitur;
1880 1483 1999 1553 quia
2021 1493 2075 1539 et

513 1574 812 1642 priusquam
849 1571 1165 1626 evellerctur
1196 1572 1348 1626 aruit.
1378 1572 1488 1625 Non
1518 1573 1639 1626 inde
1668 1573 1849 1642 implet
1875 1588 2079 1627 messor

511 1679 718 1717 manus.
756 1663 1004 1732 Sequitur
1030 1664 1170 1717 enim
1210 1674 1264 1720 ct
1292 1665 1451 1719 dicit:
1486 1663 1603 1718 Non
1640 1666 1846 1734 replevit
1874 1683 2078 1719 manum

512 1771 653 1806 suam
674 1770 878 1819 messor,
900 1755 1118 1808 etsinum
1137 1771 1282 1808 suum
1299 1756 1383 1825 qui
1399 1755 1681 1824 manipulos
1702 1756 1910 1827 colligit.
1935 1757 1988 1809 Μ
1996 1775 2073 1811 es-

509 1861 643 1898 sores
655 1856 816 1897 autem
836 1846 1010 1915 Angeli
1029 1855 1142 1898 sunt
1160 1845 1572 1915 (Malth.Xttt,59
1601 1846 1640 1916 ),
1664 1847 1913 1901 Dominus
1928 1848 2072 1902 dicit.

581 1936 663 1988 15.
700 1934 845 2007 [υρνε.
886 1934 963 2006 8.]
1015 1935 1079 1988 Et
1132 1953 1231 1990 non
1271 1936 1518 1992 dixerunt
1559 1946 1865 1991 transeuntes
1903 1939 2071 2003 viam,

508 2025 794 2079 Benedictio
813 2026 1016 2079 Domini
1039 2043 1189 2096 super
1208 2037 1291 2080 vos
1313 2043 1334 2091 ;
1362 2027 1699 2082 benedirimus
1722 2044 1807 2083 vos
1830 2029 2074 2111 in‘nomi-
2142 2081 2146 2085 .

509 2134 571 2170 ne
617 2117 834 2170 Domini.
864 2117 1040 2171 Nostis
1069 2119 1231 2182 enim,
1259 2118 1463 2179 fratres,
1488 2119 1700 2187 quando
1723 2116 1971 2173 transitur
1984 2135 2076 2189 per

509 2217 807 2275 operantes,
843 2218 924 2263 est
946 2209 1270 2263 consuetudo
1300 2219 1354 2263 ut
1380 2209 1584 2264 dicatur
1615 2211 1752 2276 illis,
1790 2209 2075 2265 Benedictio

512 2299 715 2353 Domini
741 2317 891 2375 super
914 2317 1019 2356 vos.
1044 2301 1127 2375 Et
1164 2302 1330 2372 magis
1370 2301 1465 2356 ista
1503 2303 1829 2357 consuetudo
1868 2313 1980 2358 erat
2021 2303 2073 2359 in

507 2399 664 2461 gente
700 2390 1025 2446 Judseorum.
1069 2392 1236 2447 Nemo
1266 2393 1524 2447 transibat
1558 2404 1609 2448 et
1638 2393 1848 2449 videbat
1868 2394 2073 2464 aliquos

508 2481 681 2539 facere
706 2483 915 2552 aliquod
939 2500 1070 2554 opus
1093 2485 1306 2555 inagro,
1324 2485 1407 2539 vel
1433 2486 1485 2539 in
1507 2485 1679 2549 vinea,
1697 2486 1779 2554 vel
1798 2486 1849 2539 in
1878 2500 2069 2554 messe,

504 2573 588 2628 vel
617 2574 810 2645 aliquid
836 2575 1164 2644 huiusmodi;
1190 2592 1292 2630 non
1316 2576 1505 2631 licebat
1532 2577 1756 2632 transire
1778 2577 1892 2632 sine
1914 2577 2071 2632 bene-

505 2663 757 2719 dictione.
790 2665 891 2718 Alii
939 2676 1060 2719 sunt
1089 2666 1175 2734 qui
1196 2666 1492 2734 manipulos
1516 2668 1800 2737 colligunt,
1833 2668 1920 2723 alii
1946 2678 2074 2747 sunt

508 2764 840 2812 transeuntes
870 2757 1026 2812 viam.
1070 2756 1168 2825 Qui
1210 2760 1503 2828 manipulos
1535 2760 1789 2831 colligunt
1816 2802 1831 2827 ,
1875 2752 1979 2816 non
2005 2762 2077 2819 de

506 2847 608 2901 illis
636 2850 843 2917 replent
868 2864 1057 2904 manus
1086 2866 1100 2914 ;
1141 2850 1262 2920 quia
1298 2865 1400 2905 non
1437 2850 1700 2922 colligitur
1728 2852 1793 2907 ad
1822 2851 2070 2910 horreum

506 2941 681 2996 fenum
715 2952 990 3003 tectorum.
1032 2943 1130 3012 Qui
1169 2952 1291 2998 sunt
1328 2944 1415 3013 qui
1453 2945 1750 3015 manipulos
1775 2946 2072 3018 colligunt?

504 3030 785 3089 Messores.
827 3033 926 3102 Qui
964 3044 1087 3088 sunt
1111 3035 1419 3090 messores?
1466 3035 1717 3089 Dominus
1742 3036 1902 3090 dixit:
1938 3036 2072 3092 Mes-

504 3142 640 3178 sores
667 3134 828 3178 autent
858 3125 1036 3196 Angeli
1060 3136 1193 3180 sunt.
1212 3126 1309 3192 Qui
1336 3135 1458 3180 sunt
1485 3128 1852 3182 transeuntes?
1872 3127 1948 3182 Illi
1978 3128 2067 3197 qui

504 3216 609 3285 iam
641 3230 736 3283 per
761 3216 897 3268 viam
926 3213 1102 3283 istam,
1136 3215 1187 3269 id
1218 3223 1333 3278 est,
1364 3230 1457 3283 per
1479 3216 1638 3269 vitam
1662 3217 1814 3269 istam
1843 3217 2069 3271 transie-

508 3314 631 3358 runt
659 3305 781 3360 hinc
820 3304 884 3358 ad
920 3305 1176 3373 patriam:
1207 3306 1442 3374 Apostoli
1474 3314 1805 3360 transeuntes
1835 3318 1985 3360 erant
2015 3307 2065 3360 in

508 3399 607 3451 ista
645 3398 748 3449 vita
778 3437 793 3461 ,
819 3396 1098 3466 Prophetas
1150 3407 1478 3453 transeuntes
1524 3406 1694 3451 erant.
1723 3396 1865 3463 Quos
1911 3397 2072 3451 bene-

506 3485 1041 3555 dixeruutl’ropbem
1056 3486 1390 3556 etApostoli?
1409 3487 1524 3541 Illos
1552 3487 1601 3541 in
1629 3487 1817 3556 quibus
1841 3485 2067 3541 radicem

508 3578 778 3633 charitatis
822 3578 1084 3633 viderunt.
1130 3579 1273 3645 Quos
1298 3588 1470 3631 autem
1504 3579 1814 3633 invenerunt
1840 3581 1890 3634 in
1921 3580 2069 3634 tectis

508 3673 743 3726 eminere
780 3680 835 3725 et
870 3671 1142 3742 superbire
1186 3671 1238 3724 in
1287 3670 1471 3724 cervice
1507 3672 1633 3724 scuti
1678 3672 1797 3737 sui,
1826 3670 2070 3727 dixerunt

508 3772 693 3814 contra
724 3746 843 3815 illos
863 3762 1001 3830 quod
1034 3760 1191 3814 futuri
1212 3769 1397 3826 erant,
1427 3758 1840 3815 benedictionem
1892 3770 2066 3816 autem

507 3866 665 3920 super
687 3866 779 3906 eos
801 3865 904 3904 non
923 3849 1196 3905 dederunt.
1225 3850 1361 3920 Ergo
1386 3864 1571 3904 omnes
1597 3849 1723 3904 istos
1748 3850 1912 3905 malos
1938 3865 2069 3922 quos

508 3951 683 4012 portat
708 3941 940 3996 Ecclesia
972 3982 985 4004 ,
1023 3942 1111 4009 qui
1147 3940 1319 4011 legitis
1355 3940 1406 3994 in
1447 3939 1732 4010 Scripturis
1754 3980 1770 4006 ,
1825 3940 2068 3997 invenitis

508 4035 814 4091 maledictos
841 4034 1141 4105 designatos
1179 4033 1244 4089 ad
1280 4033 1646 4088 antichristum
1681 4032 1973 4102 pertinere,
2001 4034 2069 4089 ad

507 4127 771 4182 diabolum
798 4127 1058 4196 pertinere
1082 4167 1098 4190 ,
1124 4124 1189 4179 ad
1220 4125 1421 4195 paleam
1449 4125 1711 4194 pertinere
1733 4165 1748 4188 ,
1776 4124 1842 4178 ad
1870 4124 2066 4179 zizania

507 4219 793 4291 pertinere.
826 4218 891 4272 Et
912 4217 1074 4272 multa
1106 4216 1503 4272 innumerabilia
1544 4231 1639 4286 per
1674 4214 2066 4270 similitudinem

508 4310 755 4363 dicuntur
779 4308 845 4363 de
869 4308 1007 4361 illis:
1041 4308 1171 4373 Quia
1192 4323 1292 4360 non
1312 4307 1471 4360 omnis
1500 4307 1584 4377 qui
1610 4306 1731 4360 dicit
1757 4304 1881 4359 mihi
1898 4347 1914 4372 ,
1961 4303 2068 4359 Do-

508 4400 662 4464 mine,
682 4398 912 4463 Domine,
936 4398 1140 4450 intrabit
1154 4398 1206 4449 in
1230 4413 1437 4466 regnum
1456 4399 1688 4450 caelorum
1713 4396 1818 4464 (Id.
1840 4412 1930 4460 vlt,
1950 4395 2065 4466 21).

508 4491 713 4546 Nullam
742 4489 946 4545 invenis
969 4488 1423 4557 Scripturamqnze
1443 4486 1507 4541 de
1532 4487 1635 4541 illis
1658 4487 1792 4542 bene
1807 4488 2063 4558 loquatur,

509 4584 630 4654 quia
657 4591 990 4638 transeuntes
1015 4580 1152 4635 viam
1176 4594 1279 4633 non
1312 4578 1426 4633 illos
1450 4578 1849 4633 benedixerunt.
1871 4579 2069 4633 Trans-

509 4684 695 4730 euntes
723 4673 1000 4743 l’ropltctm
1025 4670 1200 4725 omnia
1238 4670 1306 4726 de
1346 4669 1449 4724 illis
1476 4670 1610 4724 mala
1635 4668 1901 4724 dixerunt.
1934 4669 2070 4724 Ecce

507 4775 562 4819 et
587 4766 686 4819 iste
712 4778 866 4834 quem
898 4771 1166 4833 portamus
1188 4801 1204 4826 ,
1236 4758 1398 4815 David
1429 4759 1634 4813 transiit
1652 4758 1825 4824 viam;
1851 4758 2071 4813 audistis

510 4855 637 4926 quid
665 4853 732 4910 de
758 4853 865 4909 illis
902 4852 1035 4908 dixit
1073 4870 1086 4906 :
1128 4850 1374 4905 Dominus
1408 4851 1579 4934 justus
1613 4849 2071 4934 concidet‘ce‘ruices

510 4956 844 5020 peccatorum.
900 4942 1320 5013 Confundautur,
1364 4951 1411 4996 et
1458 4931 1740 4997 avertantur
1779 4931 2068 5006 retrorsum,

510 5055 681 5095 omnes
725 5037 807 5104 qui
844 5034 1053 5089 oderunt
1084 5034 1230 5089 Sion.
1261 5031 1415 5087 Fiant
1456 5032 1581 5087 sicut
1609 5035 1777 5103 fenum
1797 5040 2068 5098 tectorum,

509 5130 645 5202 quod
675 5130 965 5200 priusquam
1007 5126 1242 5179 avellatur
1268 5125 1420 5178 aruit.
1466 5122 1586 5179 Non
1622 5123 1827 5194 replevit
1869 5140 2072 5177 manum

511 5240 653 5277 suam
675 5236 880 5284 messor,
898 5228 945 5273 et
969 5218 1134 5272 sinum
1155 5232 1299 5270 suum
1318 5215 1402 5287 qui
1421 5215 1698 5286 manipulos
1725 5214 1930 5285 colligit.
1951 5214 2073 5269 llzec

513 5304 579 5370 de
629 5313 737 5370 illis
777 5310 930 5367 dixit.
980 5308 1094 5364 Non
1143 5322 1269 5378 ergo
1321 5322 1476 5378 supra
1520 5307 1637 5361 illos
1676 5305 1776 5361 iste
1814 5305 2073 5360 transiens

515 5404 806 5471 benedixit,
834 5413 889 5459 et
909 5403 1181 5473 impletum
1202 5409 1282 5454 est
1302 5400 1459 5453 ctiam
1484 5413 1581 5469 per
1605 5398 1775 5460 illum,
1798 5397 1936 5467 quod
1963 5397 2073 5466 ipse

515 5495 678 5551 dixit:
709 5492 777 5549 Et
800 5511 900 5549 non
927 5501 1158 5548 dixerunt
1186 5498 1495 5545 transeuntes
1534 5489 1662 5541 viam
1681 5529 1696 5555 ,
1724 5480 2085 5542 Benediaimus

518 5602 602 5640 eos
622 5587 675 5640 in
695 5585 892 5640 nomine
915 5583 1137 5639 Domini.
1161 5582 1228 5638 Et
1254 5581 1339 5637 isti
1363 5587 1691 5637 transeuntes
1713 5579 1823 5635 sive
1842 5578 2075 5651 Prophe-

585 5699 602 5730 ί
621 5696 741 5746 corb
785 5703 887 5755 ιιι,
910 5693 1078 5757 pwtiti.

1676 262 1734 319 S.
1772 258 2132 319 AUGUSTINI
2171 259 2469 322 EPlbL'UPl

3614 292 3758 350 {696

2193 387 2278 474 tae,
2306 380 2421 437 sive
2448 382 2787 473 Patriarchte,
2812 391 2926 447 sive
2952 394 3212 467 Apostoli,
3242 399 3557 474 quicumque
3585 414 3760 464 trans.

2186 468 2399 538 ierunt,
2437 474 2481 528 si
2510 475 2644 532 bene
2671 470 2930 551 vivimus,
2960 485 3152 543 fratres
3180 529 3195 554 ,
3237 468 3627 552 benedixemtlt
3656 516 3759 556 nos

2185 561 2236 614 in
2263 564 2462 619 nomine
2479 566 2705 624 Domini.
2726 571 2946 641 Quando
2974 593 3077 641 me,
3112 582 3305 652 inquis,
3328 584 3598 643 benedixit
3621 590 3761 646 Pau-

2174 651 2306 708 lus?
2329 657 2536 725 quando
2554 675 2639 715 me
2660 662 2931 721 benedixit
2962 668 3148 725 Petrus
3163 651 3194 725 17
3232 674 3461 731 Attende
3511 679 3563 735 in
3609 680 3762 737 Scri-

2183 746 2353 814 pturis
2380 787 2396 813 ,
2427 750 2548 806 vide
2574 752 2617 806 si
2649 754 2782 811 bene
2807 757 2936 813 vivis
2959 799 2974 825 ,
2998 772 3052 817 et
3078 763 3197 818 vide
3238 765 3308 820 ibi
3346 766 3679 827 benedictum
3712 784 3763 829 te
3846 748 3849 749 ν

2184 835 2364 901 fuisse.
2393 838 2587 897 Omnes
2615 845 2750 902 bene
2779 849 3012 908 viventes
3053 853 3453 914 benedixerunt.
3508 861 3574 916 Et
3623 852 3754 933 quo-

2183 930 2340 985 modo
2358 931 2761 992 benedixerunt?
2780 938 2847 994 1η
2863 944 3060 998 nomine
3091 946 3317 1013 Domini,-
3333 966 3436 1004 non
3463 953 3515 1007 in
3540 930 3761 1011 nomine

2182 1031 2298 1113 suo,
2315 1021 2449 1076 sicut
2469 1022 2720 1089 haeretici.
2741 1028 2839 1095 Qui
2861 1031 3000 1086 enim
3025 1033 3226 1100 dicunt,
3252 1036 3403 1105 Quod
3428 1056 3524 1096 uos
3542 1043 3760 1113 damus,

2181 1107 2285 1165 hoc
2309 1121 2390 1167 est
2409 1125 2647 1171 sanctum
2676 1135 2690 1185 ;
2731 1118 2784 1173 in
2827 1124 3038 1180 nomine
3065 1141 3162 1182 suo
3189 1129 3372 1185 volunt
3396 1107 3758 1204 benedicere

2181 1216 2286 1257 non
2311 1205 2363 1260 in
2392 1210 2605 1265 nomine
2628 1211 2856 1268 Domini.
2884 1217 2982 1284 Qui
3012 1229 3187 1276 autem
3233 1223 3435 1287 dicunt.
3458 1226 3572 1281 Non
3628 1244 3759 1284 sau-

2150 1296 2374 1350 ‘ctilicat
2410 1299 2507 1354 nisi
2535 1300 2694 1365 Deus,
2728 1320 2826 1359 nec
2871 1308 3146 1378 quisquam
3186 1323 3268 1366 est
3296 1314 3466 1370 bonus
3490 1318 3588 1371 nisi
3609 1319 3758 1375 dono

2182 1385 2305 1448 Dei;
2345 1390 2441 1459 ipsi
2474 1391 2525 1445 in
2553 1395 2767 1451 nomine
2794 1399 2997 1454 Domini
3029 1401 3345 1459 benedicunt
3369 1447 3385 1469 ,
3434 1423 3539 1463 non
3568 1410 3621 1465 in
3650 1428 3755 1465 uo-

2180 1477 2323 1532 miue
2368 1494 2500 1535 suo:
2529 1484 2651 1553 quia
2686 1485 2704 1518 ί
2726 1487 2880 1541 amici
2909 1501 3031 1543 sunt
3068 1495 3247 1561 sponsi
3297 1495 3471 1568 (Joan.
3505 1516 3557 1553 Ill
3578 1542 3594 1566 ,
3626 1503 3755 1573 l9),

2180 1569 2360 1623 uolunt
2383 1586 2501 1626 esse
2525 1574 2746 1630 adulteri
2788 1595 3020 1649 sponsw.

2190 1699 3724 1858 Μ

2751 1906 3162 1967 ΕΝᾹῐὶῐὶΑΤΙΟ.

2688 2030 2857 2075 εειηιο
2884 2035 2951 2076 ΔΙ)
2979 2036 3198 2079 PLBBEI.

2249 2124 2299 2178 1.
2331 2122 2485 2196 [υενε.
2517 2125 2666 2199 1-3.]
2706 2129 2962 2195 Quoniam
2992 2149 3086 2190 vos
3114 2150 3216 2190 non
3239 2138 3408 2194 solum
3431 2143 3596 2199 oculis
3618 2160 3757 2201 cor-

2176 2215 2319 2285 poris
2342 2258 2356 2279 .
2379 2217 2471 2271 sed
2497 2219 2651 2274 etiam
2677 2222 2838 2278 corde
2865 2226 3089 2295 vigilare
3113 2232 3481 2299 prtesumimus
3500 2276 3515 2299 ,
3548 2236 3754 2293 intelli-

2174 2316 2357 2378 genler
2379 2324 2476 2363 nos
2500 2322 2714 2369 cantare
2742 2323 2949 2384 Oportet
2980 2334 2995 2371 :
3032 2317 3111 2373 De
3149 2323 3416 2393 profundis
3439 2326 3646 2382 clamaui
3673 2331 3753 2385 ad

2175 2409 2238 2464 te,
2268 2398 2517 2467 Domine;
2543 2402 2776 2469 Domine,
2803 2407 2986 2461 exaudi
3008 2425 3172 2465 vocem
3200 2428 3380 2468 meam.
3410 2413 3612 2473 Etenim
3638 2435 3751 2477 vox

2173 2487 2288 2546 inec
2312 2493 2644 2549 ascendentis
2669 2506 2769 2561 est,
2802 2499 3070 2566 pertinens
3087 2501 3153 2555 ad
3178 2505 3440 2562 canticum
3461 2510 3748 2578 graduum.

2175 2581 2340 2639 Debet
2358 2585 2534 2656 itaque
2560 2590 2915 2661 unusquisque
2940 2602 3177 2649 nostrum
3208 2596 3388 2654 videre
3415 2599 3467 2654 in
3494 2616 3596 2671 quo
3615 2618 3750 2672 pro-

2175 2672 2336 2729 fundo
2359 2674 2454 2740 sit,
2481 2676 2549 2731 de
2573 2693 2679 2748 quo
2705 2679 2899 2735 clamet
2936 2682 3000 2736 ad
3043 2684 3343 2742 Dominum.
3374 2689 3632 2747 Clamavit
3669 2693 3751 2752 de

2173 2764 2434 2833 profundo
2456 2767 2636 2833 Jonas,
2654 2768 2922 2829 deventre
2944 2774 3045 2828 ceti
3072 2773 3254 2847 (Jonte
3272 2793 3331 2846 η,
3357 2780 3448 2852 2).
3476 2781 3604 2837 Erat
3628 2799 3752 2842 non

2173 2857 2344 2912 solum
2364 2859 2464 2915 sub
2478 2857 2741 2928 ﬂuctibus,
2758 2877 2939 2918 verum
2959 2864 3116 2920 etiam
3138 2867 3190 2922 in
3205 2869 3492 2926 visceribus
3507 2873 3701 2931 bellua:
3725 2894 3746 2945 ;

2173 2963 2273 3003 nec
2301 2957 2474 3005 tamen
2515 2950 2640 3006 illud
2668 2965 2860 3023 corpus
2886 2962 2942 3009 et
2985 2956 3060 3011 illi
3103 2957 3294 3017 ﬂuctus
3337 2954 3749 3026 intercluserunt

2173 3043 2461 3098 orationem
2492 3059 2558 3099 ne
2585 3045 2882 3114 perveniret
2922 3048 2988 3104 ad
3031 3049 3197 3107 Deum
3222 3094 3238 3119 ,
3267 3062 3319 3108 et
3343 3065 3526 3110 venter
3551 3057 3749 3115 bestiae

2173 3150 2280 3190 non
2334 3135 2503 3205 potuit
2555 3147 2736 3195 tenere
2786 3157 2971 3198 vocem
3025 3143 3379 3214 deprecantis.
3428 3149 3751 3215 Penetravit

2172 3228 2369 3295 omnia,
2399 3228 2620 3300 disrupit
2651 3234 2847 3301 omnia,
2874 3238 3115 3306 pervenit
3141 3240 3206 3293 ad
3235 3254 3392 3296 aures
3422 3242 3514 3297 Dei
3546 3261 3560 3298 :
3586 3245 3631 3300 si
3657 3255 3747 3301 la-

2175 3335 2294 3374 men
2315 3320 2593 3376 dicendum
2620 3332 2702 3378 est
2726 3325 2847 3394 quia
2875 3325 3124 3397 disruptis
3148 3330 3394 3388 omnibus
3415 3335 3653 3402 pervenit
3670 3336 3747 3393 ad

2172 3427 2326 3467 aures
2346 3413 2460 3480 Dei,
2482 3416 2694 3484 quando
2712 3431 2868 3474 aures
2895 3418 2990 3474 Dei
3020 3403 3259 3477 in‘corde
3285 3426 3548 3493 precantis
3565 3437 3744 3483 erant.

2173 3504 2270 3561 Ubi
2306 3506 2445 3560 enim
2478 3507 2639 3562 Deum
2684 3520 2996 3578 praesentem
3026 3527 3131 3568 non
3162 3514 3352 3582 habet,
3390 3517 3540 3586 cujus
3569 3518 3748 3576 ﬁdelis

2171 3604 2253 3650 est
2280 3598 2420 3650 vox?
2448 3596 2814 3654 Verumtamen
2840 3611 2894 3656 et
2920 3617 3018 3658 nos
3046 3602 3301 3659 debemus
3340 3605 3635 3675 intelligere
3668 3608 3750 3665 de

2170 3702 2276 3757 quo
2322 3688 2579 3757 profundo
2623 3690 2910 3748 clamemus
2958 3693 3024 3748 ad
3070 3694 3369 3751 Dominum.
3414 3697 3746 3756 Profundum

2171 3780 2310 3833 enim
2344 3780 2494 3834 nobis
2523 3793 2601 3836 est
2630 3783 2733 3836 vita
2765 3783 2861 3849 ista
2891 3786 3148 3842 mortalis.
3178 3786 3426 3859 Quisquis
3450 3804 3509 3846 se
3536 3792 3586 3845 in
3615 3807 3749 3862 pro-

2172 3869 2332 3925 fundo
2361 3872 2696 3937 intellexerit,
2727 3874 2939 3940 clamat,
2966 3878 3126 3946 gemit
3147 3918 3164 3946 ,
3190 3880 3437 3950 suspirat,
3475 3882 3646 3937 donec
3666 3881 3748 3939 de

2160 3961 2428 4031 profundo
2454 3972 2668 4019 eruatur
2687 4006 2701 4030 ,
2732 3974 2788 4019 et
2816 3968 2992 4031 veniat
3019 3967 3086 4023 ad
3111 3984 3229 4024 eum
3254 3971 3345 4041 qui
3370 3987 3530 4042 super
3554 3988 3750 4030 omnes

2167 4052 2388 4125 abyssos
2418 4054 2566 4110 sedet
2601 4064 2655 4110 et
2694 4070 2854 4126 super
2879 4057 3159 4114 Cherubim
3183 4102 3199 4127 ,
3234 4074 3394 4130 super
3418 4063 3594 4117 omnia
3620 4079 3749 4134 qua:

2169 4143 2367 4199 creavit
2388 4184 2404 4210 ,
2431 4160 2536 4201 non
2566 4145 2737 4201 solum
2762 4149 3072 4218 corporalia,
3107 4152 3199 4206 Sed
3225 4152 3384 4218 etiam
3411 4154 3698 4223 spiritualia
3724 4174 3745 4222 ;

2168 4233 2337 4292 donec
2359 4234 2426 4291 ad
2462 4251 2583 4292 eum
2608 4237 2783 4293 veniat
2809 4243 2981 4294 anima
3005 4281 3022 4307 ,
3064 4239 3234 4297 donec
3270 4242 3337 4297 ah
3366 4243 3458 4298 illo
3486 4244 3750 4301 liberetur

2169 4324 2341 4396 imago
2380 4326 2544 4397 ipsius
2569 4369 2585 4395 ,
2615 4328 2755 4399 quod
2784 4338 2866 4385 est
2895 4332 3055 4386 homo
3073 4371 3089 4399 ,
3120 4347 3238 4403 quae
3266 4334 3317 4388 in
3349 4334 3451 4391 hoc
3474 4334 3750 4406 profundo

2171 4418 2668 4487 tanquam‘assiduis
2711 4419 2953 4478 ﬂuctibus
2976 4425 3232 4494 exagitata
3257 4466 3275 4493 ,
3303 4425 3494 4482 detrita
3523 4435 3608 4483 cst
3635 4444 3653 4484 :
3681 4440 3751 4486 et

2169 4508 2271 4563 nisi
2293 4504 2573 4565 renovetur
2591 4520 2647 4566 et
2670 4521 2946 4581 reparetur
2970 4528 3000 4567 a
3026 4514 3154 4581 Deo,
3181 4516 3270 4586 qui
3298 4516 3440 4572 illam
3470 4518 3750 4588 impressit

2169 4598 2381 4668 quando
2431 4597 2673 4656 formavit
2718 4600 2985 4658 hominem
3023 4605 3044 4635 ²
3094 4603 3353 4677 (idoneus
3402 4613 3569 4676 putuit
3617 4624 3751 4666 esse

2171 4687 2330 4744 homo
2354 4689 2420 4745 ad
2448 4704 2629 4745 casum
2658 4707 2841 4759 suum;
2872 4709 2976 4748 non
3016 4703 3098 4749 est
3137 4694 3359 4751 idoneus
3398 4696 3464 4751 ad
3494 4712 3747 4755 resurre-

2170 4780 2407 4835 ctionem‘
2424 4795 2572 4835 suam
2593 4780 2634 4850 ),
2664 4792 2875 4853 semper
2901 4784 2954 4839 in
2985 4784 3245 4853 profundo
3272 4796 3385 4850 est;
3415 4788 3515 4842 nisi
3545 4787 3749 4844 libere-

2171 4881 2275 4939 tur,
2299 4882 2359 4929 ut
2381 4873 2509 4942 dixi,
2535 4889 2746 4946 semper
2764 4878 2817 4932 in
2844 4877 3104 4946 profundo
3130 4886 3231 4933 est.
3257 4878 3359 4935 Sed
3383 4894 3503 4935 cum
3526 4881 3594 4935 de
3614 4897 3749 4953 pro-

2171 4961 2333 5019 fundo
2358 4964 2568 5030 clamat,
2599 4967 2767 5037 surgit
2790 4967 2858 5022 de
2882 4967 3159 5038 profundo,
3189 4978 3244 5024 et
3268 4971 3382 5041 ipse
3409 4970 3611 5026 clamor
3631 4987 3748 5027 neu

2172 5072 2292 5113 eum
2331 5058 2584 5127 permittit
2624 5060 2846 5115 multum
2893 5060 2944 5115 in
2987 5060 3094 5116 imo
3133 5075 3271 5117 esse.
3302 5061 3470 5119 Valde
3509 5062 3654 5119 enim
3682 5064 3747 5122 in

2172 5148 2431 5218 profundo
2459 5159 2619 5216 sunt,
2650 5151 2737 5220 qui
2780 5165 2878 5205 nec
2906 5150 3133 5207 clamant
3175 5151 3242 5206 de
3285 5151 3564 5221 profundo.
3599 5153 3747 5210 Dicit

2174 5238 2443 5309 Scriptura
2472 5256 2487 5293 ε
2516 5237 2759 5295 Peccator
2778 5282 2794 5308 ,
2820 5232 2933 5295 cum
2958 5242 3140 5295 venerit
3163 5242 3217 5297 in
3242 5242 3549 5314 profundum
3572 5244 3746 5297 malo-

2175 5348 2304 5397 rum,
2337 5332 2602 5386 contemnit
2630 5330 2816 5406 (Prov.
2846 5348 2994 5399 xvm,
3018 5334 3108 5406 5).
3136 5333 3253 5389 .lam
3282 5335 3476 5401 videte,
3507 5335 3700 5390 fratres
3726 5378 3742 5400 ,

2175 5421 2330 5492 quale
2371 5419 2688 5490 profundum
2740 5425 2846 5488 sit,
2884 5425 2974 5478 ubi
3021 5425 3374 5482 contemnitur
3417 5425 3575 5481 Deus.
3605 5425 3744 5481 Cum

2175 5514 2395 5585 quisque
2414 5513 2603 5568 viderit
2621 5528 2679 5569 se
2704 5514 3020 5597 quotidianis
3045 5516 3278 5587 peccatis
3296 5516 3564 5584 obrutum,
3584 5530 3741 5572 accr-

2241 5627 2258 5659 ι
2282 5624 2449 5675 Plures
2470 5632 2594 5685 Mss,
2613 5624 2709 5686 qui.

2242 5689 2262 5720 ²
2280 5695 2362 5737 ωε
2382 5686 2563 5749 aliquot
2579 5695 2683 5739 Mss.
2711 5688 2906 5753 addunt,
2931 5702 3116 5755 semper
3137 5688 3188 5741 in
3217 5688 3455 5756 profundo
3475 5690 3585 5742 erit.
