4032 6202
475 214 609 272 i699

1692 210 1749 266 S.
1791 211 2147 268 AUGUSTINI
2189 212 2480 270 EPISCOPI

471 326 644 395 capita
663 338 823 395 super
844 336 902 376 se
926 319 1147 376 invicem
1168 334 1395 390 ponere;
1423 329 1478 376 et
1499 335 1652 388 unus,
1672 322 1760 391 qui
1783 331 1905 378 ante
1930 334 2029 386 est,
2056 379 2099 391 κ

3574 219 3598 275 i
3606 222 3711 277 700

2142 323 2319 391 homo,
2351 327 2394 381 si
2422 326 2549 381 nihil
2575 327 2735 393 aliud,
2765 331 2845 384 vel
2874 346 2967 402 per
2988 328 3336 411 cogitationes
3366 340 3415 386 et
3443 331 3707 404 linguam,

472 417 618 471 solus
644 422 813 483 portat
847 420 1005 479 caput
1046 420 1097 464 et
1141 425 1243 464 non
1285 410 1429 480 ponit
1458 426 1617 480 super
1645 406 1865 468 alierum
1901 411 2090 478 :scd’.,:
2139 417 2361 472 attendit
2401 434 2558 488 quam
2615 421 2775 475 multa
2806 423 2950 486 sint;
2995 424 3116 476 etsi
3157 406 3380 476 attendit
3399 438 3560 493 quam
3602 429 3710 481 nti-

473 519 593 559 cum
619 512 670 557 et
700 502 810 571 ipse
850 499 1139 560 defecerit,
1173 500 1305 553 tollit
1330 516 1388 555 se
1425 500 1492 554 ab
1519 502 1782 556 anteriore
1814 514 1959 572 parte
1984 513 2038 559 et

477 599 610 652 redit
636 596 913 666 posterius,
945 603 1001 648 ut
1029 604 1081 647 et
1110 594 1220 662 ipse
1248 594 1297 646 in
1325 594 1489 673 altero
1516 596 1811 663 requiescat
1840 614 1852 649 :
1880 606 1933 652 et
1960 598 2037 653 sic

472 697 681 757 pzrl‘lattl
705 700 892 739 omnes
918 700 1079 739 onera
1107 700 1199 738 sua
1223 726 1237 749 ,
1263 694 1315 739 et
1343 686 1653 754 perveniunt
1680 687 1746 741 ad
1780 689 1918 757 quod
1945 690 2039 743 de-

465 779 733 842 siderant;
764 786 816 831 et
842 794 944 830 non
976 776 1243 845 patiuntur
1264 776 1609 847 naufragium,
1633 779 1751 848 quia
1774 780 1922 850 quasi
1942 796 2036 835 na-

464 869 542 923 vis
565 877 645 923 est
670 869 773 922 illis
795 867 1044 921 Charitas.
1072 867 1247 936 Itaque
1271 867 1501 921 Charitas
1527 878 1702 937 portat
1726 886 1916 934 onera;
1940 874 2032 927 sed

465 976 567 1015 non
602 961 783 1015 timeat
814 976 879 1014 ne
908 968 1177 1029 prematur
1205 959 1395 1013 talibus
1425 960 1675 1014 oneribus
1708 979 1721 1015 :
1754 977 1819 1016 ne
1844 976 2031 1030 pecca-
2080 974 2083 975 '

466 1055 530 1110 tis
556 1055 666 1109 suis
689 1055 1049 1122 unusqniSqne
1073 1061 1360 1123 prematur,
1388 1052 1642 1107 attendat.
1668 1052 1801 1108 Nam
1823 1054 2033 1124 quando

464 1156 643 1215 portas
671 1126 1026 1200 infirmitatem
1056 1144 1231 1197 fratris
1254 1144 1349 1209 tui,
1374 1158 1478 1198 non
1508 1153 1557 1198 te
1574 1153 1799 1219 onerant
1821 1156 2032 1214 peccata

467 1239 649 1307 ipsius.
683 1237 844 1291 Plane
873 1238 915 1290 si
951 1236 1272 1299 consentias,
1298 1236 1406 1305 jam
1435 1246 1519 1290 tua
1554 1244 1606 1291 te
1628 1246 1900 1306 premunt.
1927 1253 2030 1293 non

460 1331 701 1384 alterius.
719 1330 965 1399 Quisquis
982 1329 1120 1383 enim
1144 1329 1470 1383 consenserit
1486 1328 1767 1398 peccatori,
1787 1345 1891 1383 non
1904 1328 2034 1383 alie-

463 1432 544 1477 nts
565 1463 579 1484 ,
610 1421 700 1476 sed
729 1423 839 1475 suis
864 1430 1128 1492 gravatur.
1156 1420 1447 1475 Consensio
1484 1421 1625 1475 enim
1655 1420 1720 1475 ad
1757 1431 2030 1490 peccatum

461 1515 697 1575 alterius,
732 1523 875 1568 tuum
900 1513 955 1566 lit
985 1522 1291 1585 peccatum;
1324 1522 1376 1566 et
1402 1526 1507 1566 non
1537 1522 1620 1567 est
1645 1527 1810 1581 quare
1833 1527 2029 1582 quera-
2062 1582 2069 1587 ί

460 1608 534 1661 ris
555 1605 692 1674 quod
720 1616 931 1675 perc-ua
959 1605 1127 1660 aliena
1152 1613 1204 1659 te
1233 1614 1494 1673 premant.
1519 1605 1721 1660 Dicitur
1739 1607 1879 1661 enim
1898 1605 2027 1661 tibi:

460 1695 708 1750 Prentunt
734 1705 814 1759 te,
843 1696 933 1749 sed
966 1704 1073 1749 tua.
1098 1694 1285 1749 Vidisti
1316 1696 1502 1758 furem,
1521 1696 1798 1751 cucurristi
1815 1712 1934 1751 cum
1963 1712 2029 1751 eo

461 1788 478 1854 (
500 1785 639 1840 Psal.
671 1804 810 1847 thx,
839 1784 954 1856 l8).
983 1786 1119 1853 Quid
1146 1795 1228 1841 est
1252 1784 1392 1841 hoc?
1418 1786 1646 1842 Pedibus
1664 1786 1940 1843 ambulasti
1960 1787 2029 1843 ad

460 1878 692 1941 furtum;
722 1876 827 1930 imo
867 1887 1044 1931 tuente
1081 1876 1401 1945 conjunxisti
1432 1886 1482 1932 te
1518 1876 1617 1932 furi
1650 1895 1663 1931 :
1695 1878 1834 1948 quod
1862 1879 2027 1950 ipsius

458 1969 628 2023 solum
654 1976 785 2027 erat.
813 1966 1006 2022 factum
1029 1976 1111 2022 est
1136 1975 1317 2031 tuum;
1344 1968 1465 2037 quia
1491 1967 1690 2037 placuit
1714 1957 1833 2023 tibi.
1853 1969 1908 2025 Si
1935 1984 2023 2024 au-

460 2071 561 2114 tem
585 2059 917 2128 displicuerit
940 2060 1054 2125 tibi,
1078 2066 1132 2114 et
1155 2058 1391 2113 oraveris
1417 2073 1513 2127 pro
1533 2074 1616 2123 eo,
1641 2069 1695 2115 et
1714 2058 2026 2129 deprecatus

458 2152 667 2207 veniam
695 2151 927 2211 dederis.
956 2160 1013 2205 ut
1044 2152 1212 2220 possis
1237 2150 1401 2206 libera
1430 2149 1601 2208 fronte
1625 2151 1801 2207 dicere
1826 2151 1879 2206 in
1906 2167 2027 2222 pre-

456 2245 604 2298 cibus
627 2245 750 2310 tuis,
772 2258 904 2313 quas
932 2243 1022 2297 tibi
1049 2242 1394 2311 JuriSperitus
1418 2243 1649 2299 caelestis
1674 2242 1907 2309 dictavit,
1935 2241 2025 2295 Di-

455 2337 593 2387 mitte
617 2335 754 2388 nobis
783 2334 946 2388 drbita
971 2344 1141 2388 nostra
1165 2374 1179 2396 ,
1206 2334 1332 2388 sicut
1356 2344 1404 2387 et
1431 2350 1520 2387 nos
1549 2334 1845 2388 dimittimus
1880 2334 2022 2387 debi-

457 2424 642 2479 toribus
680 2426 894 2486 nostris;
934 2423 1160 2478 didicisti
1204 2432 1415 2495 portare
1441 2439 1602 2478 onera
1629 2423 1804 2480 fratris
1831 2425 1938 2488 tui;
1968 2433 2024 2479 ut

453 2526 508 2571 ct
532 2514 667 2570 alius
698 2524 871 2585 portet
898 2516 941 2569 si
972 2530 1072 2585 qua
1102 2524 1228 2569 sunt
1266 2522 1382 2580 tua,
1410 2524 1464 2569 et
1504 2516 1595 2569 liat
1621 2515 1670 2569 in
1698 2514 1849 2569 vobis
1883 2514 2023 2585 quod

453 2609 527 2663 ait
554 2608 856 2678 Apostolus,
884 2605 1105 2661 Invicem
1139 2622 1290 2660 onera
1318 2616 1476 2659 vestra
1500 2614 1694 2676 portate
1712 2647 1728 2672 ,
1760 2614 1806 2660 et
1833 2606 1905 2660 sic
1927 2605 2024 2659 im-

455 2699 651 2770 plebitis
689 2700 846 2771 legem
871 2696 1075 2754 Christi.
1106 2699 1179 2753 ita
1222 2712 1442 2753 securus
1478 2708 1659 2753 cantas
1687 2697 1826 2769 quod
1865 2696 2022 2753 modo

453 2791 649 2846 dictum
673 2800 773 2857 est,
809 2789 1020 2861 Propter
1041 2789 1194 2860 legem
1222 2800 1358 2842 luant
1384 2788 1597 2843 sustinui
1621 2798 1688 2855 te,
1717 2787 1946 2842 Domine.

519 2882 572 2936 5.
619 2881 764 2936 llanc
789 2891 964 2935 autem
995 2879 1163 2950 legem
1192 2880 1281 2946 qui
1313 2895 1413 2933 non
1442 2887 1639 2943 servat,
1670 2893 1767 2933 nec
1790 2880 2021 2937 sustinet

458 2972 777 3036 Dominum;
830 2985 947 3038 nec,
986 2970 1030 3024 si
1054 2970 1178 3023 velit
1223 2970 1504 3034 sustinere,
1535 2983 1692 3023 causa
1730 2978 1811 3024 est
1853 2985 2018 3040 quare

448 3063 733 3126 sustineat;
762 3061 985 3116 inaniter
1011 3057 1255 3114 sustinet.
1279 3059 1541 3114 Venturns
1568 3067 1649 3113 est
1671 3060 1809 3113 enim
1835 3060 2015 3114 Domi-

448 3170 568 3219 nus,
600 3163 652 3209 ct
682 3155 989 3207 inventurus
1015 3161 1224 3220 peccata
1256 3160 1341 3203 tua
1368 3168 1381 3213 ;
1414 3150 1551 3219 quod
1580 3152 1810 3219 perfecta
1839 3160 2014 3206 autem

448 3246 648 3315 juStitia
667 3245 859 3307 vixisti,
890 3259 991 3296 non
1023 3244 1349 3295 inventurus.
1386 3241 1673 3295 Homicidia
1698 3240 1850 3307 forte,
1891 3259 2014 3313 gra—

447 3335 528 3390 via
552 3343 675 3389 sunt
693 3337 832 3389 enim
862 3345 914 3387 et
954 3332 1103 3387 valde
1129 3332 1349 3399 majora,
1394 3348 1496 3385 non
1547 3340 1629 3386 est
1671 3333 2010 3401 inventurus;

446 3426 765 3480 adulteriqu
797 3440 899 3478 non
929 3434 1010 3478 est
1040 3423 1381 3486 inventurus,
1415 3420 1551 3476 furta
1580 3438 1684 3493 non
1715 3435 1796 3479 est
1823 3424 2011 3480 inven-

447 3528 613 3580 turus,
649 3519 880 3589 rapinam
911 3532 1012 3569 mm
1040 3526 1120 3570 est
1151 3517 1478 3579 inventurus,
1526 3516 1778 3569 maleficia
1802 3532 1906 3571 non
1932 3528 2012 3572 est

452 3611 778 3673 inventurus,
809 3608 1158 3681 idololatriam
1184 3616 1387 3660 nonest
1412 3608 1717 3662 inventurus
1746 3612 1785 3673 ’ς
1805 3625 1905 3663 non
1931 3620 2012 3664 est

445 3704 539 3756 ista
573 3703 896 3755 inventurus.
927 3700 1066 3754 Nihil
1095 3716 1223 3769 ergo
1254 3700 1705 3777 est‘invcuturus?
1735 3701 1869 3754 Audi
1890 3717 2009 3756 scr-

445 3812 651 3848 tuunetn
684 3793 946 3861 Evangelii
979 3811 991 3843 :
1023 3792 1119 3855 Qui
1158 3790 1341 3854 dixerit
1380 3790 1524 3859 fratri
1549 3807 1661 3855 suo,
1706 3789 1888 3844 Fatue.
1928 3791 2010 3845 Al)

444 3886 557 3939 istis
580 3884 737 3938 etiam
786 3881 1011 3951 peccatis
1042 3882 1229 3949 linguae
1277 3879 1644 3933 minutissimis
1687 3880 1804 3949 quis
1846 3879 2008 3934 absti-

443 3979 574 4033 net?
603 3976 707 4033 Sed
741 3976 873 4030 forte
907 3975 1056 4036 dicis,
1092 3973 1256 4028 Parva
1297 3980 1442 4026 sunt.
1485 3969 1618 4025 Reus
1667 3971 1780 4038 erit,
1818 3970 2004 4041 inquit,

442 4072 677 4141 ganeum:
698 4065 1052 4140 ignisUlattli.
1081 4063 1266 4135 v,22).
1296 4062 1351 4118 Si
1381 4078 1595 4132 parvum
1618 4061 1710 4116 tibi
1736 4062 2008 4117 videbatur

441 4175 526 4215 aut
559 4162 841 4222 modicum,
875 4158 1016 4211 fratri
1048 4156 1244 4216 dicere,
1275 4153 1457 4217 Fatue,
1489 4154 1572 4207 vel
1599 4155 1838 4225 gebenna
1869 4154 2002 4223 ignis

443 4255 680 4308 videatur
709 4252 799 4305 tibi
832 4266 1017 4319 magna
1047 4267 1059 4303 :
1091 4250 1134 4303 si
1181 4249 1556 4302 contemnebas
1596 4250 1771 4303 minus
1815 4263 1999 4317 pecca-

444 4357 574 4408 tum,
619 4345 700 4405 vel
746 4358 913 4413 postue
961 4340 1318 4411 magnitudine
1347 4338 1637 4394 deterrere.
1679 4338 1784 4394 Sed
1826 4339 2003 4394 dicis:

441 4438 638 4494 Minora
686 4444 830 4499 sunt,
877 4434 1088 4503 minuta
1120 4438 1261 4496 sunt,
1311 4430 1428 4486 sine
1475 4431 1664 4500 quibus
1700 4445 1803 4484 non
1834 4439 2007 4500 potest

442 4547 561 4586 esse
589 4530 685 4583 ista
717 4528 843 4582 vita.
868 4524 1107 4595 Congere
1146 4524 1369 4589 minuta,
1402 4530 1456 4576 et
1502 4519 1700 4575 faciunt
1739 4521 2005 4592 ingentem

441 4635 709 4678 acervum.
740 4617 870 4673 Nam
901 4626 953 4672 et
979 4626 1140 4686 grana
1168 4614 1363 4668 minuta
1388 4620 1530 4676 sunt,
1574 4622 1627 4665 et
1653 4622 1825 4667 tamen
1863 4628 2005 4668 mas-

440 4731 552 4774 sam
586 4713 817 4769 faciunt:
845 4719 899 4764 et
923 4718 1086 4780 gutta:
1130 4708 1345 4762 minuta:
1369 4713 1510 4766 sunt,
1558 4713 1612 4758 et
1654 4703 1868 4757 ﬂumina
1901 4705 2003 4759 itu-

446 4808 613 4880 plent,
669 4812 724 4858 et
775 4803 942 4858 moles
972 4799 1203 4856 trahunt.
1268 4788 1398 4854 ldeo'
1433 4806 1487 4853 et
1535 4796 1622 4851 ille
1664 4794 2005 4852 considerans

438 4915 596 4972 quam
644 4896 806 4952 multa
854 4894 1052 4950 minuta
1094 4899 1311 4964 peccata
1354 4888 1671 4961 quotidiana
1711 4890 2007 4946 committat

502 5119 518 5151 ι
547 5122 594 5166 ιιι
631 5121 679 5164 Β.
716 5113 785 5164 sic
817 5110 1032 5172 legitur:
1073 5124 1096 5155 ι
1127 5113 1367 5172 Venturns
1402 5111 1479 5156 est
1510 5106 1638 5172 enim
1671 5105 1930 5172 Dominus,
1954 5114 2008 5172 et

443 5196 467 5226 ι
490 5172 773 5229 inventurus
794 5166 984 5240 peccata
1002 5178 1098 5221 tua.
1113 5169 1243 5240 Quod
1269 5176 1433 5240 autem
1451 5166 1663 5240 perfecta
1680 5166 1863 5240 justitia
1884 5167 2008 5240 visi.

446 5259 468 5287 ι
490 5243 570 5299 sti,
597 5253 689 5302 non
715 5228 1095 5302 est'inveutnrus
1113 5230 1360 5302 homicidia
1384 5228 1530 5302 forte:
1562 5228 1731 5302 gravia
1742 5234 1855 5302 sunt
1877 5229 2005 5302 enim

445 5320 467 5348 ι
495 5288 545 5352 et
559 5288 706 5352 'valde
732 5298 922 5358 majora.
953 5302 1050 5344 Non
1072 5300 1149 5342 est
1169 5297 1453 5358 inventurus
1473 5288 1778 5358 adulterium,
1801 5301 1896 5338 non
1930 5298 2007 5342 est

445 5380 468 5411 ι
491 5365 774 5414 inventurus
796 5352 917 5426 nuta
934 5391 967 5426 ,Α
991 5368 1085 5426 non
1108 5360 1185 5403 est
1204 5352 1486 5426 inventtn'us
1511 5352 1767 5426 rapinam,
1782 5363 1906 5426 pou.
1920 5361 2008 5426 est

447 5442 470 5471 ι
495 5411 779 5472 inventurus
813 5417 1067 5474 maleﬁcia,
1111 5428 1204 5464 non
1248 5421 1323 5463 est
1361 5411 1646 5462 inventurus
1680 5411 2005 5474 idololatriam.

448 5501 470 5530 ι
494 5498 587 5533 non
612 5491 689 5532 est
708 5485 795 5531 ista
820 5473 1103 5547 inventuros
1125 5492 1138 5527 :
1164 5475 1431 5547 nihiliergq
1446 5482 1521 5524 est
1544 5473 1855 5547 inventurus?
1892 5474 2008 5525 audi

445 5562 468 5592 ι
491 5556 767 5594 sermonem
792 5540 1056 5602 Evangelii,
1076 5557 1098 5583 ι
1131 5546 1226 5589 etc.
1269 5536 1397 5602 Hune
1420 5536 1572 5586 locum
1615 5536 1908 5586 restituimus
1943 5548 2007 5586 ex

442 5614 523 5655 Its.
557 5604 685 5652 ωλι).
709 5610 822 5665 tteg.
842 5599 939 5652 Bibi
965 5602 1261 5663 Parisiensis,
1290 5599 1398 5649 198]
1427 5605 1693 5647 numerato.
1786 5602 1842 5646 tt.

2140 518 2265 562 nuta
2292 508 2417 574 sint,
2449 511 2591 565 videt
2629 527 2720 580 per
2746 514 2906 566 multa
2928 515 3122 566 minuta
3160 513 3272 568 fieri
3310 527 3558 569 acervum
3593 533 3713 572 ma-

2138 612 2333 667 gnum;
2378 608 2430 675 et
2471 615 2574 654 non
2603 602 2749 669 quasi
2782 612 2991 672 peccata
3034 617 3126 656 sua
3180 602 3397 671 pristina
3445 606 3711 675 cogitans.

2138 690 2229 743 sed
2277 690 2441 759 ipsam
2499 691 2832 761 fragilitatem
2888 692 3193 757 humanam,
3235 694 3343 764 jam
3408 698 3710 752 ascendens

2137 780 2329 833 clamat
2359 794 2371 832 :
2405 779 2480 834 De
2523 782 2785 851 profundis
2823 783 3035 837 clamavi
3060 784 3127 836 ad
3177 794 3241 847 te,
3289 784 3545 850 Domine;
3593 787 3707 842 Do-

2137 870 2285 931 mine,
2308 872 2492 924 exaudi
2519 888 2684 925 vocem
2715 890 2893 926 meum.
2928 872 3080 927 Fiunt
3105 892 3251 928 aures
3276 885 3374 929 tute
3399 878 3715 934 intendentes

2136 963 2187 1015 in
2212 979 2375 1016 vorem
2400 963 2757 1032 deprecationis
2787 981 2926 1019 mete.
2977 966 3037 1020 Si
3063 966 3345 1033 iniquitates
3371 969 3714 1026 observaveris

2136 1051 2387 1117 Domine;
2416 1054 2649 1120 Domine,
2678 1072 2787 1125 quis
2817 1055 3121 1110 sustinebit?
3156 1057 3332 1112 Vitare
3366 1072 3578 1126 possum
3610 1060 3714 1114 bo-

2137 1149 2664 1215 mieidia,adulteria,
2696 1151 2925 1219 rapinas,
2966 1151 3216 1220 periuria,
3256 1152 3539 1211 maleﬁcia.
3591 1154 3713 1208 ido-

2135 1239 2391 1294 lolatriant
2418 1257 2432 1304 ;
2485 1240 2733 1310 numquid
2760 1250 2812 1295 et
2843 1252 3052 1309 peccata
3081 1243 3317 1311 linguae?
3363 1245 3619 1313 numquid
3655 1257 3713 1300 et

2135 1342 2346 1400 peccata
2372 1332 2588 1387 cordis?
2613 1332 2877 1402 Scriptum
2899 1342 2979 1387 est
3009 1350 3023 1387 :
3059 1331 3326 1386 Peccatum
3366 1334 3604 1404 iniquitas
3633 1350 3713 1391 est

2133 1421 2178 1489 (Ι
2201 1420 2353 1475 Joan.
2390 1439 2464 1484 nt,
2489 1422 2567 1492 4).
2611 1422 2735 1491 Quis
2771 1438 2898 1491 ergo
2923 1423 3201 1490 sustinebit,
3245 1425 3291 1478 si
3325 1434 3379 1478 tu
3421 1426 3710 1496 iniquitates

2132 1507 2509 1565 observaveris?
2556 1513 2600 1567 si
2634 1513 2906 1567 nobiscum
2954 1529 3169 1569 severus
3202 1513 3366 1583 judex
3403 1531 3562 1587 agere
3605 1534 3708 1573 vo-

2133 1600 2312 1665 lneris,
2356 1617 2458 1655 non
2487 1602 2785 1658 misericors
2817 1613 2983 1672 pater,
3012 1606 3130 1673 quis
3158 1605 3319 1660 stabit
3341 1617 3465 1661 ante
3509 1609 3705 1666 oculos

2134 1694 2283 1746 tuos?
2310 1694 2411 1748 Sed
2440 1695 2674 1769 estapud
2698 1704 2745 1749 te
2770 1696 3058 1765 propitiatio
3085 1712 3107 1761 ;
3147 1678 3350 1767 propter
3376 1699 3529 1770 legem
3560 1710 3710 1756 tuam

2128 1787 2338 1841 sustinui
2366 1796 2430 1852 te,
2458 1786 2691 1841 Domine.
2718 1788 2897 1855 Qualis
2918 1798 3000 1842 est
3027 1788 3111 1843 lex
3137 1789 3279 1844 ista?
3309 1788 3530 1847 Invicem
3550 1808 3708 1848 onera

2128 1890 2287 1932 vestra
2317 1889 2528 1948 portate,
2561 1890 2606 1934 et
2631 1881 2703 1933 sic
2728 1878 2995 1950 implebitis
3020 1880 3178 1950 legem
3207 1881 3410 1936 (.‘ltristi.
3440 1882 3540 1950 Qui
3572 1900 3707 1955 por-

2129 1976 2241 2021 tant
2267 1970 2489 2024 invicem
2520 1985 2679 2023 onera
2711 1970 2842 2023 sua?
2870 1969 2971 2038 Qui
2997 1969 3222 2024 fideliter
3248 1972 3448 2035 dicunt,
3480 1971 3699 2028 Dimitte

2129 2060 2267 2113 nobis
2286 2060 2448 2113 debita
2469 2073 2658 2125 nostra,
2706 2061 2831 2115 sicut
2871 2071 2918 2115 et
2947 2077 3038 2115 nos
3066 2060 3363 2116 dimittimus
3395 2063 3705 2120 debitoribus

2127 2152 2330 2208 nostris.

2196 2244 2249 2299 6.
2281 2244 2531 2301 Sustinuit
2554 2246 2724 2299 anima
2748 2262 2857 2301 mea
2883 2246 2934 2300 in
2962 2246 3163 2301 verbum
3185 2256 3346 2301 tuum.
3386 2246 3549 2301 Nemo
3569 2262 3706 2303 sus‘

2130 2337 2283 2402 tinet,
2330 2337 2428 2391 nisi
2448 2338 2535 2415 qui
2568 2338 2798 2392 nondum
2823 2338 3025 2408 accepit
3052 2337 3192 2408 quod
3226 2340 3539 2408 promissum
3569 2349 3657 2395 cst
3684 2358 3702 2395 :

2099 2414 2247 2481 ‘nam
2285 2427 2373 2498 qui
2391 2427 2499 2496 jam
2529 2428 2752 2496 accepit,
2792 2428 2917 2498 quid
2958 2427 3219 2482 sustinet?
3265 2429 3581 2499 Accepimus
3608 2444 3705 2485 re-

2125 2519 2430 2574 missionem
2475 2528 2853 2589 peccatorum;
2900 2519 2995 2575 sed
3039 2521 3359 2589 promissum
3410 2530 3495 2575 est
3542 2520 3703 2577 nobis

2126 2626 2344 2681 regnum
2387 2612 2640 2667 calorum
2672 2628 2686 2665 :
2716 2612 2890 2667 debita
2936 2620 3117 2668 nostra
3165 2612 3341 2668 deleta
3376 2622 3537 2676 sunt;
3594 2614 3700 2670 sed

2123 2716 2330 2758 merces
2349 2710 2525 2757 nostra
2554 2701 2727 2756 adhuc
2761 2699 2936 2757 futura
2962 2712 3043 2758 est
3075 2720 3089 2756 :
3117 2704 3418 2773 accepimus
3443 2705 3651 2759 veniam
3676 2722 3697 2769 ;

2122 2792 2217 2846 sed
2241 2802 2495 2848 aeternam
2521 2793 2678 2847 vitam
2703 2793 2934 2847 nondum
2983 2804 3241 2848 tenemus.
3296 2795 3400 2850 Sed
3425 2796 3510 2866 qui
3537 2795 3698 2851 dedit

2121 2882 2352 2951 veniam,
2381 2883 2495 2953 ipse
2522 2885 2761 2953 promisit
2797 2891 2852 2938 et
2870 2884 3029 2937 vitam
3057 2894 3331 2939 mternam.
3383 2885 3436 2940 Si
3465 2887 3697 2943 verbum

2122 2980 2357 3027 nostrum
2386 2981 2546 3039 esset,
2577 2973 2888 3027 deberemus
2919 2972 3103 3028 timere
3128 2991 3142 3028 :
3167 2974 3288 3044 quia
3335 2975 3549 3030 verbum
3592 2977 3695 3033 Dei

2120 3075 2221 3129 est,
2253 3081 2356 3120 non
2386 3064 2537 3135 fallit,
2563 3066 2743 3121 Securi
2772 3080 2898 3136 ergo
2921 3081 3195 3135 Spem-unus
3235 3067 3286 3120 in
3312 3069 3527 3122 verbum
3569 3068 3699 3137 ejus

2118 3156 2207 3225 qui
2233 3155 2413 3211 fallere
2442 3171 2545 3210 non
2575 3165 2767 3225 potest.
2813 3157 3042 3226 Speravit
3062 3157 3234 3210 anima
3258 3174 3370 3212 mea
3410 3156 3464 3212 in
3502 3158 3696 3214 Domi-

2118 3262 2256 3307 num,
2285 3262 2317 3298 a
2342 3246 2512 3315 vigilia
2549 3247 2790 3299 matutina
2837 3264 2992 3316 usqu:
3042 3249 3108 3300 ad
3154 3257 3365 3301 noctem.
3414 3250 3548 3318 Quid
3600 3261 3696 3307 est

2116 3336 2254 3404 quod
2284 3336 2395 3388 ait?
2423 3352 2527 3389 uno
2555 3336 2643 3390 die
2674 3337 2908 3405 speravit
2931 3337 2981 3391 in
3015 3338 3317 3404 Dominum,
3351 3350 3405 3394 et
3435 3341 3576 3395 finita
3600 3351 3696 3397 est

2116 3434 2221 3479 tota
2251 3442 2371 3495 spes
2398 3427 2557 3495 ipsius
2581 3428 2605 3481 ?
2647 3427 2891 3498 Avigilia
2917 3430 3161 3482 matutina
3187 3447 3343 3498 usque
3366 3432 3433 3485 ad
3460 3444 3689 3497 noctem,

2113 3519 2325 3586 speravit
2350 3521 2400 3571 in
2429 3520 2714 3572 Dominum.
2766 3520 2865 3574 Ista
2907 3520 3077 3589 vigilia
3118 3525 3394 3587 matutina,
3439 3526 3559 3579 linis
3587 3544 3693 3580 n0—

2113 3609 2212 3661 ctis
2244 3618 2355 3671 est;
2382 3609 2500 3662 hinc
2523 3626 2679 3677 usque
2721 3610 2788 3662 ad
2842 3622 3032 3663 noctem
3060 3614 3274 3688 spergvit
3301 3616 3472 3668 anima
3494 3632 3604 3669 mea
3626 3618 3691 3671 in

2112 3697 2401 3751 Dominum.
2447 3700 2583 3769 Ergo
2610 3684 3007 3769 intelligendum
3046 3710 3145 3765 est,
3171 3684 3247 3756 ‘ne
3287 3718 3531 3771 putemus
3572 3722 3690 3773 uno

2111 3790 2197 3845 die
2225 3791 2376 3846 nobis
2401 3791 2716 3861 sperandum
2746 3807 2865 3846 esse
2892 3792 2942 3845 in
2970 3792 3268 3861 Dominum,
3297 3796 3343 3848 A
3377 3797 3546 3867 vigilia
3566 3815 3693 3852 ma-

2109 3885 2272 3936 tutina
2298 3901 2449 3953 usque
2487 3886 2555 3938 ad
2592 3895 2801 3939 noctem.
2830 3885 2967 3952 Quid
3012 3901 3142 3957 ergo
3172 3890 3390 3956 putatis,
3441 3889 3632 3947 fratres
3656 3894 3686 3947 ?

2110 3969 2346 4041 lloc'est,
2378 3978 2422 4030 Α
2446 3978 2615 4047 vigilia
2644 3978 2888 4032 matutina
2918 3995 3071 4048 usque
3107 3980 3174 4033 ad
3209 3992 3421 4046 noctem,
3464 3987 3685 4055 speravit

2108 4067 2276 4119 anima
2306 4083 2415 4120 mea
2439 4068 2492 4121 in
2529 4067 2803 4123 Dominum
2830 4069 2845 4100 ¹
2877 4086 2891 4123 :
2919 4068 3038 4138 quia
3084 4069 3339 4126 Dominus
3385 4089 3476 4142 per
3516 4091 3684 4144 quem

2108 4156 2260 4211 nobis
2286 4157 2499 4212 dimissa
2527 4155 2649 4212 sntit
2677 4166 2912 4229 peccata,
2941 4159 2994 4213 in
3021 4158 3192 4230 vigilia
3221 4163 3479 4218 matutina
3499 4180 3685 4220 resur-

2107 4248 2244 4304 rexit
2271 4265 2299 4302 a
2331 4252 2575 4315 mortuis,
2608 4261 2665 4306 ut
2701 4250 2805 4307 hoc
2846 4266 3124 4322 speremus
3157 4252 3210 4308 in
3252 4255 3405 4310 nobis
3441 4255 3679 4314 futurum

2107 4339 2247 4409 quod
2272 4342 2543 4410 pnecessit
2572 4342 2623 4395 in
2653 4342 2896 4396 Domino.
2926 4341 3042 4397 Jam
3070 4342 3209 4396 enim
3242 4353 3453 4413 peccata
3493 4357 3681 4403 nostra

2106 4433 2319 4488 dimissa
2348 4442 2493 4498 sunt,
2517 4433 2611 4489 sed
2650 4433 2883 4489 nondum
2915 4436 3299 4490 resurreximus
3326 4455 3339 4491 :
3370 4438 3414 4492 si
3438 4441 3679 4496 nondum

2107 4526 2510 4590 resurreximus,
2534 4525 2766 4581 nondum
2794 4528 2844 4581 in
2873 4526 3025 4594 nobis
3049 4527 3239 4581 factum
3260 4538 3344 4585 est
3366 4532 3507 4601 quod
3536 4548 3684 4603 pne-

2106 4616 2266 4670 cessit
2292 4616 2347 4671 in
2367 4616 2539 4687 capite
2565 4627 2765 4672 nostro.
2810 4616 2945 4684 Quid
2975 4620 3245 4687 pmcessit
3282 4622 3331 4675 itt
3359 4623 3530 4692 capite
3578 4640 3682 4679 no-

2108 4707 2261 4761 stro?
2288 4706 2433 4774 Quia.
2451 4717 2504 4763 et
2531 4721 2654 4763 caro
2684 4709 2845 4777 ipsius
2868 4710 3052 4778 capitis
3094 4713 3417 4780 resurrexit;
3456 4716 3683 4784 spiritus

2108 4798 2246 4853 illius
2269 4799 2457 4869 capitis
2482 4801 2730 4871 numquid
2762 4810 2998 4858 mortuus
3022 4806 3144 4861 est?
3178 4806 3280 4862 Sed
3318 4808 3458 4878 quod
3509 4809 3561 4863 in
3604 4826 3681 4864 eu

2106 4899 2370 4945 mortuum
2410 4900 2508 4954 est.
2558 4894 2867 4948 resurrexit.
2936 4894 3246 4952 Resurrexit
3289 4909 3467 4955 autem
3515 4890 3677 4958 tertia

2106 4981 2230 5046 die;
2274 4991 2329 5037 et
2371 4982 2597 5052 quodam
2641 4984 2798 5040 modo
2845 4985 2946 5042 ltoc
2990 4988 3145 5044 nobis
3192 4988 3325 5043 dixit
3376 4991 3675 5047 Dominus:

2106 5073 2255 5143 Quod
2276 5073 2328 5129 in
2358 5089 2443 5129 me
2479 5074 2704 5142 vidistis,
2752 5088 2962 5147 sperate
3009 5081 3060 5134 in
3086 5081 3266 5147 vobis;
3302 5081 3354 5137 id
3397 5092 3497 5150 est,
3548 5085 3685 5154 quia

2106 5182 2205 5239 ego
2230 5167 2515 5233 resnrrexi,
2546 5168 2832 5239 resurgens
2853 5179 2907 5226 ct
2934 5186 3053 5228 vos.

2177 5258 2229 5310 7.
2257 5256 2361 5312 Sed
2382 5267 2502 5312 sunt
2529 5258 2615 5325 qui
2641 5257 2818 5314 dicant
2842 5279 2856 5316 :
2878 5261 3018 5318 Ecce
3042 5263 3335 5319 resurrexit
3379 5264 3635 5321 Dominus
3654 5285 3682 5332 ς

2106 5346 2358 5417 numquid
2398 5357 2672 5417 propterea
2716 5351 3034 5420 sperandum
3076 5363 3160 5410 est
3198 5368 3249 5412 et
3286 5372 3375 5412 me
3402 5373 3559 5427 posse
3587 5373 3683 5413 νας

2107 5439 2364 5510 surgere?
2392 5438 2582 5509 Utique
2633 5449 2910 5512 propterea
2936 5460 2951 5498 :
2977 5442 3030 5499 in
3057 5443 3158 5502 hoc
3203 5447 3342 5502 enim
3385 5449 3683 5508 resurrexit

2171 5577 2189 5608 ι
2213 5581 2287 5624 Er.
2310 5573 2456 5645 ιδιεξᾴ.
2472 5581 2600 5645 yen.
2620 5583 2673 5626 et
2685 5580 2819 5639 non,
2841 5575 2962 5639 Quid
2993 5590 3113 5642 ergo
3128 5576 3322 5642 putatis,
3353 5565 3549 5642 fratres;
3585 5577 3689 5631 to:

2108 5649 2228 5697 esse,
2249 5649 2280 5686 a
2300 5635 2494 5701 vigilia?
2517 5644 2611 5686 etc.
2707 5645 2762 5686 st.
