4032 6202
274 355 396 410 1701

268 468 542 530 Dominus,
583 464 720 535 quod
763 480 787 516 .t
841 473 892 518 te
923 464 1141 531 accepit.
1196 460 1309 515 Non
1351 462 1492 515 enim
1534 470 1832 530 resurgeret

262 562 368 612 nisi
411 566 650 610 mortuus
700 545 859 615 esset.
911 571 1014 608 non
1054 563 1228 606 autem
1270 564 1508 606 mortuus
1538 560 1699 616 esset,
1734 550 1831 603 nisi

263 664 476 703 carnem
498 653 746 715 portaret.
767 645 898 711 Quid
921 645 1123 713 accepit
1147 659 1177 698 a
1207 653 1256 698 te
1282 643 1565 698 Dominus?
1586 642 1827 698 Carnem.

262 739 398 806 Quid
425 739 570 791 venit
605 738 756 806 ip.-.e?
783 737 1012 791 Verbum
1035 737 1147 802 Dei,
1177 736 1315 806 quod
1337 746 1450 791 erat
1475 746 1598 791 ante
1632 751 1828 802 omnia,

264 850 360 903 per
389 850 543 902 quem
570 832 701 886 facta
729 844 849 885 sunt
871 833 1069 884 omnia.
1125 831 1226 885 Sed
1270 840 1324 884 ut
1350 832 1615 898 acciperet
1650 829 1744 883 abs
1783 840 1832 882 te

261 923 486 992 aliquid.
518 923 742 977 Verbum
772 937 894 976 caro
911 922 1103 976 factum
1135 931 1236 985 est,
1277 929 1330 975 et
1359 921 1608 975 habitavit
1652 921 1702 973 in
1741 935 1834 972 no-

265 1019 344 1071 bis
369 1014 608 1088 (10mm,
638 1016 687 1079 I,
717 1017 768 1080 5,
797 1017 901 1086 14).
931 1014 1252 1083 Aeccpitabs
1267 1024 1336 1078 te,
1354 1013 1490 1082 quod
1513 1012 1832 1080 oll‘errctpro

264 1119 315 1161 te
339 1124 354 1171 ;
401 1109 665 1177 quomodo
693 1110 882 1176 accipit
909 1106 1160 1163 sacerdos
1186 1123 1215 1160 a
1249 1119 1318 1170 te,
1342 1107 1480 1176 quod
1511 1122 1605 1176 pro
1629 1117 1677 1159 te
1703 1107 1833 1159 oﬁ'c-

263 1215 366 1263 rat,
386 1199 594 1269 quando
616 1201 693 1253 vis
732 1201 938 1268 placare
976 1200 1137 1254 Deum
1168 1215 1261 1269 pro
1293 1199 1520 1268 peccatis
1557 1199 1678 1252 tuis.
1717 1197 1830 1252 iam

263 1292 460 1346 factum
485 1301 584 1351 est,
633 1291 701 1344 ita
742 1291 931 1344 factum
971 1301 1069 1344 est.
1116 1291 1373 1346 Sacerdos
1405 1299 1585 1344 noster
1621 1305 1650 1342 a
1681 1290 1833 1344 nobis

263 1384 471 1453 accepit
509 1385 647 1453 quod
677 1400 772 1452 pro
795 1385 944 1438 nobis
970 1384 1182 1438 oll‘erret
1202 1403 1213 1435 :
1237 1384 1439 1452 accepit
1467 1383 1604 1436 enim
1633 1398 1659 1433 a
1681 1383 1832 1436 nobis

262 1492 514 1542 carnem;
540 1479 590 1530 iu
616 1478 725 1548 ipsa
743 1494 898 1531 carne
921 1478 1127 1537 victima
1156 1477 1322 1532 factus
1342 1487 1440 1539 est,
1471 1478 1830 1531 holocaustum

267 1570 437 1625 lactus
463 1579 565 1636 est,
611 1571 923 1625 sacriﬁcium
950 1570 1116 1625 ﬁietus
1150 1581 1248 1624 est.
1286 1571 1339 1624 In
1367 1571 1608 1638 passione
1635 1571 1836 1654 sacriﬁ-

257 1665 407 1716 ~rium
435 1663 601 1717 factus
621 1673 721 1728 est;
757 1664 807 1716 in
835 1664 1224 1718 resurrectione
1253 1663 1517 1717 innovavit
1543 1663 1668 1717 illud
1695 1663 1832 1733 quod

265 1755 502 1810 occisum
535 1766 636 1821 est,
681 1767 733 1810 et
756 1766 998 1825 tanquam
1019 1756 1274 1826 primitias
1304 1765 1417 1811 tuas
1447 1755 1590 1810 dedit
1617 1757 1743 1819 Deo,
1783 1764 1837 1811 et

267 1847 339 1901 ait
373 1848 464 1903 tibi
492 1865 505 1903 :
532 1848 853 1903 Consecrata
889 1858 1011 1903 sunt
1034 1848 1143 1918 jam
1176 1850 1350 1903 omnia
1379 1859 1484 1912 tua,
1518 1852 1726 1920 quando
1759 1863 1835 1904 ta-

269 1937 349 1994 les
379 1939 620 2007 primitia:
657 1939 724 1993 de
754 1949 805 1993 te
831 1937 967 1993 datze'
1001 1947 1125 1993 sunt
1159 1940 1294 2004 Deo;
1347 1955 1498 2010 spera
1546 1956 1670 2010 ergo
1696 1951 1748 1996 et
1785 1943 1834 1994 in

269 2039 318 2082 te
345 2029 578 2083 futurum
613 2029 751 2100 quod
784 2031 1054 2100 prmcessit
1079 2030 1132 2084 in
1167 2030 1404 2100 primitiis
1431 2032 1555 2086 tuis.

343 2122 398 2175 8.
429 2120 571 2190 Ergo
598 2121 686 2175 ille
711 2121 835 2191 quia
857 2135 886 2174 a
916 2119 1088 2190 vigilia
1111 2122 1361 2194 matutina
1392 2124 1700 2188 resurrexit,
1725 2139 1838 2178 coe-

269 2213 349 2282 pit
404 2213 578 2267 anima
629 2222 808 2266 nostra
865 2227 925 2266 ex
990 2213 1089 2267 hoc
1137 2227 1353 2281 Sperare
1383 2231 1397 2265 :
1427 2223 1481 2266 et
1527 2214 1840 2284 quousque?

271 2301 446 2371 Usque
474 2305 525 2355 in
557 2313 790 2365 noctem;
824 2317 1099 2372 quousque
1127 2304 1434 2358 moriamur.
1477 2303 1663 2360 Omnis
1699 2306 1838 2359 enim

271 2406 419 2445 mors
447 2402 622 2445 nostra
640 2391 885 2452 carnalis,
915 2393 1061 2461 quasi
1092 2392 1308 2447 somnus
1335 2404 1435 2449 est.
1467 2394 1685 2464 Cmpisti
1715 2410 1839 2463 spe-

271 2501 397 2540 rare
423 2499 488 2538 ex
505 2499 607 2553 quo
635 2485 922 2539 resurrexit
949 2485 1219 2550 Dominus,
1247 2486 1352 2540 noli
1377 2485 1606 2541 deﬁcere
1622 2499 1840 2555 sperare

271 2561 556 2646 quousque
582 2589 738 2630 exeas
775 2575 841 2630 ab
866 2575 961 2629 hac
1001 2572 1126 2630 vita.
1169 2575 1300 2629 Nam
1343 2575 1387 2630 si
1429 2592 1533 2630 non
1567 2591 1730 2646 usque
1777 2576 1842 2630 ad

271 2677 489 2724 noctem
518 2669 835 2736 speraveris,
876 2669 1082 2724 deletur
1122 2677 1286 2724 totum
1323 2668 1464 2738 quod
1511 2683 1841 2738 speraveras.

273 2761 412 2816 Sunt
435 2760 577 2814 eni'm
616 2761 856 2816 homines
899 2761 985 2830 qui
1029 2759 1286 2830 incipiunt
1328 2776 1564 2830 sperare,
1610 2761 1702 2815 sed
1741 2777 1843 2816 non

274 2862 621 2924 perseverant
649 2869 815 2922 usque
843 2853 907 2907 ad
929 2861 1159 2909 noctem.
1193 2853 1454 2923 Incipiunt
1491 2855 1597 2924 pati
1629 2854 1848 2909 tribula-

278 2949 454 3006 tiones
473 2950 692 3020 aliquas,
724 2947 978 3018 incipiant
1005 2947 1110 3020 pati
1154 2946 1492 3015 ῐῦηῖειιίοηθς,
1541 2946 1721 3006 vident
1747 2945 1845 3005 I10-

280 3047 456 3099 mines
487 3044 654 3097 malos
682 3054 734 3096 et
764 3044 970 3111 iniquos
999 3041 1250 3097 felicitate
1292 3042 1490 3110 pollere
1520 3042 1794 3111 temporali
1831 3058 1844 3095 :

281 3148 333 3192 et
354 3138 608 3205 quoniam
633 3137 752 3189 talia
786 3136 1068 3205 sperabant
1094 3134 1160 3190 de
1188 3135 1431 3201 Domino,
1464 3144 1519 3189 ut
1563 3135 1647 3189 hic
1673 3146 1849 3189 essent

284 3229 490 3291 felices,
542 3226 820 3280 attendunt
863 3241 953 3280 eos
987 3226 1072 3295 qui
1118 3225 1316 3280 scelera
1349 3226 1599 3288 fecerunt,
1655 3226 1850 3282 habere

284 3317 424 3386 quod
451 3319 544 3386 ipsi
574 3317 766 3371 habere
793 3317 1196 3380 desiderabant;
1225 3326 1277 3371 et
1303 3305 1553 3371 deﬁciunt
1577 3318 1735 3386 pedes
1761 3334 1852 3373 eo-

285 3427 422 3474 rum,
452 3410 770 3464 i-tdesinunt
795 3425 1030 3478 sperare.
1073 3409 1247 3475 Quare
1273 3410 1293 3462 ?
1323 3409 1450 3477 Quia
1479 3425 1585 3463 non
1620 3426 1650 3463 a
1682 3411 1850 3481 vigilia

287 3501 546 3555 matutina
571 3509 845 3570 coeperunt
879 3515 1112 3570 sperare.
1132 3500 1267 3566 Quid
1303 3510 1385 3555 est
1426 3500 1566 3556 hoc?
1613 3499 1724 3555 Non
1752 3501 1854 3557 hoc

288 3601 565 3662 cmpcrunt
593 3607 811 3660 Sperare
835 3591 900 3646 de
930 3591 1171 3658 Domino,
1201 3591 1340 3661 quod
1366 3592 1636 3661 praecessit
1659 3592 1720 3645 in-
1752 3593 1854 3647 Do-

291 3687 433 3738 mino
460 3684 526 3736 ab
558 3665 645 3736 illa
673 3682 845 3751 vigilia
885 3682 1141 3736 matutina
1173 3698 1185 3733 :
1215 3683 1309 3735 sed
1349 3683 1630 3750 sperabant
1665 3682 1731 3736 de
1762 3683 1856 3737 Do-

291 3776 456 3832 mino.
481 3782 537 3826 ut
557 3773 599 3826 si
618 3772 1101 3836 essentchristiani,
1133 3772 1388 3827 haberent
1413 3774 1619 3840 plenam
1639 3772 1854 3828 domum

293 3863 577 3927 frumento,
611 3865 755 3929 vino,
803 3864 943 3929 oleo,
986 3872 1223 3932 argento,
1264 3877 1428 3926 auro;
1461 3863 1634 3918 nullus
1671 3879 1856 3918 eorum

292 3962 592 4008 moreretur
633 3954 985 4018 immaturus;
1032 3954 1076 4007 si
1120 3953 1239 4023 quis
1285 3967 1390 4006 non
1435 3953 1656 4008 haberet
1692 3955 1856 4020 Iilios,

291 4045 593 4115 acciperet;
635 4045 680 4099 si
730 4059 950 4100 uxorem
995 4059 1098 4098 non
1146 4044 1402 4112 duxisset,
1444 4044 1698 4111 duceret;
1754 4062 1858 4100 non

293 4136 552 4192 abortiret
581 4151 684 4191 non
708 4137 876 4192 solum
904 4135 1076 4206 aliqua
1107 4136 1295 4190 mulier
1323 4135 1375 4190 in
1399 4136 1558 4201 domo
1587 4137 1717 4207 ejus,
1767 4138 1861 4192 sed

296 4241 398 4282 nec
425 4237 589 4297 pecus
616 4227 763 4297 ejus;
799 4242 902 4282 non
929 4235 1406 4297 aceseerent’cupa:
1431 4228 1567 4295 ejus,
1591 4242 1694 4281 non
1715 4242 1864 4298 gran-

294 4318 575 4374 dinaretur
595 4320 742 4374 vinea
765 4319 900 4390 ejus.
941 4318 1038 4387 Qui
1078 4321 1155 4374 sic
1182 4321 1428 4389 sperabat
1465 4320 1514 4376 in
1562 4320 1862 4383 Dominum,

298 4409 676 4464 animadvertit
708 4410 790 4464 his
815 4411 973 4466 rebus
999 4410 1267 4466 abundare
1292 4426 1385 4466 eos
1416 4412 1503 4478 qui
1531 4426 1635 4464 non
1683 4411 1868 4465 colunt

304 4501 607 4567 Dominum,
637 4511 690 4556 et
712 4501 1018 4558 defecerunt
1048 4503 1206 4573 pedes
1236 4501 1351 4571 ejus
1391 4501 1561 4576 (Psal.
1592 4487 1760 4563 Lxxu.
1807 4502 1863 4568 2,

295 4593 382 4663 ιδ),
409 4602 462 4646 et
486 4609 590 4647 non
617 4594 848 4661 speravit
874 4609 1040 4664 usque
1055 4594 1120 4648 ad
1148 4604 1392 4660 noctem;
1430 4593 1550 4664 quia
1575 4609 1677 4648 non
1706 4595 1867 4663 C(Bpil.
1909 4581 1912 4584 ’

303 4701 334 4740 a
360 4685 533 4756 vigilia
562 4685 812 4739 matutina
841 4701 1072 4755 sperare.

375 4778 428 4832 9.
455 4779 584 4845 Quis
605 4792 730 4848 ergo
755 4779 833 4834 sic
863 4779 1043 4849 incipit
1072 4795 1102 4834 a
1133 4762 1307 4849 vigilia
1339 4779 1595 4848 matutina
1621 4780 1869 4849 sperare?

303 4868 402 4936 Qui
432 4869 533 4924 hoc
555 4880 735 4938 sperat
764 4869 831 4924 de
876 4871 1115 4934 Domino,
1147 4870 1286 4939 quod
1331 4871 1492 4938 etrapit
1531 4869 1813 4926 ostendere
1841 4886 1868 4924 a

305 4963 480 5032 vigilia
513 4963 765 5016 matutina
797 4962 848 5016 in
876 4978 976 5033 qua
1004 4963 1314 5018 resurrexit.
1343 4965 1513 5016 Antea
1543 4963 1686 5016 enim
1715 4976 1873 5016 nemo

307 5065 674 5112 resurrexerat
701 5071 913 5126 semper
947 5057 1202 5112 victurus.
1238 5055 1479 5111 lntendat
1509 5056 1753 5111 Charitas
1779 5073 1872 5111 ve-

305 5155 436 5201 stra.
464 5147 779 5202 Ilcsuscitati
801 5157 923 5202 sunt
950 5142 1142 5202 mortui
1165 5157 1287 5202 ante
1311 5147 1592 5204 adventum
1623 5148 1826 5202 Domini
1857 5166 1870 5202 :

314 5253 432 5294 nam
473 5247 531 5294 et
577 5238 720 5294 Elias
769 5241 1100 5294 resuscitavit
1147 5248 1409 5294 mortuum
1438 5239 1528 5310 (Ill
1578 5240 1706 5309 Reg.
1743 5255 1873 5307 xvn,

309 5330 422 5402 ἓξ),
450 5341 505 5387 et
531 5332 752 5388 Elisarus
785 5331 873 5400 (IV
903 5331 1028 5404 Reg.
1061 5347 1137 5394 IV,
1165 5332 1296 5404 55);
1339 5332 1432 5388 sed
1476 5342 1879 5388 resurrexerunt

313 5424 504 5478 iterum
553 5425 815 5478 morituri.
878 5425 1128 5479 Dominus
1174 5426 1286 5494 ipse
1331 5441 1465 5496 quos
1511 5424 1876 5491 resuscitavit,

313 5514 556 5570 morituri
587 5527 1024 5582 resurrexerunt;
1055 5518 1166 5572 sive
1191 5517 1281 5572 ille
1307 5517 1516 5586 juvenis
1541 5519 1678 5572 ﬁlius
1705 5517 1878 5572 vidum

316 5605 470 5678 (Luc.
508 5622 598 5670 ru,
630 5605 737 5676 15),
789 5608 902 5662 sive
940 5608 1023 5661 illa
1059 5609 1226 5676 puella
1274 5608 1550 5664 duodecim
1596 5624 1876 5674 annorum,

320 5703 422 5759 ﬁlia
443 5701 841 5773 archisynagogi
872 5699 982 5770 (Id.
1010 5716 1123 5767 vui,
1151 5699 1263 5770 55),
1291 5701 1414 5756 sive
1433 5700 1662 5754 Lazarus
1702 5698 1878 5772 (Joan.

329 5808 397 5861 χι,
447 5795 590 5867 64)τ
657 5792 807 5846 aliter
851 5791 1145 5847 resuscitati
1195 5799 1336 5857 sunt,
1388 5805 1574 5846 omnes
1601 5791 1880 5857 morituri;

1277 343 1665 401 ENAIIRATIO
1701 342 1767 399 IN
1807 341 2120 398 PSALMUM
2158 339 2391 396 CXXIX.

3371 343 3504 399 ΠΜ

1947 455 2112 510 semel
2148 458 2254 510 nati
2302 465 2444 519 sunt,
2492 455 2586 511 sed
2611 457 2689 512 his
2713 459 2905 513 mortui
2932 470 3072 512 sunt.
3117 459 3283 515 Nemo
3329 477 3504 516 resur-

1941 563 2149 604 rexerat
2181 567 2448 620 nunquam
2480 552 2787 619 moriturus,
2835 554 2933 608 nisi
2967 555 3238 608 Dominus.
3281 555 3504 622 Quando

1939 643 2443 696 autem'resurrexit
2474 642 2725 696 Dominus
2775 661 3041 715 nunquam
3096 647 3416 714 moriturus?
3459 651 3503 702 A

1938 733 2108 800 vigilia
2137 735 2403 785 matutina.
2430 733 2539 786 IIoc
2561 749 2714 802 spera
2745 745 2797 788 et
2841 744 2893 789 tu
2944 737 3010 790 de
3045 739 3283 802 Domino,
3328 755 3505 794 resur-

1939 836 2202 876 reczurum
2232 831 2302 884 te,
2337 837 2438 875 non
2481 823 2744 890 quomodo
2791 824 3016 878 Lazarus
3040 826 3344 890 resurrexit,
3391 844 3494 882 non

1937 912 2201 978 quomodo
2241 913 2378 967 ﬁlius
2415 912 2585 970 vidua:
2615 923 2667 968 et
2723 914 3121 988 archisynagogi
3172 917 3274 972 tilia
3324 935 3496 974 resut-

1938 1013 2212 1061 rcxerunt.
2267 1021 2368 1058 non
2409 1005 2673 1075 quomodo
2709 1022 2839 1076 quos
2871 1009 3255 1063 suscitaverunt
3300 1011 3505 1080 antiqut

1940 1093 2244 1162 Prophetze;
2276 1096 2367 1149 sed
2401 1107 2821 1151 resurrecturum
2853 1107 2902 1153 te
2933 1113 3083 1167 spera
3110 1103 3373 1170 quomodo
3402 1105 3500 1158 Do-

1940 1186 2140 1249 minus,
2177 1197 2229 1240 ut
2257 1197 2372 1256 post
2402 1189 2844 1242 resurrectionem
2869 1205 2967 1258 qua
3001 1193 3370 1257 resurrexeris,
3399 1210 3504 1248 non

1938 1285 1989 1328 te
2013 1276 2119 1343 jam
2150 1277 2336 1331 timeas
2363 1279 2671 1333 moriturum
2703 1296 2716 1308 ·
2763 1289 2817 1332 et
2845 1282 3047 1349 cmpisti
3073 1281 3292 1347 sperare
3316 1300 3345 1338 a
3373 1286 3496 1356 vigi‘

1937 1365 2003 1419 lia
2035 1367 2305 1421 matutina.
3531 1433 3538 1438 κ

2010 1459 2094 1511 10.
2122 1457 2285 1526 Spera
2311 1469 2483 1514 autem
2510 1477 2673 1532 usque.
2701 1463 2766 1518 ad
2793 1474 3022 1525 noctem,
3049 1482 3332 1538 quousque
3359 1469 3501 1524 ﬁnia-

1941 1558 2022 1603 tur
2053 1549 2166 1605 haec
2192 1551 2315 1617 vita,
2344 1567 2623 1624 quousque
2667 1555 2735 1610 sit
2764 1571 2867 1610 nox
2896 1558 3128 1612 universi
3154 1559 3367 1629 generis
3400 1560 3496 1616 hu-

1940 1645 2078 1698 mani
2117 1646 2168 1700 in
2195 1661 2383 1700 occasu
2427 1648 2628 1702 sarculi.
2661 1650 2834 1717 Quare
2859 1650 2960 1706 hoc
2986 1654 3192 1723 usque?
3220 1653 3353 1721 Quia
3381 1660 3501 1724 post

1940 1735 2091 1789 istam
2124 1746 2330 1792 noctem
2355 1737 2464 1808 jam
2495 1754 2596 1794 non
2623 1743 2724 1795 erit
2761 1756 2883 1812 Spes
2905 1785 2919 1806 ,
2945 1744 3037 1798 sed
3081 1760 3193 1812 ipsa
3232 1761 3340 1802 res.
3374 1748 3506 1818 Spes

1941 1827 2080 1881 enim
2105 1844 2218 1897 qua:
2239 1830 2452 1897 videtur,
2484 1849 2584 1885 non
2610 1842 2679 1886 est
2706 1850 2840 1902 spes,
2866 1836 3151 1905 Apostolus
3172 1837 3298 1892 dicit
3323 1856 3336 1891 ε
3365 1839 3502 1909 quod

1942 1919 2070 1970 enim
2088 1918 2214 1971 videt
2232 1920 2362 1989 quis,
2386 1923 2506 1987 quid
2525 1933 2690 1992 sperat
2705 1923 2730 1976 ?
2745 1923 2806 1978 Si
2820 1935 2984 1978 autem
3003 1928 3138 1997 quod
3163 1946 3261 1984 non
3283 1932 3506 1988 videmus

1940 2025 2228 2077 speramus,
2258 2027 2346 2080 per
2375 2015 2664 2081 patientiam
2683 2025 3027 2086 exspectamus
3055 2017 3242 2091 (Rom.
3275 2038 3385 2088 vni,
3407 2024 3500 2094 24,

1941 2101 2057 2170 25).
2082 2101 2137 2156 Si
2168 2117 2295 2173 ergo
2321 2105 2580 2173 patienter
2614 2117 2924 2177 exspectare
2948 2109 3206 2167 debemus
3232 2115 3371 2184 quod
3404 2132 3508 2172 non

1945 2193 2204 2264 videmus,
2237 2212 2402 2267 usque
2431 2198 2495 2252 ad
2523 2207 2728 2253 noctem
2753 2217 3045 2269 speremus,
3075 2203 3124 2258 id
3151 2213 3232 2260 est
3258 2222 3423 2278 usque
3444 2209 3509 2264 ad

1947 2285 2103 2342 ﬁnem
2133 2287 2289 2358 hujus
2317 2290 2440 2344 vita:
2465 2300 2658 2344 nostra:
2689 2292 2772 2345 vel
2803 2294 3001 2348 surculi.
3039 2297 3166 2349 Cum
3195 2307 3371 2353 autem
3403 2316 3512 2360 nox

1947 2378 2045 2432 ista
2077 2381 2380 2445 transierit,
2404 2381 2513 2450 jam
2542 2383 2876 2453 venietquod
2903 2387 3246 2454 sperabamus
3274 2407 3287 2452 ;
3322 2403 3373 2447 et
3409 2410 3513 2448 non

1943 2469 2050 2540 jam
2081 2470 2410 2540 sperabimus
2432 2513 2446 2536 ,
2495 2487 2593 2528 nec
2625 2482 2800 2530 tamen
2849 2475 3112 2545 desperati
3150 2483 3384 2538 'crimus.
3417 2484 3510 2540 Est

1948 2563 2086 2616 enim
2132 2563 2449 2632 vituperatio
2475 2564 2876 2635 desperatorum
2899 2609 2914 2633 ,
2965 2578 3018 2622 et
3059 2569 3340 2643 aliquando
3365 2575 3515 2632 dete-

1949 2660 2150 2706 stamur
2176 2651 2468 2720 hominem,
2496 2665 2549 2710 et
2575 2655 2798 2710 dicimus
2826 2674 2839 2708 :
2868 2655 2982 2715 Non
3013 2660 3173 2717 habet
3201 2679 3370 2734 spem.
3394 2665 3512 2723 Non

1949 2756 2160 2813 seraper
2179 2743 2375 2798 malum
2401 2754 2482 2801 est
2507 2745 2608 2801 non
2643 2747 2839 2805 habere
2869 2767 3037 2823 spem.
3069 2752 3122 2808 In
3144 2753 3242 2810 hac
3267 2757 3372 2812 vita
3394 2774 3516 2816 curn

1949 2850 2153 2902 sumus,
2185 2837 2381 2892 malum
2401 2851 2482 2896 est
2510 2855 2613 2898 non
2638 2840 2833 2898 habere
2863 2860 3010 2914 spem
3037 2864 3050 2897 :
3078 2847 3167 2916 qui
3198 2849 3338 2903 enim
3359 2851 3520 2908 modo

1950 2943 2097 3001 spem
2125 2945 2228 2988 non
2261 2929 2439 3001 habet,
2460 2951 2570 2990 rem
2597 2947 2782 3006 postea
2810 2952 2912 2990 non
2939 2938 3169 2993 habebit.
3199 2941 3337 3012 Ergo
3360 2944 3522 2999 modo

1951 3037 2100 3092 spem
2131 3023 2388 3081 debemus
2419 3027 2634 3081 trahere.
2685 3026 2792 3081 Sed
2839 3043 2959 3081 cum
2991 3043 3076 3083 res
3103 3031 3336 3098 venerit,
3369 3049 3522 3088 num-

1952 3114 2078 3184 quid
2107 3130 2228 3185 spes
2255 3118 2357 3170 erit
2382 3116 2404 3170 ?
2432 3116 2580 3182 Quod
2600 3117 2728 3170 enim
2748 3116 3026 3187 videtquis,
3045 3119 3166 3187 quid
3192 3121 3400 3188 sperat?
3424 3123 3524 3178 Ve-

1955 3209 2066 3263 niet
2113 3210 2366 3265 Dominus
2398 3210 2537 3264 Deus
2567 3219 2768 3276 noster,
2801 3209 2972 3280 primo
3013 3210 3235 3266 formam
3277 3213 3442 3284 ipsam
3469 3215 3522 3270 in

1959 3312 2056 3368 qua
2084 3299 2367 3354 cruciﬁxus
2392 3309 2476 3354 est
2515 3310 2567 3354 et
2592 3301 2882 3354 resurrexit
2914 3342 2929 3364 ,
2958 3287 3414 3360 demonstraiurus
3433 3319 3528 3376 ge-

1957 3391 2070 3445 neri
2098 3391 2349 3456 humano,
2384 3401 2439 3445 ut
2464 3391 2676 3446 videant
2697 3392 2769 3461 pii
2797 3399 2850 3446 et
2890 3391 3035 3461 impii
3065 3410 3078 3446 :
3108 3393 3179 3447 illi
3209 3393 3440 3461 videant,
3469 3405 3526 3452 et

1956 3485 2290 3554 gratulentur
2321 3485 2586 3540 invenisse
2615 3499 2674 3538 se
2703 3483 2842 3553 quod
2870 3483 3211 3538 crediderunt
3244 3497 3526 3558 antequam

1958 3577 2230 3641 viderent;
2262 3586 2315 3632 et
2358 3577 2436 3632 illi
2463 3579 2778 3632 erubescant
2829 3593 2932 3630 non
2970 3593 3031 3631 se
3074 3577 3363 3634 credidisse
3387 3580 3527 3650 quod

1959 3666 2231 3724 videbunt.
2256 3667 2643 3720 Erubescentcs
2666 3667 3072 3732 damnabuntur,
3089 3678 3141 3721 et
3169 3670 3412 3737 gratulati
3438 3685 3530 3726 co-

1961 3757 2314 3812 ronabantur.
2347 3760 2556 3813 Dicetur
2583 3759 2816 3812 confusis
2839 3798 2854 3823 ,
2877 3757 2959 3812 Ite
2990 3759 3043 3812 in
3072 3759 3237 3829 ignem
3264 3773 3526 3833 veternum,

1961 3851 2046 3916 qui
2072 3861 2277 3919 paratus
2316 3860 2386 3904 est
2424 3851 2622 3903 diabolo
2652 3859 2697 3902 et
2742 3851 2934 3919 angelis
2975 3853 3131 3922 ejus;
3157 3854 3360 3908 dicetur
3394 3870 3527 3925 gau-

1963 3942 2208 3997 dentibus
2239 3984 2252 4005 ,
2289 3942 2460 3996 Venite
2485 3984 2498 4005 ,
2527 3941 2768 3996 benedicti
2796 3941 2968 3995 Patris
3016 3945 3134 4011 mei,
3170 3945 3409 4013 percipile
3444 3963 3525 4006 re,-

1964 4050 2114 4103 guum
2129 4035 2262 4106 quod
2274 4035 2406 4088 vobis
2419 4043 2648 4102 paratum
2664 4043 2736 4086 est
2748 4034 2808 4085 ab
2823 4035 3013 4104 origine
3024 4037 3195 4089 mundi
3213 4035 3290 4109 (Μ
3294 4039 3530 4094 aII/LXXV

1964 4125 2053 4188 41,
2079 4126 2168 4198 54)
2200 4145 2213 4180 :
2240 4125 2380 4194 quod
2409 4139 2528 4179 cum
2555 4124 2896 4192 acceperint,
2938 4125 3046 4194 jam
3085 4141 3207 4194 Spes
3251 4143 3354 4180 non
3385 4129 3485 4184 erit
3511 4172 3529 4197 ,

1967 4221 2086 4290 quia
2114 4234 2200 4273 res
2232 4215 2516 4272 tenebitur.
2544 4213 2829 4269 Transacta
2856 4229 2984 4284 ergo
3005 4229 3124 4283 Spe.
3156 4217 3401 4272 transibit
3423 4234 3526 4274 nox

1969 4313 2056 4367 illa
2082 4329 2095 4374 ;
2119 4310 2212 4366 sed
2242 4310 2413 4364 donec
2451 4307 2571 4371 ﬁat,
2599 4321 2625 4360 a
2655 4306 2826 4377 vigilia
2857 4307 3115 4361 matutina
3142 4318 3320 4378 speret
3355 4309 3531 4366 anima

1971 4415 2150 4460 nostra
2182 4405 2232 4458 in
2267 4403 2567 4458 Dominum.
3489 4469 3492 4476 Ι

2045 4497 2131 4552 II.
2179 4496 2244 4550 Et
2284 4493 2420 4548 redit
2460 4493 2525 4546 ad
2575 4491 2699 4546 illud
2724 4533 2738 4553 .
2788 4492 2832 4545 A
2874 4493 3044 4563 vigilia
3084 4494 3329 4547 matutina
3375 4507 3538 4564 speret

1973 4587 2138 4644 Israel
2161 4588 2213 4641 in
2231 4586 2520 4640 Dominum.
2548 4585 2590 4637 Α
2611 4584 2780 4654 vigilia
2799 4586 3042 4637 matutina
3062 4601 3216 4655 usque
3233 4586 3300 4638 ad
3323 4596 3537 4650 noctem,

1973 4681 2185 4753 speravit
2211 4681 2377 4732 anima
2405 4695 2511 4730 mea
2539 4677 2590 4730 in
2623 4675 2912 4729 Dominum.
2945 4675 3047 4730 Sed
3074 4675 3197 4746 quid
3227 4678 3240 4708 ¹
3269 4680 3542 4746 speravit"

1974 4776 2020 4828 Α
2046 4772 2214 4844 vigilia
2241 4771 2486 4834 matutina
2513 4777 2674 4837 speret
2708 4765 2868 4820 Israel
2894 4767 2943 4820 in
2972 4766 3262 4821 Dominum.
3309 4767 3422 4822 Non
3455 4784 3537 4822 so-

1977 4865 2082 4919 lum
2111 4872 2273 4933 speret
2298 4858 2460 4915 Israel
2489 4860 2539 4911 in
2568 4857 2876 4920 Dominum,
2909 4857 3022 4922 sed,
3049 4874 3081 4910 a
3105 4857 3274 4928 vigilia
3300 4861 3543 4912 matutina

1977 4963 2137 5024 speret
2164 4953 2346 5008 Israel.
2369 4947 2684 5019 Ergo°culpo
2712 4961 2858 5016 spem
2883 4947 3058 5002 s:rcull
3084 4989 3099 5013 ,
3127 4949 3336 5018 quando
3363 4965 3545 5017 spera-

1981 5056 2064 5098 tur
2091 5045 2157 5100 de
2188 5043 2329 5098 Deo?
2373 5040 2487 5096 Non
2517 5056 2531 5099 ;
2574 5037 2667 5093 sed
2693 5037 2795 5092 alia
2835 5052 2957 5107 spes
2982 5048 3064 5094 est
3107 5039 3262 5094 Israel
3312 5042 3541 5110 propria.

1979 5135 2092 5190 Non
2126 5150 2220 5203 pro
2249 5146 2456 5187 summo
2481 5144 2578 5184 suo
2607 5129 2746 5183 bono
2775 5137 2956 5198 Speret
2979 5127 3136 5182 Israel
3162 5127 3372 5182 divitias
3393 5167 3409 5193 ,
3443 5145 3542 5182 nou

1981 5227 2203 5281 salutem
2225 5223 2484 5292 corporis,
2516 5235 2620 5275 non
2649 5220 3022 5275 abundantiam
3053 5228 3380 5274 terrenorum
3403 5239 3416 5274 :
3440 5221 3544 5276 imo

1987 5315 2374 5371 tribulationem
2408 5313 2492 5368 hic
2519 5311 2791 5365 habiturus
2833 5320 2953 5373 est,
2999 5311 3042 5363 si
3094 5309 3226 5364 forte
3269 5310 3550 5380 contigerit

1986 5411 2057 5464 illi
2107 5417 2320 5478 propter
2366 5404 2639 5461 veritatem
2685 5401 2793 5472 pati
2838 5393 3041 5471 aliquas
3091 5399 3381 5456 molestias.
3433 5400 3548 5457 Non

1987 5502 2126 5557 enim
2158 5515 2261 5554 non
2291 5496 2573 5568 sperabant
2599 5495 2650 5548 in
2682 5495 2844 5548 Deum
2867 5503 3146 5562 martyres,
3178 5502 3232 5547 et
3269 5501 3442 5546 tamen
3469 5503 3551 5548 ta-

1989 5594 2057 5648 lia
2086 5601 2207 5647 sunt
2259 5588 2436 5660 passi,
2486 5586 2658 5657 qualia
2685 5586 2920 5639 latrones
2942 5623 2959 5650 ,
2987 5582 3161 5651 qualia
3191 5583 3352 5653 iniqui
3384 5601 3398 5639 :
3425 5583 3553 5640 sub-

1989 5684 2109 5755 jecti
2139 5682 2205 5736 ad
2232 5681 2426 5736 bestias
2450 5720 2465 5744 ,
2497 5679 2700 5750 ignibus
2723 5675 3064 5744 concremati,
3093 5673 3266 5746 gladio
3295 5675 3551 5746 percussi,

2057 5797 2073 5827 ι
2100 5803 2216 5858 vox,
2238 5791 2374 5858 quid,
2396 5792 2536 5843 abest
2562 5802 2589 5840 a
2607 5786 2823 5853 pluribus
2839 5792 2947 5837 tuas.
