4032 6202
475 281 500 339 1
511 281 611 338 705

476 395 685 466 ungulis
708 395 938 459 exarati,
965 393 1164 448 catenis
1187 391 1443 459 obstricti,
1470 392 1685 448 carecrc
1707 395 1898 459 necati,
1929 395 2024 448 ista

473 490 648 544 omnia
677 487 811 540 mala
843 485 976 555 passi
1001 525 1016 547 ,
1057 501 1160 539 non
1189 484 1468 555 sperabant
1497 486 1548 540 in
1577 487 1894 540 Dominum?
1938 497 2028 541 aut

472 581 592 634 ideo
610 577 909 647 sperabant,
939 586 996 631 ut
1024 578 1135 633 istis
1165 578 1314 634 malis
1343 591 1600 641 carentes,
1631 578 1730 633 hac
1755 582 1860 634 vita
1883 582 2024 635 frue-

472 669 692 724 rentur?
741 667 853 722 Non
903 669 1091 738 plane;
1147 670 1266 739 quia
1294 687 1321 722 a
1349 669 1520 739 vigilia
1552 673 1804 725 matutina
1846 687 2027 740 spera-

467 762 610 816 bant.
634 761 769 828 Quid
797 769 878 815 est
902 760 1043 816 hoc?
1070 757 1483 815 Considerahant
1505 762 1644 816 illam
1665 763 1890 833 vigiliam
1911 779 2023 816 nta-

467 854 683 907 tntinam
709 869 809 924 qua
840 854 1126 908 resurrexit
1156 853 1405 908 Dominus
1433 867 1614 908 eorum
1641 895 1656 919 ,
1701 863 1754 908 et
1782 853 2025 908 videbant

465 945 584 1014 quia
614 954 893 1014 antequam
924 954 1260 1014 resurgeret,
1292 945 1410 998 talia
1447 953 1500 998 et
1538 944 1650 1014 ipse
1677 960 1862 1012 passus
1887 955 2018 1009 erat,

465 1035 635 1103 qualia
669 1034 766 1103 ipsi
796 1034 1157 1103 patiebantur,
1199 1045 1252 1088 et
1283 1050 1384 1088 non
1411 1035 1760 1105 deSperabant
1779 1037 1935 1090 etiam
1963 1051 2022 1090 se

462 1135 578 1194 post
609 1126 739 1188 tales
767 1126 1037 1196 passiones
1066 1135 1453 1180 resurrecturus
1475 1127 1540 1180 ad
1563 1127 1719 1180 vitam
1747 1135 2019 1181 a-tcrnam.

465 1215 698 1284 Speravit
726 1214 890 1269 Israel
913 1216 966 1268 iu
1000 1213 1269 1269 Dontinum
1288 1255 1304 1277 ,
1332 1231 1363 1268 a
1390 1215 1561 1284 vigilia
1585 1216 1831 1269 matutina
1869 1232 2022 1285 usque

459 1307 526 1358 ad
553 1316 762 1358 uoctent.

529 1395 613 1448 12.
647 1393 792 1466 [vers.
813 1396 873 1460 7,
904 1394 980 1468 8.]
1023 1395 1269 1462 Quoniam
1293 1396 1432 1466 apud
1454 1393 1723 1450 Dominum
1745 1397 2018 1450 misericor-

460 1486 579 1550 dia,
613 1496 656 1539 et
682 1487 838 1539 multa
861 1486 1000 1556 apud
1036 1486 1182 1540 illaut
1219 1486 1510 1557 redemptio.
1556 1486 1865 1556 Magnifice!
1900 1505 2016 1544 me-

461 1577 561 1631 lius
587 1577 688 1631 dici
730 1569 832 1630 non
879 1582 1056 1645 posset
1102 1578 1219 1632 loco
1267 1591 1396 1642 suo,
1442 1587 1660 1646 propter
1706 1577 1834 1632 illud
1878 1578 2017 1646 quod

454 1667 618 1729 dixit,
667 1669 918 1740 Abigilla
951 1669 1194 1722 matutina
1233 1679 1390 1737 speret
1437 1668 1602 1722 Israel
1644 1669 1697 1722 in
1727 1669 2013 1723 Dominunt.

455 1759 661 1824 Quare?
698 1759 827 1825 Quia
857 1774 886 1812 a
923 1759 1094 1829 vigilia
1126 1761 1375 1812 matutina
1407 1758 1695 1813 resurrexit
1724 1759 2012 1825 Dominus;

453 1858 507 1904 et
534 1849 635 1904 hoc
667 1849 823 1903 debet
846 1863 1059 1918 sperare
1085 1863 1275 1917 corpus
1300 1889 1314 1914 ,
1344 1848 1481 1917 quod
1509 1848 1562 1902 in
1591 1849 1763 1917 capite
1789 1863 2015 1917 praeces-

455 1939 544 1992 sit.
587 1937 691 1993 Sed
740 1953 806 1992 ne
843 1946 1156 2008 suggeratur
1200 1938 1294 1992 ista
1339 1937 1586 2008 cogitatio
1613 1952 1628 1990 :
1655 1935 1825 2006 Capiti
1871 1938 2016 1993 licuit

452 2045 757 2100 resurgere,
815 2031 934 2099 quia
989 2029 1214 2100 peccatis
1252 2045 1356 2085 non
1394 2029 1765 2100 premebatur,
1814 2031 2014 2086 nullum

451 2129 723 2190 peccatum
753 2129 867 2175 erat
896 2121 946 2174 in
970 2120 1097 2186 illo;
1140 2121 1264 2191 quid
1291 2136 1388 2176 nos
1415 2120 1602 2176 facturi
1629 2123 1849 2177 sumus?
1869 2122 2012 2192 Spe-

449 2211 681 2268 rabimus
702 2213 861 2267 talem
889 2213 1346 2279 resurrectionem,
1371 2213 1539 2283 qualis
1561 2211 1614 2268 in
1637 2213 1858 2268 Domino
1877 2229 2008 2285 prte-

392 2286 404 2304 ’
447 2303 638 2368 cessit,
688 2320 807 2358 cum
851 2305 1079 2374 peccatis
1122 2305 1315 2360 nostris
1353 2303 1735 2375 'aggravcmur?
1760 2303 1862 2362 Sed
1896 2307 2013 2362 vide

445 2395 569 2466 quid
597 2395 831 2465 sequitur
859 2413 873 2450 :
904 2395 1153 2463 Quoniam
1189 2396 1327 2466 apud
1350 2396 1620 2450 Dominum
1652 2398 2008 2465 misericordia,

443 2495 492 2538 et
518 2484 675 2539 multa
703 2485 842 2555 apud
865 2485 1010 2539 illum
1034 2487 1327 2557 redemptio.
1370 2487 1436 2540 Et
1470 2488 1579 2556 ipse
1617 2489 1822 2564 redimet
1847 2487 2011 2542 Israel

443 2573 506 2628 ab
536 2576 763 2629 omnibus
788 2573 1126 2646 iniquitatibus
1149 2577 1276 2646 ejus.
1306 2577 1444 2646 Ergo
1469 2577 1512 2630 si
1537 2578 1870 2645 premebatur
1895 2592 2011 2648 pec-

447 2666 580 2720 catis
611 2665 720 2720 suis
740 2707 755 2732 ,
789 2666 940 2720 adest
965 2667 1317 2722 misericordia
1347 2668 1459 2722 Dei.
1488 2665 1609 2722 Ideo
1628 2669 1897 2737 praecessit
1917 2669 2008 2724 illc

443 2761 558 2814 sine
585 2769 820 2829 peccato,
852 2768 916 2813 ut
935 2759 1108 2815 deleat
1136 2769 1348 2829 peccata
1375 2761 1725 2830 sequentimn.
1752 2760 1924 2816 Nolite
1952 2762 2005 2817 in

442 2851 592 2904 vobis
618 2863 936 2918 praesumere
957 2891 971 2916 ,
1018 2849 1109 2904 sed
1136 2864 1164 2902 a
1191 2849 1361 2920 vigilia
1389 2849 1640 2904 matutina
1679 2851 2001 2918 praesumite.

441 2939 628 2996 Videte
661 2949 818 3009 caput
843 2950 1076 2995 vestrum
1117 2941 1474 3005 ,resurrcxisse
1513 2949 1566 2996 et
1606 2929 1912 2996 ascendisse
1949 2943 2001 2996 in

441 3031 655 3086 emittm.
705 3030 762 3084 In
802 3031 893 3084 illo
918 3032 1070 3100 culpa
1099 3047 1200 3084 non
1224 3041 1367 3096 erat,
1397 3031 1488 3085 sed
1518 3046 1612 3100 per
1637 3032 1781 3086 illum
1813 3044 2003 3088 vestras

438 3123 606 3190 eulpzc
633 3121 947 3176 delehuntnr
975 3139 989 3175 :
1023 3121 1140 3188 Ipse
1163 3121 1368 3174 redimet
1388 3120 1550 3175 Israel
1567 3121 1628 3174 ab
1654 3121 1876 3175 omnibus
1900 3123 2001 3176 inio

439 3212 702 3283 quitatibus
723 3213 848 3282 ejus;
889 3211 1019 3278 Quia
1050 3212 1207 3265 Israel
1232 3212 1466 3266 vendere
1494 3225 1552 3265 se
1583 3213 1769 3280 potuit,
1812 3223 1864 3268 et
1889 3213 2001 3269 ﬁeri

437 3301 770 3355 venundatus
791 3301 891 3354 sub
915 3310 1160 3370 peccato;
1195 3299 1452 3355 redimere
1471 3314 1529 3354 se
1553 3301 1620 3354 ab
1646 3301 2002 3371 iniquitatibus

436 3405 542 3446 non
587 3398 776 3460 potest.
832 3389 922 3445 llle
963 3391 1128 3459 potuit
1157 3390 1447 3454 redimere,
1498 3392 1670 3460 quise
1699 3409 1802 3446 non
1834 3395 2000 3462 potuit

437 3479 667 3534 vendere
694 3497 706 3532 :
738 3479 826 3548 qui
872 3495 974 3532 non
1006 3479 1268 3532 commisit
1314 3487 1582 3549 peccatum
1605 3521 1619 3544 ,
1666 3481 1776 3549 ipse
1801 3491 1884 3536 cst
1911 3497 1998 3537 re-

435 3571 678 3641 demptor
703 3587 730 3625 a
760 3579 995 3642 peccato.
1044 3571 1165 3642 Ipse
1204 3572 1407 3626 redimet
1449 3571 1630 3626 Israel.
1682 3571 1833 3628 Unde
1863 3573 2000 3628 redi-

437 3665 581 3719 met?
608 3665 687 3719 Ab
715 3665 799 3718 illa
823 3664 1116 3733 iniquitate,
1143 3679 1207 3716 an
1226 3663 1290 3717 ab
1315 3665 1398 3718 illa
1421 3662 1443 3716 ?
1469 3664 1542 3716 Ab
1563 3664 1788 3717 omnibus
1814 3666 1998 3734 iniqui-

433 3757 614 3809 tatibus
657 3757 783 3824 ejus.
828 3755 942 3810 Non
985 3771 1109 3825 ergo
1156 3756 1336 3808 timeat
1374 3770 1684 3810 accessurus
1725 3756 1788 3809 ad
1835 3758 1996 3812 Deum

432 3849 633 3917 aliquas
659 3848 956 3917 iniquitates
982 3861 1104 3902 suas
1135 3865 1148 3902 :
1181 3847 1542 3902 tantummodo
1585 3848 1802 3902 accedat
1840 3849 1996 3917 pleno

436 3937 596 3992 corde
620 3977 636 4003 ,
686 3947 740 3992 et
778 3937 988 3992 desinat
1021 3937 1128 4006 jam
1156 3936 1330 3992 facere
1355 3953 1471 4006 quin
1495 3946 1645 3991 antea
1676 3937 1912 4003 faciebat,
1943 3949 1997 3993 et

433 4044 539 4082 non
565 4029 740 4095 dicat,
773 4027 866 4082 Illa
892 4027 1139 4098 iniquitas
1169 4043 1271 4080 non
1299 4028 1425 4080 mihi
1449 4027 1744 4082 dimittitur.
1772 4027 1824 4083 Si
1853 4031 1994 4084 enim

433 4120 534 4186 hoc
563 4121 790 4181 dixerit.
837 4129 1053 4191 prapter
1097 4121 1261 4189 ipsam
1293 4136 1449 4190 quam
1478 4129 1623 4189 putat
1649 4121 1748 4176 sibi
1782 4137 1883 4176 non
1911 4123 1991 4176 di-

433 4212 599 4272 mitti,
635 4227 736 4264 non
766 4225 824 4265 se
848 4211 1143 4274 convertit,
1170 4220 1223 4265 et
1252 4209 1490 4265 faciendo
1517 4221 1704 4266 canora
1725 4253 1738 4276 ,
1789 4227 1890 4266 non
1919 4215 1994 4268 illi

431 4303 710 4357 dimittitur
739 4311 792 4355 et
833 4301 958 4355 illud
989 4301 1128 4371 quod
1160 4317 1262 4355 non
1305 4303 1540 4356 timebat.
1589 4303 1719 4369 Quia
1747 4305 1844 4360 feci
1865 4348 1879 4371 ,
1915 4309 1989 4360 in-

434 4391 586 4461 quit,
632 4391 802 4444 scelus
829 4405 1108 4459 magnum,
1161 4399 1344 4444 etnon
1391 4391 1516 4444 mihi
1554 4401 1723 4460 potest
1761 4394 1988 4459 dimitti;

433 4483 536 4554 iam
569 4484 752 4537 faciam
779 4491 836 4536 et
858 4492 1045 4536 caztera
1080 4499 1092 4535 :
1127 4483 1227 4535 hoc
1251 4482 1390 4534 enim
1419 4483 1579 4551 perdo
1603 4484 1738 4553 quod
1779 4501 1880 4539 non
1913 4486 1991 4539 la-

431 4577 534 4630 cio.
589 4576 700 4629 Noli
745 4576 931 4630 timere
964 4593 977 4629 :
1008 4574 1058 4628 in
1087 4572 1343 4644 profundo
1381 4589 1438 4629 es
1463 4615 1478 4641 ,
1523 4575 1630 4628 noli
1657 4586 1991 4652 contemnere

429 4666 497 4720 de
524 4665 793 4734 profundis
814 4666 1040 4720 clamare
1069 4664 1133 4719 ad
1163 4665 1439 4719 Dominum
1461 4705 1475 4726 ,
1507 4673 1561 4720 et
1587 4663 1782 4743 dicere,
1816 4666 1874 4720 Si
1893 4669 1991 4720 ini-

429 4759 637 4824 quitates
653 4757 1000 4822 observaveris,
1032 4755 1242 4809 Domine
1268 4773 1285 4819 ;
1311 4755 1542 4820 Domine,
1569 4759 1678 4825 quis
1699 4756 1992 4810 sustinebit?

427 4848 664 4904 Observa
697 4847 842 4900 illum
867 4887 882 4910 ,
914 4855 968 4900 et
994 4854 1239 4916 exspecta
1271 4846 1448 4908 illunr,
1475 4854 1529 4900 et
1549 4846 1749 4899 sustine
1779 4855 1990 4914 propter

431 4943 596 5010 legem
627 4940 806 5009 ipsius.
856 4937 1020 5006 Quam
1065 4939 1230 5008 legem
1266 4937 1356 4991 tibi
1394 4936 1572 4991 dedit?
1611 4935 1818 4990 Dimitte
1851 4937 1988 4992 nobis

429 5033 591 5085 debita
644 5040 845 5093 nostra,
896 5030 1017 5083 sicut
1053 5040 1100 5083 et
1129 5045 1218 5082 nos
1244 5028 1536 5081 dimittimus
1566 5026 1862 5083 debitoribus
1899 5045 1988 5083 no-

429 5126 564 5178 stris.
598 5122 763 5191 Spera
792 5130 842 5176 te
865 5129 1278 5176 resurrecturum
1298 5159 1312 5182 ,
1340 5127 1392 5172 et
1435 5128 1558 5172 tunc
1586 5116 1814 5173 futurum
1843 5121 1982 5173 omni

431 5215 587 5268 modo
613 5215 725 5268 sine
755 5221 991 5282 peccato,
1019 5210 1264 5280 quoniam
1297 5209 1385 5264 ille
1416 5211 1710 5264 resurrexit
1752 5209 1840 5279 qui
1873 5211 1984 5279 pri-

429 5321 547 5360 mus
574 5305 670 5359 fuit
697 5304 812 5358 sine
836 5312 1070 5373 peccato.
1102 5303 1138 5355 Α
1173 5300 1347 5370 vigilia
1380 5301 1634 5354 matutina
1664 5315 1834 5369 spera.
1867 5299 1982 5355 Noli

426 5393 643 5450 dicere:
676 5395 785 5464 Ego
823 5408 927 5447 non
970 5407 1085 5446 smn
1127 5391 1314 5460 dignus
1357 5402 1570 5460 propter
1595 5400 1825 5460 peccata.
1869 5391 1982 5444 Non

427 5497 486 5537 cs
509 5464 730 5553 dignus;
778 5482 871 5538 sed
917 5484 1075 5537 multa
1107 5481 1244 5552 apud
1275 5481 1418 5534 illaut
1463 5480 1767 5551 redemptio,
1809 5483 1984 5552 ctipse

427 5574 630 5628 redimet
652 5572 811 5628 Israel
834 5573 894 5628 ab
921 5575 1146 5628 omnibus
1167 5572 1501 5642 iniquitatibus
1520 5572 1648 5642 ejus.

1652 282 1707 338 S.
1748 284 1786 337 Α
1799 281 2108 340 UGUSTINI
2147 283 2445 343 EPISCUPI

3555 302 3684 356 1704

2166 417 3688 442 _________.________________

2482 499 2560 561 IN
2604 499 2972 564 PSALMUM
3015 501 3249 564 CXXX

2689 621 3097 676 ENARRATIO.

2643 745 2811 785 SERMO
2841 749 2906 785 AD
2936 748 3155 786 PLEBE)I.

2198 840 2246 891 1.
2291 838 2349 893 1η
2390 838 2491 895 isto
2542 843 2746 910 psalmo
2789 844 3188 898 commendatur
3233 847 3383 901 nobis
3425 847 3695 904 humilitas

2041 953 2052 969 ο
2125 928 2265 983 servi
2299 931 2387 985 Dei
2415 941 2469 985 et
2490 931 2679 1000 ﬁdelis,
2703 935 2852 1004 cujus
2879 950 3007 990 voce
3031 945 3289 1004 cantatur,
3310 939 3449 1008 quod
3470 951 3552 995 est
3577 945 3694 995 nni-

2123 1034 2331 1074 versum
2359 1036 2552 1091 corpus
2572 1023 2786 1078 Christi.
2815 1024 2966 1094 Saepe
2990 1026 3132 1080 enim
3157 1027 3523 1085 admonuimus
3548 1030 3691 1086 Cha-

2125 1111 2330 1166 ritatem
2361 1123 2588 1167 vestram
2611 1155 2626 1179 ,
2655 1130 2761 1170 non
2788 1115 2936 1186 quasi
2978 1117 3130 1171 unius
3169 1117 3398 1173 hominis
3429 1125 3692 1174 cantantis

2123 1215 2305 1255 vocem
2333 1203 2501 1271 accipi
2529 1202 2754 1270 debere,
2787 1206 2879 1260 sed
2903 1207 3137 1261 omnium
3165 1209 3250 1277 qui
3271 1218 3393 1263 sunt
3419 1210 3470 1264 in
3490 1210 3690 1266 Christi

2121 1306 2363 1360 corpore.
2412 1294 2478 1348 Et
2524 1296 2645 1364 quia
2675 1297 2727 1350 in
2767 1297 2906 1351 illius
2930 1313 3151 1368 corpore
3179 1309 3302 1354 sunt
3328 1316 3535 1367 omnes,
3567 1312 3692 1356 tan-

2121 1397 2275 1450 quam
2325 1399 2460 1439 unus
2509 1383 2667 1440 homo
2705 1386 2932 1456 loquitur
2959 1405 2974 1443 :
3002 1396 3057 1442 et
3087 1390 3198 1458 ipse
3226 1398 3311 1444 est
3343 1405 3477 1444 unus
3502 1392 3593 1462 qui
3635 1403 3690 1447 ct

2121 1471 2269 1525 ntulti
2291 1483 2432 1528 sunt.
2477 1474 2624 1530 Multi
2651 1476 2791 1531 enim
2820 1486 2945 1532 sunt
2978 1478 3030 1532 in
3057 1479 3245 1548 seipsis
3271 1520 3287 1545 ,
3320 1494 3456 1535 unus
3482 1491 3605 1536 sunt
3633 1483 3688 1537 in

2120 1560 2212 1616 illo
2239 1562 2330 1632 qui
2357 1579 2490 1644 unus
2525 1574 2624 1619 cst.
2674 1565 2847 1636 Ipsum
2882 1577 2966 1624 est
3007 1577 3182 1624 autem
3221 1569 3380 1625 etiam
3429 1573 3685 1642 templum

2123 1650 2234 1716 Dei,
2261 1651 2328 1706 de
2356 1667 2460 1722 quo
2487 1653 2614 1710 dicit
2639 1656 2922 1726 Apostolus
2939 1699 2953 1721 ,
2986 1658 3244 1729 Templum
3276 1662 3405 1715 enim
3439 1661 3536 1717 Dei
3559 1681 3686 1717 san-

2064 1773 2070 1778 ~
2117 1751 2248 1794 ctum
2272 1753 2362 1806 est,
2391 1744 2522 1814 quod
2547 1747 2661 1799 estis
2688 1762 2771 1801 vos
2797 1748 2837 1812 (Ι
2858 1747 2974 1818 Cor.
3004 1765 3079 1816 nt,
3111 1752 3230 1829 l7);
3259 1767 3444 1807 omnes
3463 1753 3552 1823 qui
3571 1769 3688 1808 cre-

2117 1831 2248 1885 dunt
2275 1833 2326 1886 itt
2348 1832 2612 1889 Christum
2633 1877 2648 1902 ,
2680 1847 2734 1892 et
2759 1839 2837 1893 sic
2861 1840 3082 1894 credunt
3110 1853 3166 1895 ut
3194 1842 3432 1912 diligant.
3466 1845 3577 1900 lloc
3600 1857 3688 1902 est

2115 1923 2255 1977 enim
2282 1926 2501 1982 credere
2536 1929 2586 1982 in
2621 1928 2885 1984 Christum
2909 1973 2924 1997 ,
2969 1932 3188 2003 diligere
3225 1934 3489 1990 Christum
3525 1956 3538 1992 :
3575 1955 3685 1994 non

2115 2018 2380 2085 quomodo
2403 2017 2668 2075 dit-mones
2687 2021 2971 2077 credebant
3000 2024 3196 2094 (Jacobi
3226 2043 3278 2088 η,
3311 2026 3420 2096 i9),
3451 2029 3542 2083 sed
3572 2047 3682 2086 non

2114 2105 2425 2175 diligebant;
2454 2117 2510 2164 et
2531 2108 2648 2164 ideo
2673 2113 2911 2180 quamvis
2936 2114 3232 2182 crederent,
3255 2117 3520 2183 dicebant,
3543 2121 3684 2188 Quid

2114 2197 2254 2250 nobis
2273 2207 2316 2251 et
2342 2199 2428 2252 tibi
2449 2208 2536 2266 est,
2572 2199 2676 2255 Fili
2703 2201 2798 2257 Dei
2819 2204 3029 2274 (Matth.
3061 2223 3150 2262 vnt
3167 2249 3182 2274 ,
3212 2208 3350 2277 29)?
3377 2211 3482 2265 Nos
3501 2226 3680 2270 autem

2114 2287 2190 2342 sic
2212 2290 2506 2355 credamus,
2540 2295 2666 2348 utin
2695 2297 2862 2362 ipsum
2890 2297 3187 2363 credamus,
3219 2301 3499 2372 diligentes
3524 2321 3676 2371 eum,

2112 2387 2167 2434 et
2191 2396 2294 2434 non
2319 2382 2554 2438 dicamus
2579 2425 2594 2451 ,
2628 2385 2762 2452 Quid
2791 2388 2929 2442 nobis
2965 2397 3011 2442 et
3034 2389 3120 2442 tibi
3153 2392 3261 2444 est?
3309 2393 3402 2448 sed
3439 2394 3682 2451 dicamus

2113 2471 2310 2539 potius,
2351 2474 2432 2528 Ad
2464 2484 2513 2529 te
2544 2477 2890 2545 pertinemus;
2938 2489 2991 2533 tu
3021 2495 3117 2535 nos
3143 2482 3431 2538 redemisti.
3479 2485 3684 2543 Omnes

2110 2578 2236 2634 ergo
2260 2566 2347 2635 qui
2373 2566 2448 2621 sic
2479 2569 2734 2642 credunt,
2772 2580 3016 2642 tanquam
3063 2575 3261 2643 lapides
3286 2586 3407 2631 sunt
3435 2579 3567 2643 vivi,
3604 2581 3680 2638 de

2113 2654 2301 2724 quibus
2323 2660 2572 2727 templum
2602 2661 2690 2714 Dei
2717 2661 3004 2718 aedificatur
3031 2663 3072 2736 (Ι
3106 2665 3244 2718 Petr.
3269 2683 3325 2733 tt,
3357 2669 3442 2738 5);
3472 2681 3525 2724 et
3551 2681 3679 2726 tan-

2108 2762 2266 2818 quam
2307 2748 2444 2818 ligna
2484 2751 2816 2821 imputribilia
2843 2795 2856 2819 ,
2911 2769 2978 2811 ex
3017 2758 3208 2826 quibus
3247 2774 3365 2813 arca
3401 2762 3486 2816 illa
3515 2777 3678 2817 com-

2110 2849 2259 2908 pacta
2294 2850 2374 2895 est
2397 2882 2413 2908 ,
2445 2858 2561 2910 qua:
2589 2844 2638 2897 in
2669 2844 2865 2900 diluvio
2895 2848 3058 2915 mergi
3084 2864 3188 2903 non
3223 2852 3381 2918 potuit
3407 2850 3556 2921 (Gen.
3590 2870 3678 2921 rt,
3743 2857 3747 2866 '

2109 2930 2219 3000 14).
2244 2930 2354 2986 Hoc
2381 2941 2552 2986 autem
2584 2936 2830 3003 templum
2858 2946 2958 3002 est,
2991 2938 3038 2991 id
3068 2949 3151 2993 est
3170 2940 3266 3009 ipsi
3289 2940 3544 3006 homines,
3573 2948 3678 3002 ubi

2105 3030 2321 3089 regatur
2347 3023 2506 3089 Deus,
2535 3033 2588 3078 et
2612 3027 2843 3080 exaudit.
2872 3029 3118 3098 Quisquis
3147 3032 3285 3085 enim
3319 3045 3502 3103 praeter
3524 3044 3675 3090 tem-

2105 3111 2247 3181 plum
2276 3113 2366 3166 Dei
2395 3117 2623 3169 oraverit
2654 3117 2836 3185 Deum,
2867 3136 2968 3174 non
2996 3122 3274 3176 exauditur
3300 3124 3369 3178 ad
3405 3125 3544 3180 illam
3571 3143 3678 3196 pa-

2103 3218 2217 3258 cem
2245 3217 2485 3276 superna:
2507 3205 2794 3262 Jerusalem
2819 3249 2834 3274 ,
2881 3211 2979 3265 etsi
3017 3212 3294 3267 exauditur
3328 3214 3393 3268 ad
3423 3216 3672 3285 quaedam

2105 3295 2428 3361 temporalia,
2471 3312 2587 3365 qua:
2626 3297 2761 3353 Deus
2790 3308 2844 3353 et
2890 3300 3112 3371 Paganis
3157 3302 3390 3359 donavit.
3435 3285 3563 3361 Nam
3608 3320 3676 3366 et

2103 3382 2203 3451 ipsi
2225 3382 2492 3466 daemones
2513 3386 2745 3441 exauditi
2775 3399 2916 3456 sunt,
2938 3400 2993 3445 ut
3009 3392 3146 3446 irent
3163 3395 3212 3446 in
3236 3410 3422 3463 porcos
3448 3396 3670 3464 (Matth.

2101 3489 2192 3526 vm
2215 3476 2318 3539 ,κ51
2350 3516 2365 3541 ,
2393 3476 2506 3544 52).
2539 3478 2786 3533 Exaudiri
2823 3481 2889 3535 ad
2926 3483 3085 3536 vitam
3110 3494 3361 3540 aeternam
3388 3487 3525 3542 aliud
3553 3500 3670 3554 est,

2101 3581 2200 3622 nec
2237 3569 2544 3624 conceditur
2586 3571 2685 3632 nisi
2727 3572 2774 3626 ei
2818 3575 2904 3642 qui
2937 3574 2988 3628 in
3018 3576 3213 3645 templo
3257 3579 3350 3633 Dci
3385 3588 3518 3634 orat.
3565 3581 3670 3636 llle

2100 3665 2276 3712 autem
2303 3658 2354 3713 in
2383 3661 2578 3729 templo
2607 3649 2701 3716 Dei
2723 3671 2858 3729 orat,
2891 3666 2978 3734 qui
3005 3676 3122 3721 orat
3151 3668 3201 3721 in
3233 3685 3360 3738 pace
3383 3672 3665 3741 Ecclesiae,

2100 3749 2154 3804 in
2185 3752 2383 3806 unitate
2405 3755 2640 3823 corporis
2665 3755 2891 3821 Christi;
2920 3760 3061 3828 quod
3091 3775 3283 3831 corpus
3306 3762 3498 3825 Christi
3526 3781 3666 3822 con-

2099 3849 2203 3896 stat
2232 3855 2301 3897 ex
2329 3844 2507 3898 multis
2529 3845 2864 3901 credentibus
2891 3847 2944 3902 in
2977 3858 3088 3903 toto
3115 3853 3243 3908 orbe
3264 3862 3524 3910 terrarum
3559 3875 3572 3911 :
3600 3867 3668 3914 et

2100 3931 2215 3986 ideo
2239 3933 2544 4000 exauditur,
2577 3937 2665 4004 qui
2689 3937 2706 3968 ί
2737 3947 2852 3992 orat
2892 3939 2945 3994 in
2979 3943 3193 4011 templo.
3235 3944 3348 4012 ipse
3371 3947 3508 4001 enim
3539 3959 3667 4006 orat

2099 4023 2150 4076 in
2179 4025 2360 4092 spiritu
2382 4035 2435 4080 et
2459 4027 2700 4093 veritate,
2731 4029 2820 4098 qui
2846 4040 2962 4084 orat
2991 4032 3041 4086 in
3071 4049 3200 4103 pace
3232 4036 3517 4103 Ecclesize;
3546 4056 3660 4096 tum

2098 4115 2148 4169 in
2180 4117 2267 4168 illo
2291 4115 2594 4185 tcmplolnbi
2618 4118 2776 4188 figura
2805 4130 2919 4184 erat
2943 4120 3116 4192 (Joan.
3145 4141 3212 4191 tv,
3243 4126 3448 4197 2i-24).

2164 4206 2216 4258 2.
2247 4206 2544 4260 Secundum
2587 4208 2802 4276 ligurum
2845 4212 2984 4264 enim
3017 4213 3264 4268 Dominus
3300 4218 3523 4272 exclusit
3556 4219 3659 4273 h0-

2099 4295 2264 4348 mines
2290 4297 2355 4349 de
2385 4297 2597 4363 templo,
2624 4297 2740 4353 illos
2763 4300 2851 4367 qui
2871 4316 2962 4354 sua
2982 4304 3305 4372 quaerebant,
3340 4307 3386 4359 id
3405 4317 3503 4372 est,
3537 4325 3667 4378 pro-

2099 4399 2211 4456 pter
2241 4388 2568 4442 vendendum
2610 4398 2663 4443 et
2701 4392 2980 4446 emendum
3024 4395 3166 4449 ibant
3196 4397 3243 4449 itt
3285 4401 3554 4467 templum.
3594 4402 3663 4458 Si

2093 4488 2266 4531 autem
2293 4480 2452 4548 ligura
2479 4487 2592 4534 erat
2618 4481 2739 4534 illud
2765 4484 3032 4552 templum,
3066 4488 3394 4542 manifestum
3422 4501 3501 4544 est
3531 4495 3664 4559 quia

2093 4577 2147 4622 et
2172 4585 2364 4638 corpus
2387 4569 2766 4641 Christi,‘quod
2793 4584 2873 4628 est
2898 4591 3076 4630 verum
3109 4580 3354 4648 templum
3385 4596 3536 4648 cupis
3563 4583 3662 4640 illa

2095 4657 2264 4726 imago
2299 4667 2442 4722 erat,
2486 4658 2646 4714 habet
2689 4663 2974 4730 permixtos
3000 4677 3239 4722 ementes
3263 4679 3316 4724 et
3342 4671 3660 4738 vendentes,

2096 4748 2143 4801 id
2169 4758 2249 4802 est
2274 4762 2366 4803 sua
2393 4760 2688 4819 quaerentes
2712 4794 2725 4816 ,
2757 4769 2856 4807 non
2882 4770 2997 4824 qua:
3015 4755 3138 4810 Jesu
3168 4757 3362 4813 Christi
3392 4762 3659 4831 (Philipp.

2092 4859 2148 4905 tt,
2174 4842 2286 4912 Ἣ).
2335 4843 2436 4898 Sed
2463 4844 2809 4899 excluduntur
2835 4848 2955 4902 inde
2980 4848 3186 4919 ﬂagello
3209 4853 3489 4908 resticulze.
3542 4856 3664 4912 Re-

2090 4936 2185 4987 stis
2204 4933 2342 4987 enim
2371 4942 2579 5002 peccata
2606 4934 2882 5003 signiticat,
2910 4938 3044 4992 sicut
3069 4938 3258 4995 dicitur
3286 4959 3379 5011 per
3409 4947 3660 5014 promte-

2091 5034 2194 5076 tam
2230 5041 2242 5075 :
2288 5022 2370 5077 Vw
2408 5025 2476 5077 eis
2500 5025 2584 5094 qui
2620 5029 2821 5079 trahunt
2855 5039 3052 5094 peccata
3083 5032 3208 5083 velut
3239 5043 3418 5087 restem
3448 5035 3665 5107 longam
3725 5033 3728 5040 ’

2090 5113 2236 5183 (Isai.
2264 5131 2294 5166 ν
2314 5155 2328 5178 ,
2361 5114 2469 5182 18).
2516 5115 2591 5169 llli
2619 5127 2790 5170 autem
2818 5119 3032 5172 trahunt
3061 5130 3271 5189 peccata
3296 5123 3430 5178 sicut
3453 5138 3663 5184 restem

2087 5205 2313 5276 longam,
2329 5207 2416 5276 qui
2439 5206 2636 5261 addunt
2659 5216 2870 5276 peccata
2890 5213 3146 5278 peccatis;
3173 5215 3260 5284 qui
3281 5230 3399 5270 cum
3428 5216 3665 5276 fecerint

2087 5312 2247 5350 unum
2277 5305 2567 5363 peccatum,
2592 5305 2649 5350 ut
2673 5299 2980 5368 cooperiant
3004 5300 3152 5369 illud,
3184 5303 3658 5363 faciuntalterunt.

2087 5385 2360 5454 Quomodo
2383 5387 2523 5441 enim
2550 5397 2608 5442 ut
2636 5391 2789 5445 restis
2809 5391 2915 5460 liat,
2934 5393 3146 5449 additur
3165 5408 3397 5466 spartum
3422 5411 3611 5469 sparto
3638 5445 3660 5469 ,

2085 5496 2193 5536 non
2221 5488 2393 5534 autem
2423 5479 2473 5533 in
2522 5490 2719 5535 rectum
2764 5484 2839 5550 it,
2884 5485 2976 5540 sed
3017 5497 3286 5556 torquetur
3319 5507 3332 5543 :
3364 5489 3440 5544 sic
3472 5492 3660 5549 omnia

2087 5587 2244 5647 prava
2271 5569 2406 5626 facta
2435 5610 2452 5638 ,
2496 5587 2612 5640 qua:
2653 5583 2778 5628 sunt
2816 5588 3026 5644 peccata
3081 5593 3200 5634 cum
3230 5579 3491 5635 adduntur
3523 5582 3658 5649 sibi,

2159 5687 2176 5717 ⁸
2201 5688 2274 5733 Er.
2298 5682 2442 5747 Lugd.
2464 5690 2580 5732 ven.
2599 5690 2648 5734 et
2667 5691 2797 5749 Lor...
2821 5685 2947 5749 quia.
3041 5695 3098 5738 tu.

3539 5823 3660 5851 λη-
