3984 6200
251 333 274 390 ι
287 329 390 384 705

243 452 397 506 etde
427 455 646 520 peccato
688 455 962 518 peceatum
992 486 1007 511 ,
1052 453 1104 500 et
1143 453 1418 524 peceatpm
1452 441 1516 496 ad
1560 446 1832 524 peccatum

244 541 584 602 annectitur,
635 539 692 592 ﬁt
717 533 872 618 restis
896 537 1072 614 longa.
1121 536 1355 612 Quorum
1391 533 1595 616 semitae
1635 547 1832 608 pravae,

244 640 303 704 et
326 630 547 686 ﬂexttosi
573 643 788 706 gressus
819 619 1002 684 eorum
1033 626 1152 706 (Job
1181 641 1255 692 'vt,
1289 627 1402 695 18).
1433 625 1550 691 Quo
1581 624 1719 705 valet
1749 640 1836 676 au-

244 701 359 796 tem
397 721 496 796 ista
522 701 678 774 restis
698 760 714 784 ,
744 719 848 796 nisi
879 729 934 772 ut
968 718 1090 773 inde
1113 701 1340 791 ligentur
1364 716 1411 772 ei
1450 701 1640 796 manus
1667 724 1720 769 et
1744 731 1831 782 pe-

245 795 346 867 des
373 855 388 879 ,
421 792 822 892 et'projici‘atur
843 794 1086 892 quisque
1119 811 1168 864 in
1219 796 1466 880 tenebras
1490 792 1833 880 exteriores?

243 883 563 958 Meministis
615 883 756 975 enim
811 883 1009 976 dictum
1062 903 1128 976 de
1180 901 1408 972 quodam
1455 910 1736 972 peccatore
1781 900 1832 956 in

255 979 540 1064 Fvan'gelio
569 1012 582 1047 :
612 979 801 1065 Ligate
849 995 926 1048 illi
972 1011 1152 1047 manus
1195 1004 1242 1047 et
1290 995 1470 1063 pedes,
1517 1003 1564 1048 et
1605 994 1836 1064 projicite

244 1088 395 1140 illaut
422 1087 472 1140 in
491 1087 715 1140 tenebras
734 1087 1040 1151 exteriores;
1070 1085 1138 1139 ibi
1157 1087 1248 1140 erit
1269 1088 1416 1156 ﬂetus
1441 1093 1485 1140 et
1504 1087 1690 1140 stridor
1713 1088 1836 1139 den-

244 1179 376 1232 tium
406 1177 615 1248 (Matth.
662 1193 810 1243 xxn,
845 1177 955 1247 15).
1009 1176 1126 1231 Νοιι
1162 1187 1305 1232 esset
1329 1176 1469 1232 unde
1495 1177 1569 1232 illi
1600 1177 1833 1246 ligaren‘

247 1280 338 1324 tur
369 1284 555 1323 manus
580 1277 634 1323 et
665 1269 828 1338 pedes
852 1310 867 1334 ,
913 1268 1015 1323 nisi
1058 1269 1171 1338 ipse
1219 1269 1319 1322 sibi
1354 1278 1549 1324 restem
1595 1269 1830 1324 fecisset.

251 1354 403 1438 Unde
448 1362 783 1430 apertissime
825 1359 930 1414 alio
975 1360 1092 1414 loco
1120 1360 1372 1430 scriptum
1414 1370 1495 1415 est
1524 1378 1537 1413 :
1568 1360 1835 1438 Critiieulis

248 1441 571 1529 peccatorum
599 1470 806 1528 suorum
858 1453 1196 1527 unusquisque
1243 1429 1830 1529 constringiturdl’rov.

248 1526 282 1599 ζ’
306 1590 322 1612 ,
345 1547 456 1616 22).
490 1547 628 1616 Ergo
656 1526 776 1616 quia
801 1545 870 1600 tle
891 1529 1126 1618 peccatis
1154 1545 1264 1618 suis
1292 1526 1539 1615 homines
1555 1526 1830 1619 vapulant,

243 1640 373 1694 ideo
423 1638 679 1692 Dominus
716 1636 986 1707 ﬂagellum
1027 1636 1092 1690 de
1129 1627 1379 1691 resticula
1419 1635 1580 1703 fecit,
1613 1646 1669 1692 et
1712 1637 1834 1692 inde

245 1729 455 1800 expulit
483 1729 549 1786 de
576 1729 774 1799 templo
799 1743 983 1784 omnes
1004 1728 1092 1800 qui
1116 1743 1210 1784 sua
1233 1728 1562 1799 quierebant,
1588 1743 1691 1783 non
1715 1743 1834 1804 qua:

251 1811 386 1898 esu
417 1823 634 1878 Christi.

323 1917 378 1973 5.
408 1917 576 1988 llujus
612 1930 740 1986 ergo
785 1915 967 1986 templi
994 1931 1095 1988 vox
1133 1923 1214 1992 est
1264 1915 1316 1969 in
1349 1915 1583 1986 Psalmo.
1641 1914 1696 1970 in
1732 1915 1834 1992 lipc

245 2009 488 2078 templo,
523 1994 579 2087 ut
601 2008 746 2092 dixi,
780 2018 995 2077 rogatur
1038 2009 1177 2079 Deus
1201 2049 1215 2074 ,
1247 2020 1298 2062 et
1327 2007 1541 2085 exaudit
1563 2008 1612 2061 in
1645 2008 1832 2077 Spiritu

246 2110 310 2157 et
335 2085 599 2170 veritate;
645 2085 754 2154 non
794 2099 845 2153 in
886 2099 978 2171 illo
1003 2097 1288 2174 corporali.
1336 2097 1465 2152 Nam
1495 2097 1602 2153 illic
1647 2097 1830 2151 umbra

246 2181 372 2248 erat
395 2232 409 2254 ,
459 2191 512 2245 in
555 2205 657 2261 qua
686 2190 1145 2245 demonstraretur
1182 2173 1323 2260 quod
1353 2198 1632 2244 venturum
1670 2197 1828 2244 erat:

247 2268 375 2336 ideo
405 2282 529 2336 illud
553 2281 660 2352 jam
695 2281 905 2337 cecidit.
964 2280 1168 2336 Cecidit
1199 2295 1326 2358 ergo
1361 2280 1551 2358 domus
1578 2280 1834 2342 orationis

247 2376 493 2429 nostra}?
522 2375 692 2430 Absit.
720 2374 834 2429 Non
863 2375 1003 2429 enim
1032 2374 1155 2428 illud
1181 2356 1431 2442 templum
1453 2371 1593 2443 quod
1618 2372 1830 2438 cecidit,

247 2467 358 2521 hoc
381 2468 549 2536 potuit
577 2467 678 2520 dici
710 2465 901 2520 domus
938 2465 1194 2520 orationis
1220 2507 1232 2529 ,
1261 2464 1328 2520 de
1357 2479 1458 2534 qua
1486 2463 1686 2518 dictum
1710 2473 1789 2517 est
1815 2482 1828 2518 :

250 2558 450 2612 Domus
475 2574 583 2612 mea
603 2557 781 2612 domus
799 2557 1039 2611 orationis
1060 2556 1312 2610 vocabitur
1332 2555 1561 2610 omnibus
1585 2555 1828 2628 gentibus.

247 2650 491 2704 Audistis
522 2649 660 2704 enim
689 2649 812 2721 quid
855 2647 1047 2702 dixerit
1077 2647 1332 2702 Dominus
1356 2647 1509 2708 Jcsus
1543 2645 1785 2701 Christus
1814 2662 1828 2699 :

247 2741 514 2814 Scriptum
553 2752 624 2810 est
647 2781 662 2805 ,
711 2738 906 2812 Domus
938 2756 1047 2794 mea
1085 2741 1262 2813 domus
1301 2738 1542 2792 orationis
1580 2736 1834 2814 vocabitur

247 2815 484 2887 erunibus
529 2833 800 2909 gentibus;
845 2847 931 2910 vos
965 2840 1129 2903 autem
1173 2830 1358 2902 fecistis
1395 2846 1504 2882 eam
1541 2829 1834 2906 speluncam

246 2925 507 2978 latronum
537 2907 750 2991 (Matth.
797 2938 885 2976 χχι
958 2921 1054 2988 12,
1083 2922 1183 2985 15;
1233 2907 1286 2974 et
1322 2919 1477 2996 Joan.
1509 2936 1580 2996 ιι,
1615 2919 1830 2990 14-16).

245 3015 517 3086 Numquid
551 3015 622 3090 illi
651 3014 736 3090 qui
767 3014 1044 3088 voluerunt
1071 3012 1244 3090 facere
1269 2995 1480 3086 domum
1509 3011 1598 3090 Dei
1622 3012 1835 3081 spelun-

245 3123 370 3184 p'un
404 3089 702 3169 latronum',
750 3105 987 3160 fecerunt
1027 3114 1081 3158 ut
1106 3089 1294 3180 rueret
1325 3100 1621 3177 templum?
1665 3102 1753 3157 Sic
1781 3111 1835 3157 et

247 3200 327 3253 illi
353 3199 441 3267 qui
467 3198 602 3252 male
625 3197 810 3253 vivunt
835 3197 886 3251 in
920 3196 1152 3251 Ecclesia
1185 3194 1462 3262 catholica,
1495 3204 1747 3265 quantum
1779 3194 1830 3247 in

248 3289 386 3358 ipsis
413 3297 514 3355 est,
552 3284 767 3344 domum
792 3275 887 3342 Dei
922 3268 1101 3342 volunt
1129 3274 1300 3340 facere
1329 3285 1637 3354 Speluncam
1669 3283 1831 3337 latro-

248 3399 413 3455 num;
443 3397 540 3438 nec
567 3381 685 3437 ideo
713 3367 954 3455 evertunt
981 3379 1254 3449 templum.
1304 3377 1488 3432 Veniet
1519 3377 1660 3430 enim
1695 3385 1828 3430 tem-

248 3452 389 3546 pus,
418 3473 628 3544 quando
660 3452 894 3527 deireste
927 3481 1260 3539 peccatorum
1290 3483 1505 3522 suorum
1539 3468 1678 3520 foras
1712 3465 1833 3519 mit-

250 3576 455 3621 tantur.
489 3564 596 3618 lloe
627 3574 802 3618 autem
831 3561 1082 3631 templum
1109 3561 1237 3624 Dei,
1266 3559 1368 3614 hoc
1395 3573 1584 3628 corpus
1611 3557 1830 3622 Clu-isti,

250 3663 370 3716 lmc
400 3658 736 3728 congregatio
766 3656 996 3710 ﬁdelium
1018 3669 1174 3708 unam
1206 3639 1388 3706 vocem
1411 3651 1604 3716 habet,
1642 3661 1695 3705 et
1729 3661 1834 3703 tan-

246 3768 413 3822 quam
442 3766 576 3803 unus
605 3751 762 3802 homo
792 3754 967 3800 cantat
1009 3745 1059 3800 in
1104 3743 1337 3798 Psalmo.
1372 3743 1497 3811 Ejus
1525 3755 1704 3796 vocem
1723 3741 1831 3808 jam

249 3846 302 3897 in
338 3842 521 3896 multis
547 3838 762 3910 psalmis
788 3836 1118 3900 audivimus;
1148 3835 1426 3888 audiamus
1454 3841 1509 3887 et
1539 3832 1590 3885 in
1618 3832 1740 3885 isto.
1777 3831 1831 3884 Si

248 3936 501 4003 volumus
525 3972 540 3997 ,
573 3938 753 4008 nostra
782 3918 1020 4007 vox'est;
1051 3927 1094 3981 si
1121 3927 1368 4005 volumus
1389 3966 1403 3990 ,
1431 3938 1562 4004 aure
1589 3923 1834 3992 audimus

247 4033 558 4081 cantantem
586 4065 601 4090 ,
643 4003 696 4078 et
723 4036 818 4076 nos
845 4003 1006 4095 corde
1041 4003 1338 4074 cantamus.
1393 4014 1449 4070 Si
1477 4021 1655 4069 autem
1683 4013 1834 4066 nolu-

248 4133 397 4182 mus,
422 4097 620 4183 erimus
646 4097 702 4167 in
733 4114 822 4178 illo
850 4112 1044 4181 templo
1070 4119 1318 4185 tanquam
1350 4114 1608 4179 ementes,
1637 4112 1690 4160 et
1713 4118 1834 4159 vcn-

246 4193 484 4270 dentes,
518 4189 569 4270 id
615 4214 693 4259 est
718 4245 732 4267 ,
783 4211 962 4257 nostra
990 4208 1333 4272 quarrcntes:
1367 4197 1624 4261 intramus
1651 4194 1834 4275 Eccle-

247 4279 412 4360 siam,
447 4275 551 4352 non
577 4296 641 4368 ad
664 4311 724 4350 ea
757 4309 874 4364 quae
905 4293 1112 4360 placent
1138 4275 1308 4368 oculis
1339 4288 1450 4360 Dei.
1477 4286 1679 4367 Viderit
1707 4300 1834 4362 ergo

248 4395 299 4446 in
353 4366 599 4456 numero
623 4372 801 4442 vestro
841 4385 959 4455 quis
995 4366 1259 4453 qumnodo
1299 4366 1502 4450 audiat,
1540 4387 1714 4431 utrum
1741 4392 1836 4430 au-

246 4484 365 4537 diat
415 4489 470 4552 et
525 4463 772 4542 irrideat,
820 4485 994 4554 utrum
1048 4473 1226 4554 audiat
1275 4480 1328 4526 et
1383 4478 1502 4550 post
1545 4484 1604 4548 se
1651 4475 1831 4548 ponat,

251 4582 436 4628 utrum
480 4569 658 4624 audiat
692 4577 745 4624 ct
783 4574 1080 4631 consonet,
1128 4563 1179 4621 id
1210 4573 1292 4618 est
1319 4604 1334 4628 ,
1381 4560 1577 4617 sentiat
1615 4560 1701 4615 hic
1738 4576 1834 4611 vo-

250 4679 374 4718 cem
434 4675 624 4725 suam,
686 4667 739 4714 et
786 4657 1039 4727 adjungat
1096 4669 1278 4709 vocem
1342 4651 1520 4708 cordis
1577 4652 1657 4705 sui
1714 4650 1830 4704 voci

252 4755 449 4827 psalmi
497 4753 673 4824 hujus.
720 4752 917 4805 Tamen
955 4765 1054 4819 vo;
1081 4747 1269 4817 psalmi
1311 4744 1467 4823 hujus
1506 4759 1611 4798 non
1657 4753 1833 4808 tacet;

253 4824 592 4926 instruantur
625 4826 714 4918 qui
768 4852 1028 4914 possunt,
1073 4843 1178 4914 imo
1218 4838 1307 4908 qui
1351 4838 1571 4910 volunt;
1616 4837 1702 4905 qui
1736 4851 1835 4888 uo-

252 4929 399 5010 lunt,
428 4919 866 5020 nonﬂimpediant.
905 4932 1318 5008 Commendetur
1346 4930 1498 5002 nobis
1526 4929 1834 4991 humilitas;

255 5034 386 5089 inde
415 5021 592 5102 etrapit.

327 5128 382 5181 4.
416 5121 437 5199 [
463 5139 590 5177 vers.
625 5119 715 5192 1.]
747 5117 957 5172 Domine
982 5157 997 5182 ,
1028 5132 1126 5169 non
1149 5122 1217 5168 est
1247 5113 1520 5167 exaltatum
1543 5125 1630 5164 cer
1651 5125 1834 5182 meum.

254 5214 592 5273 Sacrificium
621 5211 830 5267 obtulit.
861 5208 1013 5266 Unde
1043 5205 1326 5275 probamus
1362 5202 1484 5273 quia
1517 5202 1836 5258 sacriﬁcium

249 5305 492 5364 obtulit?
520 5305 650 5371 Quia
681 5303 944 5357 humilitas
965 5297 1140 5354 cordis
1163 5296 1478 5351 sacriﬁcium
1505 5302 1608 5349 est.
1639 5294 1840 5348 Dicitur

250 5404 306 5469 in
347 5399 457 5454 alio
489 5397 690 5468 psalmo
714 5435 729 5460 ,
762 5393 1014 5456 Quoniam
1042 5391 1084 5444 si
1113 5389 1351 5443 voluisses
1380 5385 1681 5461 sacri/icium
1704 5427 1717 5446 ,
1750 5384 1838 5436 de-

254 5495 444 5548 dissem
484 5490 667 5557 utique.
707 5485 848 5541 Satis
887 5483 1097 5538 volebat
1131 5479 1303 5534 facere
1343 5478 1451 5549 Deo
1481 5491 1576 5555 pro
1608 5476 1840 5544 peceatis

257 5583 404 5647 suis,
436 5559 722 5647 propitiare
748 5575 894 5628 illum
913 5571 1156 5635 volebat,
1188 5569 1530 5636 utacciperet
1559 5566 1840 5635 indulgeri-‘-

254 5677 388 5753 tiam
420 5679 753 5740 peccatorum
789 5686 801 5720 :
832 5674 886 5722 et
913 5665 1062 5733 quasi
1089 5677 1339 5734 quaerens
1368 5661 1508 5716 unde
1538 5661 1684 5715 illum
1713 5675 1842 5738 pro-

256 5769 508 5850 pitiarel.
546 5764 607 5819 Si
646 5763 883 5818 voluisses
910 5801 925 5825 ,
967 5759 1134 5828 inquit
1158 5795 1186 5825 ,ι
1221 5757 1558 5838 sacriﬁcium,
1595 5754 1841 5832 dedissem

482 5854 752 5918 ΡΑτιιοι..
785 5849 1114 5914 XXXVII.

1307 315 1703 376 ENARRATIO
1741 312 1804 369 IN
1845 311 2168 372 PSALMUM
2205 317 2418 377 CXXX.

3394 335 3527 420 stos,

1943 433 2160 503 utique;
2201 437 2508 495 holocaustis
2549 457 2649 496 non
2691 443 3032 502 delectaberis.
3083 449 3222 527 Ergo
3259 466 3406 522 super
3422 454 3527 511 [Tite

1941 529 2214 618 quierebat
2241 539 2332 584 aut
2360 531 2555 611 arietes
2575 574 2589 598 ,
2622 543 2712 588 aut
2740 545 2921 592 tauros
2942 581 2956 605 ,
2985 549 3074 594 aut
3110 526 3336 618 aliquam
3365 546 3522 601 talem

1939 614 2243 706 victimam,
2285 622 2428 701 unde
2466 622 2770 702 placaretur
2816 627 2977 683 Deus.
3025 631 3159 706 Quid
3196 613 3367 706 ergo?
3399 616 3522 706 quia

1941 705 2266 788 holocaustis
2306 725 2408 790 nop
2453 711 2748 793 delectatur
2780 717 2916 772 Deus
2940 760 2954 784 ,
2990 703 3094 775 non
3131 703 3322 798 accipit
3353 703 3524 782 sacri-

1941 797 2116 884 ﬁcium
2139 838 2153 862 ,
2185 807 2239 858 et
2264 800 2378 862 sine
2409 803 2670 883 sacriﬁcio
2703 807 2976 886 placatur?
3002 811 3056 866 Si
3089 794 3290 876 nullum
3319 796 3524 886 sacriﬁ-

1939 882 2079 942 cium
2120 898 2234 968 est,
2277 892 2455 947 nullus
2489 878 2756 968 sacerdos.
2798 878 2856 953 Si
2897 911 3072 968 autem
3105 878 3400 970 habemusu‘
3433 923 3525 964 8:1-

1939 965 2207 1035 ccrdotem
2240 982 2290 1035 in
2321 985 2494 1049 cmlis,
2526 966 2612 1056 qui
2655 1004 2747 1056 pro
2772 965 3484 1065 nobisinterpellatiDatrem

1941 1069 2192 1154 (Intravit
2221 1074 2362 1156 enim
2395 1075 2444 1128 in
2467 1087 2646 1131 sancta
2671 1090 2973 1136 sanctorum
2995 1125 3009 1149 ,
3043 1085 3093 1139 in
3118 1086 3366 1144 interiora
3396 1092 3523 1156 veli,

1939 1177 2046 1232 quo
2089 1178 2192 1218 non
2247 1165 2476 1221 intrabat
2517 1171 2766 1226 sacerdos
2803 1174 2854 1227 iu
2899 1175 3063 1248 ﬁgura
3108 1179 3207 1234 nisi
3235 1157 3421 1236 semel
3465 1185 3518 1240 in

1939 1268 2080 1334 anno
2101 1297 2115 1320 ,
2147 1256 2286 1310 sicut
2313 1267 2367 1312 et
2407 1259 2663 1316 Dominus
2691 1264 2741 1317 in
2775 1273 2884 1318 toto
2913 1277 3150 1337 tempore
3180 1256 3346 1326 semel
3378 1273 3526 1328 obla-

1942 1353 2025 1398 tus
2054 1356 2156 1400 est.
2190 1346 2304 1430 ipse
2325 1350 2514 1404 obtulit
2542 1367 2620 1418 se,
2646 1354 2758 1422 ipse
2782 1357 3052 1430 sacerdos.
3074 1343 3185 1432 ipse
3204 1339 3437 1426 victima,
3470 1374 3525 1418 et

1940 1432 2154 1520 intravit
2183 1437 2233 1491 iu
2257 1450 2436 1526 saneta
2468 1452 2768 1525 sanctorum
2801 1448 2964 1527 semel
2989 1440 3170 1532 [Ηρὺν.
3204 1450 3298 1527 ix],
3320 1434 3392 1522 vet
3413 1455 3521 1522 jam

1939 1543 2043 1581 non
2087 1530 2332 1614 moritur,
2364 1524 2469 1587 nec
2509 1524 2652 1616 mors
2691 1537 2740 1615 ci
2779 1524 3304 1621 ultraidmnit‘uibitur
3333 1527 3522 1621 [ligna

1939 1636 2011 1685 vt,
2043 1620 2121 1694 9])
2155 1639 2168 1687 ;
2210 1625 2384 1679 securi
2432 1641 2615 1707 sumus
2644 1670 2658 1694 ,
2699 1631 2819 1707 quia
2844 1615 3107 1688 habemus
3135 1615 3477 1707 Sacerdotem
3506 1657 3520 1704 ;

1939 1711 2010 1794 ibi
2051 1713 2335 1771 oﬁcramus
2357 1726 2410 1770 et
2446 1703 2696 1773 hostiam.
2723 1705 3011 1796 Videamus
3041 1726 3178 1795 quod
3205 1703 3521 1796 sacriﬁcium

1938 1801 2194 1885 debemus
2241 1805 2475 1889 otl‘et‘re;
2525 1810 2647 1884 quia
2701 1795 3020 1868 holocaustis
3073 1831 3178 1870 non
3221 1795 3516 1873 delectatur

1939 1893 2078 1949 Deus
2104 1905 2304 1965 noster,
2337 1899 2471 1979 sicut
2497 1901 2718 1957 audistis
2740 1903 3154 1974 inpsalnto.Sed
3188 1909 3254 1963 ibi
3287 1891 3526 1982 sequitur

1938 1993 1988 2069 et
2017 1987 2246 2070 ostendit
2271 1989 2394 2070 quid
2422 1991 2611 2066 offerat
2639 2011 2652 2047 :
2681 1994 3006 2064 Sacriﬁcium
3038 1998 3145 2052 Deo
3171 1985 3379 2070 spiritus
3394 2021 3520 2070 con-

1939 2078 2341 2160 tribulattts:gor
2362 2084 2630 2143 contritum
2657 2094 2702 2139 et
2731 2087 3068 2145 Immilitalunt
3102 2071 3246 2147 Deus,
3263 2111 3363 2148 non
3382 2073 3526 2173 sngr-

1937 2169 2010 2250 ttit
2041 2168 2207 2241 (Psal.
2239 2187 2301 2236 ι.,
2329 2174 2426 2239 18,
2457 2175 2580 2246 19).
2622 2176 2677 2232 Si
2716 2193 2844 2253 ergo
2871 2181 3200 2254 humiliatum
3241 2165 3335 2242 cor
3360 2165 3526 2256 sacri-

1937 2259 2112 2316 ﬁcium
2146 2263 2255 2318 Deo
2281 2274 2379 2328 est,
2413 2267 2729 2324 sacriﬁcium
2758 2272 2946 2328 obtulit
2975 2277 3062 2345 qui
3089 2276 3256 2333 dixit:
3287 2259 3520 2359 Domine,

1937 2369 2037 2407 non
2065 2364 2136 2408 est
2159 2356 2431 2410 exaltatum
2459 2375 2546 2413 cor
2567 2363 2888 2418 meant.Vide
2914 2367 3019 2421 alio
3047 2368 3162 2422 loco
3188 2370 3265 2426 sic
3291 2356 3520 2430 biit-ren-

1939 2451 2044 2498 tem
2074 2462 2088 2499 :
2117 2445 2246 2501 dicit
2291 2449 2434 2516 Deo,
2475 2449 2600 2505 Vide
2643 2452 2975 2528 humilitatem
3017 2476 3179 2514 meam
3212 2473 3258 2516 et
3300 2465 3519 2533 laborent

1938 2549 2135 2631 meum:
2165 2547 2210 2590 et
2237 2537 2428 2617 dimitte
2453 2542 2621 2596 omnia
2647 2555 2851 2613 peccata
2878 2564 2989 2601 utea
3023 2548 3193 2621 (Psal.
3230 2569 3374 2623 xxrv,
3403 2559 3515 2631 18).

2007 2625 2062 2679 5.
2096 2625 2342 2694 Domine,
2375 2646 2474 2684 non
2504 2643 2574 2686 est
2600 2634 2874 2689 exaltatum
2913 2653 3000 2692 cor
3040 2657 3203 2695 nteant
3224 2686 3239 2710 ,
3278 2662 3436 2717 neque
3470 2625 3523 2706 in

1937 2717 2094 2800 altum
2140 2719 2258 2806 elati
2305 2732 2419 2808 sunt
2467 2726 2602 2778 oculi
2643 2728 2780 2795 mei;
2810 2745 2964 2808 neque
3008 2713 3266 2807 ingressas
3302 2713 3421 2795 sunt
3470 2745 3523 2800 in

1939 2812 2167 2883 magnis,
2217 2831 2374 2894 neque
2411 2817 2463 2871 in
2500 2819 2811 2892 mirabilibus
2844 2840 2994 2900 super
3029 2843 3126 2901 me.
3167 2828 3279 2898 Hoc
3318 2812 3524 2902 planius

1937 2903 2161 2971 dicatur,
2207 2915 2261 2960 et
2297 2907 2558 2987 audiatur.
2588 2908 2703 2982 Non
2745 2911 2818 2979 fui
2859 2917 3122 2987 superbus
3147 2961 3161 2985 ,
3193 2924 3336 2978 nolui
3372 2927 3520 2994 quasi

1938 2995 1990 3072 in
2041 2995 2372 3085 mirabilibus
2411 2999 2743 3058 innotescere
2789 3003 3128 3075 hominibus;
3164 3027 3264 3067 nec
3292 2993 3520 3085 quaesivi

1937 3078 2132 3158 aliquid
2173 3104 2330 3160 supra
2366 3091 2506 3146 vires
2545 3108 2720 3160 meas,
2763 3097 2902 3152 unde
2943 3113 3028 3154 me
3062 3102 3202 3170 apud
3248 3078 3521 3176 imperitos

1933 3177 2212 3251 jactarem.
2245 3181 2485 3236 lutcudat
2513 3183 2755 3240 Charitas
2786 3197 2958 3242 vestra
2984 3206 2997 3254 ;
3030 3175 3215 3264 magna
3257 3175 3341 3250 res
3369 3177 3521 3264 come:-

1941 3273 2238 3345 niendatur.
2280 3275 2556 3342 Quomodo
2598 3275 2778 3337 Simon
2821 3280 2908 3340 ille
2948 3299 3130 3354 magus
3169 3286 3219 3340 in
3265 3269 3519 3354 mirabili;
3581 3268 3588 3269 ⁷

1939 3365 2034 3418 bus
2078 3365 2277 3436 ingredi
2312 3367 2518 3436 volebat
2558 3383 2718 3438 super
2759 3385 2853 3437 se,
2892 3351 3169 3444 prepterea
3211 3379 3325 3447 plus
3371 3351 3518 3454 illum

1937 3455 2220 3511 delectavit
2245 3458 2473 3527 potentia
2501 3459 2891 3534 Apostolorum,
2923 3480 3080 3534 quain
3123 3465 3323 3535 jttstitia
3366 3469 3521 3525 Chri-

1938 3547 2251 3602 stianorum.
2277 3551 2344 3602 At
2372 3550 2458 3604 ubi
2481 3550 2610 3605 vidit
2637 3567 2729 3620 per
2749 3569 2938 3608 manus
2962 3556 3352 3628 impositioncm
3379 3564 3524 3631 Apo-

1938 3641 2195 3694 stolorum
2223 3650 2275 3694 et
2303 3657 2396 3710 per
2414 3643 2684 3698 orationes
2709 3658 2890 3708 eorum
2929 3646 3089 3700 Deum
3126 3648 3251 3704 dare
3280 3651 3523 3708 ﬁdelibus

1939 3729 2190 3798 Spiritum
2232 3740 2510 3796 sanctum;
2543 3741 2594 3786 et
2622 3733 2740 3801 quia
2788 3743 2911 3804 tunc
2950 3751 3043 3802 per
3082 3738 3390 3794 miraculum
3422 3729 3518 3807 άβζ

1939 3821 2332 3897 monstrabatur
2363 3822 2620 3896 adventus
2647 3823 2874 3891 Spiritus
2896 3828 3068 3888 sancti
3089 3869 3103 3892 ,
3139 3839 3191 3880 ut
3221 3830 3409 3901 linguis
3437 3833 3518 3887 ht-

1938 3923 2241 3989 quereutur,
2274 3929 2406 3985 quas
2456 3931 2558 3988 non
2605 3915 2940 3989 didicerant,
2977 3934 3161 3975 omnes
3199 3937 3360 3992 snper
3384 3942 3518 3995 quos

1938 4007 2179 4076 veniebat
2209 4007 2434 4076 Spiritus
2466 4017 2677 4062 sanctus
2707 4010 2842 4078 (nec
2871 4010 2989 4064 ideo
3030 4013 3187 4066 modo
3220 4031 3322 4069 non
3364 4017 3526 4073 datur

1940 4099 2168 4169 Spiritus
2209 4105 2424 4154 sanctus
2451 4139 2466 4164 ,
2510 4099 2629 4168 quia
2682 4100 2872 4172 linguis
2919 4117 3021 4156 non
3080 4105 3386 4174 loquuntur,
3429 4111 3519 4179 qui

1939 4192 2181 4247 credunt.
2215 4191 2338 4245 ldeo
2362 4192 2504 4246 enim
2538 4201 2661 4246 tunc
2687 4195 2965 4260 oportebat
3007 4204 3065 4248 ut
3104 4197 3293 4267 linguis
3334 4199 3518 4269 loque-

1939 4290 2140 4346 rentur,
2169 4292 2225 4334 ut
2260 4281 2619 4350 signiﬁcarent
2648 4296 2834 4336 omnes
2875 4285 3076 4352 linguas
3109 4285 3321 4343 Christo
3350 4291 3551 4345 credi--

1942 4383 2105 4429 turas.
2135 4374 2234 4430 Ubi
2265 4374 2538 4442 impletum
2568 4384 2648 4429 est
2678 4375 2815 4445 quod
2844 4376 3256 4446 signiﬁcabatur,
3287 4383 3511 4454 miracu-

1940 4465 2046 4520 lum
2078 4465 2308 4528 ablatum
2341 4464 2444 4535 est)
2478 4484 2490 4518 :
2518 4480 2636 4518 cum
2668 4481 2794 4536 ergo
2825 4466 2924 4521 hoc
2955 4468 3155 4524 videret
3186 4469 3398 4541 Simon,
3431 4489 3518 4529 vo.

1939 4557 2034 4613 luit
2067 4556 2186 4609 talia
2219 4554 2425 4620 facere,
2456 4570 2558 4610 non
2592 4555 2708 4610 talis
2739 4572 2890 4620 esse;
2924 4567 2976 4610 et
3015 4561 3180 4615 nostis
3209 4563 3330 4639 quia
3357 4565 3516 4620 etiam

1943 4646 2161 4716 pecunia
2216 4646 2415 4716 putavit
2467 4647 2880 4715 comparandum
2945 4647 3198 4718 Spiritum
3256 4665 3522 4716 sanctum.

1941 4736 2070 4806 Erat
2096 4751 2223 4808 ergo
2248 4736 2314 4792 de
2337 4737 2526 4792 talibus
2549 4738 2636 4808 qui
2669 4738 2719 4791 in
2749 4739 2997 4810 templum
3025 4740 3223 4812 intrant
3250 4727 3315 4799 ad
3340 4761 3524 4802 emen-

1941 4827 2065 4881 dum
2095 4837 2148 4882 et
2177 4827 2544 4894 vendendum;
2568 4844 2748 4900 emere
2775 4811 2983 4884 volebat
3001 4811 3142 4902 quod
3168 4835 3394 4906 vendere
3414 4839 3522 4894 dis-

1945 4920 2172 4989 ponebat
2200 4938 2213 4974 :
2239 4928 2290 4976 et
2319 4936 2442 4976 vere
2464 4961 2479 4986 ,
2511 4920 2700 4992 fratres
2726 4921 2860 4986 mei,
2892 4913 3025 4991 quia
3044 4925 3162 4994 talis
3192 4927 3280 4982 ille
3305 4938 3435 4994 erat,
3469 4937 3524 4984 et

1941 5013 2017 5067 sic
2045 5011 2333 5080 intraverat
2360 5011 2425 5066 ad
2448 5025 2558 5065 eos.
2589 5011 2842 5084 Dominus
2865 5013 2981 5067 illos
3003 5018 3202 5085 expulit
3228 5017 3294 5082 de
3325 5021 3523 5089 templo

1942 5105 2028 5173 qui
2065 5103 2336 5171 columbas
2371 5102 2705 5174 vendebant;
2745 5103 2988 5172 columba
3038 5119 3215 5180 au'em
3266 5109 3518 5178 Spiritum

1944 5205 2184 5248 sanctum
2211 5193 2472 5263 signiﬁcat
2501 5212 2513 5247 :
2543 5194 2750 5250 volebat
2771 5211 2897 5266 ergo
2919 5196 3100 5259 Simon
3124 5213 3300 5252 emere
3326 5202 3523 5256 colum-

1943 5285 2062 5339 bam
2087 5323 2103 5348 ,
2134 5292 2188 5357 et
2213 5283 2443 5339 vendere
2475 5284 2808 5351 columbam;
2839 5288 3063 5342 accessit
3095 5289 3345 5343 Dominus
3370 5291 3525 5348 .Iesus

1944 5374 2206 5448 Christus,
2231 5373 2318 5443 qui
2350 5372 2621 5429 habitabat
2650 5375 2700 5430 in
2732 5377 2911 5446 Petro,
2941 5387 2996 5432 et
3025 5379 3232 5449 ﬂagello
3261 5383 3526 5440 resticula:

1946 5464 2149 5532 expulit
2178 5463 2318 5518 foras
2345 5464 2541 5529 malum
2570 5475 2919 5522 mercatorem
2957 5473 3088 5539 (Act.
3118 5485 3231 5536 vui,
3267 5472 3474 5536 18-25).

2018 5555 2071 5625 6.
2103 5556 2242 5636 Ergo
2267 5565 2392 5632 sunt
2420 5556 2662 5612 homines
2693 5573 2826 5628 quos
2854 5559 3078 5613 delectat
3108 5562 3418 5619 miraculum
3450 5565 3524 5621 fa-

1948 5661 2088 5710 cere,
2120 5657 2172 5701 et
2198 5647 2264 5701 ab
2286 5649 2364 5702 eis
2387 5649 2473 5716 qui
2504 5649 2843 5720 profecerunt
2870 5652 2918 5705 in
2951 5651 3184 5708 Beclesia
3216 5660 3524 5714 miraculum

2016 5762 2030 5792 ¹
2061 5767 2190 5821 t.cv.,
2209 5759 2293 5810 sed
2317 5758 2558 5832 habemus.
2655 5769 2712 5836 at.

2647 5847 3341 5932 {Cinquante-quatre.)
