4032 6202
488 380 493 386 ’
546 374 683 432 ΠΟἸ

541 491 791 561 exigunt;
812 494 865 541 et
890 483 991 554 ipsi
1017 482 1106 553 qui
1130 479 1281 549 quasi
1309 476 1595 548 profecisse
1620 475 1717 529 sibi
1750 473 2016 535 videntur,
2049 480 2126 525 ta-

543 581 611 640 lia
634 581 815 634 volunt
840 574 1036 640 facere,
1066 581 1121 627 et
1151 576 1337 641 putant
1358 566 1496 624 sead
1530 567 1694 621 Dettm
1723 580 1826 619 non
1858 563 2128 634 pertinere

544 673 588 727 si
619 685 723 726 non
750 666 992 724 fecerint.
1022 663 1277 718 Dominus
1304 668 1482 713 autem
1511 657 1648 711 Deus
1675 663 1876 721 noster,
1909 654 1997 724 qui
2031 668 2129 707 uo-

546 762 620 815 vit
647 758 774 830 quid
808 757 892 812 cui
923 755 1150 817 tribuat,
1175 761 1228 807 et
1250 760 1308 805 ut
1345 755 1586 804 servetur
1609 761 1866 817 compago
1888 745 2129 814 corporis

547 850 598 906 iu
638 864 785 920 pace,
824 844 1109 920 alloquitur
1149 839 1442 895 Ecclesiam
1481 853 1575 908 per
1616 836 1931 906 Apestolum
1960 852 1974 888 :
2007 833 2128 887 Non

545 951 702 1012 potest
745 930 910 994 dicere
955 934 1131 991 oculus
1178 932 1383 998 manui,
1415 930 1557 1000 Opus
1601 938 1647 983 te
1682 946 1784 983 non
1812 929 2006 993 habeo;
2041 936 2130 982 aut
2167 965 2172 969 ›

544 1010 725 1088 iterum
762 1040 915 1102 caput
945 1029 1149 1101 pedibus
1168 1069 1181 1091 ,
1215 1025 1357 1092 Opus
1385 1022 1521 1077 vobis
1545 1037 1645 1075 non
1675 1010 1849 1075 halica.
1884 1019 1941 1075 Si
1972 1027 2128 1073 totum

545 1142 730 1197 corpus
769 1123 967 1186 oculus,
998 1121 1081 1174 ubi
1109 1117 1349 1172 auditus?
1387 1116 1430 1170 si
1478 1124 1631 1169 totum
1672 1130 1852 1184 corpus
1884 1112 2087 1165 auditus
2110 1153 2125 1178 ,

544 1221 629 1275 ubi
646 1219 886 1274 odoratus
904 1215 928 1268 ?
949 1215 1089 1283 Ergo
1111 1214 1163 1265 iu
1192 1209 1444 1263 membris
1467 1207 1661 1262 nostris
1688 1204 1893 1270 videtis,
1914 1202 2126 1270 fratres,

547 1309 814 1379 quomodo
856 1305 1060 1375 singula
1102 1301 1331 1356 officium
1380 1313 1533 1353 suum
1587 1297 1814 1351 habeant
1866 1295 2125 1349 membra.

546 1400 744 1454 Oculus
773 1396 934 1462 videt,
962 1404 1014 1448 et
1041 1409 1146 1446 non
1173 1388 1351 1451 audit;
1380 1389 1524 1442 auris
1549 1387 1714 1453 audit,
1748 1395 1926 1440 etnon
1954 1383 2126 1447 videt;

550 1505 738 1545 manus
775 1494 1041 1557 operatur,
1078 1497 1177 1536 nec
1201 1480 1378 1545 audit,
1409 1493 1507 1532 nec
1546 1476 1721 1541 videt;
1756 1490 1848 1545 pes
1872 1473 2127 1539 ambulat,

553 1598 648 1638 nec
677 1580 856 1645 audit,
894 1592 992 1632 nec
1034 1574 1206 1638 videt,
1235 1586 1334 1628 nec
1362 1570 1483 1625 facit
1514 1568 1656 1638 quod
1694 1582 1903 1621 nianus.
1943 1564 2044 1621 Sed
2074 1563 2130 1620 iu

551 1690 659 1730 uno
685 1686 910 1742 corpore
946 1670 988 1723 si
1024 1669 1090 1722 sit
1121 1667 1318 1719 sanitas
1344 1705 1358 1730 ,
1401 1672 1454 1717 et
1499 1678 1603 1717 non
1633 1660 1912 1715 adversum
1940 1671 1997 1712 se
2025 1656 2131 1714 liti-

550 1764 677 1838 gent
702 1763 960 1829 membra,
988 1760 1130 1814 auris
1159 1758 1301 1813 videt
1347 1757 1396 1809 iu
1445 1755 1598 1809 oculo
1623 1794 1637 1819 ,
1674 1751 1859 1806 oculus
1897 1748 2046 1804 audit
2080 1747 2130 1801 in

553 1871 720 1922 aure;
753 1869 851 1909 nec
872 1850 1029 1922 objici
1058 1859 1224 1919 potest
1254 1847 1369 1900 auii
1393 1844 1531 1915 quod
1562 1859 1666 1897 non
1694 1841 1874 1908 videt,
1908 1849 1965 1896 ut
1989 1840 2136 1895 dica-

548 1958 636 2003 tur
666 1947 713 2002 ei
740 1964 752 2001 :
776 1943 917 1999 Nihil
943 1956 1022 2007 es,
1052 1941 1226 1994 minor
1252 1954 1341 1999 es;
1367 1933 1620 2004 numquid
1644 1932 1823 1987 videre
1851 1940 1906 1986 et
1930 1929 2134 1985 discer—

555 2053 685 2094 nere
731 2037 939 2091 colores
982 2042 1136 2103 potes
1161 2072 1174 2092 ,
1217 2028 1357 2098 quod
1407 2026 1530 2081 facit
1576 2023 1802 2079 oculus?
1828 2021 2137 2092 Respondet

556 2130 699 2186 enim
725 2127 868 2183 auris
894 2125 961 2181 de
987 2138 1113 2194 pace
1137 2120 1397 2190 corporis,
1426 2128 1481 2173 et
1505 2116 1632 2172 dicit
1664 2134 1677 2170 :
1710 2115 1784 2170 lbi
1814 2129 1930 2170 sum
1950 2113 2034 2168 ubi
2054 2122 2138 2168 est

555 2223 771 2285 oculus,
807 2220 856 2274 in
885 2233 951 2273 eo
976 2230 1200 2285 corpore
1229 2228 1382 2277 sum;
1411 2211 1462 2264 in
1487 2224 1573 2265 me
1602 2223 1706 2264 nou
1733 2206 1889 2262 video
1911 2244 1929 2270 ,
1964 2204 2016 2260 in
2046 2204 2137 2259 illo

556 2328 675 2370 cum
706 2327 811 2383 quo
839 2324 956 2364 sum
987 2306 1158 2361 video.
1187 2303 1260 2359 fta
1287 2318 1407 2358 cum
1434 2300 1575 2355 auris
1605 2298 1752 2366 dicit,
1783 2295 2136 2377 Oculus'mibi

555 2405 733 2467 videt;
766 2399 953 2455 oculus
980 2397 1108 2451 dicit
1130 2434 1145 2460 ,
1178 2393 1333 2448 Auris
1364 2390 1491 2445 mihi
1517 2389 1702 2455 audit;
1731 2387 1870 2443 oculi
1899 2396 1953 2443 et
1982 2400 2139 2441 aures

551 2494 759 2559 dicunt,
778 2491 961 2545 Manus
982 2487 1136 2543 nobis
1156 2494 1472 2555 operantur;
1489 2496 1673 2536 manus
1694 2479 1897 2546 dicunt,
1919 2478 2140 2533 Oculiet

556 2601 715 2641 aures
746 2583 898 2638 nobis
923 2580 1105 2636 vident
1126 2587 1180 2633 et
1204 2576 1458 2631 audiunt:
1490 2573 1630 2629 oculi
1665 2584 1715 2628 et
1754 2587 1911 2627 aures
1938 2581 1991 2627 et
2028 2586 2140 2625 ma-

557 2694 660 2735 nus
697 2677 919 2743 dicunt,
967 2672 1143 2728 Pedes
1185 2668 1338 2724 nobis
1381 2666 1650 2722 ambulant
1678 2681 1692 2717 :
1718 2663 1895 2719 omnia
1944 2663 1996 2718 in
2033 2678 2139 2718 uno

512 2792 515 2793 '
557 2785 782 2842 corpore
809 2782 929 2823 eum
956 2772 1248 2835 operantur
1276 2762 1315 2827 ¹,
1346 2759 1390 2815 si
1420 2760 1489 2813 sit
1514 2759 1581 2813 ibi
1610 2757 1810 2811 sanitas
1832 2764 1887 2811 et
1912 2769 2137 2809 concor-

554 2861 683 2915 dent
708 2858 945 2913 membra
971 2896 985 2919 ,
1012 2853 1246 2925 gaudent
1270 2858 1327 2906 et
1346 2847 1682 2917 congaudent
1704 2846 1825 2900 sibi.
1864 2845 1934 2900 Et
1964 2844 2006 2900 si
2038 2844 2138 2898 ali-

555 2950 680 3021 quid
702 2946 962 3006 molestia:
986 2946 1052 2999 sit
1084 2945 1135 2998 in
1157 2940 1334 3011 aliquo
1349 2939 1589 2993 membro
1609 2980 1623 3005 ,
1656 2952 1761 2991 non
1784 2950 1841 2991 se
1862 2934 2136 2998 deserunt,

557 3041 650 3096 sed
678 3038 1071 3109 compatiuntur
1096 3032 1217 3088 sibi.
1247 3029 1532 3100 Numquid,
1563 3028 1685 3099 quia
1718 3027 1769 3080 in
1800 3041 2024 3097 corpore
2043 3039 2138 3096 pes

490 3114 493 3117 ’
557 3132 706 3202 quasi
736 3132 891 3201 longe
920 3127 1129 3183 videtur
1157 3123 1224 3177 ah
1250 3122 1417 3177 oculis
1443 3120 1554 3193 (illi
1585 3120 1725 3174 enim
1753 3127 1877 3173 sunt
1907 3118 2060 3172 locati
2086 3117 2137 3170 in

560 3222 908 3283 suidimiLate,
938 3218 1014 3271 illi
1041 3226 1216 3269 autem
1239 3212 1372 3266 infra
1402 3211 1557 3280 positi
1583 3208 1623 3275 ),
1651 3207 1864 3278 quando
1891 3206 2025 3260 forte
2049 3220 2140 3274 pes

520 3336 525 3339 ·
559 3317 765 3386 spinam
795 3308 1101 3371 calcaverit,
1131 3305 1383 3359 deserunt
1404 3301 1571 3366 oculi;
1600 3308 1654 3353 et
1678 3313 1803 3363 non,
1835 3298 1971 3352 sicut
1994 3296 2142 3351 vide-

563 3421 699 3468 mus,
727 3413 890 3457 totum
922 3413 1115 3467 corpus
1142 3393 1502 3458 contrahitur,
1542 3401 1596 3445 et
1636 3391 1786 3445 sedet
1816 3389 1996 3454 homo,
2019 3404 2142 3442 cur-

544 3472 716 3550 Lvatur
751 3492 902 3563 Spina
943 3487 1107 3552 dorsi,
1156 3494 1215 3542 ut
1254 3490 1522 3554 quaeratur
1555 3481 1707 3551 spina
1745 3493 1861 3550 qua:
1902 3477 2055 3533 bmsit
2084 3476 2138 3531 in

560 3587 740 3657 planta
765 3584 787 3637 ?
816 3580 1002 3638 Omnia
1033 3578 1270 3633 membra
1296 3571 1550 3644 quidquid
1582 3578 1803 3641 possunt
1829 3568 2023 3625 faciunt
2042 3610 2056 3634 ,
2084 3578 2142 3623 ut

564 3680 632 3735 de
652 3677 834 3733 infimo
860 3672 1125 3741 ctexiguo
1161 3669 1278 3722 loco
1317 3667 1465 3735 spina
1488 3680 1607 3735 qua:
1636 3662 1919 3719 inhmserat
1942 3660 2141 3716 educa—

566 3783 670 3826 tur.
699 3768 787 3825 Sic
812 3780 961 3835 ergo,
992 3763 1204 3827 fratres,
1233 3758 1470 3829 quisquis
1495 3758 1546 3809 in
1569 3769 1795 3824 corpore
1818 3752 2011 3808 Christi
2036 3766 2139 3805 non

568 3868 743 3934 potest
779 3857 1099 3913 resuscitare
1130 3859 1395 3907 mortuum
1419 3891 1432 3912 ,
1467 3863 1570 3901 non
1609 3844 1733 3900 illud
1763 3851 1968 3915 qumrat
1991 3886 2005 3906 ,
2048 3843 2142 3898 sed

563 3963 767 4026 quierat
791 3952 813 3983 ²
856 3964 923 4005 ne
950 3945 1220 4002 discordet
1256 3944 1307 3996 in
1352 3954 1608 4010 cei-pore;
1641 3936 1906 4026 quomodo
1927 3937 1969 3989 si
1999 3936 2143 3990 auris

561 4025 765 4116 qumrat
789 4040 988 4104 videre,
1016 4034 1322 4090 discordare
1353 4041 1544 4100 potest.
1576 4028 1705 4083 Nam
1727 4025 1866 4099 quod
1907 4041 2012 4080 non
2050 4040 2143 4080 ac-

561 4137 735 4206 cepit,
768 4148 871 4187 non
903 4136 1075 4202 potest
1106 4127 1297 4181 facere.
1327 4122 1432 4179 Sed
1462 4121 1506 4175 si
1533 4121 1582 4177 ei
1609 4119 1873 4190 objectum
1911 4118 2067 4173 fuerit
2091 4126 2145 4173 et

562 4228 760 4283 dictqu
792 4240 806 4277 :
835 4222 891 4278 Si
914 4221 1089 4290 justus
1109 4230 1255 4272 esses
1275 4256 1289 4280 ,
1320 4213 1667 4269 resuscitares
1691 4219 1952 4264 mortuum
1977 4251 1990 4273 ,
2014 4225 2145 4276 quo-

563 4314 724 4375 mo'do
755 4311 1085 4370 resuscitavit
1116 4310 1326 4362 Petrus.
1358 4306 1411 4359 In
1437 4303 1649 4358 Christo
1675 4304 1814 4357 enim
1843 4302 2043 4369 majora
2069 4300 2146 4352 vi-

563 4412 758 4465 dentur
783 4405 972 4461 fecisse
1001 4398 1238 4470 Apostoli
1268 4438 1283 4463 ,
1323 4409 1480 4465 quam
1519 4394 1632 4462 ipse
1661 4392 1913 4446 Dominus
1940 4390 1959 4462 (
1985 4387 2142 4443 Joan.

564 4517 649 4557 xiv
670 4542 684 4567 ,
728 4497 841 4569 l2).
883 4492 988 4549 Sed
1017 4490 1156 4545 unde
1199 4487 1311 4541 fieri
1355 4493 1527 4555 potest
1557 4492 1615 4537 ut
1644 4482 1763 4553 plus
1792 4484 2002 4536 valeant
2028 4494 2145 4534 sar-

564 4582 779 4657 menta,
810 4602 968 4659 quam
1008 4580 1192 4638 radix?
1217 4574 1495 4647 Quomodo
1534 4583 1712 4628 autem
1751 4574 1902 4643 quasi
1945 4572 2145 4641 majora

564 4687 810 4742 videntur
858 4679 1045 4735 fecisse
1089 4675 1196 4739 illi,
1240 4685 1398 4741 quam
1440 4666 1575 4723 ille?
1617 4666 1698 4721 Ad
1723 4681 1907 4720 vocem
1936 4665 2145 4719 Domini

564 4779 911 4833 surrexerunt
934 4766 1147 4830 mortui,
1176 4763 1239 4817 ad
1265 4762 1505 4816 umbram
1529 4756 1849 4815 transeuntis
1870 4756 2009 4811 Petri
2031 4770 2147 4810 sur—

564 4869 702 4925 rexit
744 4871 982 4918 mortuus
1012 4856 1147 4929 (Act.
1170 4872 1224 4923 v,
1258 4851 1368 4923 l5).
1400 4850 1566 4920 Majus
1591 4851 1694 4904 hoc
1730 4847 1957 4913 videtur,
1985 4862 2144 4917 quam

565 4960 714 5016 illud.
741 4955 847 5014 Sed
873 4953 1113 5009 Christus
1154 4949 1329 5017 facere
1357 4944 1472 4999 sine
1504 4942 1661 4999 Petro
1690 4949 1930 5011 poterat,
1957 4938 2146 4994 Petrus

564 5053 668 5109 nisi
696 5052 748 5105 iu
777 5048 990 5105 Christo
1017 5058 1120 5097 non
1151 5047 1359 5111 poterat
1385 5053 1398 5090 :
1431 5036 1561 5102 Quia
1591 5034 1697 5087 sine
1718 5049 1814 5097 me,
1847 5032 2036 5103 inquit,
2066 5033 2146 5085 ni-

564 5146 637 5199 hil
663 5141 865 5217 potestis
884 5138 1049 5209 [acere
1067 5132 1246 5205 (Joan.
1273 5145 1362 5195 xv,
1381 5127 1461 5199 5).
1484 5127 1615 5181 Cum
1643 5139 1770 5195 ergo
1796 5123 1897 5179 hoc
1920 5123 2147 5217 audierit

564 5216 726 5292 homo
769 5232 859 5305 qui
904 5226 1149 5300 proficit,
1192 5221 1341 5294 quasi
1390 5220 1652 5289 objectam
1700 5216 2018 5272 calumniam
2077 5216 2146 5272 ab

564 5330 764 5401 ignaris
795 5322 1009 5396 paganis
1033 5362 1048 5386 ,
1080 5312 1481 5373 ab~hominibus
1509 5310 1870 5366 nescientibus
1898 5308 2022 5379 quid
2061 5307 2144 5362 lo—

563 5400 793 5489 quantur
818 5435 832 5482 ;
871 5416 923 5470 in
964 5422 1219 5479 compage
1247 5405 1488 5475 corporis
1510 5400 1707 5457 Christi
1740 5400 2061 5470 respondeat
2090 5408 2146 5454 et

562 5514 704 5565 dzcat
733 5529 745 5559 τ
774 5506 871 5577 Qui
901 5506 1035 5561 dicis
1055 5546 1068 5570 ,
1093 5501 1207 5556 Non
1233 5513 1293 5553 es
1315 5497 1518 5567 justus,
1546 5494 1667 5564 quia
1697 5510 1800 5547 non
1831 5494 1957 5546 lacis
1986 5492 2146 5547 mira-

563 5602 682 5656 cula
707 5618 721 5665 ;
750 5614 933 5669 posses
960 5606 1013 5652 et
1051 5593 1166 5649 auri
1195 5591 1404 5652 dicere,
1438 5585 1551 5642 Non
1574 5600 1632 5641 es
1661 5585 1714 5641 in
1741 5593 1994 5655 oorpore,
2022 5582 2143 5653 quia

628 5753 646 5784 ⁸
675 5750 863 5810 Aliquot
885 5757 1009 5804 Mss.,
1028 5746 1360 5810 cooperantur.

626 5813 650 5847 ⁸
675 5798 840 5858 ρὶωῖεδ
858 5814 964 5856 Mss.
992 5798 1086 5855 non
1106 5798 1305 5863 habent,
1339 5798 1423 5850 sed
1446 5802 1648 5860 quarrat.

1786 359 1843 416 S.
1887 354 2252 415 AUGUSTINI
2292 356 2593 414 EPISCOPI

3673 371 3695 423 1
3706 371 3812 425 708

2236 487 2341 526 non
2369 472 2535 527 vides.
2560 472 2845 540 Faceres',
2879 474 3064 546 inquit,
3095 484 3243 545 ettu,
3276 477 3417 533 sicut
3441 487 3496 534 et
3523 478 3709 537 Petrus
3739 483 3817 540 fe-

2230 564 2322 617 cit.
2352 563 2457 619 Sed
2485 564 2672 620 Petrus
2699 575 2752 621 et
2775 567 2902 621 mihi
2935 568 3082 634 fecit,
3107 570 3229 639 quia
3261 570 3312 624 in
3334 582 3399 625 eo
3422 587 3646 641 corpore
3674 591 3815 641 sum,

2235 655 2284 708 in
2310 671 2416 726 quo
2441 656 2624 712 Petrus
2647 658 2773 713 fecit
2796 678 2810 714 :
2836 660 2891 719 in
2918 661 3007 715 illo
3028 660 3167 731 quod
3197 670 3372 732 potest
3394 678 3630 732 possum,
3658 680 3689 718 a
3711 681 3821 735 quo

2233 748 2433 803 divisus
2482 765 2586 803 non
2632 765 2784 815 sum;
2814 751 2954 821 quod
3000 753 3175 806 minus
3216 768 3468 823 possmn,
3496 757 3823 826 compatitor

2234 837 2384 902 mihi,
2414 846 2468 893 et
2491 841 2628 911 quod
2658 842 2772 911 plus
2802 852 2991 912 potest,
3026 846 3334 915 congaudeo
3365 845 3441 900 illi
3476 846 3667 919 (ICor.
3698 852 3829 920 xu).

2234 928 2352 997 Ipse
2383 930 2640 989 Dominus
2679 933 2911 1004 desuper
2955 936 3202 992 clamavit
3253 952 3349 1007 pro
3396 953 3623 1008 corpore
3675 956 3777 994 suo
3808 988 3824 999 .

2235 1020 2410 1089 Saule,
2438 1022 2624 1091 ‘Saule,
2662 1025 2786 1095 quid
2834 1042 2911 1079 me
2950 1028 3257 1095 persequeris
3309 1027 3443 1101 (Act.
3492 1045 3564 1093 lx,
3608 1031 3664 1100 4)
3692 1032 3718 1084 ?
3764 1049 3794 1086 c

2235 1112 2404 1181 ipsum
2435 1128 2590 1167 nemo
2614 1113 2896 1184 tangebat,
2926 1117 3018 1169 sed
3048 1132 3144 1185 pro
3170 1132 3395 1193 corpore
3417 1119 3470 1174 in
3497 1130 3633 1176 terra
3662 1122 3794 1177 labo
3814 1152 3831 1157 η

2221 1214 2384 1277 trante
2413 1217 2572 1275 caput
2589 1207 2655 1261 de
2676 1209 2814 1262 coelo
2834 1209 3115 1263 clamabat.

2306 1296 2358 1350 7.
2391 1297 2445 1352 Si
2475 1314 2604 1368 ergo
2623 1342 2637 1366 ,
2669 1298 2891 1367 fratres,
2921 1302 3282 1371 unusquisque
3309 1301 3447 1371 quod
3480 1312 3653 1372 potest
3676 1304 3827 1373 jus-te

2235 1390 2420 1460 egerit,
2448 1401 2502 1445 et
2532 1391 2582 1444 in
2611 1406 2675 1446 eo
2699 1392 2839 1461 quod
2869 1393 3004 1447 alius
3034 1393 3154 1462 plus
3193 1402 3368 1462 potest
3397 1408 3499 1446 non
3536 1393 3823 1458 inviderit,

2234 1482 2328 1536 sed
2352 1484 2750 1551 congratulatus
2781 1482 2938 1538 fuerit
2964 1492 3211 1553 tanquam
3238 1484 3291 1537 in
3323 1499 3427 1538 uno
3447 1499 3673 1553 corpore
3701 1500 3825 1539 cum

2235 1588 2301 1631 eo
2329 1576 2666 1639 constitutus,
2698 1576 2927 1645 pertinet
2956 1575 3020 1630 ad
3047 1591 3168 1632 eum
3192 1591 3296 1630 vox
3329 1576 3427 1630 ista
3460 1576 3677 1642 Psalmi,
3716 1575 3823 1631 Do-

2237 1667 2370 1719 mine
2393 1707 2408 1731 ,
2455 1682 2553 1719 non
2593 1677 2666 1720 est
2699 1668 2974 1723 exaltatum
3007 1683 3094 1721 cor
3137 1684 3301 1721 meum
3330 1706 3348 1736 ,
3380 1683 3536 1734 neque
3569 1668 3621 1720 in
3662 1669 3828 1724 alium

2237 1755 2359 1811 elati
2394 1767 2510 1810 sunt
2541 1758 2674 1811 oculi
2718 1759 2854 1823 mei;
2880 1775 3038 1829 neque
3074 1759 3327 1828 ingressus
3363 1774 3473 1812 sum
3507 1758 3560 1811 in
3592 1759 3830 1829 magnis,

2237 1867 2396 1921 neque
2410 1851 2460 1903 in
2480 1850 2791 1905 mirabilibus
2818 1867 2968 1921 super
2988 1867 3082 1904 me.
3109 1849 3259 1916 Quod
3278 1850 3418 1904 enim
3433 1850 3665 1905 excessit
3685 1852 3834 1906 vires

2239 1957 2409 2007 meas,
2428 1942 2530 2009 ait,
2552 1958 2654 1997 non
2674 1943 2891 2012 qumsivi
2915 1984 2928 2007 ,
2958 1959 3063 1997 non
3084 1942 3152 1995 ibi
3176 1957 3261 1996 me
3285 1940 3533 2007 extendi,
3570 1942 3724 1997 nolui
3752 1943 3833 1999 ibi

2239 2034 2720 2104 magnificari.Nam
2739 2036 2835 2089 ista
2856 2035 3103 2089 exaltatio
3120 2034 3186 2089 de
3201 2032 3520 2089 abundantia
3530 2035 3832 2104 gratiarum

2234 2139 2396 2195 quam
2419 2125 2486 2179 sit
2515 2125 2768 2191 timenda,
2790 2140 2857 2179 ne
2884 2126 3002 2195 quis
3022 2125 3090 2179 de
3120 2124 3262 2179 dono
3292 2123 3383 2177 Dei
3412 2123 3711 2193 superbiat,
3734 2124 3832 2180 sed

2242 2217 2409 2287 magis
2433 2226 2608 2273 servet
2635 2217 3002 2282 humilitatem,
3024 2226 3076 2270 et
3106 2216 3256 2275 faciat
3282 2213 3421 2285 quod
3440 2215 3699 2283 scriptum
3725 2228 3827 2281 est,

2244 2308 2444 2376 Quanto
2461 2324 2671 2379 magnus
2688 2325 2758 2373 es,
2786 2318 2920 2361 tanto
2941 2308 3078 2362 humi
3083 2308 3152 2362 lia
3176 2320 3221 2361 te
3245 2312 3296 2363 in
3314 2325 3430 2363 omn
3443 2309 3577 2375 ibus,
3593 2323 3639 2363 et
3655 2327 3832 2364 coram

2242 2397 2350 2454 Deo
2405 2401 2620 2454 invenies
2665 2401 2879 2471 gratiam
2916 2400 2933 2465 (
2964 2400 3123 2456 Ecrli.
3175 2419 3261 2470 ιιι,
3306 2405 3409 2477 ΞΘ)
3442 2424 3455 2459 :
3485 2420 3644 2476 quam
3699 2418 3832 2471 ergo

2244 2490 2474 2545 timenda
2514 2491 2583 2545 sit
2604 2491 2847 2562 superbia
2876 2491 2942 2546 de
2973 2492 3114 2546 dono
3143 2494 3436 2560 Dei,etiam
3468 2506 3631 2566 atque
3661 2496 3827 2549 etiam

2241 2583 2722 2638 commendandum
2758 2594 2842 2639 est
2884 2583 3137 2641 Charitati
3177 2596 3367 2642 vostra:
3392 2630 3407 2654 ,
3447 2587 3680 2642 maxime
3706 2587 3830 2656 quia

2242 2673 2483 2729 Psalmus
2510 2675 2855 2730 brevissimus
2879 2676 3142 2746 permittit
3165 2693 3262 2734 nos
3289 2678 3450 2748 loqui.
3476 2678 3673 2733 Paulus
3700 2694 3833 2748 apo.

2242 2767 2409 2821 stolus
2430 2768 2671 2836 quamvis
2698 2782 2764 2823 ex
2805 2780 3150 2837 persecutore
3184 2771 3354 2826 factus
3382 2772 3450 2827 sit
3486 2772 3829 2842 praedicator,

2242 2857 2674 2914 abundantiorem
2697 2859 2916 2929 gratiam
2942 2874 3106 2919 conte
3124 2870 3260 2916 'utus
3285 2874 3363 2917 cst
3393 2862 3442 2916 in
3472 2864 3615 2917 omni
3645 2863 3833 2920 labore

2242 2949 2570 3017 apostolico,
2600 2965 2757 3020 quam
2787 2951 2963 3005 cultori
2994 2953 3217 3021 apostoli
3238 2997 3252 3019 ,
3283 2963 3337 3006 ut
3367 2955 3529 3024 magis
3566 2955 3708 3009 Deus
3737 2970 3832 3009 0s-

2244 3038 2485 3094 tenderet
2505 3054 2659 3092 suum
2689 3053 2808 3092 esse
2837 3040 2979 3108 quod
3008 3040 3116 3108 dat,
3142 3057 3246 3095 non
3271 3042 3519 3097 hominis.
3546 3044 3832 3110 Quomodo

2243 3128 2416 3183 solent
2437 3126 2627 3182 medici
2661 3129 2946 3197 potentiam
2978 3145 3088 3183 sua:
3111 3132 3240 3186 artis
3264 3132 3313 3186 in
3337 3133 3630 3202 desperatis
3653 3143 3834 3188 osten-

2244 3219 2371 3274 dere
2400 3236 2413 3274 :
2445 3221 2527 3274 sic
2549 3220 2802 3275 Dominus
2831 3220 2986 3277 Jesus
3012 3222 3274 3291 Christus,
3310 3225 3547 3280 medicus
3571 3236 3627 3280 et
3656 3226 3836 3281 salva,

2246 3320 2329 3365 tor
2371 3321 2579 3376 noster,
2631 3312 2683 3365 iu
2731 3313 3032 3382 desperato,
3074 3316 3160 3385 qui
3208 3329 3516 3384 persecutor
3566 3319 3691 3373 Eccl
3719 3322 3830 3373 ~sT;e

2246 3402 2369 3467 fuit,
2402 3402 2634 3456 ostendit
2660 3404 3077 3473 magnitudinem
3106 3408 3232 3460 artis
3256 3422 3401 3474 sure,
3435 3419 3489 3461 ut
3520 3424 3624 3462 non
3650 3411 3831 3464 solum

2244 3505 2364 3545 cum
2392 3492 2733 3547 christianum
2766 3496 2992 3559 faceret,
3025 3496 3118 3552 33d
3140 3505 3193 3552 et
3222 3500 3554 3567 apostolum;
3585 3517 3681 3554 nec
3718 3513 3833 3554 tan-

2247 3590 2354 3634 tum
2381 3582 2700 3651 apostolum,
2736 3584 2826 3637 sed
2851 3582 2987 3639 sicut
3009 3586 3121 3654 ipse
3142 3585 3290 3652 dicit,
3315 3588 3432 3656 plus
3459 3590 3707 3644 omnibus
3727 3593 3831 3649 illis

2246 3674 2510 3729 laboraret
2543 3673 2602 3745 (l
2632 3674 2747 3729 Cor.
2779 3693 2864 3739 xv,
2902 3675 3011 3747 l0).
3044 3677 3519 3735 Excellentissimm
3543 3698 3667 3752 ergo
3701 3700 3828 3754 grta-

2249 3766 2332 3818 tiae
2374 3763 2487 3820 fuit.
2520 3766 2587 3819 Et
2616 3766 2835 3827 videtis,
2869 3766 3058 3822 fratres
3083 3810 3097 3835 ,
3128 3769 3248 3837 quia
3291 3772 3450 3825 modo
3491 3772 3541 3826 in
3584 3774 3750 3829 Eccle
3785 3779 3828 3830 ia

2248 3857 2392 3912 Pauli
2415 3858 2637 3927 apostoli
2670 3860 2917 3927 Epistulae
2946 3860 3141 3929 vigent,
3172 3862 3341 3932 magis
3366 3878 3521 3933 quam
3551 3877 3833 3932 c-iaposto.

2250 3948 2419 4001 lorum
2459 3948 2594 4017 ejus.
2644 3949 2743 4002 Alii
2773 3950 2913 4003 enim
2959 3966 3065 4005 non
3108 3951 3467 4022 scripserunt,
3500 3957 3590 4010 sed
3622 3969 3833 4012 tantum

2248 4040 2406 4095 locuti
2432 4050 2556 4095 sunt
2586 4039 2637 4094 in
2666 4040 2898 4095 Ecclesia
2931 4059 2943 4094 :
2979 4058 3097 4095 nam
3125 4058 3243 4112 qua:
3276 4042 3615 4113 proferuntur
3647 4046 3722 4099 ab
3753 4064 3839 4102 er-

2251 4132 2486 4185 rantibus
2524 4130 2623 4184 sub
2662 4131 2877 4185 nomine
2920 4132 3153 4200 ipsorum
3179 4174 3192 4197 ,
3230 4134 3354 4203 quia
3384 4150 3488 4189 non
3527 4147 3649 4192 sunt
3690 4139 3843 4207 ipso-

2250 4237 2389 4285 rum,
2422 4221 2806 4289 improbantur,
2838 4238 2934 4275 nec
2962 4233 3306 4293 acceptantur
3331 4225 3399 4280 ab
3436 4227 3695 4281 Ecclesia.
3735 4229 3840 4284 Alii

2249 4321 2423 4365 autem
2452 4314 2539 4381 qui
2570 4313 2898 4381 scripserunt
2920 4354 2934 4377 ,
2967 4328 3064 4366 nec
3093 4322 3293 4369 tantum
3315 4357 3328 4380 ,
3360 4332 3458 4370 nec
3489 4325 3628 4369 tanta
3660 4323 3841 4387 gratia

2249 4403 2592 4473 scripserunt.
2622 4404 2751 4457 Cum
2781 4418 2908 4473 ergo
2937 4414 3081 4459 esset
3106 4420 3309 4475 magna:
3337 4407 3541 4476 gratiae,
3566 4417 3620 4462 et
3641 4424 3841 4477 magna

2250 4494 2386 4548 dona
2418 4494 2699 4549 meruisset
2724 4509 2752 4547 a
2782 4494 2909 4561 Deo,
2934 4495 3055 4564 quid
3089 4496 3217 4550 dicit
3244 4497 3475 4566 quodam
3506 4498 3667 4552 loco?
3700 4498 3842 4552 Pro-

2252 4592 2359 4653 pter
2380 4584 2773 4655 magnitudinem
2803 4585 3159 4638 revdationum
3189 4601 3250 4638 ne
3270 4587 3507 4640 extollar.
3533 4585 3803 4643 lntendite
3822 4630 3839 4654 ,

2252 4690 2362 4729 rem
2400 4676 2725 4730 tremendam
2766 4673 2915 4730 vobis
2951 4676 3070 4731 dico
3105 4694 3117 4730 :
3151 4675 3367 4746 Projitrr
3400 4680 3838 4749 magnitudinem,

2251 4768 2440 4838 inquit,
2464 4768 2823 4821 revelationum
2849 4785 2910 4821 ne
2925 4768 3159 4831 extollar,
3184 4768 3333 4823 datus
3354 4780 3425 4823 est
3453 4771 3574 4824 mihi
3598 4773 3839 4825 stimulus

2251 4861 2417 4913 carnis
2443 4874 2583 4925 uteie,
2631 4858 2838 4929 angelus
2875 4869 3084 4926 solante,
3124 4860 3208 4930 qui
3248 4877 3324 4914 me
3357 4861 3660 4931 colaphizet.
3692 4862 3835 4930 Quid

2251 4961 2327 5005 est
2359 4950 2459 5004 hoc
2482 4991 2496 5013 ,
2526 4949 2760 5003 fratres?
2785 4948 2861 5004 Ne
2892 4950 3242 5007 extolleretur
3290 4959 3539 5021 tanquam
3575 4951 3796 5021 juvenis
3825 4997 3840 5018 ,

2251 5038 2681 5109 colaphizabatur
2709 5048 2957 5108 tanquam
2999 5055 3148 5108 puer.
3182 5040 3248 5092 Et
3278 5056 3307 5093 a
3337 5040 3491 5109 quo?
3523 5042 3604 5095 Ab
3644 5044 3844 5112 angelo

2250 5139 2469 5187 satanas.
2494 5130 2629 5199 Quid
2654 5139 2735 5185 est
2765 5129 2902 5185 hoc?
2934 5131 3127 5188 Dolore
3155 5133 3382 5204 quodam
3406 5136 3646 5204 corporis
3674 5136 3844 5189 tradi—

2250 5233 2338 5279 tur
2360 5223 2656 5292 exagitatus
2683 5221 3062 5279 vehementer:
3097 5222 3312 5278 dolores
3342 5233 3519 5279 autem
3548 5240 3842 5294 corporum

2251 5314 2561 5385 plerumque
2588 5311 2941 5367 immittuntur
2969 5313 3035 5367 ab
3073 5314 3272 5382 angelis
3313 5323 3547 5380 satanze;
3587 5313 3681 5368 sed
3736 5315 3842 5369 hoc

2252 5423 2355 5461 non
2402 5413 2620 5475 possunt
2661 5405 2761 5458 uisi
2808 5405 3070 5474 permissi.
3118 5403 3246 5457 Nam
3277 5413 3329 5459 et
3368 5404 3471 5459 Joh
3511 5415 3726 5459 sanctus
3757 5406 3843 5461 sic

2252 5497 2501 5567 probatus
2529 5506 2628 5552 est.
2660 5496 2958 5551 Permissus
2987 5505 3069 5550 est
3093 5495 3158 5550 ad
3186 5512 3305 5550 eum
3333 5496 3656 5565 probandum
3683 5507 3836 5551 sata-

2252 5604 2345 5643 nas
2368 5629 2384 5655 ,
2415 5597 2467 5641 et
2491 5587 2750 5656 percussit
2787 5602 2906 5641 cum
2940 5588 3157 5641 vulnere
3180 5627 3195 5651 ,
3223 5598 3280 5640 ut
3328 5589 3597 5643 vermibus
3642 5597 3841 5657 putre-

2250 5687 2441 5738 sceret.
2484 5677 2791 5731 immundus
2831 5678 2973 5733 enim
3022 5677 3451 5749 permittebatur,
3494 5675 3586 5733 sed
3616 5690 3875 5750 sanctus_

2313 5795 2329 5827 ¹
2360 5799 2490 5849 ων..
2515 5793 2610 5854 fac.
2706 5797 2767 5843 tl.
