3984 6200
193 338 320 400 1709

188 453 506 530 probabatur
548 447 693 522 (Job
734 463 810 512 ιι,
832 445 864 501 6
887 487 904 514 ,
936 443 1035 516 ⁸1).
1078 441 1257 497 Nescit
1292 438 1531 494 diabolus
1567 444 1761 506 quanta

187 525 320 622 bona
354 544 421 608 de
449 527 541 598 illo
571 542 718 607 ﬁant,
751 538 910 594 etiam
941 550 1062 591 cum
1089 533 1258 588 saevit.
1290 530 1526 586 Sawiens
1555 525 1768 582 intrarit

189 619 361 696 in'cor
400 635 549 697 ludar.
572 632 766 706 (Joan.
793 645 886 685 xui
906 671 921 696 ,
951 627 1078 697 27),
1110 625 1334 680 saeviens
1363 621 1576 676 tradidit
1618 619 1769 674 Chri-

187 745 323 804 sttnu
351 770 367 797 ,
415 727 639 783 steviens
679 722 977 787 crucifixit;
1007 730 1058 774 et
1089 716 1342 773 crucifixo
1368 714 1576 769 Christo
1598 753 1612 775 ,
1646 709 1768 790 red-

188 801 395 892 emptus
431 829 511 872 est
534 818 677 872 orbis
701 786 980 870 terrarum.
1013 812 1148 866 Ecce
1183 807 1381 863 smvitia
1433 804 1626 860 diaboli
1660 786 1770 856 dia-

188 905 308 968 bolo
353 909 556 970 obfuit,
589 906 740 960 nobis
780 913 955 959 autem
1006 900 1218 970 profuit.
1262 895 1542 951 Szcvicndo
1584 894 1724 949 enim
1750 932 1766 958 ,

188 1018 319 1075 quos
350 1001 562 1056 tenebat
602 999 814 1060 amisit,
861 996 1167 1063 redemptos
1213 990 1471 1068 sanguine
1516 985 1769 1056 Domini,

189 1096 344 1170 quem
376 1111 494 1150 cum
527 1093 738 1148 sart'it‘ct
765 1090 971 1146 ell'udit.
1009 1088 1065 1143 Si
1100 1087 1260 1141 sciret
1287 1065 1487 1140 tantum
1518 1065 1770 1151 damnant

189 1203 244 1242 se
289 1199 606 1255 passurum,
653 1197 755 1234 non
805 1177 1047 1233 funderet
1087 1177 1138 1230 in
1182 1184 1388 1251 terram-
1418 1171 1639 1240 pretium
1671 1161 1775 1238 quo

187 1278 522 1355 redemptum
551 1283 633 1328 est
659 1289 823 1342 genus
852 1271 1160 1338 humanum.
1188 1267 1276 1322 Sic
1300 1279 1425 1334 ergo
1447 1262 1534 1317 ille
1558 1261 1776 1340 angelus

190 1380 388 1439 satana:
409 1366 558 1436 quasi
589 1366 812 1417 libenter
841 1361 1132 1432 permissus
1160 1367 1238 1412 est
1263 1354 1596 1422 colaphizare
1629 1332 1774 1420 Apo;

191 1461 419 1534 stolam;
453 1458 544 1510 sed
574 1465 747 1509 tamen
776 1452 1060 1524 Apostolus
1085 1447 1386 1504 curabatur.
1421 1445 1484 1498 Et
1505 1443 1622 1512 quia
1647 1439 1773 1502 illud

189 1532 328 1621 quod
379 1548 617 1604 medicus
659 1543 1012 1618 apposuerat,
1063 1539 1341 1593 molesnnn
1369 1543 1480 1599 erat
1512 1532 1722 1585 infirmo
1752 1547 1766 1593 ;

189 1642 388 1712 rogavit
424 1639 685 1698 medicum
733 1644 792 1690 ttt
840 1615 1093 1687 auferret.
1126 1627 1404 1718 Quomodo
1455 1640 1574 1682 cum
1609 1622 1775 1677 medi-

188 1750 281 1791 cus
306 1733 524 1804 apponit
552 1728 840 1784 visceribus
870 1723 1080 1794 aliquod
1120 1715 1255 1776 forte
1300 1719 1563 1788 epithema
1609 1715 1767 1786 mole.

189 1836 327 1881 stum
371 1831 424 1879 et
449 1822 643 1876 ardens
668 1861 680 1884 ,
713 1818 850 1873 tmde
891 1825 1068 1879 tamen
1099 1811 1362 1892 curandus
1383 1817 1466 1876 est
1506 1809 1592 1861 ille
1617 1806 1768 1874 cujus

189 1919 394 1973 viscera
440 1914 750 1977 tumebant;
795 1925 913 1964 cum
961 1908 1048 1962 ille
1089 1905 1275 1959 ardere
1315 1901 1536 1970 cmperit
1576 1909 1624 1953 et
1653 1914 1776 1950 cru-

190 2008 322 2063 ciari
369 1992 756 2060 medicamento
778 2044 790 2064 ,
826 2007 975 2066 rogat
1015 1996 1274 2051 medicum
1297 2001 1354 2046 ut
1379 1991 1584 2045 auferat
1615 2007 1627 2041 :
1663 2004 1773 2042 meo

192 2099 345 2162 dicus
371 2104 546 2150 autem
576 2093 908 2153 consolatur,
941 2095 1121 2142 monet
1151 2100 1269 2140 cum
1298 2083 1597 2153 patientiam
1616 2123 1629 2145 ,
1657 2080 1778 2148 qn'a

195 2175 350 2247 novit
387 2203 543 2259 quam
572 2186 699 2240 utile
728 2184 796 2238 sit
821 2181 959 2252 quod
999 2177 1261 2248 apposuit.
1308 2174 1377 2227 Ita
1413 2184 1466 2228 et
1493 2162 1780 2241 Apmtolns

193 2283 437 2359 sequitur
467 2289 520 2335 et
546 2278 701 2342 dicit,
727 2291 844 2329 cum
872 2272 1125 2335 dixisset,
1159 2267 1318 2322 Datus
1345 2274 1418 2320 est
1449 2263 1571 2317 nn'In‘
1599 2263 1778 2315 stium-

195 2376 271 2428 las
292 2373 463 2427 carnis
489 2386 630 2433 metr,
649 2360 854 2437 angelus
878 2373 1089 2428 satantc,
1115 2361 1199 2431 qui
1221 2375 1297 2412 me
1321 2356 1618 2426 colapltizet.
1641 2353 1780 2406 Prtc-

194 2467 326 2537 dixit
357 2472 532 2516 autem
563 2474 726 2532 quare
752 2473 764 2510 :
804 2454 884 2509 Ne
916 2450 1259 2523 magnitudine
1291 2438 1649 2501 revelationum
1694 2457 1784 2516 ca;-

196 2536 373 2626 totlar.
399 2557 546 2609 datus
576 2561 645 2607 est
674 2549 798 2603 mihi
838 2546 1071 2602 stimulus
1097 2542 1263 2596 carnis
1295 2551 1438 2599 mete,
1471 2535 1680 2604 angelus
1709 2549 1784 2586 sa—

195 2662 353 2723 tana',
387 2649 470 2718 qui
510 2663 588 2699 me
624 2642 919 2711 coiapltiset.
963 2637 1183 2706 Pmpter
1220 2633 1352 2702 quod
1393 2639 1465 2683 ter
1511 2627 1784 2706 Dominum

195 2740 412 2811 rogavi,
446 2737 554 2800 ait,
589 2745 640 2788 ut
683 2732 906 2802 auferret
947 2739 1057 2782 eum
1099 2743 1130 2779 a
1172 2740 1267 2777 me.
1314 2722 1426 2775 lloc
1455 2719 1739 2788 estdicere
1766 2755 1780 2779 ,

196 2831 403 2901 Rogavi
447 2827 708 2881 medicum
738 2865 751 2884 ,
783 2831 834 2876 ut
881 2819 1114 2873 auferret
1155 2831 1185 2870 a
1229 2829 1314 2868 me
1353 2812 1635 2866 molestum
1668 2805 1784 2874 epi-

199 2923 380 2975 thema
402 2917 540 2988 quod
569 2915 694 2969 mihi
718 2917 1051 2981 opposuerat.
1077 2905 1183 2962 Sed
1205 2903 1326 2958 audi
1344 2915 1527 2955 vocem
1555 2897 1745 2951 medici
1770 2914 1783 2950 :

199 3009 268 3066 Et
295 2986 435 3062 dixit
467 3005 587 3058 mihi
611 3045 625 3068 ,
663 3001 857 3072 Sufﬁcit
886 2999 970 3052 tibi
1000 2997 1163 3068 gratia
1203 3007 1350 3055 mea;
1393 3006 1511 3042 nam
1550 2989 1702 3041 rirtns
1735 2986 1788 3039 in

196 3079 778 3168 inﬁrmitate-perﬁcitm'
807 3090 881 3164 (ll
903 3076 1018 3142 Cor.
1065 3103 1138 3141 Ill
1161 3128 1173 3150 ,
1203 3084 1344 3153 7-9).
1371 3083 1478 3150 ligo
1509 3079 1632 3134 novi
1663 3075 1788 3149 quid

199 3167 544 3261 opposuerim
570 3227 583 3248 ,
615 3199 714 3253 ego
753 3181 872 3236 novi
914 3177 1054 3258 unde
1081 3167 1306 3254 tcgrotes
1329 3214 1345 3238 ,
1377 3186 1476 3241 ego
1503 3169 1623 3224 novi
1651 3167 1792 3238 unde

199 3269 432 3336 Saneris.
1010 3255 1013 3258 ’
1249 3251 1251 3254 ’

276 3372 332 3425 8.
365 3369 420 3424 Si
449 3379 594 3436 ergo,
629 3359 943 3420 charissimi,
976 3355 1146 3426 potuit
1173 3352 1366 3432 Paulus
1395 3347 1669 3420 apostolus
1697 3362 1790 3424 cs-

204 3464 321 3518 tnlli
355 3457 714 3529 magnitudine
745 3451 1122 3517 revelationum
1145 3489 1158 3512 ,
1192 3446 1292 3499 nisi
1332 3429 1595 3514 acciperet
1626 3455 1790 3509 auge-

203 3556 319 3621 lum
362 3562 560 3606 satana:
589 3548 676 3618 qni
717 3560 776 3599 se
819 3529 1211 3609 colaphizaret;
1261 3537 1378 3607 quis
1418 3534 1484 3588 dc
1529 3547 1588 3587 se
1632 3530 1796 3600 possit

205 3660 336 3716 esse
367 3639 630 3696 securus?
679 3637 863 3690 Tutius
912 3631 1120 3685 videtur
1165 3627 1436 3698 ambulare
1483 3623 1570 3691 qui
1622 3622 1797 3674 minus

206 3714 459 3804 accepit,
490 3732 579 3786 scd
610 3730 653 3783 si
698 3743 801 3781 non
833 3737 1079 3801 perverse
1109 3725 1312 3790 quarrat
1349 3714 1489 3784 quod
1521 3723 1663 3766 recte
1695 3725 1796 3763 non

208 3803 424 3894 accepit
451 3841 462 3873 :
493 3830 691 3892 qu:rt‘at
731 3817 843 3869 sine
873 3828 976 3884 quo
1016 3827 1118 3863 non
1152 3815 1326 3877 potest
1352 3818 1468 3858 esse
1497 3803 1548 3856 in
1575 3816 1800 3868 corpore

208 3892 450 3977 Christi,
483 3920 572 3964 aut
609 3909 723 3962 siue
749 3919 854 3974 quo
895 3902 1032 3956 male
1071 3906 1152 3954 est
1181 3897 1304 3950 illic.
1337 3895 1523 3948 Tutior
1549 3900 1630 3946 est
1657 3892 1798 3943 enfm

210 4011 269 4063 in
303 3985 527 4074 corpore
556 4001 750 4070 digitus
773 4011 954 4060 sanus,
987 4007 1142 4063 quam
1173 3987 1396 4058 Iippiens
1426 3985 1629 4039 oculus.
1661 3983 1800 4051 Digi-

213 4113 306 4153 tus
337 4098 526 4164 exigua
569 4090 809 4162 quredam
839 4101 922 4140 res
949 4093 1066 4148 est;
1113 4079 1299 4135 oculus
1336 4075 1629 4144 magnifica,
1665 4072 1802 4125 mul-

212 4202 334 4244 tum
385 4193 603 4256 potest:
646 4191 697 4235 et
743 4189 917 4232 tamen
964 4173 1151 4228 melius
1198 4181 1280 4223 est
1325 4167 1544 4236 digitum
1591 4178 1708 4216 esse
1751 4171 1805 4215 et

210 4294 411 4335 satumt
438 4290 580 4338 esse,
604 4287 760 4341 quam
789 4269 998 4322 oculum
1027 4278 1146 4318 esse
1171 4270 1224 4316 et
1256 4257 1570 4330 perturbari,
1596 4256 1802 4324 Iipplrc,

212 4366 506 4426 excatcari.
538 4364 650 4418 Non
683 4377 808 4430 ergo
839 4367 1036 4428 quatrat
1064 4355 1284 4424 quisque
1329 4352 1378 4404 in
1407 4363 1628 4417 corpore
1660 4347 1808 4400 Chri-

213 4462 292 4514 sti
321 4457 423 4513 nisi
453 4456 747 4509 sanitatem.
777 4447 1076 4505 Secundum
1103 4433 1377 4498 sanitatem
1411 4439 1601 4492 habeat
1626 4437 1802 4498 fidem;

213 4565 294 4606 ex
346 4545 450 4600 fide
492 4544 774 4599 mundatur
805 4526 908 4594 cor
952 4537 1088 4606 ejus,
1134 4550 1198 4588 ex
1248 4530 1586 4585 mundatione
1632 4526 1808 4583 cordis

215 4638 432 4693 ridebit
463 4636 604 4695 illam
634 4634 820 4687 faciem
850 4631 916 4685 de
939 4643 1042 4698 qua
1080 4627 1279 4679 dictum
1306 4632 1419 4686 est,
1451 4619 1594 4673 Beati
1623 4603 1811 4691 mundo

214 4731 404 4796 corde,
431 4727 665 4798 quoniam
708 4725 804 4797 ipsi
837 4723 994 4776 Deum
1023 4719 1251 4773 videbunt
1282 4714 1502 4786 (Matth.
1530 4729 1560 4764 ν
1579 4754 1592 4777 ,
1623 4710 1715 4780 8).
1745 4709 1813 4763 Et

217 4823 321 4894 qui
359 4819 481 4874 fecit
519 4815 803 4879 miracula,
850 4823 904 4866 et
927 4812 1016 4881 qui
1046 4826 1148 4864 non
1177 4808 1298 4862 fecit
1328 4805 1579 4860 miracula
1610 4803 1659 4856 in
1691 4817 1812 4878 cor-

220 4881 367 4982 pore
393 4907 612 4970 Christi,
652 4897 759 4958 non
808 4903 964 4957 debet
1000 4900 1230 4970 gaudere
1273 4897 1373 4951 nisi
1420 4885 1506 4950 de‘
1535 4893 1666 4948 facie
1696 4881 1810 4967 Dei.

223 5002 532 5058 Ite-dierum
564 4996 798 5066 Apostoli
821 5035 834 5058 ,
866 5000 922 5048 ct
959 4993 1204 5046 dixerunt
1233 4987 1454 5042 Domino
1475 5027 1489 5050 ,
1518 5001 1638 5038 cum
1670 4983 1816 5062 missi

221 5100 423 5148 essent
453 5107 482 5142 a
511 5087 737 5142 Domino
769 5102 781 5138 :
817 5083 962 5148 Ecce,
993 5080 1226 5142 Domine,
1254 5078 1306 5130 in
1332 5076 1530 5130 nomine
1555 5085 1640 5126 tuo
1670 5060 1818 5126 etiam

223 5175 492 5237 dwtnonia
519 5179 660 5232 nobis
686 5176 905 5246 subjecta
928 5182 1064 5227 sunt.
1094 5171 1234 5224 Vidit
1257 5167 1514 5223 Dominus
1538 5163 1677 5235 quod
1705 5173 1820 5217 ten-

225 5283 380 5329 lztt‘cl
411 5287 501 5325 eos
532 5269 777 5338 superbia
807 5283 869 5322 ex
911 5263 1145 5336 potentia
1193 5259 1606 5322 miraculorum;
1653 5267 1701 5310 ct
1735 5256 1821 5311 ille

227 5364 333 5434 qni
365 5361 601 5415 medicth
622 5367 838 5413 venerat
865 5371 1055 5425 sanare
1085 5364 1318 5408 tumores
1345 5360 1575 5422 nostros,
1604 5357 1655 5402 et
1685 5346 1822 5401 ferre

227 5455 584 5512 inﬁrmitates
610 5461 839 5516 nostras,
872 5448 1122 5520 continuo
1150 5446 1223 5498 ait
1255 5461 1267 5497 :
1300 5441 1471 5496 Nolite
1499 5441 1552 5493 in
1581 5439 1674 5492 hoc
1701 5454 1824 5508 gau-

228 5528 384 5611 dere,
429 5543 547 5610 quia
586 5541 832 5596 dazmonia
861 5538 994 5590 vobis
1038 5535 1259 5604 subjecta
1287 5540 1449 5595 sunt;
1487 5529 1574 5582 sed
1611 5528 1825 5598 gaudete

226 5636 365 5704 quia
389 5634 590 5687 nomina
611 5642 768 5685 vestra
789 5631 972 5700 scripta
993 5636 1109 5680 sunt
1129 5627 1179 5678 in
1201 5624 1324 5677 caelo
1350 5620 1498 5693 (Luc.
1523 5637 1576 5686 x,
1604 5622 1688 5684 l7,
1706 5605 1822 5686 220),.

228 5726 364 5789 [rion
405 5740 589 5778 omnes
619 5723 884 5777 christiani
918 5720 1040 5775 boni
1089 5717 1357 5769 dzemones
1403 5713 1650 5781 ejiciunt;
1705 5707 1815 5764 om?

1284 319 1674 379 ENARRATIO
1712 317 1777 374 ΙΝ
1815 314 2138 373 PSALMUM
2173 315 2389 372 CXXX.

3311 320 3449 399 me

1876 434 2020 488 nium
2052 443 2224 490 tamen
2257 435 2466 508 nomina
2504 433 2701 513 scripta
2744 443 2868 510 sunt
2912 434 2964 489 in
3010 437 3165 491 cmlo.
3211 435 3325 493 Non
3355 454 3449 493 eos

1876 527 2042 582 voluit
2079 526 2309 596 gaudere
2338 541 2404 580 cx
2432 506 2532 580 eo;
2554 526 2691 596 quod
2722 506 2993 597 proprium
3026 527 3326 596 habebant,
3356 506 3449 590 sed

1874 630 1938 670 es
1969 632 2032 672 eo
2058 617 2197 686 quod
2238 631 2356 671 cum
2387 617 2593 671 caeteris
2631 615 2853 671 salutem
2887 619 3134 674 tenebant
3162 637 3173 672 :
3207 620 3330 677 inde
3358 639 3454 677 vo-

1877 707 1973 791 luit
1999 708 2230 776 gaudere
2259 707 2568 790 Apostolos,
2597 708 2735 762 unde
2770 710 2968 779 gaudes
3008 721 3058 764 et
3091 721 3166 766 tu.
3212 710 3453 768 intendat

1877 789 2119 853 Charitas
2150 786 2344 853 vestra.
2390 799 2574 881 Nullus
2601 799 2770 854 ﬁdelis
2801 786 2958 856 habet
2987 818 3153 872 spem,
3187 804 3230 857 si
3258 791 3452 863 nomen

1877 891 1992 958 ejus
2021 905 2124 945 non
2153 899 2234 945 est
2270 877 2524 960 scriptum
2558 892 2608 944 in
2637 894 2793 946 caelo.
2825 887 3072 948 Omnium
3102 894 3332 950 fidelium
3363 877 3453 967 qui

1877 981 2105 1065 diligunt
2124 981 2410 1048 Christum,
2440 983 2526 1054 qui
2558 983 2828 1038 ambulant
2855 984 2991 1063 viam
3019 985 3134 1054 ejus
3164 967 3452 1050 humiliter.

1880 1088 2034 1141 quam
2081 1063 2194 1141 ipse
2233 1072 2411 1128 docuit
2457 1068 2690 1145 humilis,
2741 1059 3188 1145 nominascripta
3235 1084 3359 1130 sunt
3402 1077 3454 1133 in

1879 1165 2035 1218 cmlo.
2069 1164 2310 1234 Cujusvis
2348 1163 2757 1238 contemptibilis
2787 1164 2837 1220 iu
2871 1165 3104 1220 Ecclesia
3127 1208 3142 1234 ,
3171 1167 3257 1239 qtti
3285 1168 3458 1227 credit

1880 1254 1934 1329 in
1953 1251 2246 1320 Christum,
2271 1265 2323 1310 et
2352 1250 2521 1324 diligit
2541 1255 2831 1323 Christum,
2855 1247 2909 1310 et
2931 1265 3070 1311 amat
3100 1272 3278 1326 pacem
3303 1245 3458 1313 Chri-

1880 1355 1980 1410 Sll,
2015 1359 2206 1430 nomen
2249 1346 2500 1418 scriptum
2549 1358 2628 1400 est
2660 1346 2710 1400 in
2750 1347 2924 1425 ctelo;
2975 1333 3255 1418 cujuslibet
3296 1366 3456 1420 quem

1879 1439 2196 1522 contemnis.
2231 1439 2292 1492 Et
2321 1438 2444 1507 quid
2474 1438 2645 1492 simile
2676 1440 2772 1508 ipsi
2801 1449 2853 1493 et
2881 1441 3162 1508 Apostolis,
3195 1441 3283 1510 qni
3313 1451 3457 1495 tanta

1882 1531 2132 1585 miracula
2181 1529 2462 1585 fecerunt?
2509 1531 2576 1602 Et
2621 1540 2795 1586 tamen
2835 1533 3068 1608 Apostoli
3101 1535 3454 1603 reprimuntur

1880 1637 1944 1696 es
1972 1637 2037 1676 eo
2067 1620 2205 1706 quod
2236 1621 2302 1676 de
2329 1621 2468 1676 bono
2497 1623 2512 1652 ¹
2542 1623 2754 1691 proprio
2782 1612 3100 1692 gaudebant,
3128 1632 3180 1678 et
3204 1615 3460 1694 jubentur

1881 1711 2008 1767 hinc
2033 1712 2264 1783 gaudere
2293 1713 2429 1766 unde
2454 1713 2645 1788 gaudet
2673 1721 2726 1767 et
2769 1713 2854 1768 ille
2883 1707 3316 1785 contemptibilis.

1952 1803 2004 1858 9.
2047 1801 2206 1875 [vers.
2235 1802 2329 1877 2.]
2369 1803 2480 1856 Non
2516 1803 2801 1869 immerito,
2837 1803 3024 1877 fratres
3050 1804 3183 1868 mei,
3211 1820 3332 1859 cum
3364 1803 3462 1862 ista

1883 1894 2178 1949 humilitate
2203 1894 2351 1972 dicit,
2384 1894 2614 1960 Domine,
2645 1912 2745 1947 non
2772 1905 2841 1948 est
2860 1875 3142 1948 exaltatum
3167 1913 3252 1949 cor
3272 1913 3455 1951 meum.

1881 2003 2040 2056 neque
2069 1987 2122 2038 in
2159 1986 2319 2040 altum
2359 1986 2477 2039 elati
2521 1994 2636 2040 sunt
2675 1986 2808 2039 oculi
2851 1987 2946 2038 mei
2968 2003 2986 2050 ,°
3027 2002 3183 2057 neque
3210 1987 3462 2056 ingressus

1881 2094 1992 2131 sum
2020 2078 2072 2130 in
2097 2079 2314 2151 magnis,
2344 2094 2499 2148 neque
2540 2078 2592 2130 in
2618 2077 2927 2147 mirabilibus
2967 2075 3115 2146 super
3143 2095 3236 2130 me.
3273 2078 3332 2132 Si
3365 2096 3462 2131 non

1884 2168 2136 2222 humiliter
2161 2168 2451 2234 sentiebam,
2474 2168 2560 2221 sed
2584 2169 2801 2222 exaltari
2829 2170 3049 2222 animam
3074 2187 3268 2232 nteant;
3291 2188 3461 2238 quem-

1884 2259 2153 2335 admodum
2183 2259 2267 2334 qui
2295 2259 2492 2312 ablatus
2513 2261 2533 2289 ²
2555 2269 2624 2313 est
2655 2277 2684 2311 a
2714 2261 2841 2314 lacte
2870 2278 3018 2330 super
3048 2273 3255 2314 matrem
3295 2279 3457 2325 suam,

1882 2350 1954 2403 sic
1996 2349 2253 2416 retributio
2297 2351 2346 2402 in
2393 2350 2614 2402 animam
2660 2338 2840 2404 meum.
2879 2351 3092 2404 Videtur
3134 2343 3273 2405 enim
3318 2355 3462 2407 velut

1885 2440 2166 2494 maledicto
2187 2438 2244 2493 se
2269 2440 2636 2514 obstrinxisse.
2670 2441 2946 2507 Quomodo
2974 2445 3079 2497 alio
3108 2443 3224 2498 loco
3247 2445 3296 2497 iu
3325 2427 3464 2514 psalQ

1887 2547 1975 2586 mo
2003 2531 2162 2595 dicit,
2190 2531 2404 2585 Domine
2434 2531 2569 2591 Deus
2597 2551 2736 2588 meus
2754 2576 2768 2597 ,
2795 2535 2839 2588 si
2868 2536 2961 2603 feci
2989 2535 3124 2589 istud
3144 2515 3242 2601 ς’.δὶ
3270 2545 3341 2591 est
3363 2537 3464 2589 iui-

1885 2622 2050 2690 quitas
2080 2623 2129 2674 in
2161 2623 2386 2675 manibus
2427 2624 2578 2689 meis,
2623 2624 2667 2678 si
2708 2623 2904 2676 reddidi
2936 2613 3314 2680 retribuentibus
3343 2627 3464 2681 mihi

1889 2714 2025 2768 mala
2045 2729 2067 2778 ;
2113 2714 2339 2768 decidant
2372 2717 2546 2770 merito
2574 2716 2635 2770 ab
2677 2703 2889 2770 inimicis
2929 2718 3049 2772 meis
3088 2719 3252 2773 inanis
3281 2720 3298 2792 (
3323 2693 3462 2774 Psal;

1889 2820 1985 2871 vn,
2014 2804 2064 2868 4,
2095 2805 2129 2861 5
2153 2805 2171 2873 )
2191 2845 2207 2870 ,
2227 2796 2292 2860 et
2322 2818 2514 2860 cauera
2545 2823 2557 2858 :
2591 2807 2668 2861 sic
2697 2806 2902 2862 videtur
2935 2819 2987 2863 et
3019 2809 3103 2863 hic
3145 2810 3340 2865 dixisse
3361 2854 3375 2876 ,
3407 2811 3467 2869 Si

1891 2914 1992 2978 non
2022 2897 2277 2951 humiliter
2318 2898 2606 2966 sentiebam,
2654 2901 2742 2953 sed
2779 2902 2994 2955 exaltari
3033 2904 3253 2957 animam
3285 2922 3465 2959 meam.

1891 2987 2082 3058 Age';
2131 2989 2280 3057 quasi
2327 2990 2564 3044 dicturus
2607 3001 2770 3054 esset,
2821 2992 2949 3046 Illud
3000 2993 3125 3047 mihi
3177 2980 3465 3064 cootin'gat.

1893 3079 2174 3148 Quomodo
2201 3089 2254 3136 et
2284 3080 2375 3150 ιιι,
2417 3081 2478 3136 Si
2502 3081 2702 3135 reddidi
2744 3083 3123 3138 retribuentibus
3159 3086 3283 3139 mihi
3311 3062 3467 3153 mm,

1894 3171 2162 3238 contingat
2189 3171 2318 3224 mihi
2349 3171 2475 3226 illud
2502 3188 2516 3237 ;
2548 3172 2716 3242 quid?
2748 3174 2985 3227 Decidam
3017 3177 3187 3230 merito
3217 3167 3276 3231 ab
3305 3178 3474 3232 inani;

1895 3261 1966 3314 cis
1996 3262 2116 3315 meis
2142 3263 2305 3316 inanis
2327 3278 2345 3315 :
2372 3261 2449 3317 sic
2478 3271 2532 3317 et
2562 3253 2667 3330 hic,
2701 3264 2762 3318 Si
2785 3281 2883 3340 non
2909 3266 3160 3320 humiliter
3182 3270 3472 3337 sentiebam,

1896 3352 1985 3406 sed
2015 3351 2228 3405 exaltari
2271 3354 2489 3406 animam
2519 3371 2721 3420 meeum;
2758 3356 3180 3421 quenmdmodum
3216 3360 3300 3429 qui
3329 3359 3476 3412 alia-

1900 3455 1978 3498 tus
2023 3454 2093 3500 est
2137 3461 2169 3498 α
2212 3445 2339 3499 lacte
2385 3461 2537 3513 super
2571 3457 2779 3502 matrem
2808 3465 2973 3512 suam,
3005 3449 3078 3502 sic
3123 3451 3381 3504 retributio
3426 3452 3479 3508 in

1899 3539 2122 3590 animum
2173 3553 2354 3590 meam.
2410 3528 2688 3597 lntenditc.
2759 3539 2936 3593 Nostis
2987 3527 3109 3608 quia
3162 3515 3478 3610 quihusdam

1902 3627 2129 3680 infirmis
2169 3627 2297 3681 dicit
2325 3628 2612 3696 Apostolus
2634 3669 2647 3691 ,
2683 3627 2786 3682 Lac
2829 3617 2962 3683 vobis
2994 3641 3164 3698 potum
3194 3633 3343 3696 dedi,
3379 3653 3479 3690 non

1903 3733 2066 3770 escam
2093 3732 2110 3770 :
2138 3716 2361 3770 nondum
2387 3717 2518 3770 enim
2546 3719 2819 3786 poteratis;
2857 3720 2944 3773 sed
2977 3738 3065 3773 nec
3089 3722 3254 3776 adhuc
3280 3727 3482 3795 quidem

1905 3809 2106 3877 potestis
2128 3808 2166 3876 (1
2185 3806 2302 3889 Cor.
2330 3824 2404 3874 ιιι,
2429 3809 2504 3878 2).
2532 3809 2667 3880 Sunt
2695 3811 2884 3866 infirmi
2911 3813 2996 3884 qni
3027 3830 3128 3868 non
3157 3827 3276 3870 sunt
3306 3817 3481 3874 idonei

1907 3899 2081 3979 valido
2112 3899 2268 3964 cibo;
2321 3900 2502 3952 volunt
2531 3915 2588 3954 se
2618 3901 2903 3956 extendere
2933 3903 2996 3956 ad
3031 3905 3079 3957 id
3109 3906 3249 3975 quod
3293 3895 3484 3978 capere

1911 4008 2013 4046 non
2055 4002 2273 4061 possunt
2303 4011 2315 4043 :
2349 4001 2399 4049 et
2431 3993 2472 4046 si
2501 3993 2696 4070 aliquid
2743 4005 3026 4065 utcumque
3071 4000 3361 4067 cmperint,
3393 4011 3486 4056 attt

1912 4083 2008 4136 visi
2039 4083 2135 4164 sibi
2183 4083 2378 4138 fuerint
2417 4081 2606 4152 capere
2649 4084 2786 4152 quod
2835 4101 2937 4138 non
2991 4101 3282 4156 ceperunt,
3313 4094 3486 4147 extol-

1911 4178 2090 4253 lantur
2120 4176 2259 4239 inde,
2296 4185 2346 4230 et
2374 4176 2684 4244 superbiuut
2724 4176 2878 4235 inde:
2913 4179 3157 4234 videntur
3197 4165 3295 4237 sibi
3336 4185 3488 4253 quasi

1911 4269 2195 4346 sapientes.
2245 4267 2356 4322 Hoc
2395 4276 2569 4322 autem
2611 4268 2866 4338 contingit
2895 4271 3139 4327 omnibus
3186 4269 3485 4343 hrrreticis;

1912 4362 1998 4428 qui
2046 4376 2166 4414 cum
2213 4369 2392 4416 essent
2442 4359 2696 4436 animales
2739 4369 2793 4415 ct
2835 4363 3107 4428 carnales,
3158 4366 3492 4423 defendendo

1913 4451 2204 4533 sententias
2247 4466 2370 4505 suas
2416 4465 2602 4518 pravas
2623 4492 2637 4512 ,
2665 4467 2796 4520 quas
2828 4451 2985 4507 falsas
3015 4470 3132 4509 esse
3165 4473 3264 4510 non
3300 4469 3489 4527 potue-

1916 4556 2039 4602 runt
2071 4544 2270 4605 videre,
2303 4542 2502 4597 exclusi
2534 4553 2657 4597 sunt
2684 4544 2749 4598 de
2778 4545 3067 4600 Catholica.
3102 4548 3278 4603 Dicam
3300 4550 3494 4606 Chari-

1919 4637 2008 4690 tati
2031 4645 2221 4689 vestra:
2243 4634 2384 4704 quod
2416 4649 2652 4704 possum.
2683 4635 2938 4691 Dominus
2964 4648 3143 4692 noster
3170 4640 3323 4696 Jesus
3342 4642 3494 4696 Chl-i-

1917 4736 2030 4780 stus
2073 4725 2240 4780 nostis
2285 4723 2405 4794 quia
2451 4723 2682 4779 Verbum
2734 4725 2831 4780 Dei
2880 4735 2980 4792 est,
3029 4730 3318 4784 secundum
3369 4733 3494 4788 illud

1918 4817 2175 4894 Joannis,
2216 4814 2284 4874 In
2333 4815 2579 4883 principio
2620 4824 2729 4868 erat
2771 4813 3020 4880 Verbum,
3047 4815 3110 4871 ἐι
3148 4817 3360 4876 Verbum
3389 4833 3498 4878 erat

1921 4909 2057 4988 apud
2079 4891 2247 4961 Deum
2269 4950 2284 4973 ,
2313 4915 2358 4959 et
2396 4905 2530 4959 Deus
2557 4915 2664 4958 erat
2696 4891 2906 4984 Verbum
2935 4892 3078 4962 :Iltoc
3118 4922 3223 4965 erat
3262 4915 3314 4966 in
3352 4915 3498 4982 prin-

1921 5003 2052 5071 cipio
2076 5000 2214 5069 apud
2244 4999 2421 5052 Deum.
2452 4997 2636 5073 (itania
2663 5014 2751 5063 per
2790 4998 2955 5067 ipsum
2985 5004 3122 5072 facta
3157 5015 3292 5069 sunt,
3322 5017 3366 5058 et
3394 5007 3501 5061 sine

1922 5091 2032 5161 ipso
2073 5091 2262 5168 factum
2318 5097 2388 5140 est
2433 5086 2578 5154 nihil.
2631 5086 2790 5141 Panis
2831 5103 2960 5159 ergo
3001 5102 3119 5156 est;
3169 5093 3288 5148 inde
3319 5096 3502 5150 vivum

1925 5180 2130 5250 Angeli.
2181 5179 2318 5260 Ecce
2357 5176 2508 5253 mitis
2556 5184 2767 5246 paratus
2809 5181 3063 5259 esttibi;
3109 5183 3202 5238 sed
3229 5199 3409 5240 cresce
3437 5186 3504 5241 de

1929 5275 2099 5337 lacte,
2131 5280 2187 5325 ut
2225 5257 2289 5325 ad
2320 5283 2509 5339 panem
2542 5269 2835 5338 pervenias.
2884 5256 2949 5327 Et
2977 5275 3273 5344 quomodo,
3304 5277 3500 5348 inquis,

1994 5474 2008 5504 ι
2039 5469 2368 5532 Αὶιαιιοιιιδεη
2393 5465 2534 5515 dono.

1993 5521 2168 5606 ξιιοινῖ,
2186 5521 2464 5606 (ιΙξιίιςιξιιιιξ.
2487 5521 2595 5606 stt
2610 5523 2802 5606 lerique
2824 5534 2929 5578 Mss.
2959 5531 3252 5593 constanter",
3277 5531 3464 5586 ablatus
3488 5547 3508 5586 :

1930 5596 2106 5659 quibus
2126 5595 2720 5659 nonnunquamconsentit
2744 5595 2815 5636 Er.
3086 5601 3090 5606 ν

1997 5658 2015 5687 ³
2064 5655 2187 5715 Apud
2229 5650 2346 5701 ων(
2381 5650 2646 5706 omittitur,
2680 5661 2766 5712 age

1936 5653 2187 5766 Ιῖιδέιίιιιύ
2229 5660 2336 5701 ων.
2381 5653 2646 5706 omittitur,
2680 5661 2766 5712 age
2821 5653 2989 5714 :qned
3033 5664 3189 5706 exstat
3237 5658 3282 5708 in
3319 5659 3509 5709 ceteris

1955 5731 2040 5766 ωτι
2073 5750 2085 5762 .
3136 5746 3137 5749 “

1971 5746 2014 5766 υι
2031 5746 2085 5766 ισ-
3136 5746 3137 5749 η
