4032 6202
586 327 745 381 ,ιϊιι

621 460 806 503 cresco
847 445 915 501 de
956 445 1131 500 lacte?
1179 444 1331 514 Quod
1378 445 1467 500 tibi
1514 445 1681 500 factus
1728 456 1805 499 est
1852 445 2091 500 Christus
2128 444 2194 499 ad

622 537 981 594 inﬁrmitatem
1011 547 1173 597 tuam,
1199 537 1302 593 hoc
1330 537 1706 611 primocrede.
1738 548 1790 592 et
1816 538 2022 593 l‘nrtitcr
2051 547 2193 594 tene.

619 628 895 698 Quomodo
934 644 1061 699 ergo
1101 638 1273 684 mater
1299 646 1419 684 cum
1449 628 1640 683 viderit
1665 629 1828 683 ﬁlium
1872 630 2049 684 minus
2076 630 2193 684 ido-

619 741 776 779 neum
804 724 867 779 ad
896 724 1207 795 capiendum
1253 724 1427 778 cibum
1450 766 1464 791 ,
1493 724 1637 793 ipsos
1676 723 1823 779 cibos
1863 725 1912 778 ei
1942 724 2069 791 dat,
2100 726 2192 780 sed

617 816 865 885 trajectos
908 832 1000 885 per
1026 832 1240 871 carnem
1272 831 1419 870 Suam
1460 833 1473 868 :
1511 831 1630 871 nam
1661 817 1775 886 ipse
1802 827 1881 871 ρει
1910 817 2061 885 panis
2089 833 2195 887 quo

616 908 790 963 infans
818 909 1080 978 pascitur,
1113 924 1218 977 quo
1261 916 1310 961 et
1354 917 1522 961 mater
1553 908 1669 977 ejus
1694 908 1963 977 pascitur;
2008 908 2101 963 sed
2126 910 2193 964 ad

616 1015 851 1054 mensam
880 999 1055 1053 infans
1089 998 1264 1053 minus
1293 998 1515 1052 idoneus
1544 1007 1645 1064 est,
1674 997 1738 1051 ad
1768 998 2053 1052 mamillam
2080 998 2195 1053 idn-

614 1107 745 1147 neus
785 1102 889 1146 est.
930 1091 1085 1145 Panis
1113 1104 1238 1159 ergo
1278 1089 1344 1145 de
1374 1105 1552 1144 mensi
1595 1089 1850 1157 trajicitur
1879 1104 1972 1158 per
2007 1091 2192 1147 matris

613 1182 901 1238 mamillam
927 1222 940 1242 ,
969 1191 1019 1233 ut
1054 1180 1131 1234 sic
1163 1180 1432 1248 perveniat
1471 1179 1607 1233 idem
1635 1180 1942 1235 alimentum
1974 1181 2037 1235 ad
2070 1197 2191 1248 iar-

612 1288 734 1327 vum
782 1271 1058 1325 i:-.l‘antcnt.
1106 1271 1193 1328 Sic
1237 1271 1491 1325 Dominus
1536 1279 1717 1325 noster
1756 1271 1912 1326 .lesus
1950 1273 2191 1327 Christus

609 1378 728 1417 eum
756 1375 898 1417 esset
920 1362 1150 1417 Verbum
1182 1363 1319 1431 apud
1345 1363 1575 1427 Patrem,
1608 1378 1704 1433 per
1733 1362 1871 1431 quod
1904 1364 2036 1418 facta
2065 1373 2191 1418 sunt

610 1454 826 1517 omnia;
872 1454 956 1523 qui
992 1467 1110 1506 cum
1156 1452 1206 1506 in
1258 1453 1421 1507 forma
1455 1452 1546 1507 Dei
1590 1461 1749 1519 esset,
1798 1469 1903 1507 non
1944 1455 2188 1524 rapinam

608 1544 894 1598 arbitratus
921 1552 1003 1597 est
1032 1558 1150 1597 esse
1176 1543 1393 1612 aequalis
1421 1543 1530 1597 Deo
1559 1541 1811 1614 (Philipp.
1846 1560 1900 1608 ιι,
1930 1543 1984 1615 6)
2011 1562 2024 1609 ;
2053 1561 2187 1614 qua-

609 1639 708 1687 tem
743 1642 992 1701 caperent
1033 1648 1125 1702 pro
1164 1635 1322 1687 modo
1349 1650 1446 1689 suo
1468 1635 1655 1704 Angcli
1677 1677 1690 1699 ,
1721 1642 1775 1689 ct
1800 1634 1940 1691 unde
1971 1635 2022 1689 in
2050 1636 2186 1692 ccelo

608 1723 899 1778 Potestates
924 1732 976 1778 ct
1004 1721 1264 1790 Virtutes,
1295 1724 1512 1791 Spiritus
1535 1725 1550 1755 ¹
1578 1724 1968 1780 intellectuales
1996 1741 2183 1795 pasce-

605 1823 826 1880 rentur;
877 1813 1041 1881 homo
1089 1822 1266 1869 autem
1316 1815 1556 1870 infirmus
1603 1825 1657 1871 et
1706 1831 1866 1872 carne
1915 1818 2183 1874 involutus

599 1904 805 1973 jaceret
846 1903 895 1957 in
936 1914 1073 1959 terra
1098 1946 1111 1972 ,
1141 1919 1241 1958 nec
1273 1914 1450 1973 posset
1477 1904 1543 1960 ad
1571 1921 1690 1959 cum
1723 1908 2002 1975 pervenire
2032 1905 2183 1977 panis

568 1996 833 2050 .coclcstis
878 2013 892 2053 :
939 2004 996 2050 ut
1041 2011 1230 2065 panem
1275 1996 1597 2067 Angelorum
1643 1997 1985 2053 manducarct
2021 1998 2182 2056 homo

604 2084 773 2139 (Prol.
802 2101 999 2147 Lxxvtt.
1021 2085 1135 2155 25),
1159 2094 1213 2141 et
1242 2102 1431 2141 manna
1463 2087 1812 2144 descenderet
1830 2089 1898 2144 ad
1919 2091 2179 2146 veriorem

601 2172 850 2243 pepulnm
881 2171 1072 2243 Israel,
1104 2173 1316 2229 Verbum
1346 2192 1463 2231 caro
1503 2180 1689 2249 factum
1718 2187 1790 2232 est
1808 2218 1822 2244 ,
1860 2188 1908 2233 et
1941 2180 2181 2235 habitavit

597 2268 647 2320 iu
676 2267 817 2320 nobis
845 2265 1025 2336 (Joan.
1047 2281 1086 2331 ι,
1112 2267 1163 2332 1,
1185 2266 1241 2331 9.,
1266 2268 1318 2328 5,
1347 2269 1458 2337 Η).

674 2359 756 2415 i0.
785 2359 1116 2429 Quapropter
1143 2360 1272 2430 ipsis
1297 2359 1522 2415 inﬁrmis
1548 2359 1747 2416 Paulus
1772 2362 2046 2431 apostolus
2073 2363 2175 2418 hoc

595 2448 725 2505 dicit
751 2491 765 2515 ,
790 2465 923 2519 quos
952 2448 1080 2505 dicit
1105 2450 1363 2505 animales
1393 2459 1446 2504 et
1471 2450 1713 2506 carnales
1738 2452 1932 2521 (lCor.
1961 2468 2037 2519 ιιι,
2069 2453 2089 2506 Ι
2117 2453 2135 2521 )
2161 2470 2174 2505 :

596 2539 862 2607 Numquid
903 2540 1010 2595 dixi
1052 2557 1130 2599 me
1171 2541 1299 2599 scire
1341 2541 1533 2611 aliquid
1572 2542 1624 2595 in
1667 2542 1834 2605 vobis,
1881 2542 1977 2596 nisi
2000 2542 2177 2597 Iesum

570 2634 869 2697 :(Iliristtuu.
893 2644 938 2689 et
961 2635 1094 2691 hunc
1117 2634 1415 2702 cruciﬁxum
1443 2632 1552 2704 (Id.
1575 2648 1630 2698 ιι,
1655 2634 1756 2705 2)?
1782 2634 1912 2688 Nam
1933 2634 2177 2691 Cltrisms

593 2738 702 2782 erat
733 2738 787 2783 et
831 2744 934 2784 non
966 2729 1249 2783 erueilixus
1279 2744 1294 2781 :
1324 2726 1389 2781 In
1435 2728 1681 2798 principio
1724 2737 1830 2781 erat
1862 2727 2100 2797 Verbum,
2129 2738 2176 2783 et

593 2819 819 2873 -i'erbum
843 2829 948 2874 erat
974 2821 1114 2890 apud
1139 2819 1317 2884 Deum,
1344 2830 1388 2874 et
1416 2819 1679 2879 Deuserat
1705 2819 1938 2875 Verbum.
1968 2822 2032 2876 Et
2054 2822 2173 2892 quia

594 2912 764 2977 ipsum
801 2906 1008 2965 i'crbum
1036 2927 1152 2964 caro
1179 2915 1370 2982 factum
1400 2920 1489 2976 est,
1520 2919 1575 2965 et
1605 2911 1776 2981 ipsum
1803 2912 2029 2967 Verbum
2053 2929 2177 2968 cru-

591 3001 803 3057 rilixum
848 3011 931 3056 est
979 3020 992 3056 :
1038 3001 1134 3056 sed
1186 3018 1291 3056 non
1336 3011 1417 3057 est
1462 3011 1717 3057 nudatum
1767 3003 1817 3056 in
1860 3003 2185 3072 hominem;

592 3092 751 3146 homo
793 3093 845 3146 in
888 3093 978 3147 illo
1018 3100 1250 3147 mutatus
1277 3101 1378 3148 est.
1426 3093 1655 3148 Mutatus
1684 3101 1763 3150 est
1792 3093 1951 3147 homo
1980 3094 2033 3148 in
2060 3094 2168 3162 illo,

591 3194 648 3238 ιιι
675 3184 862 3240 melior
892 3184 1043 3239 ﬁeret
1070 3199 1225 3255 quam
1252 3193 1530 3252 erat,-non
1557 3194 1615 3239 ut
1642 3185 1694 3239 in
1724 3185 1890 3254 ipsam
1921 3186 2169 3241 substan-

591 3280 716 3329 tiam
740 3276 897 3330 Verbi
927 3279 947 3309 ⁸
979 3284 1401 3332 converteretur.
1441 3277 1545 3333 Per
1583 3277 1636 3331 id
1671 3293 1798 3349 ergo
1839 3278 1979 3349 quod
2010 3279 2169 3335 homo

588 3376 735 3432 erat,
766 3378 1004 3421 mortuus
1030 3377 1112 3423 cst
1148 3369 1326 3433 Deus;
1367 3377 1423 3423 ct
1460 3384 1554 3438 per
1597 3368 1647 3423 id
1685 3369 1824 3444 quod
1862 3371 2002 3426 Deus
2029 3379 2163 3438 erat,

586 3461 845 3515 excitatus
867 3470 946 3515 cst
973 3460 1151 3524 homo,
1175 3469 1229 3517 et
1252 3462 1500 3531 surrexit,
1525 3472 1580 3517 et
1599 3464 1835 3519 ascendit
1865 3464 1916 3519 in
1943 3464 2161 3521 coelum.

586 3550 851 3621 Quidquid
877 3566 1064 3621 passus
1092 3558 1175 3606 est
1201 3550 1383 3619 homo,
1430 3568 1536 3608 non
1572 3562 1748 3625 potest
1781 3555 1882 3611 diei
1908 3571 2012 3611 non
2043 3572 2165 3627 pas-

566 3643 675 3695 .Sus
724 3642 898 3706 Deus,
947 3642 1070 3711 quia
1118 3642 1254 3696 Deus
1297 3644 1459 3698 erat’
1491 3644 1759 3699 hominem
1806 3646 2162 3714 assumenda;

583 3732 676 3787 sed
711 3747 813 3787 nou
842 3743 923 3786 est
949 3742 1180 3787 mutatus
1209 3733 1260 3787 in
1290 3731 1558 3790 hominem
1590 3752 1602 3788 :
1631 3736 1897 3805 quomodo
1934 3753 2038 3792 non
2072 3752 2166 3809 po-

585 3832 663 3877 tes
690 3823 866 3878 dicere
894 3838 996 3876 non
1029 3835 1078 3877 te
1104 3838 1314 3893 passum
1343 3824 1583 3894 injuriam
1605 3867 1619 3891 ,
1652 3826 1695 3880 si
1726 3828 1887 3881 vestis
1915 3839 2002 3883 tua
2027 3844 2157 3884 con-

566 3913 871 3967 .scindatur.
909 3913 977 3967 Et
1005 3913 1216 3982 quando
1244 3915 1587 3984 quereriszvel
1618 3917 1804 3972 amicis
1830 3918 1912 3973 vel
1945 3919 1995 3973 in
2024 3921 2166 3987 judi-

582 4004 683 4067 cio,
727 4003 826 4057 hoc
855 4002 990 4058 dicis
1026 4002 1210 4073 judici,
1242 4003 1512 4060 Conscidit
1538 4021 1624 4061 me
1653 4025 1665 4061 :
1698 4023 1800 4062 non
1829 4009 1990 4075 dicis,
2022 4011 2163 4066 Cou-

581 4095 737 4148 seidit
780 4094 980 4149 bit-rum
1024 4111 1242 4160 meum;
1294 4096 1409 4163 sed,
1449 4096 1722 4152 Conseidit
1750 4115 1855 4153 me.
1906 4099 1961 4155 Si
1983 4102 2163 4170 potuit

582 4210 593 4239 ι
617 4200 631 4242 ι
658 4188 849 4243 meruit
873 4188 1033 4243 vestis
1059 4197 1143 4241 tua
1167 4188 1270 4243 dici
1300 4197 1374 4257 tu,
1401 4205 1519 4258 qua:
1543 4205 1650 4246 non
1679 4200 1759 4246 est
1784 4200 1861 4257 tu,
1885 4193 1977 4247 sed
2001 4195 2163 4250 vestis

582 4292 666 4332 tua
695 4296 709 4343 ;
740 4288 938 4349 quanto
968 4279 1143 4347 potius
1174 4279 1368 4333 meruit
1404 4280 1589 4335 audire
1618 4298 1744 4337 caro
1773 4280 1992 4348 Christi,
2024 4292 2159 4338 tem-

562 4371 725 4437 plum
749 4369 907 4425 Vcrbi
938 4369 1143 4423 unitum
1174 4383 1292 4423 cum
1317 4369 1513 4437 Verbo,
1544 4382 1601 4426 ut
1629 4372 1883 4443 quidquid
1915 4375 1967 4428 in
1997 4390 2159 4430 carne

562 4471 875 4529 pateretur,
922 4462 1061 4516 Deus
1103 4461 1216 4531 ipse
1263 4470 1533 4528 pateretur
1580 4480 1593 4516 :
1641 4466 1881 4533 quamvis
1928 4467 2160 4522 Verbum

579 4566 680 4607 nec
720 4551 855 4607 mori
902 4551 1153 4621 potuerit,
1199 4565 1299 4606 nec
1328 4555 1632 4623 corrumpi,
1672 4571 1770 4609 nec
1799 4558 2019 4623 mutari,
2063 4573 2162 4613 nec

579 4641 784 4707 occidi;
835 4641 926 4696 sed
958 4640 1212 4711 quidquid
1261 4641 1448 4697 horum
1496 4657 1708 4712 passmu
1758 4656 1858 4710 est,
1909 4648 1958 4701 in
2001 4664 2161 4705 carne

564 4746 792 4800 passum
824 4732 941 4787 est?
974 4732 1039 4786 Et
1062 4733 1167 4786 noli
1195 4732 1374 4787 mirari
1397 4734 1517 4801 quia
1538 4733 1764 4788 Verbum
1794 4737 1920 4790 nihil
1949 4752 2158 4807 passum

578 4834 659 4880 est
690 4842 703 4878 :
740 4838 835 4878 nec
877 4824 1053 4878 anima
1104 4824 1335 4879 hominis
1380 4834 1552 4894 potest
1598 4827 1705 4896 pati
1747 4826 1945 4895 aliquid
1986 4832 2156 4884 occisa

576 4931 772 4981 carne,
815 4915 1024 4971 dicente
1067 4917 1181 4986 ipso
1223 4917 1479 4982 Domino,
1528 4916 1704 4973 Nolite
1743 4919 1915 4974 timere
1956 4939 2039 4976 eos
2076 4927 2159 4993 qui

575 5024 761 5076 corpus
805 5008 1035 5060 occidunt
1061 5048 1074 5068 ,
1107 5012 1328 5061 maintain
1359 5019 1524 5063 autem
1556 5026 1656 5063 non
1688 5024 1895 5081 possunt
1935 5016 2162 5071 occidere

577 5098 793 5168 (Matth.
819 5115 870 5163 ι,
896 5098 1011 5168 28).
1055 5099 1107 5153 Si
1149 5100 1322 5154 anima
1353 5117 1456 5155 non
1488 5111 1661 5168 potest
1691 5104 1896 5170 occidi,
1926 5105 2157 5163 Verbum

578 5180 668 5243 Dei
702 5196 907 5259 poterat
930 5189 1146 5243 occidi?
1177 5189 1243 5244 Et
1286 5200 1462 5247 tamen
1498 5192 1623 5263 quid
1650 5193 1821 5250 dicit?
1852 5196 2162 5267 Flagr-llavit

577 5295 698 5341 me.
731 5279 1084 5350 colaphizavit
1128 5296 1234 5347 me,
1278 5283 1539 5350 percussit
1581 5299 1686 5347 me,
1733 5285 2154 5343 dilaniavitme:

575 5380 744 5426 totum
777 5372 878 5425 huc
905 5385 1009 5424 non
1037 5371 1093 5424 lit
1119 5370 1174 5424 in
1201 5371 1409 5437 anhna;
1443 5381 1496 5428 ct
1527 5381 1702 5428 tamen
1730 5391 1833 5430 non
1859 5375 2007 5443 dicit,
2034 5380 2156 5446 nisi,

577 5480 686 5532 me,
718 5475 935 5535 propter
963 5466 1217 5521 unitatem
1249 5469 1501 5521 consortii
1532 5469 1712 5539 ipsius.

645 5576 762 5649 f'sic
777 5576 1026 5649 apudAm.
1051 5583 1125 5649 Er.
1148 5585 1199 5649 et
1222 5585 1326 5649 azss.
1352 5584 1466 5649 {ttat
1482 5579 1542 5627 ud
1567 5586 1674 5649 [μιν.
1703 5581 1866 5649 deest,
1878 5580 2094 5640 spiritus.

642 5637 774 5705 ξιον
797 5636 887 5694 {ut
908 5637 1017 5705 ipsa
1037 5636 1298 5689 substantia
1327 5636 1466 5690 Verbi
1494 5653 1512 5689 :
1549 5636 1947 5692 dissentientibus
1968 5645 2161 5694 ueteris
2204 5664 2213 5669 -

577 5694 769 5802 Middle
791 5757 839 5803 ia
858 5764 1062 5817 quatuor
1084 5766 1189 5810 Mss.
1215 5760 1423 5822 additur,
1446 5761 1600 5813 homo.

1880 329 1938 385 S.
1969 330 2103 386 AUC
2115 330 2130 384 i
2143 328 2332 386 ESTIM
2376 330 2672 388 EPiSCOPl

3749 339 3887 395 i712

2378 448 2466 501 Η.
2510 447 2764 502 Dominus
2791 463 2917 518 ergo
2949 457 3129 508 tioster
3156 449 3313 507 Iesus
3340 450 3580 507 Christus
3609 454 3758 523 panis
3779 497 3793 518 ,
3828 472 3884 510 se

2304 536 2429 592 fecit
2454 538 2606 593 nobis
2634 538 2736 604 lac,
2765 539 3069 595 incarnatus
3093 552 3146 595 et
3171 558 3436 611 apparens
3466 547 3705 599 mortalis
3731 547 3743 578 '
3770 565 3784 612 ;
3827 560 3883 602 ut

2305 629 2355 683 in
2384 645 2449 684 eo
2492 629 2733 685 ﬁniretur
2771 646 2936 694 mors.
2976 641 3030 686 et
3073 647 3177 687 non
3218 633 3593 689 aberraremus
3632 651 3661 688 a
3689 636 3883 702 Verbo,

2303 721 2586 775 credentes
2614 720 2665 775 in
2695 736 2909 775 carnem
2938 722 3076 792 quod
3119 721 3312 777 factum
3347 734 3430 778 est
3450 725 3705 781 Verbum.
3753 729 3887 784 lliuc

2301 824 2640 876 crescamus,
2689 810 2803 880 ipso
2844 811 2980 865 lacte
3023 813 3358 877 nutriantur;
3400 824 3684 884 antequam
3724 818 3883 872 validi

2300 902 2468 957 simus
2506 902 2570 956 ad
2610 902 2923 973 eapicndum
2953 904 3181 958 Verbum
3204 946 3217 970 ,
3247 922 3351 959 non
3378 907 3693 961 recedamus
3716 924 3747 962 a
3779 910 3882 966 ﬁde

2302 991 2453 1046 lactis
2486 993 2677 1047 nostri.
2720 994 2798 1048 illi
2839 1003 3014 1048 autem
3056 994 3291 1054 lucretici
3327 996 3568 1053 volentes
3602 999 3878 1067 dicputarc

2297 1084 2365 1139 de
2391 1098 2454 1139 eo
2475 1083 2616 1153 quod
2643 1100 2747 1138 non
2778 1094 3020 1153 poterant
3046 1100 3258 1154 capere,
3288 1086 3530 1141 dixerunt
3566 1091 3687 1159 quia
3712 1090 3878 1147 Filius

2297 1174 2473 1229 minor
2500 1183 2582 1229 est
2607 1190 2765 1244 quam
2794 1175 2969 1240 Pater,
2998 1184 3051 1228 et
3079 1175 3323 1231 dixerunt
3354 1178 3474 1246 quia
3493 1178 3729 1248 Spiritus
3756 1198 3879 1235 san.

2294 1274 2412 1321 ctus
2452 1266 2627 1320 minor
2664 1275 2747 1320 est
2784 1282 2940 1335 quam
2970 1267 3170 1345 Filius;
3203 1279 3255 1322 et
3294 1270 3532 1323 fecerunt
3567 1272 3782 1339 gradus,
3818 1284 3879 1328 et

2295 1355 2631 1411 immiserunt
2674 1357 2726 1410 in
2761 1356 3051 1411 Ecclesium
3096 1365 3209 1411 tres
3235 1356 3385 1412 deos.
3416 1358 3533 1413 Non
3573 1361 3716 1414 enim
3750 1378 3876 1429 pos-

2292 1456 2419 1501 sunt
2457 1462 2650 1517 negare
2676 1448 2840 1502 Deum
2878 1462 3000 1503 esse
3020 1447 3251 1513 Patrem,
3280 1464 3382 1503 nec
3422 1460 3642 1518 possunt
3678 1469 3877 1523 negare

2295 1538 2460 1594 Deum
2486 1554 2603 1594 esse
2626 1539 2841 1606 Filium,
2870 1554 2966 1594 nec
2999 1551 3223 1611 possunt
3249 1558 3444 1610 negare
3464 1543 3717 1612 Spiritum
3746 1561 3874 1601 san-

2290 1639 2432 1684 ctum
2449 1645 2568 1685 esse
2586 1631 2771 1684 Deum.
2800 1631 2863 1684 At
2880 1631 2923 1684 si
2943 1630 3098 1685 Pater
3116 1631 3252 1686 Deus
3269 1642 3317 1686 et
3336 1632 3501 1688 Filius
3522 1634 3662 1688 Deus
3680 1646 3735 1690 et
3755 1637 3869 1705 Spi-

2290 1721 2420 1775 ritus
2435 1730 2649 1775 sanctus
2673 1721 2810 1775 Deus
2829 1720 3114 1791 inaequales
3139 1732 3281 1789 sunt,
3298 1730 3349 1775 ct
3371 1739 3474 1777 non
3494 1732 3617 1779 sunt
3630 1725 3874 1795 ejusdem

2288 1812 2601 1867 substantiae
2626 1828 2641 1879 ;
2687 1826 2790 1866 non
2818 1820 2898 1866 est
2928 1827 3067 1865 unus
3093 1811 3252 1877 Deus,
3281 1812 3373 1867 sed
3405 1822 3511 1868 tres
3538 1813 3630 1867 dii.
3682 1815 3877 1887 Dispu-

2288 1912 2460 1960 tantcs
2485 1918 2612 1974 ergo
2636 1903 2776 1974 quod
2817 1918 3007 1972 capere
3037 1918 3142 1958 non
3186 1914 3449 1972 poterant,
3488 1906 3611 1961 elati
3653 1918 3779 1962 sunt
3820 1910 3871 1965 in

2285 1997 2593 2066 superbiam
2620 2014 2634 2060 ;
2676 2006 2729 2052 et
2769 1997 2960 2051 factum
2997 2005 3079 2051 est
3101 1998 3154 2051 in
3181 1999 3262 2052 eis
3289 1999 3428 2067 quod
3458 1988 3652 2055 dicitur
3683 2003 3735 2056 in
3766 2003 3869 2058 isto

2287 2088 2512 2158 psalmo,
2540 2087 2603 2142 Si
2631 2104 2731 2143 non
2762 2087 3022 2141 humiliter
3047 2081 3317 2141 sentiébam
3341 2131 3355 2151 ,
3383 2089 3471 2144 sed
3509 2092 3728 2145 exaltavi
3751 2094 3868 2147 ani-

2252 2196 2418 2234 .mam
2463 2196 2665 2246 meam;
2707 2179 3131 2250 quemadmodum
3174 2181 3261 2251 qui
3304 2181 3504 2236 ablatus
3546 2193 3619 2237 est
3663 2200 3696 2237 a
3740 2186 3869 2239 (acte

2281 2287 2432 2341 super
2473 2279 2681 2324 matrem
2709 2286 2872 2331 etiam,
2915 2271 2987 2323 sic
3029 2271 3285 2324 retributio
3327 2272 3378 2325 in
3418 2274 3641 2327 animam
3683 2292 3863 2330 meatu.

2282 2361 2449 2415 Mater
2478 2360 2619 2416 enim
2644 2360 2882 2415 Ecclesia
2909 2360 3000 2413 Dei
3029 2368 3132 2425 est,
3161 2360 3301 2415 unde
3344 2360 3415 2414 illi
3448 2366 3677 2431 separati
3703 2374 3861 2419 sunt:

2282 2452 2354 2507 ibi
2398 2452 2578 2507 lactari
2603 2461 2657 2507 et
2697 2452 2883 2506 nutriri
2924 2450 3206 2514 debebant,
3250 2460 3308 2504 ut
3344 2463 3648 2508 crescerent
3676 2441 3744 2508 ad
3771 2472 3862 2510 ea-

2280 2544 2529 2614 piendum
2572 2545 2804 2600 Verbum
2848 2544 3013 2600 Deum
3055 2543 3195 2615 apud
3236 2544 3428 2611 Deum,
3470 2545 3526 2602 in
3561 2546 3731 2601 ferina
3770 2548 3859 2607 ιιι-ι

2278 2638 2536 2707 ωηιιθιιιιη
2567 2637 2733 2692 Patri.
3162 2626 3163 2629 “

2351 2731 2438 2783 12.
2480 2730 2601 2784 Visa
2628 2742 2707 2785 est
2733 2729 2816 2785 hic
2847 2730 3058 2800 quidem
3091 2731 3157 2785 ab
3198 2729 3281 2785 his
3321 2731 3409 2801 qui
3452 2741 3576 2787 ante
3616 2747 3715 2787 nos
3758 2734 3859 2788 ista

2279 2829 2607 2888 tractarunt,
2632 2829 2685 2875 et
2713 2822 2814 2875 alia
2842 2822 3099 2877 sententia
3125 2863 3140 2886 ,
3188 2834 3237 2877 et
3280 2822 3417 2877 alius
3461 2822 3767 2879 intellectus
3806 2828 3857 2879 in

2277 2911 2360 2966 bis
2387 2913 2562 2968 verbis
2590 2954 2603 2978 ,
2631 2928 2785 2982 quem
2834 2928 2939 2966 non
2989 2913 3174 2969 tacebo
3211 2913 3466 2993 Charitati
3499 2927 3711 2969 vestrre.
3746 2917 3859 2971 Hoc

2277 3004 2417 3058 enim
2463 3003 2754 3058 dixerunt:
2804 3003 2987 3057 Omnis
3027 3003 3287 3072 superbus
3332 3004 3574 3073 displicet
3624 3007 3775 3071 Deo,
3808 3019 3864 3062 et

2274 3094 2433 3149 debet
2459 3108 2518 3150 se
2539 3093 2765 3148 humana
2788 3094 2961 3147 anima
2985 3092 3263 3149 humiliare
3283 3136 3298 3161 ,
3322 3110 3388 3149 ne
3411 3095 3516 3149 Deo
3542 3096 3857 3166 displiceat,

2273 3195 2326 3241 et
2358 3194 2468 3241 toto
2491 3185 2652 3241 corde
2678 3185 2873 3240 intueri
2892 3185 3030 3255 quod
3053 3186 3250 3240 dictum
3274 3197 3353 3241 est
3377 3230 3392 3252 ,
3419 3187 3621 3253 Quanto
3644 3207 3862 3260 magnus

2272 3295 2325 3333 es
2344 3320 2357 3344 ,
2387 3287 2524 3331 tanto
2558 3277 2769 3330 humilia
2795 3286 2841 3332 te
2865 3277 2914 3330 in
2945 3277 3172 3332 omnibus
3192 3319 3206 3344 ,
3241 3287 3284 3332 et
3308 3294 3477 3332 coram
3504 3278 3611 3333 Deo
3640 3282 3862 3335 invenies

2270 3369 2486 3439 gratiam
2514 3367 2533 3440 (
2559 3367 2722 3422 Eccli.
2754 3383 2807 3422 ιιι
2833 3409 2848 3433 ,
2874 3367 2944 3423 9ὶο
2964 3366 3011 3440 ).
3036 3367 3141 3423 Sed
3169 3384 3353 3423 rursus
3375 3379 3496 3423 sunt
3520 3370 3736 3439 quidam
3766 3372 3862 3426 bo-

2272 3460 2441 3515 mines
2467 3499 2483 3524 ,
2513 3459 2603 3528 qui
2630 3473 2750 3513 cum
2780 3458 3045 3514 audierint
3073 3460 3194 3528 quia
3226 3459 3453 3515 humiles
3468 3475 3590 3515 esse
3618 3460 3856 3533 debent,

2270 3550 2542 3604 dimittunt
2566 3563 2624 3605 se
2650 3591 2665 3614 ,
2709 3548 2843 3604 nihil
2885 3546 3071 3604 volunt
3106 3549 3312 3605 discere
3336 3591 3352 3615 ,
3384 3554 3631 3618 putantes
3657 3555 3784 3621 quia
3815 3555 3858 3608 si

2269 3641 2467 3712 aliquid
2493 3640 2777 3696 didicerint
2802 3641 3014 3710 superbi
3045 3652 3234 3705 erunt;
3266 3649 3321 3694 et
3350 3650 3628 3696 remanent
3654 3644 3707 3694 in
3742 3645 3858 3697 solo

2269 3732 2405 3788 lacte
2428 3734 2470 3786 ².
2502 3732 2648 3801 Quos
2676 3732 3019 3801 reprehendit
3046 3733 3317 3803 Scriptura
3342 3774 3358 3799 ,
3386 3732 3568 3788 dicens
3593 3750 3607 3785 ε
3641 3734 3707 3786 Ιὶι
3734 3737 3858 3804 facti

2268 3824 2385 3878 estis
2407 3840 2532 3893 Opus
2570 3822 2805 3877 [tabentes
2851 3822 3013 3888 lacte,
3063 3838 3163 3875 non
3209 3822 3383 3875 solido
3413 3824 3522 3875 cibo
3556 3823 3573 3888 (
3607 3822 3768 3878 Hebr.
3799 3840 3855 3893 v,

2269 3913 2398 3984 42).
2428 3915 2516 3970 Sic
2544 3914 2683 3969 enim
2734 3928 2832 3968 nos
2876 3913 3016 3968 Dens
3060 3913 3171 3966 vult
3211 3913 3400 3966 nutriri
3448 3913 3583 3967 laete
3609 3954 3626 3980 ,
3657 3928 3713 3968 ut
3750 3933 3859 3969 ιιειιι

2250 4006 2339 4060 ibi
2370 4021 2772 4070 remaneamus;
2805 4004 2896 4059 sed
2925 4004 3214 4059 crescendo
3247 4019 3341 4073 per
3366 4004 3446 4059 lac
3470 4046 3483 4069 ,
3517 4006 3582 4057 ad
3622 4006 3859 4060 solidum

2267 4098 2444 4153 cibum
2476 4097 2861 4167 perveniamus.
2896 4096 3034 4165 Ergo
3072 4109 3177 4149 non
3219 4094 3376 4149 debet
3407 4094 3566 4148 homo
3594 4096 3864 4151 extollere

2267 4204 2361 4244 cor
2387 4203 2539 4242 suum
2567 4188 2617 4242 in
2646 4186 2948 4256 superbiam
2972 4227 2986 4252 ,
3015 4184 3108 4239 sed
3150 4184 3306 4238 deth
3342 4184 3518 4239 levare
3557 4183 3609 4236 in
3655 4184 3865 4239 doctri-

2267 4294 2389 4333 nam
2421 4278 2566 4333 verbi
2612 4277 2726 4331 Dei.
2770 4275 2902 4335 Nam
2952 4277 2995 4329 si
3044 4274 3264 4328 levanda
3309 4274 3483 4327 anima
3526 4288 3634 4327 nun
3674 4283 3863 4339 esset,

2267 4385 2372 4424 non
2404 4368 2669 4423 diceretur
2696 4366 2748 4420 in
2775 4366 2876 4419 alia
2905 4379 3037 4419 voce
3075 4363 3272 4435 psalmi
3305 4381 3317 4415 :
3359 4363 3441 4415 Ad
3474 4372 3522 4417 te
3544 4403 3560 4429 ,.
3599 4361 3864 4428 Domine,

2267 4459 2423 4514 levavi
2446 4457 2667 4512 animam
2696 4471 2859 4509 aream
2887 4453 2905 4525 (
2939 4452 3082 4507 Psal.
3112 4469 3255 4515 xxrv,
3290 4453 3313 4507 l
3347 4453 3386 4520 ).
3419 4452 3483 4505 Et
3519 4452 3620 4506 nisi
3650 4467 3715 4507 se
3748 4454 3864 4523 ipsa

2266 4550 2440 4604 anima
2467 4563 2627 4617 super
2654 4560 2712 4602 se
2740 4544 2975 4600 elinndat
2996 4586 3010 4608 ,
3044 4560 3147 4605 non
3195 4543 3431 4612 peruenit
3473 4542 3539 4595 ad
3592 4543 3863 4599 visionem

2270 4640 2361 4695 Dei
2387 4683 2400 4706 ,
2431 4649 2484 4694 et
2513 4638 2577 4693 ad
2606 4638 2961 4706 cognitionem
2998 4634 3307 4688 substantiae
3335 4634 3471 4686 illius
3504 4633 3865 4688 incommuta-

2267 4731 2408 4785 bilis.
2440 4729 2573 4783 Nam
2601 4726 2762 4781 modo
2790 4740 2908 4781 cum
2937 4724 3109 4777 adhuc
3140 4725 3190 4775 in
3213 4738 3372 4778 carne
3402 4730 3481 4775 cst
3504 4763 3518 4786 ,
3543 4721 3747 4781 dicitur
3771 4722 3818 4780 ci
3846 4740 3859 4775 :

2271 4819 2366 4874 Ubi
2392 4828 2463 4872 est
2492 4817 2627 4871 Deus
2655 4816 2813 4870 tuus?
2848 4814 2951 4869 Sed
2982 4814 3121 4867 intus
3148 4821 3229 4867 est
3259 4813 3395 4867 licus
3422 4811 3538 4879 ejus
3564 4853 3581 4879 ,
3614 4820 3667 4867 et
3695 4812 3862 4882 spiri-

2266 4911 2478 4966 tualiter
2507 4911 2646 4963 intus
2674 4919 2792 4973 est,
2823 4915 2877 4961 ct
2920 4903 3267 4976 spiritualiter
3311 4902 3555 4957 excelsus
3591 4914 3722 4968 est;
3756 4919 3861 4959 non

2265 5004 2414 5073 quasi
2456 4999 2749 5055 intervallis
2791 4999 3068 5060 locorum,
3117 4993 3391 5071 quomodo_
3430 5008 3528 5063 per
3575 4993 3863 5049 intervalla

2268 5094 2382 5148 loca
2412 5092 2599 5146 altiora
2625 5098 2768 5145 sunt.
2796 5088 2927 5143 Nam
2954 5087 2997 5141 si
3022 5085 3139 5139 talis
3164 5083 3392 5139 altitudo
3417 5083 3711 5151 qumrenda
3740 5094 3827 5138 est
3846 5122 3866 5149 ,

2266 5187 2482 5241 vincunt
2508 5198 2608 5239 nos
2634 5197 2757 5236 aves
2778 5180 2842 5234 ad
2868 5180 3049 5233 Deun'i.
3078 5178 3215 5248 Ergo
3239 5178 3379 5230 intus
3404 5174 3543 5230 Deus
3570 5177 3715 5229 altus
3743 5186 3829 5230 est
3850 5217 3866 5241 ,

2267 5290 2319 5334 et
2345 5275 2687 5347 spiritualiter
2715 5274 2852 5327 altus
2876 5289 2889 5335 ;
2926 5286 3022 5325 nec
3046 5270 3284 5340 pervenit
3306 5268 3481 5321 anima
3505 5276 3563 5321 ut
3584 5268 3874 5337 contingat

2265 5385 2386 5426 eum
2412 5409 2427 5435 ,
2460 5368 2558 5422 nisi
2593 5364 2859 5420 transierit
2884 5377 2963 5417 se.
2989 5358 3399 5430 Nam,quidquid
3426 5358 3496 5413 de
3537 5358 3648 5413 Deo
3692 5360 3874 5413 sentis

2265 5458 2554 5516 secundum
2582 5469 2777 5525 corpus
2801 5496 2816 5518 ,
2847 5454 3069 5507 multum
3098 5466 3267 5507 erras.
3302 5449 3524 5513 Multum
3551 5449 3735 5505 infans
3761 5464 3826 5505 es
3856 5488 3875 5515 ,

2331 5641 2347 5670 ι
2372 5645 2551 5685 (naues
2565 5639 2861 5694 propensa,
2885 5641 3059 5692 panem
3081 5627 3193 5692 fecit
3228 5626 3362 5679 nobis
3384 5625 3479 5689 lac,
3506 5624 3804 5678 incarnatus
3826 5631 3877 5685 et

2265 5698 2501 5764 apparens
2524 5691 2818 5764 titortalibus.

2332 5751 2349 5792 Ξ
2374 5758 2557 5821 ηιιιιιιυι
2580 5754 2715 5815 Mss,
2730 5752 2780 5805 in
2794 5765 2880 5804 suo
2903 5751 3042 5802 lacte.
