3984 6200
185 351 327 421 ms

172 490 215 544 si
254 482 418 538 sentis
444 480 513 537 de
542 475 653 537 Dro
680 482 835 538 etiam
854 476 1148 538 Secundum
1177 483 1405 536 animam
1433 482 1717 536 humanam
1744 524 1758 545 ,

170 573 319 648 quod
352 573 491 628 Deus
515 583 605 628 aut
625 574 966 629 obliviscatur
990 616 1004 641 ,
1032 584 1121 627 aut
1149 575 1221 628 ita
1249 575 1414 643 sapiat
1438 584 1495 627 ut
1516 575 1582 628 de
1614 574 1759 643 ipiat,

175 671 268 716 ant
295 661 454 718 faciat
479 663 675 733 aliquid
706 675 757 719 ct
782 666 1034 734 pmuitcat
1062 681 1181 720 eum
1214 684 1228 720 :
1257 666 1433 719 omnia
1476 665 1617 719 enim
1662 665 1759 719 ista

175 754 347 823 posita
380 756 579 809 suntin
609 756 897 826 Scripturis
922 800 937 824 ,
971 766 1028 813 ut
1064 758 1217 813 nobis
1254 757 1569 812 lactentibus
1610 772 1761 812 com-

171 844 522 900 mendaretur
550 847 727 911 Deus;
759 864 862 902 non
894 858 949 903 ut
979 850 1191 918 proprie
1221 848 1288 903 de
1332 848 1423 903 illo
1461 848 1539 904 sic
1579 848 1761 903 audia-

175 951 296 989 mus
326 937 423 991 ista
451 978 465 1001 ,
495 946 547 990 et
591 937 942 1009 intelligamus
985 940 1133 1008 quasi
1178 940 1430 1008 poeniteat
1470 940 1635 993 Deum
1666 980 1680 1004 ,
1708 947 1762 993 et

174 1027 337 1081 modo
365 1028 535 1082 discat
561 1026 755 1097 aliquid
793 1030 931 1099 quod
966 1044 1067 1085 non
1111 1038 1366 1097 noverat,
1410 1041 1465 1087 et
1505 1031 1761 1101 intelligat

173 1117 315 1185 quod
348 1132 450 1172 non
482 1106 808 1189 intelligeba't
831 1163 845 1187 ,
878 1117 931 1174 et
970 1121 1341 1176 reminiscatur
1381 1123 1521 1193 quod
1564 1123 1760 1179 oblitus

174 1219 311 1263 erat.
357 1196 503 1263 Talia
544 1212 685 1265 enim
735 1213 926 1267 anima:
970 1223 1132 1280 sunt,
1180 1223 1284 1269 non
1336 1215 1449 1270 Dei.
1494 1214 1606 1271 Nisi
1632 1231 1759 1285 ergo

174 1288 445 1354 transierit
472 1308 525 1356 et
565 1301 779 1356 modum
814 1305 1007 1358 animas
1046 1319 1193 1370 smn,
1241 1322 1346 1360 non
1388 1305 1590 1362 videbit
1638 1308 1757 1375 quia

177 1389 317 1444 Deus
366 1398 449 1443 est
494 1392 633 1459 quod
687 1402 805 1457 est;
847 1395 934 1464 qui
980 1395 1145 1459 dixit,
1204 1396 1312 1466 Ego
1353 1413 1467 1451 sum
1511 1398 1598 1467 qui
1646 1414 1758 1450 sum

177 1480 194 1544 (
224 1480 392 1535 Exod.
427 1491 521 1547 ιιι,
551 1484 677 1552 Η).
723 1485 902 1555 Itaque
950 1480 1039 1542 ille
1080 1489 1163 1543 cui
1206 1489 1480 1544 dicebatur
1502 1533 1517 1554 ,
1562 1489 1658 1545 Ubi
1685 1500 1758 1543 est

178 1559 308 1623 υιιιὸ
346 1582 456 1625 tuus
477 1615 490 1635 ,
522 1575 646 1643 quid
675 1574 848 1631 dixit?
877 1576 1051 1631 Factae
1070 1588 1188 1632 sunt
1211 1581 1337 1633 milii
1364 1580 1599 1651 lacryma:
1637 1595 1759 1633 mea:

174 1664 319 1726 punis
342 1663 426 1718 die
449 1680 509 1717 ac
533 1674 705 1732 nocte,
740 1667 860 1721 dum
889 1669 1073 1724 dicitur
1099 1670 1222 1724 mihi
1249 1672 1470 1740 quotidie
1493 1711 1507 1734 ,
1554 1670 1652 1726 Ubi
1683 1676 1759 1726 est

173 1753 310 1810 Deus
357 1752 506 1812 tuus?
553 1758 622 1814 Ut
661 1769 838 1815 autem
882 1761 1143 1816 inveniret
1181 1759 1344 1817 Deum
1390 1770 1584 1826 suhm,
1631 1762 1755 1831 quid

171 1846 318 1915 egit?
353 1849 475 1904 Παῖς
501 1852 770 1907 meditatus
796 1870 906 1906 sum
929 1894 944 1919 ,
973 1855 1182 1923 inquit,
1219 1864 1265 1907 et
1302 1842 1459 1921 elfudi
1504 1869 1652 1924 super
1681 1869 1759 1908 me

173 1938 396 1994 (inimum
424 1959 586 1997 meam
611 1945 628 2014 (
651 1943 793 1998 Psal.
821 1962 907 1999 xm
933 1988 948 2010 ,
972 1947 1004 2000 4
1029 1987 1044 2013 ,
1070 1947 1103 2000 5
1124 1945 1162 2016 ).
1189 1946 1258 2001 Ut
1285 1947 1543 2001 inveniret
1565 1945 1750 2010 Deum,

173 2030 361 2085 eii'ndit
387 2048 548 2102 super
572 2051 631 2089 se
654 2036 883 2091 animam
914 2046 1086 2091 suam.
1109 2036 1224 2090 Non
1253 2052 1378 2107 ergo
1407 2038 1483 2092 sic
1511 2037 1599 2092 tibi
1626 2037 1757 2092 dici-

177 2125 256 2174 tu‘r
278 2164 293 2188 ,
328 2122 556 2178 llumilis
583 2135 698 2179 esto
718 2167 732 2190 ,
765 2136 821 2180 ut
850 2143 953 2180 non
980 2128 1174 2196 sapias.
1204 2124 1426 2181 Humilis
1457 2137 1573 2182 esto
1598 2170 1612 2194 ,
1644 2143 1757 2196 pro-

178 2218 288 2277 pter
314 2214 618 2279 superbiam
646 2233 658 2281 ;
684 2217 820 2269 altus
843 2226 957 2270 esto
981 2258 995 2280 ,
1023 2227 1236 2285 propter
1260 2218 1592 2297 sapientiam.
1618 2218 1753 2271 Audi

174 2304 472 2359 cVidehtcm
499 2308 812 2362 sententiam
840 2309 906 2365 de
932 2309 1030 2364 hac
1070 2326 1127 2364 re
1170 2328 1184 2366 :
1237 2310 1408 2365 Nolite
1448 2312 1590 2381 pueri
1631 2310 1755 2381 eﬁ'iei

174 2400 455 2463 utentibus;
476 2401 564 2453 sed
583 2404 772 2456 malitia
802 2404 1017 2473 infantes
1045 2414 1197 2458 estote
1220 2448 1233 2468 ,
1264 2416 1316 2458 ut
1353 2403 1596 2457 mentibus
1635 2422 1751 2474 per-

172 2484 283 2553 fecti
311 2489 427 2542 sitis
455 2490 472 2559 (
501 2490 517 2544 l
544 2490 658 2544 Cor.
688 2509 792 2557 xw,
816 2494 886 2547 σέο
916 2494 954 2565 ).
979 2494 1136 2549 Certe
1165 2496 1479 2563 explicitum
1508 2504 1590 2549 est
1614 2537 1627 2559 ,
1656 2494 1753 2547 lt'a-

174 2582 277 2631 tres
300 2580 410 2633 mei
434 2623 448 2646 ,
474 2581 560 2634 ubi
586 2599 681 2638 nos
706 2584 841 2638 Deus
857 2586 1023 2639 voluit
1039 2601 1157 2641 esse
1184 2579 1409 2642 humiles
1427 2629 1440 2652 ,
1467 2588 1552 2642 ubi
1580 2587 1749 2643 altos:

170 2665 402 2723 humiles
425 2712 441 2737 ,
470 2683 684 2740 propter
717 2676 1002 2729 cavendam
1043 2677 1343 2746 superbiam
1373 2695 1387 2743 ;
1418 2679 1555 2732 altos
1582 2718 1598 2745 ,
1629 2694 1752 2748 pro-

171 2768 285 2826 pter
335 2761 646 2829 capiendam
690 2767 1023 2833 sapientiam.
1067 2768 1325 2832 Lactzzre,
1370 2777 1425 2823 ut
1465 2770 1747 2836 nutriaris;

172 2849 245 2905 sic
284 2850 494 2904 nutrire
518 2895 532 2914 ,
564 2861 619 2906 ut
645 2863 885 2922 c‘r’cseas;
924 2858 999 2912 sic
1024 2872 1203 2913 cresce
1228 2903 1241 2927 ,
1285 2869 1341 2915 ut
1380 2875 1569 2929 panem
1603 2876 1752 2915 man-

170 2940 353 2996 duccs.
381 2943 512 2997 Cum
545 2947 684 2999 enim
713 2951 941 3018 coeperis
969 2966 1157 3020 panem
1198 2952 1515 3006 manducare
1540 2995 1553 3017 ,
1599 2953 1748 3007 abla-

167 3033 423 3101 ctabe’ris,
459 3035 506 3089 id
544 3044 626 3091 est
647 3079 663 3105 ,
687 3039 914 3107 jam‘tibi
957 3054 1059 3097 n0n
1093 3059 1227 3114 opus
1255 3046 1353 3099 crit
1386 3046 1464 3099 lac
1488 3088 1500 3110 ,
1536 3044 1627 3100 scd
1659 3061 1746 3099 sn-

170 3124 302 3180 li‘tlus
331 3127 502 3181 cibus.
536 3131 598 3184 Et
630 3131 729 3185 hoc
756 3133 965 3189 videtur
991 3136 1185 3193 dixisse
1214 3156 1227 3193 :
1273 3139 1334 3193 Si
1363 3150 1462 3192 non
1493 3139 1752 3193 Itumili‘trr

166 3215 441 3270 sentiebam
463 3260 478 3282 ,
510 3220 598 3273 sed
619 3222 838 3277 exaltari
863 3226 1083 3302 animam
1106 3244 1263 3281 meam
1290 3245 1308 3293 ;
1339 3229 1387 3284 id
1417 3240 1497 3283 est
1524 3272 1538 3295 ,
1571 3230 1612 3281 si
1644 3245 1745 3284 non

168 3312 352 3361 mente
374 3349 389 3372 ,
418 3309 511 3363 sed
555 3312 751 3366 malitia
790 3317 1038 3384 parvulus
1074 3316 1169 3373 l‘ui.
1204 3319 1353 3386 Quod
1400 3320 1699 3390 signifieuns
1730 3363 1745 3384 ,

166 3396 295 3451 dixit
326 3401 599 3468 superiora
634 3403 793 3457 verba
824 3423 836 3456 :
867 3405 1080 3460 Domine
1102 3449 1116 3474 ,
1142 3426 1238 3461 non
1270 3419 1338 3463 est
1365 3413 1635 3464 exaltatum
1662 3428 1749 3464 cor

166 3499 327 3542 mrum
354 3533 369 3556 ,
401 3509 558 3563 neque
585 3495 636 3548 in
662 3496 820 3550 altum
847 3497 966 3552 elati
989 3510 1101 3553 sunt
1131 3503 1264 3556 oeuli
1301 3505 1433 3568 mei;
1466 3522 1623 3576 neque
1662 3507 1746 3559 in-

166 3596 367 3650 gressus
390 3601 501 3637 sum
529 3586 581 3640 in
613 3588 807 3659 magnis
831 3632 845 3656 ,
875 3607 1030 3661 neque
1054 3593 1105 3646 in
1136 3595 1444 3650 mirabilibus
1470 3613 1621 3666 super
1645 3615 1742 3653 me.

168 3669 301 3727 Ecce
332 3675 455 3743 quia
485 3677 681 3731 malitia
711 3681 963 3749 parvulus
1005 3681 1094 3736 iui.
1135 3684 1238 3739 Sed
1278 3687 1399 3755 quia
1441 3702 1600 3742 sensu
1640 3705 1744 3744 non

166 3760 233 3815 fui
268 3766 552 3832 parvulus;
585 3767 646 3821 Si
669 3785 769 3822 non
796 3769 1054 3826 humiliter
1077 3775 1347 3829 sentiebam
1370 3818 1385 3843 ,
1415 3778 1505 3830 sed
1530 3779 1747 3832 exaltavi

164 3856 387 3909 animam
412 3875 571 3913 meum
593 3875 614 3924 ;
639 3862 962 3918 retribuatur
982 3866 1109 3919 mihi
1135 3867 1274 3937 quod
1297 3869 1604 3925 retribuitur
1628 3888 1746 3941 par-

166 3947 284 3999 vulo
313 3948 402 4016 qui
434 3949 726 4021 ablactatur
743 3960 779 4008 "a
809 3956 1012 4023 matre,
1047 3966 1102 4011 ut
1126 3957 1235 4028 jam
1270 3970 1461 4029 panem
1498 3962 1604 4017 sim
1633 3964 1747 4018 ido-

166 4053 294 4093 neus
322 4042 662 4099 manducare.

233 4131 325 4187 15.
366 4132 432 4187 Ει
456 4132 571 4189 haec
596 4146 724 4207 ergo
746 4179 761 4205 ,
786 4138 1020 4206 Tratres-,
1051 4143 1311 4199 sententia
1335 4160 1440 4199 non
1467 4146 1743 4217 displicet,

162 4223 281 4289 quia
308 4239 415 4277 non
442 4236 523 4280 cst
550 4237 744 4284 centra
785 4230 963 4285 ﬁdem.
1006 4232 1184 4290 Movet
1223 4250 1311 4291 me
1358 4244 1574 4305 tamen,
1623 4240 1743 4309 quia

162 4327 265 4364 non
300 4323 504 4369 tantum
548 4317 745 4374 dictum
785 4330 867 4377 est
891 4362 906 4388 ,
957 4323 1390 4391 Quemadmodum
1427 4330 1512 4398 qui
1549 4331 1746 4386 ablatus

162 4412 231 4455 est
258 4421 290 4456 a
318 4405 448 4459 lacte
466 4448 479 4470 ,
510 4408 582 4461 sic
610 4411 866 4465 retributio
891 4414 944 4467 in
970 4415 1192 4468 annnam
1210 4426 1377 4471 meam
1399 4434 1417 4484 ;
1456 4419 1550 4474 sed
1592 4419 1745 4475 addi-

164 4505 269 4548 tum
297 4507 383 4551 est
405 4538 420 4563 ,
450 4498 879 4565 Quemadmodum
910 4506 998 4575 qui
1020 4502 1216 4563 ablatus
1257 4518 1329 4563 est
1363 4526 1394 4563 a
1439 4512 1566 4566 lacte
1595 4529 1747 4583 suprr

162 4598 374 4642 matrem
421 4608 604 4658 suam,
649 4596 721 4648 sic
761 4590 1017 4652 retributio
1054 4599 1107 4653 in
1156 4602 1376 4655 animum
1418 4619 1601 4659 nteant.
1650 4606 1746 4661 ilic

161 4677 289 4731 mihi
327 4682 510 4735 nescio
538 4682 660 4751 quid
691 4686 792 4740 tale
818 4688 1084 4758 occurrit,
1114 4697 1172 4744 ut
1197 4691 1406 4747 videam
1432 4693 1550 4764 quia
1578 4694 1745 4750 male-

159 4765 361 4823 dictum
404 4780 504 4825 est.
550 4774 857 4832 Ablaetatur
897 4779 1038 4834 enim
1085 4796 1187 4835 non
1240 4781 1448 4849 infans,
1495 4785 1588 4840 sed
1635 4786 1744 4855 jam

159 4858 569 4925 grabdiusculns
600 4882 613 4918 :
639 4866 726 4934 qui
757 4876 930 4923 autem
976 4870 1216 4928 inﬁrmus
1257 4883 1339 4928 est
1372 4877 1538 4944 prima
1576 4878 1747 4931 infan-

159 4948 227 5002 tia
254 4990 268 5011 ,
301 4965 423 5019 qua:
452 4968 575 5008 vera
605 4954 819 5013 infantia
851 4970 934 5014 est
958 5002 973 5027 ,
1005 4977 1167 5032 super
1193 4975 1417 5021 matrem
1447 4982 1596 5023 suam
1624 4978 1746 5037 est;

160 5038 202 5093 si
233 5041 372 5097 forte
403 5044 558 5100 fuerit
583 5063 611 5099 ιι
637 5047 773 5104 lacte
800 5050 1010 5108 ablatus
1032 5096 1048 5121 ,
1090 5058 1459 5127 exstinguitur.
1489 5059 1605 5115 Non
1637 5061 1748 5116 fru-

160 5140 267 5185 stra
300 5150 430 5205 ergo
460 5137 696 5194 additum
725 5153 804 5196 cst
827 5186 842 5209 ,
868 5163 1018 5216 super
1044 5159 1251 5202 matrem
1282 5168 1443 5205 suam.
1477 5155 1744 5209 Ablactati

162 5224 301 5276 enim
338 5242 523 5282 tHIIIICS
551 5225 772 5300 possunt
800 5237 1109 5293 crescendo.
1154 5240 1253 5308 Qui
1292 5245 1485 5296 crescit
1510 5286 1524 5310 ,
1574 5254 1626 5298 et
1670 5247 1746 5300 sic

160 5313 460 5371 ablactatur
482 5361 497 5385 ,
529 5321 726 5376 bonmn
756 5334 838 5381 est
874 5327 986 5394 illi;
1030 5331 1116 5398 qui
1155 5336 1332 5386 autem
1380 5333 1554 5390 adhuc
1588 5350 1749 5404 super

162 5417 388 5461 matrem
431 5425 578 5466 suam
626 5424 742 5481 est,
797 5420 1171 5487 perniciosum.
1224 5423 1363 5496 Ergo
1404 5428 1698 5481 cavendum
1732 5472 1745 5493 ,

165 5495 360 5553 lratres
383 5544 398 5567 ,
428 5511 481 5556 et
511 5503 800 5561 timendmn
827 5520 1000 5566 estne
1038 5515 1155 5581 quis
1195 5495 1318 5570 ante
1358 5527 1564 5586 tempus
1607 5522 1750 5574 abta-

165 5601 361 5647 ttetur.
405 5595 534 5650 Nam
573 5601 747 5656 omnis
786 5604 1003 5672 grandis
1044 5622 1172 5675 puer
1215 5621 1491 5677 separatur
1528 5627 1557 5665 a
1592 5613 1747 5668 lacte.

166 5681 269 5738 Sed
304 5701 372 5742 ne
401 5690 519 5758 quis
550 5699 673 5748 tunc
712 5710 740 5748 a
784 5697 921 5753 lacte
964 5710 1241 5769 separetur
1264 5741 1279 5765 ,
1328 5702 1541 5771 quando
1579 5706 1751 5761 adhuc

170 5788 333 5849 super
361 5791 580 5840 matrem
607 5800 754 5842 suam
780 5799 879 5844 est.
916 5790 1047 5844 Cum
1088 5802 1265 5848 autem
1307 5802 1545 5863 portatur
1582 5798 1752 5850 ιιιίιιιί-

1239 346 1630 417 manuario
1669 344 1733 415 ιιι
1773 346 2092 420 ramum
2133 367 2343 422 cxxx.

3315 386 3443 448 I711

1877 479 1973 537 bus
2000 484 2181 541 matris
2204 528 2218 551 ,
2247 489 2335 558 qui
2364 499 2596 560 portatus
2619 508 2691 548 e‘t
2722 508 2871 554 utero
2894 503 2915 571 ι’
2935 514 3171 570 ρι-ιειιιιςεε
3196 518 3274 563 est
3302 516 3441 568 tam

1875 584 2024 631 utero
2047 618 2061 643 ,
2094 587 2151 633 nt
2179 591 2522 648 nasceretur;
2548 598 2784 653 portatur
2804 595 3045 651 manibus
3063 637 3078 663 ,
3105 606 3161 653 ut
3180 616 3382 658 crescat
3404 610 3445 676 ),

1873 664 2008 721 lacte
2051 682 2183 736 opus
2227 669 2424 738 habet;
2467 676 2640 732 adhuc
2685 693 2847 751 super
2890 697 3112 744 matrem
3152 705 3301 747 suam
3343 664 3443 752 esi.

1870 754 1983 811 Non
2034 773 2161 829 ergo
2205 762 2330 815 velit
2373 772 2497 819 tunc
2540 769 2774 827 exaltare
2814 775 3042 831 animam
3085 794 3235 835 suam
3261 824 3276 849 ,
3324 801 3443 841 cum

1870 844 2005 901 forte
2038 849 2212 904 minus
2248 851 2482 908 idoneus
2523 866 2601 911 est
2645 858 2711 913 ad
2744 863 3056 931 capiendum
3093 871 3308 941 cibum,
3352 877 3447 932 sed

1869 936 2084 1008 impleat
2116 954 2375 1013 przecepta
2401 944 2733 1006 humilitatis.
2767 954 2935 1012 liabet
2961 959 3048 1019 ubi
3075 976 3132 1017 se
3157 936 3405 1023 evereeat
3430 987 3444 1024 :

1866 1030 2049 1084 credat
2094 1034 2147 1087 in
2173 1032 2443 1092 Christum
2471 1080 2486 1103 ,
2516 1050 2578 1094 ut
2615 1044 2781 1110 possit
2824 1046 3116 1120 intelligere
3154 1051 3444 1119 Cui-istum.

1868 1118 2063 1177 Videre
2084 1118 2317 1179 Verbum
2347 1139 2450 1182 n‘ou
2482 1140 2653 1198 potest
2680 1172 2699 1201 ,
2720 1146 2913 1205 capere
2941 1118 3042 1194 non
3068 1153 3246 1212 potest
3271 1166 3447 1220 xequa-

1868 1209 2066 1266 Iilatem
2101 1212 2255 1270 Verbi
2279 1229 2396 1272 cum
2424 1218 2577 1276 Patre
2600 1263 2614 1288 ,
2647 1215 2998 1294 aequalitatem
3024 1209 3253 1302 Spiritus
3276 1209 3444 1298 sancti

1864 1315 1985 1355 cum
2012 1300 2169 1359 Patre
2210 1314 2266 1359 et
2307 1307 2480 1363 Verbo
2521 1312 2750 1368 nondum
2797 1328 2969 1388 potest
3017 1300 3231 1392 vid-re;
3265 1333 3448 1389 credat
3515 1320 3519 1324 ’

1865 1389 2004 1473 hoc.
2045 1403 2097 1448 et
2141 1398 2353 1466 sugat‘.
2401 1398 2635 1457 Securus
2680 1414 2796 1470 cst,
2840 1411 2961 1479 quia
3004 1429 3124 1470 cum
3168 1422 3396 1476 creverit
3423 1465 3441 1486 .
3504 1404 3507 1405 ν

1865 1484 2237 1554 manducabit,
2292 1490 2430 1558 quod
2474 1507 2578 1546 non
2623 1504 2826 1563 poterat
2877 1511 3157 1575 antequam
3204 1484 3443 1581 sugendo

1862 1588 2128 1634 cresceret
2162 1598 2177 1634 :
2216 1590 2269 1637 et
2308 1582 2467 1639 habet
2512 1586 2598 1640 ubi
2638 1603 2695 1642 se
2744 1596 3011 1649 extendat.
3059 1600 3254 1657 Altiora
3295 1617 3340 1658 te
3383 1626 3444 1661 ne

1862 1670 2117 1737 quwsiert‘s
2140 1711 2155 1736 ,
2185 1680 2231 1726 et
2259 1675 2469 1743 fortiora
2497 1685 2543 1730 te
2571 1695 2632 1731 ne
2654 1693 2907 1737 scrutatus
2930 1691 3123 1757 fueris;
3148 1691 3199 1747 id
3230 1708 3309 1751 est
3334 1742 3348 1761 ,
3375 1702 3439 1754 ait

1862 1775 1978 1827 (pne
2003 1762 2260 1831 capienda
2286 1766 2462 1821 minus
2493 1768 2716 1827 idoneus
2756 1790 2833 1828 rs.
2878 1777 2946 1833 Et
2987 1782 3109 1850 quid
3151 1787 3285 1841 facio
3309 1833 3322 1855 ,
3357 1793 3440 1845 in—

1861 1850 2015 1918 quis?
2039 1852 2117 1908 sic
2146 1854 2475 1912 remanebo'?
2504 1859 2612 1915 Sed
2635 1880 2749 1933 qua:
2777 1873 3013 1940 prtccepit
3042 1875 3131 1929 tibi
3155 1876 3403 1937 Dominus
3423 1927 3436 1948 ,

1859 1941 1950 1995 illa
1976 1945 2138 2015 cogita
2165 1963 2359 2018 semper
2385 1950 2405 2018 (
2430 1951 2588 2008 Ereti.
2624 1971 2677 2009 ιιι
2703 1998 2716 2021 ,
2744 1957 2814 2011 9.2
2835 1959 2876 2031 ).
2906 1963 3036 2030 Qua:
3067 1966 3157 2022 tibi
3186 1941 3439 2045 prmccpii

1864 2032 2159 2090 Dominus?
2188 2037 2294 2092 Fac
2322 2042 2742 2101 misericordiam
2768 2090 2782 2113 ,
2814 2064 2996 2120 pacem
3038 2032 3289 2118 Ecclesiae
3332 2032 3436 2124 nidi

1859 2123 2125 2187 dimittere
2146 2167 2163 2193 ,
2189 2129 2240 2183 in
2272 2129 2484 2188 homine
2506 2148 2653 2204 spem
2683 2140 2788 2193 noli
2821 2157 3015 2211 ponere
3037 2188 3052 2213 ,
3082 2149 3438 2213 desiderando

1862 2216 2115 2274 miracula
2140 2221 2246 2275 noli
2276 2231 2479 2280 tentare
2507 2227 2690 2283 Deum.
2721 2229 2774 2285 Si
2801 2233 2908 2301 jam
2932 2246 3013 2292 est
3040 2239 3090 2293 in
3121 2248 3172 2296 te
3201 2242 3398 2302 fructus
3424 2293 3434 2312 ,

1859 2311 2133 2377 cognocis
2157 2353 2170 2371 .
2199 2314 2317 2382 quia
2351 2328 2469 2369 cum
2504 2317 2655 2371 bonis
2690 2321 2883 2379 toleras
2920 2326 3122 2383 zizauia
3162 2349 3326 2403 usque
3370 2340 3435 2394 ad

1859 2414 2086 2455 messem
2115 2402 2133 2471 (
2163 2400 2349 2456 Matt/1.
2381 2422 2470 2459 sui
2495 2448 2510 2472 ,
2541 2407 2610 2463 50
2632 2410 2673 2478 );
2702 2412 2822 2481 quia
2853 2431 2974 2470 cum
3006 2421 3157 2475 malis
3208 2400 3272 2479 ad
3311 2438 3414 2483 tem

1860 2504 1957 2558 pus
1986 2501 2137 2560 potes
2163 2508 2282 2548 esse
2302 2535 2315 2557 ,
2348 2510 2451 2549 non
2481 2497 2532 2551 in
2561 2508 2838 2557 internum.
2864 2505 3019 2562 Palea
3044 2510 3128 2567 hic
3150 2514 3240 2570 tibi
3273 2520 3434 2575 mixta

1857 2584 1938 2635 es’t
1965 2579 2016 2635 in
2048 2581 2149 2637 hoc
2192 2593 2430 2653 tempore
2475 2587 2529 2641 in
2576 2604 2737 2656 arca;
2784 2592 2836 2648 in
2880 2594 3071 2655 horreo
3115 2611 3288 2661 tecum
3330 2626 3432 2664 non

1856 2672 1979 2725 erit.
2011 2672 2135 2727 llmc
2162 2690 2274 2744 qua:
2300 2677 2389 2730 tibi
2418 2683 2657 2751 pra'cepit
2686 2682 2932 2740 Dominus
2949 2728 2965 2753 ,
2997 2691 3086 2745 illa
3113 2698 3275 2765 cogita
3302 2718 3434 2755 sem-

1856 2780 1964 2832 per.
1994 2766 2038 2818 A
2070 2764 2205 2819 lacte
2234 2783 2337 2820 non
2368 2770 2701 2839 separaberis
2745 2779 3090 2851 quoadusque
3127 2764 3288 2856 super
3326 2808 3438 2848 ma-

1857 2864 1988 2908 trem
2033 2863 2175 2911 tuam
2217 2873 2316 2925 es;
2364 2875 2431 2915 ne
2474 2862 2620 2931 prius
2654 2864 2794 2921 fame
2833 2872 3118 2943 moriaris,
3149 2889 3435 2953 antequam

1855 2961 2044 3014 panem
2074 2949 2492 3007 manducare'sis
2514 2955 2755 3012 idoneus.
2781 2959 2977 3019 Cresce
2998 2968 3050 3031 ’ς
3074 2984 3228 3027 erunt
3251 2949 3435 3033 validae

1854 3038 1994 3092 vires
2039 3047 2179 3105 ture,
2223 3049 2278 3095 et
2322 3043 2525 3100 videbis
2563 3047 2704 3117 quod
2740 3064 2846 3105 non
2877 3066 3127 3125 poteras,
3177 3071 3230 3117 et
3257 3069 3434 3136 capies

1852 3129 1992 3198 quod
2023 3145 2127 3183 non
2158 3132 2422 3201 cupiebas.

1924 3221 2012 3274 M.
2053 3221 2186 3289 Quid
2213 3224 2384 3293 ergo?
2408 3239 2528 3281 cum
2563 3229 2743 3285 videro
2779 3246 2899 3304 qua:
2944 3254 3049 3295 non
3087 3252 3323 3312 poteram
3352 3252 3433 3305 vi-

1851 3312 1982 3369 dere
2006 3356 2021 3379 ,
2050 3324 2103 3369 ct
2128 3330 2323 3384 cepero
2349 3333 2468 3388 qua:
2493 3334 2599 3376 non
2629 3333 2867 3392 poteram
2892 3343 3084 3401 capere
3106 3377 3121 3400 ,
3144 3337 3252 3406 jam
3280 3356 3434 3398 seen.

1854 3421 1943 3460 rus
1987 3407 2125 3462 cro?
2166 3408 2432 3478 perfectus
2476 3413 2615 3468 er'b?
2657 3411 2807 3481 Νυιι,
2854 3423 3102 3489 quamdiu
3148 3426 3233 3485 hic
3276 3432 3427 3490 vivis.

1854 3498 1965 3568 Ipsa
1998 3509 2078 3554 est
2125 3500 2378 3570 perfectio
2426 3514 2608 3560 nostra
2635 3547 2650 3571 ,
2704 3507 2998 3567 iuunilitas.
3046 3517 3284 3575 Audistis
3330 3535 3435 3594 quo

1849 3592 2113 3646 cnnclnsit
2142 3592 2300 3646 modo
2322 3595 2613 3662 apostolica
2638 3596 2797 3653 lectio
2822 3641 2834 3663 ,
2872 3603 2916 3655 si
2960 3602 3112 3659 laesit
3147 3608 3198 3662 in
3230 3592 3432 3666 memo-

1850 3682 2130 3741 riavest'ra
2155 3697 2169 3747 ;
2198 3683 2466 3751 quomodo
2490 3684 2577 3739 ille
2602 3687 2689 3755 qui
2718 3690 2921 3758 accepit
2946 3693 3223 3763 colaphum
3236 3714 3313 3754 ne
3337 3718 3430 3757 εκ·

1853 3770 2125 3825 tolleretur
2146 3771 2197 3824 in
2222 3772 2636 3829 revelationibus
2655 3776 2880 3845 (quanta
2904 3780 2951 3833 ei
2975 3785 3349 3844 rcvelabantur
3371 3794 3384 3846 !
3408 3794 3429 3860 )

1853 3873 2067 3930 preptrr
2093 3863 2261 3933 ipsam
2291 3865 2709 3934 magnitudinem
2743 3871 3121 3930 revelationum
3143 3919 3156 3941 ,
3187 3883 3305 3950 quia
3335 3899 3430 3954 po-

1853 3963 1986 4009 terat
2010 3955 2195 4009 extolli
2221 3997 2236 4022 ,
2267 3955 2368 4010 nisi
2397 3957 2666 4027 acciperet
2689 3962 2935 4030 angelum
2967 3975 3164 4022 satana:
3191 3988 3205 4023 :
3252 3983 3306 4027 et
3349 3984 3427 4029 ta-

1849 4056 1970 4099 men
1998 4047 2084 4100 cui
2110 4053 2255 4101 tanta
2281 4047 2658 4103 revclabantur
2682 4092 2698 4116 ,
2742 4052 2867 4120 quid
2907 4055 3018 4109 ait?
3050 4057 3257 4115 Fratres
3280 4105 3295 4129 ,
3338 4082 3429 4135 ego

1848 4138 2093 4209 mripsum
2114 4146 2212 4192 non
2235 4139 2452 4193 arbitror
2470 4142 2881 4211 apprelzeudissr.
2905 4147 3096 4205 Paulus
3116 4151 3275 4222 dicit,
3296 4155 3432 4211 Fra-

1849 4236 1949 4281 tres
1968 4270 1981 4291 ,
2016 4246 2109 4298 ego
2135 4230 2380 4299 meipsum
2408 4248 2508 4284 non
2535 4231 2749 4287 arbitror
2770 4237 3159 4305 apprcltendisse
3182 4261 3196 4308 ;
3237 4249 3326 4316 qui
3361 4250 3429 4305 ad

1840 4318 1953 4374 hoc
1976 4321 2182 4388 accepit
2207 4321 2623 4391 colapbizantem
2645 4327 2888 4395 angelum
2911 4340 3108 4386 satana:
3133 4377 3147 4400 ,
3176 4353 3244 4393 ne
3263 4345 3432 4397 cxtol.

1849 4411 2052 4467 leretur
2098 4413 2149 4466 in
2200 4414 2563 4484 magnitudine
2603 4419 2986 4476 revelationum
3033 4440 3268 4484 suarum.
3312 4435 3414 4499 Qui

1850 4501 2012 4557 audet
2035 4503 2217 4559 dicere
2259 4505 2378 4575 quia
2421 4508 2868 4575 comprehendit?
2910 4513 3046 4569 Ecce
3085 4517 3277 4575 Paulus
3325 4539 3429 4580 non

1849 4594 2199 4663 apprehendit
2221 4637 2235 4659 ,
2263 4607 2316 4651 et
2343 4597 2508 4660 dicit,
2542 4598 2660 4654 Non
2686 4618 2766 4655 me
2784 4604 3001 4658 arbitror
3020 4611 3428 4678 opma/tendisse.

1852 4687 1919 4740 Et
1948 4688 2072 4757 quid
2099 4688 2176 4743 ais
2203 4730 2218 4755 ,
2251 4704 2284 4742 0
2309 4689 2512 4745 Paule?
2538 4690 2718 4746 Adhuc
2743 4710 2890 4748 curro
2912 4696 2950 4761 ³,
2996 4698 3164 4769 inquit
3187 4743 3202 4768 ,
3244 4714 3299 4758 ut
3339 4723 3433 4776 ap-

1851 4781 2178 4850 prehendam.
2210 4781 2398 4837 Adhuc
2424 4782 2615 4837 Paulus
2641 4785 2693 4838 in
2720 4786 2801 4838 via
2829 4797 2911 4841 est
2934 4828 2950 4853 ,
2999 4799 3053 4844 et
3094 4801 3148 4847 tu
3194 4804 3244 4851 te
3280 4811 3432 4866 putus

1851 4873 1903 4925 in
1928 4873 2131 4941 patria?
2152 4872 2317 4928 Unum
2338 4883 2504 4927 autem
2524 4915 2540 4939 ,
2571 4875 2770 4943 inquit,
2799 4894 2911 4945 qua:
2934 4891 3065 4936 retro
3090 4896 3207 4940 sunt
3228 4889 3428 4946 oblitus.

1853 4961 1964 5016 lloc
1981 4962 2061 5016 lac
2080 4971 2133 5015 ct
2154 4972 2207 5016 tn
2234 5004 2246 5027 ,
2272 4972 2323 5017 et
2350 4962 2508 5016 vitam
2530 4966 2851 5032 praeteritam
2880 4972 3069 5025 malam
3097 4975 3428 5035 obliviscere.

1852 5053 1907 5109 Si
1941 5063 1991 5109 te
2017 5054 2300 5109 delectavit
2326 5055 2614 5123 aliquando
2652 5060 2856 5113 vanitas
2881 5102 2897 5124 ,
2946 5079 3047 5117 non
3090 5076 3140 5121 te
3183 5068 3415 5127 ἀρΙυι-ιοι

1857 5140 1982 5210 Qua:
2010 5155 2143 5196 retro
2169 5144 2379 5208 oblitus,
2412 5145 2578 5214 inquit
2602 5188 2616 5212 ,
2647 5147 2697 5201 in
2723 5164 2782 5201 ea
2818 5167 2933 5220 qua:
2962 5164 3076 5207 ante
3116 5170 3230 5211 sunt
3265 5171 3436 5216 arten-

1853 5242 1933 5286 tus
1956 5275 1970 5298 ,
1994 5233 2269 5287 secundum
2295 5233 2617 5288 intentionem
2644 5253 2815 5307 sequor
2854 5241 2921 5293 ad
2948 5243 3167 5311 palmam
3203 5266 3436 5320 superna;

1838 5325 2126 5380 rocatiouis
2154 5324 2250 5379 Dei
2275 5327 2325 5379 in
2347 5323 2545 5381 Christo
2574 5327 2720 5383 Iesu.
2744 5333 2916 5388 Audio
2944 5351 3125 5391 vocem
3155 5340 3245 5395 Dei
3273 5343 3433 5400 desu-

1856 5432 1951 5486 per
1974 5455 1990 5482 ,
2015 5423 2071 5471 et
2093 5431 2253 5471 curro
2279 5423 2338 5471 ut
2363 5418 2780 5486 apprehendam.
2810 5420 2925 5477 Non
2951 5427 3091 5481 enim
3122 5427 3317 5485 dimisit
3347 5450 3431 5491 me

1857 5509 2023 5575 invia
2051 5523 2329 5564 remanere
2356 5550 2371 5575 ,
2403 5510 2525 5579 quia
2556 5525 2660 5566 non
2689 5523 2862 5568 cessat
2891 5515 3089 5585 alloqui
3119 5535 3222 5575 me.
3253 5522 3393 5596 Ergo
3416 5569 3432 5597 ,

1922 5622 2031 5692 {sic
2049 5631 2146 5670 am.
2174 5628 2246 5670 Er.
2274 5629 2325 5670 et
2347 5629 2451 5692 Mss:
2482 5629 2679 5692 Atinia,
2703 5624 2885 5692 liacuest
2906 5636 3093 5692 surgat.

1922 5685 1942 5713 ³
1964 5689 2094 5746 um,
2114 5697 2300 5732 cresces
2324 5697 2337 5731 :
2365 5683 2725 5746 refragantibus
2744 5687 2887 5737 editis
2904 5683 3013 5739 aliis"
3036 5700 3085 5741 et
3109 5701 3215 5746 Mss.

1926 5746 1946 5776 ³
1971 5744 2194 5806 Plerique
2228 5752 2332 5794 Mss.
2363 5759 2374 5791 :
2403 5751 2457 5793 Μ
2492 5744 2608 5808 quid
2647 5747 2776 5810 agis,
2809 5762 2838 5798 0
2882 5753 3071 5803 Paule?
3107 5760 3177 5807 ad
3206 5744 3442 5815 Vltacrrur-

1864 5820 1919 5854 m
1937 5842 1952 5866 ,
1980 5816 2074 5855 etc.
