4032 6202
514 333 656 390 1715

500 452 702 509 {ratres
725 493 739 519 ,
771 465 875 505 non
900 455 1071 521 cessat
1098 445 1238 501 Deus
1263 439 1459 512 alloqul
1491 454 1607 493 nos.
1638 437 1838 512 Namsi
1866 444 2043 492 cessat
2065 476 2082 502 ,

512 541 639 616 quid
666 538 912 612 estquod
938 534 1186 607 agimus?
1214 531 1337 603 quid
1366 542 1451 586 est
1477 527 1618 600 quod
1645 535 1808 599 agunt
1838 526 2095 614 lectiones

511 608 703 691 divinat
728 608 1015 687 et—cantiea
1037 626 1254 683 divina?
1279 621 1667 679 Obliviscimini
1695 634 1822 690 ergo
1847 634 1969 690 qua:
2005 608 2094 674 ie-

513 735 597 781 tro
620 734 779 790 sunt,
807 731 860 778 et
885 722 938 777 iu
966 736 1027 776 ea
1057 735 1178 790 quae
1204 725 1329 772 ante
1370 723 1495 770 sunt
1531 728 1627 769 vos
1668 711 1956 793 cxtendite.
2006 709 2096 767 Sic

511 816 679 886 sugite
707 815 788 871 lac
812 854 827 879 ,
855 821 913 868 ut
941 811 1194 867 crescetis
1220 807 1285 861 ad
1309 794 1507 861 cibum.
1534 805 1664 885 Cum
1688 792 1817 872 ergo
1844 801 2096 857 veneritis

511 882 817 977 in'patriam
842 947 855 969 ,
895 901 1214 974 gaudebitis.
1258 899 1327 953 Et
1360 897 1534 953 adhuc
1570 882 1829 950 attendite
1866 884 2095 971 Apostof

510 1000 617 1054 lum
668 999 821 1068 sequi
872 997 937 1051 ad
986 995 1214 1066 palmam
1282 1006 1525 1060 supernae
1593 987 1907 1041 vocationis.
1965 968 2098 1040 Dicit

510 1089 651 1167 enim
706 1064 1027 1154 :Quotqudt
1076 1098 1193 1153 ergo
1239 1080 1484 1151 perfecti,
1529 1079 1622 1132 hoc
1657 1077 1935 1147 sapiamus.
1979 1064 2094 1129 Neu

512 1182 705 1251 loquor
726 1222 741 1247 ,
772 1179 941 1248 inquit
969 1217 984 1243 ,
1015 1172 1338 1244 imperfectis
1364 1213 1378 1238 ,
1402 1169 1595 1241 quibus
1632 1167 1806 1222 adhuc
1838 1181 1942 1220 non
1973 1180 2097 1234 pos-

514 1288 629 1327 sum
660 1271 804 1342 loqui
834 1268 1146 1339 sapientiam
1174 1306 1189 1331 ,
1213 1265 1298 1332 qui
1324 1262 1498 1318 adhuc
1522 1262 1657 1315 lacte
1680 1264 1967 1329 putantur;
1994 1273 2098 1311 non

513 1363 685 1417 solido
712 1336 832 1424 cibo
864 1336 1192 1429 pascuntur;
1222 1355 1314 1411 sed
1343 1354 1446 1408 illis
1473 1354 1591 1427 dico
1618 1392 1634 1419 ,
1676 1351 1764 1421 qui
1799 1350 1908 1420 jam
1950 1336 2099 1404 man-

519 1452 719 1507 ducant
745 1450 971 1507 Solidum
1013 1448 1210 1505 cibum.
1246 1445 1360 1499 .lam
1406 1439 1651 1497 videntur
1683 1455 1803 1495 esse
1841 1436 2095 1508 perfecti,

515 1544 637 1612 quia
668 1543 970 1611 intelligunt
997 1539 1352 1610 aequalitatem
1381 1521 1538 1591 Verbi
1560 1550 1681 1589 cum
1707 1535 1860 1587 Patre
1888 1550 1901 1585 :
1926 1528 2100 1586 adhuc

516 1651 621 1690 non
665 1635 744 1690 sic
786 1634 1009 1699 vident,
1058 1631 1327 1703 quomodo
1368 1627 1653 1683 videndum
1694 1614 1992 1702 est,qql'acie
2032 1624 2099 1679 ad

516 1726 738 1790 faciem;
782 1725 957 1782 adhuc
994 1740 1060 1780 ex
1103 1732 1285 1793 parte,
1332 1722 1383 1776 in
1428 1705 1709 1792 antigmate
1743 1719 1761 1789 (
1786 1716 2097 1785 lCor.xm,

520 1822 587 1875 12
609 1819 649 1891 ).
682 1819 905 1875 Currant
934 1834 1063 1887 ergo
1087 1858 1103 1882 ,
1132 1817 1250 1885 quia
1279 1830 1402 1871 cum
1431 1814 1511 1867 via
1537 1814 1552 1845 ¹
1583 1812 1728 1868 ﬁnita
1760 1811 1949 1875 fuerit,
1977 1820 2102 1865 tunc

515 1911 756 1977 redimus,
778 1910 844 1965 ad
883 1911 1147 1979 patriam:
1191 1915 1441 1970 currant,
1484 1903 1775 1959 extendant
1820 1918 1897 1955 se.
1937 1900 2099 1969 Quot-

514 2017 633 2070 quot
656 2022 775 2075 ergo
803 2003 1011 2075 perfecti
1036 2044 1051 2067 ,
1091 2002 1182 2054 Itoc
1212 2000 1468 2065 sapiamus
1490 2012 1510 2061 ;
1540 2006 1583 2051 et
1618 1996 1662 2049 si
1690 1994 1812 2065 quid
1837 1994 1986 2047 aliter
2012 2009 2098 2047 sa-

518 2098 672 2161 pitis.
705 2097 795 2149 lioc
823 2098 1020 2166 quoque
1066 2093 1200 2146 vobis
1243 2089 1384 2144 Deus
1424 2087 1657 2142 reuelabit
1701 2084 1972 2155 (Philipp.
2005 2100 2057 2137 ttt
2083 2122 2099 2148 ,

518 2188 686 2243 12-15
708 2184 747 2258 ).
793 2186 847 2240 Si
879 2169 1015 2240 forte
1040 2194 1188 2240 erras
1218 2182 1269 2235 in
1296 2181 1473 2255 aliqua
1498 2221 1513 2245 ,
1546 2192 1708 2248 quare
1736 2191 1839 2230 uoa
1869 2175 2009 2230 redis
2034 2175 2100 2229 ad

516 2280 597 2335 lac
628 2277 849 2333 matris?
873 2276 1005 2343 Quia
1031 2275 1074 2330 si
1106 2290 1212 2328 non
1234 2270 1549 2337 extollimini
1576 2268 1737 2345 ,_quia
1761 2267 1803 2322 si
1829 2282 1933 2321 non
1962 2267 2101 2322 exal-

515 2371 639 2425 taiis
663 2384 757 2423 cor
782 2377 1014 2422 vestrum
1041 2408 1055 2434 ,
1084 2366 1204 2437 quia
1234 2364 1279 2424 si
1303 2360 1411 2417 non
1433 2359 1771 2444 ingredimini
1803 2359 1855 2414 in
1884 2356 2101 2412 mirabi-

516 2462 655 2518 libus
681 2477 840 2530 supcr
866 2474 959 2514 vos
982 2501 997 2524 ,
1029 2436 1124 2514 sed
1149 2456 1370 2513 servatis
1411 2436 1803 2530 humilitatem,
1846 2436 2102 2528 revelabit

514 2553 667 2609 vobis
695 2528 830 2607 Deus
855 2551 995 2623 quod
1019 2551 1172 2605 aliter
1201 2546 1405 2616 sapitis.
1448 2545 1503 2601 Si
1548 2555 1727 2600 autem
1776 2528 1878 2596 hoc
1924 2530 2097 2613 ipsum

515 2643 656 2714 quod
687 2643 842 2698 aliter
866 2641 1050 2712 sapitis
1077 2682 1092 2705 ,
1121 2636 1408 2694 defendere
1437 2633 1596 2690 vultis
1620 2675 1634 2699 ,
1675 2642 1731 2687 et
1763 2623 2102 2700 pertinaciter

515 2743 756 2789 astruere
781 2774 796 2798 ,
823 2742 875 2786 et
902 2741 1083 2787 contra
1112 2743 1294 2800 picem
1322 2725 1610 2789 Ecclesim;
1644 2721 1702 2777 lit
1741 2720 1890 2775 vobis
1935 2719 2100 2774 male-

515 2824 711 2882 dictum
741 2825 842 2880 hoe
869 2822 1008 2895 quod
1034 2823 1164 2877 dixit
1193 2836 1212 2875 :
1237 2834 1398 2890 super
1430 2825 1652 2874 matrem
1697 2828 1818 2869 cum
1866 2812 1998 2875 estis
2047 2817 2102 2865 et

514 2916 696 2973 forisa
730 2917 866 2971 lacte
903 2912 1220 2993 separamini
1248 2914 1291 2981 ',
1343 2908 1469 2966 foris
1512 2924 1544 2963 a
1585 2905 1875 2962 visceribus
1918 2900 2100 2957 matris

514 3007 654 3063 fame
683 3005 1006 3077 moriemini.
1033 2990 1087 3061 Si
1111 2990 1289 3060 autem
1318 3000 1672 3083 perseveratis
1693 2999 1744 3055 in
1774 3012 1903 3069 pace
1923 2997 2101 3051 Catho-

512 3101 614 3156 lica
641 3142 656 3167 ,
687 3101 731 3155 Si
758 3100 882 3171 quid
907 3100 1045 3157 forte
1073 3096 1227 3153 aliter
1248 3080 1436 3166 sapitis
1464 3107 1622 3163 quam
1648 3100 1859 3167 oportet
1884 3103 2093 3160 sapere,

514 3192 656 3248 Deus
686 3193 838 3247 vobis
880 3190 1139 3247 revelabit
1175 3188 1480 3243 humilibus.
1514 3178 1732 3252 Quare?
1773 3181 1905 3250 Quia
1956 3182 2096 3251 Deus

514 3283 758 3352 superbis
787 3281 1023 3345 resistit,
1056 3279 1345 3334 humilibus
1373 3287 1548 3332 autem
1581 3274 1667 3329 dat
1695 3257 1916 3344 gratiam
1962 3268 2097 3343 (Ja-

514 3376 626 3430 cobi
653 3390 744 3441 tv,
779 3375 849 3439 6;
882 3374 969 3428 e'tl
1003 3373 1139 3426 Patr.
1168 3387 1221 3435 v,
1251 3370 1285 3426 5
1310 3370 1350 3440 ).
1432 3390 1453 3409 ο

584 3465 672 3522 15.
701 3464 848 3538 [vera
882 3461 958 3536 5.]
993 3463 1113 3539 Ideo
1141 3461 1206 3517 ad
1248 3461 1350 3517 hoc
1376 3458 1636 3516 conclusit
1681 3458 1767 3513 hic
1805 3456 2045 3529 psalmus
2079 3474 2095 3513 :

515 3556 696 3625 Sperat
743 3554 906 3609 Israel
943 3555 997 3607 iu
1049 3548 1322 3607 Dominum
1344 3593 1361 3620 ,
1386 3566 1449 3606 ea:
1492 3550 1585 3603 hoc
1605 3565 1737 3603 nunc
1780 3557 1826 3604 et
1856 3564 2011 3617 usque
2046 3548 2099 3602 iu

511 3647 774 3702 circulum.
806 3644 955 3713 Quod
987 3644 1128 3700 enim
1156 3643 1410 3717 scriptum
1445 3648 1529 3697 est
1552 3655 1725 3710 graece
1745 3682 1760 3706 ,
1793 3643 1887 3694 ἀπὸ
1914 3649 2000 3693 τσῦ
2025 3649 2100 3692 νῦν

513 3749 595 3795 καὶ
617 3744 698 3801 ἕως
722 3747 804 3792 τοῦ
829 3747 991 3796 αἰῶνος
1011 3778 1024 3799 ,
1057 3735 1156 3789 hoc
1184 3733 1480 3805 expositum
1505 3740 1586 3787 est
1603 3771 1619 3798 ,
1647 3748 1709 3787 ea;
1744 3731 1839 3784 hoc
1874 3745 2005 3784 nunc
2052 3737 2100 3783 et

512 3845 667 3901 usque
696 3829 746 3882 iu
776 3826 1035 3882 siccatam.
1069 3823 1174 3880 Sed
1203 3838 1308 3879 non
1335 3811 1546 3901 semper
1569 3821 1749 3877 saeculi
1777 3834 1970 3875 nomen
1999 3819 2100 3872 hoc

513 3921 766 3977 sarculum
791 3917 1086 3988 significat,
1115 3915 1208 3972 sed
1238 3910 1523 3986 aliquando
1549 3902 1901 3968 internita'tem
1928 3927 1943 3977 ;
1975 3909 2097 3980 quia

512 4021 770 4068 aeternum
800 4010 1008 4065 duobus
1039 4007 1209 4063 modis
1254 4006 1793 4076 intelligitur;usque
1836 4006 1887 4059 in
1939 4010 2090 4057 teter-

514 4121 661 4168 uom,
691 4103 742 4158 id
766 4111 848 4158 est
870 4143 885 4167 ,
912 4109 1004 4156 aut
1028 4115 1240 4170 semper
1266 4099 1384 4154 sine
1413 4098 1517 4152 ﬁne
1539 4138 1554 4162 ,
1585 4105 1675 4151 aut
1699 4082 1975 4165 quousque
2006 4093 2099 4149 ve-

513 4198 722 4250 niamus
744 4193 808 4248 ad
831 4191 1201 4248 aeternitatem.
1227 4189 1325 4245 llic
1351 4203 1479 4260 ergo
1505 4188 1771 4259 quomodo
1800 4175 2097 4255 intelligeuo

513 4287 641 4341 dum
697 4286 827 4340 est“!
879 4282 1166 4351 Quousque
1229 4278 1506 4335 veniamus
1565 4278 1630 4333 ad
1693 4271 2042 4331 aeternitatem
2077 4315 2123 4341 ,,

512 4391 791 4447 Speremus
816 4375 867 4428 in
898 4374 1176 4428 Dominum
1205 4371 1369 4426 Deum
1388 4386 1403 4436 ;
1425 4370 1547 4439 quia
1565 4384 1684 4424 cum
1715 4367 2015 4422 venerimus
2030 4364 2095 4418 ad

515 4467 699 4521 a-terui
729 4475 870 4519 ati‘m
905 4505 919 4528 ,
945 4462 1053 4532 jam
1104 4477 1225 4530 spes
1277 4476 1381 4514 non
1429 4459 1553 4523 erit,
1591 4458 1682 4513 sed
1710 4459 1819 4528 ipsa
1859 4472 1942 4512 res
1972 4454 2092 4511 erit.

507 4584 2089 4612 Μ’*

897 4667 977 4729 ΙΝ
1018 4652 1400 4728 PSALMUM
1443 4660 1709 4723 CXXXI

1096 4780 1511 4840 ENARRATIO.

723 4943 726 4946 ~
1050 4913 1222 4955 εεωιο
1249 4915 1314 4953 Αἰ)
1340 4909 1562 4951 PLEDEII.

585 5003 636 5058 i.
669 4999 819 5074 [rei-s.
852 4997 901 5064 ι,
923 4992 1003 5067 2.]
1032 4993 1237 5049 Justtun
1264 4991 1477 5061 quidem
1503 4996 1638 5044 erat.
1669 4983 1968 5061 charissimi
1993 5022 2007 5046 ,
2041 4992 2098 5038 ut

511 5094 728 5152 fratrem
756 5089 931 5162 potius
955 5085 1260 5140 audiremus
1282 5083 1535 5148 collegam
1563 5092 1759 5139 meum,
1778 5083 2095 5145 praesentem

513 5170 759 5245 omnibus
790 5181 940 5236 nobis
964 5176 1059 5250 (α).
1083 5176 1144 5230 Et
1174 5174 1331 5229 modo
1355 5190 1456 5226 non
1488 5170 1715 5241 negavit,
1735 5168 1825 5223 sed
1853 5167 2094 5222 distulit:

509 5292 564 5336 et
592 5264 710 5334 idco
737 5274 837 5330 hoc
881 5272 1056 5327 indico
1085 5268 1267 5323 Charit
1287 5254 1339 5319 ίιὶ
1368 5252 1558 5319 vestra:
1585 5304 1600 5329 ,
1628 5271 1688 5318 ut
1733 5276 1937 5317 mecum
1976 5275 2097 5329 pro—

513 5352 733 5427 missum
765 5360 1007 5424 teneatis.
1039 5361 1154 5418 Non
1183 5360 1276 5413 fuit
1309 5367 1486 5413 autem
1515 5355 1804 5410 absnrdmn
1834 5352 2093 5408 Charitati

512 5471 723 5527 vestrae,
751 5468 808 5514 ut
837 5457 981 5529 prior
1005 5454 1424 5521 obtemperarem
1447 5440 1651 5517 jubenti
1678 5465 1690 5499 :
1713 5444 1935 5501 extorsit
1953 5441 2094 5497 enim

560 5582 595 5656 ῗι
623 5613 811 5677 aliquot
833 5620 958 5677 Mss,
984 5607 1093 5660 vita.

577 5677 596 5709 ι
619 5654 1290 5727 ἐῆἷῶἶηυῖῑί⁷⁷ωὲξζ⁷λιωά.,
1312 5654 1669 5729 separabimini.
1725 5721 1736 5729 _
1819 5721 1831 5729 _
1890 5722 1899 5729 ι
1971 5718 1981 5727 ⁹
2066 5720 2069 5723 η

577 5721 1568 5796 (ui—Severumrulilevitanumiepigcopmp
1608 5724 1685 5796 pic
1725 5721 1905 5796 laudari
1940 5721 2093 5795 virium

517 5778 654 5848 nolis
674 5778 783 5852 iii;
800 5778 1107 5841 considerato
1122 5778 1355 5839 sermone
1378 5788 1428 5837 in
1455 5778 1570 5835 'Fsal.
1607 5791 1716 5845 κων,
1740 5796 1822 5832 nn.
1848 5778 1879 5832 ’1
1911 5794 1961 5832 et
1981 5783 2026 5830 ὃ.

1751 319 1813 376 s.
1842 280 2211 377 tucusruvt
2248 316 2554 377 EPISCOPI

3648 288 3787 366 tm;

2208 426 2337 491 mihi
2387 446 2444 490 ut
2480 443 2623 491 esset
2657 430 2814 488 modo
2843 420 3050 487 auditor
3076 416 3227 483 meus
3249 467 3266 493 ,
3296 441 3361 481 eo
3388 442 3518 481 sane
3548 434 3702 494 pacto
3729 432 3791 479 ut

2201 538 2256 583 et
2283 542 2382 598 ego
2408 527 2507 581 sim
2550 518 2717 595 ipsius
2739 565 2755 590 ,
2786 521 2908 594 quia
2936 522 2989 578 in
3021 521 3133 591 ipsa
3172 520 3428 598 charitate
3457 532 3643 572 omnes
3671 518 3789 587 ejus

2200 618 2472 673 auditores
2496 603 2702 682 sumus,
2725 615 2813 686 qui
2843 628 2977 669 unus
3007 613 3158 668 nobis
3190 612 3241 666 in
3268 595 3407 667 cmlo
3436 604 3684 681 Magister
3706 608 3792 664 est
3878 672 3887 679 _

2205 710 2416 782 (Matth.
2446 708 2573 765 χχιιι
2595 750 2611 774 ,
2641 708 2755 780 10).
2779 706 2921 779 Ergo
2947 707 3182 761 animum
3232 696 3490 761 intendite
3526 703 3594 757 ad
3629 692 3786 759 essi-

2202 787 2345 855 tnum
2369 840 2385 867 ,
2414 814 2569 870 quem
2599 798 2652 853 in
2683 792 2870 853 ordine
2889 838 2904 863 ,
2936 795 3073 851 sicut
3094 796 3259 850 nostis
3281 836 3297 860 ,
3325 793 3659 850 tractandum
3688 794 3791 848 ha-

2201 891 2408 947 bemus.
2435 890 2524 946 Est
2546 891 2704 947 etiam
2727 889 2840 959 ipse
2866 898 3207 958 pramotatus,
3232 887 3489 942 Canticum
3508 882 3791 958 graduum;

2202 995 2255 1038 ct
2283 983 2552 1053 aliquanto
2577 985 2786 1038 caeteris
2824 982 2923 1061 sul)
2953 981 3141 1036 eodem
3172 981 3321 1035 titulo
3346 980 3635 1049 prolixior.
3667 979 3789 1035 Non

2202 1072 2331 1147 ergo
2356 1066 2724 1137 immorentur,
2757 1073 2857 1129 nisi
2887 1074 2974 1129 ubi
3003 1073 3294 1128 necessitas
3314 1073 3581 1143 coegerit;
3613 1083 3670 1126 ut
3700 1082 3787 1127 to-

2204 1176 2335 1233 tum,
2355 1167 2399 1221 si
2422 1154 2674 1221 Dominus
2697 1166 3017 1237 permiserit,
3039 1164 3306 1235 explicare
3332 1166 3621 1236 possimus.
3651 1165 3791 1233 Quia

2202 1256 2256 1312 et
2282 1272 2375 1313 vos
2405 1273 2510 1313 non
2542 1267 2791 1329 tanquam
2822 1257 2982 1312 rudes
3007 1257 3184 1310 omnia
3213 1255 3424 1327 debetis
3448 1256 3653 1320 audire;
3683 1257 3791 1310 ali-

2202 1348 2327 1418 quid
2354 1358 2407 1404 et
2433 1348 2499 1404 de
2527 1348 2806 1419 praeteritis
2833 1345 3188 1402 auditiOnibus
3212 1345 3463 1416 adjuvare
3505 1361 3602 1400 nos
3622 1346 3793 1401 debe-

2205 1438 2292 1503 tis,
2320 1454 2387 1493 ne
2414 1440 2595 1493 omnia
2630 1432 2878 1508 tanquam
2907 1452 3041 1491 nova
3071 1450 3099 1488 a
3131 1436 3285 1491 nobis
3314 1434 3418 1490 dici
3446 1424 3670 1491 necesse
3695 1437 3789 1490 sit.

2203 1530 2271 1584 Et
2304 1529 2427 1584 novi
2452 1529 2663 1600 quidem
2695 1528 2815 1584 ease
2842 1527 3128 1590 debemus,
3158 1528 3280 1597 quia
3310 1520 3544 1582 vetustas
3584 1526 3742 1581 nouis
3771 1526 3791 1559 ί

2204 1613 2461 1695 obrepere
2501 1638 2604 1678 non
2630 1621 2790 1677 debet
2814 1638 2827 1687 ;
2856 1620 2949 1675 sed
2980 1621 3139 1675 etiam
3164 1619 3512 1674 crescendum
3540 1626 3594 1673 et
3624 1618 3797 1687 proli;

2204 1715 2448 1769 ciendum
2475 1723 2576 1769 est.
2608 1714 2682 1767 De
2719 1714 2833 1782 ipso
2870 1712 3065 1783 quippe
3090 1710 3326 1781 profectu
3354 1710 3429 1765 ait
3454 1709 3745 1779 Apostolus
3774 1724 3792 1761 :

2204 1803 2316 1859 Etsi
2341 1802 2552 1860 exterior
2564 1805 2721 1881 (homo
2739 1814 2905 1858 noster
2927 1803 3285 1870 corrumpitur,
3302 1802 3388 1854 sed
3413 1801 3620 1854 interior
3642 1790 3800 1853 ratio;

2204 1908 2347 1952 vatur
2374 1900 2436 1952 de
2461 1898 2541 1952 die
2564 1898 2614 1952 iu
2637 1898 2767 1950 diem
2784 1888 2850 1966 (ll
2865 1895 2981 1951 (lor.
3011 1912 3081 1960 tv,
3099 1880 3208 1967 16).
3226 1892 3340 1949 Non
3358 1893 3434 1948 sic
3450 1892 3797 1961 proficiamus

2206 2000 2259 2044 ut
2290 2006 2352 2044 ex
2375 1990 2524 2043 novis
2546 1999 2754 2043 veteres
2767 1987 3085 2052 efﬁciamur,
3102 1986 3193 2040 sed
3208 1985 3318 2055 ipsa
3335 1984 3541 2040 novitas
3556 1980 3793 2040 crescat.

2273 2080 2326 2135 2.
2368 2080 2616 2135 Memento
2636 2121 2650 2145 ,
2683 2077 2931 2143 Domine,
2958 2076 3122 2131 David
3145 2118 3159 2142 ,
3187 2085 3233 2130 ct
3254 2076 3417 2130 curuis
3443 2075 3800 2151 mansuetudi-

2204 2176 2281 2229 nis
2306 2175 2434 2241 eius.
2466 2174 2605 2229 Sicut
2626 2173 2821 2242 juravit
2849 2171 3060 2225 Domino
3077 2185 3096 2234 ;
3118 2179 3282 2224 votum
3302 2170 3430 2223 vovit
3459 2152 3567 2221 Deo
3601 2166 3793 2222 Jac'ab’.

2206 2264 2367 2321 David
2416 2263 2708 2319 secundum
2753 2263 2908 2317 iidem
2940 2277 3119 2316 rerum
3163 2270 3429 2330 gestarum
3456 2243 3594 2314 unus
3625 2259 3796 2314 homo

2203 2366 2317 2411 erat
2348 2396 2364 2421 ,
2392 2370 2486 2410 rex
2512 2353 2668 2409 Israel
2697 2395 2710 2419 ,
2744 2352 2882 2408 tilius
2923 2352 3093 2407 Jesse.
3128 2351 3256 2405 Erat
3309 2349 3520 2419 quidem
3572 2358 3628 2404 et
3673 2350 3797 2419 ipse

2203 2447 2531 2519 mansuetus,
2557 2447 2695 2502 sicut
2715 2461 2833 2501 eum
2867 2444 3063 2499 indicat
3087 2453 3247 2513 atque
3276 2441 3617 2496 commendat
3642 2441 3799 2497 Scri-

2200 2527 2355 2608 ptura
2386 2537 2583 2603 divina,
2609 2536 2664 2593 et
2690 2536 2760 2591 ita
2789 2542 3098 2590 mansuetus
3126 2543 3301 2588 utnec
3325 2531 3658 2601 persecutori
3688 2546 3795 2586 suo

2205 2628 2351 2687 Saiili
2383 2624 2577 2685 malum
2630 2644 2723 2698 pro
2763 2628 2911 2706 (malo
2956 2608 3264 2701 reddiderit.
3313 2623 3556 2679 Servavit
3606 2631 3794 2683 autem

2204 2725 2327 2799 erga
2364 2740 2485 2782 eum
2519 2714 2717 2779 tantam
2749 2707 3103 2799 humilitatem
3130 2760 3144 2785 ,
3176 2727 3234 2774 ut
3269 2717 3418 2773 illum
3450 2731 3626 2786 regem
3658 2713 3799 2770 latc-

2206 2828 2375 2885 retur,
2404 2832 2462 2872 se
2483 2826 2658 2871 autem
2679 2829 2865 2869 canem
2897 2833 2911 2867 :
2939 2818 2993 2867 et
3016 2796 3121 2866 non
3145 2798 3393 2881 proterve
3419 2814 3515 2862 nec
3534 2802 3793 2876 superbe,

2204 2927 2323 2966 cum
2369 2918 2513 2965 esset
2558 2908 2610 2962 in
2645 2908 2753 2962 Deo
2798 2905 3093 2976 potentior,
3124 2895 3475 2973 respondebat
3512 2888 3797 2976 regi;_sed

2205 3019 2325 3060 eum
2357 3003 2563 3073 placare
2592 2994 2766 3071 potius
2793 2997 3075 3054 affectabat
3099 2995 3398 3050 humilitate
3418 3036 3433 3061 ,
3456 2978 3616 3063 quam
3651 2973 3799 3046 con-

2204 3099 2368 3153 citare
2396 3091 2662 3163 superbia.
2691 3091 2864 3146 Etiam
2896 3090 2949 3145 in
2976 3094 3238 3160 potestate
3260 3086 3416 3143 datus
3441 3094 3524 3141 cst
3553 3084 3605 3141 ei
3633 3083 3794 3150 sint,

2202 3199 2257 3246 et
2286 3186 2388 3244 ltoc
2414 3201 2444 3242 a
2475 3184 2697 3240 Domino
2729 3183 2836 3238 Deo
2856 3223 2870 3246 ,
2902 3191 2955 3236 ut
2986 3180 3034 3237 ei
3075 3181 3272 3235 faceret
3300 3175 3551 3251 quidquid
3583 3175 3748 3230 \ellet
3777 3193 3792 3229 :

2202 3274 2295 3337 sed
2331 3279 2451 3351 quia
2506 3292 2607 3333 non
2658 3280 2978 3348 praxceptum
3010 3271 3084 3326 illi
3113 3278 3228 3327 erat
3264 3278 3322 3324 ut
3357 3266 3663 3335 occideret,
3693 3264 3793 3320 sed

2202 3368 2404 3427 tantum
2429 3370 2479 3424 in
2508 3377 2766 3439 potestate
2785 3366 2940 3423 datus
2958 3363 3033 3419 illi
3063 3370 3180 3418 erat
3207 3362 3356 3433 (licet
3384 3368 3559 3415 autem
3584 3358 3794 3412 homini

2205 3456 2278 3517 uti
2302 3446 2564 3532 potestate
2590 3473 2681 3514 sua
2705 3459 2752 3529 );
2786 3456 2851 3513 ad
2882 3456 3153 3512 lenitatem
3184 3452 3358 3524 potius
3400 3448 3615 3505 deﬂexit
3642 3448 3796 3518 quod

2203 3557 2250 3610 ei
2284 3554 2421 3608 Deus
2444 3550 2731 3607 concessit.
2763 3548 2863 3615 Qui
2889 3548 2933 3604 si
2965 3547 3123 3602 vellet
3151 3542 3418 3608 occidere,
3450 3546 3658 3596 careret
3688 3538 3806 3593 ἰιιὶδ

2205 3646 2343 3702 mico
2368 3663 2383 3699 :
2405 3643 2499 3699 sed
2522 3622 2787 3714 quomodo
2802 3640 3023 3706 diceret,
3044 3638 3258 3694 Dimitte
3279 3636 3405 3691 mihi
3428 3634 3627 3700 debita,
3648 3634 3799 3690 sicut

2204 3745 2258 3792 et
2300 3751 2399 3806 ego
2447 3725 2657 3790 dimitto
2702 3723 3033 3789 debitoribus
3062 3730 3197 3785 meis
3224 3728 3432 3801 (Matth.
3462 3742 3511 3782 vt
3538 3767 3551 3789 ,
3586 3725 3702 3793 ω).
3737 3725 3795 3780 in

2205 3828 2510 3897 speluncam
2535 3823 2752 3879 intravit
2776 3817 2900 3878 Said
2924 3821 3010 3876 ubi
3036 3814 3149 3874 erat
3171 3817 3350 3879 David,
3380 3817 3622 3872 nesciens
3643 3816 3798 3884 quod

2207 3918 2314 3971 illic
2340 3924 2485 3971 esset
2509 3912 2668 3969 David
2699 3932 2710 3966 :
2740 3912 2805 3966 ad
2846 3900 3142 3966 necessaria
3180 3900 3384 3964 ventris
3424 3903 3511 3962 ille
3548 3903 3795 3959 intravit.

2206 4009 2447 4064 Surrexit
2476 4005 2636 4061 David
2666 4005 2862 4060 sensim
2892 4013 2946 4059 et
2974 4003 3116 4057 lente
3148 4009 3261 4071 post
3309 4001 3478 4069 ipSum
3503 4040 3519 4064 ,
3550 3987 3802 4067 praecutit
3832 4003 3836 4006 ‘

2175 4099 2179 4103 ’
2207 4103 2278 4158 illi
2303 4101 2369 4156 de
2396 4110 2540 4155 veste
2564 4096 2922 4169 panniculum,
2949 4110 3105 4166 quem
3134 4092 3206 4148 illi
3232 4082 3555 4151 ostenderet,
3578 4098 3634 4143 ut
3657 4086 3805 4143 nos;

2206 4181 2289 4249 set
2313 4193 2430 4261 quia
2460 4191 2607 4245 illum
2634 4189 2893 4242 habuerat
2918 4188 2970 4241 itt
2999 4194 3301 4256 potestate;
3332 4192 3385 4238 et
3412 4197 3517 4236 non
3547 4181 3809 4235 accessi-

2206 4296 2346 4352 tatc,
2393 4281 2486 4337 sed
2536 4280 2803 4335 voluntate
2846 4284 3193 4348 pepercerat,
3232 4284 3283 4330 et
3329 4273 3495 4328 noluit
3543 4270 3809 4326 occidere

2201 4376 2264 4449 (ι
2299 4350 2424 4447 Reg.
2458 4389 2582 4429 xxrv
2604 4414 2622 4440 ,
2655 4369 2847 4440 4-15).
2902 4368 3060 4424 Forte
3107 4368 3274 4437 ipsam
3330 4350 3807 4419 inausuetudincm

2202 4467 2595 4523 commendavit
2622 4462 2783 4519 modo
2812 4461 3017 4523 dicens.
3048 4458 3317 4521 Memento,
3345 4454 3572 4516 Domine,
3598 4451 3806 4518 David,

2201 4571 2248 4614 et
2273 4546 2434 4614 omnis
2462 4553 2861 4613 mattsuetudiuis
2890 4552 3021 4623 ejus.
3044 4549 3153 4604 lloc
3181 4546 3468 4603 secundant
3495 4558 3669 4598 rerum
3702 4557 3811 4613 ge-

2202 4641 2401 4705 sta‘rutu
2431 4650 2587 4705 [idem
2613 4691 2629 4712 .
2659 4663 2815 4719 quam
2861 4642 3130 4713 Scriptura
3177 4638 3352 4693 divina
3374 4644 3476 4700 ,λιιι
3518 4633 3761 4688 diximus
3787 4675 3804 4697 ,

2202 4740 2456 4799 continet.
2476 4725 2588 4821 Sed
2604 4742 2840 4797 Solemus
2861 4740 2912 4792 in
2928 4734 3152 4792 Psalmis
3174 4729 3359 4786 nonad
3378 4728 3602 4782 litteram
3620 4733 3811 4778 atten-

2203 4839 2353 4903 dere,
2387 4821 2525 4892 sicut
2553 4820 2603 4889 in
2634 4835 2777 4889 omni
2809 4830 3108 4903 prophetia,
3138 4823 3235 4882 sed
3265 4838 3356 4892 per
3383 4820 3609 4875 litteram
3636 4831 3810 4872 scru-

2206 4932 2303 4986 tari
2334 4931 2604 5000 mysteria.
2638 4928 2701 4982 Et
2728 4924 2968 4981 meminit
2992 4920 3233 4976 Charitas
3259 4921 3435 4969 vestra
3462 4910 3583 4981 quia
3607 4908 3813 4977 cujus-

2202 5024 2322 5079 dam
2380 5020 2608 5076 hominis
2653 5014 2841 5073 vacem
2890 5015 2941 5071 in
2995 5010 3242 5067 omnibus
3290 5002 3516 5062 Psalmis
3556 5000 3817 5055 solemus

2202 5112 2424 5177 audire;
2456 5111 2546 5182 qui
2576 5114 2711 5165 unus
2756 5107 2913 5162 habet
2957 5110 3117 5175 caput
3153 5109 3208 5157 et
3248 5094 3466 5167 corpus.
3496 5090 3670 5159 Caput
3696 5104 3817 5143 au-

2205 5218 2309 5261 tem
2341 5207 2394 5260 in
2423 5204 2560 5259 coelo
2587 5210 2669 5258 est
2697 5241 2713 5266 ,
2741 5186 2935 5269 corpus
2962 5198 3016 5253 in
3045 5205 3186 5251 terra
3220 5211 3234 5248 :
3264 5190 3357 5246 sed
3385 5202 3493 5259 quo
3524 5183 3823 5254 pracessit

2202 5305 2359 5366 caput
2387 5335 2402 5358 ,
2428 5302 2481 5348 et
2495 5307 2688 5362 corpus
2725 5274 3030 5345 secuturum
3050 5296 3154 5342 est.
3183 5284 3252 5341 Et
3269 5284 3378 5353 jam
3400 5294 3507 5335 non
3534 5274 3654 5329 dico
3677 5276 3824 5343 quis

2202 5397 2362 5458 caput
2407 5386 2497 5452 sit,
2526 5384 2615 5454 Qui
2672 5396 2865 5453 corpus
2917 5381 3057 5446 sint";
3105 5379 3228 5448 quia
3257 5371 3553 5432 scientibus
3581 5366 3819 5433 loquor.

2272 5480 2325 5534 5.
2366 5474 2780 5538 Commendatur
2805 5486 2935 5543 ergo
2978 5464 3248 5543 humilitas
3290 5464 3456 5523 David
3478 5505 3493 5529 ,
3519 5468 3817 5516 commen-

2202 5570 2357 5625 datur
2395 5565 2742 5620 mansuetudo
2783 5563 2943 5619 David
2969 5580 2984 5628 ;
3007 5571 3061 5618 et
3089 5561 3280 5615 dicitur
3322 5559 3431 5613 Deo
3454 5597 3472 5624 ,
3500 5550 3772 5606 Memento
3794 5568 3819 5619 δ

2202 5661 2436 5723 Domine,
2465 5657 2648 5723 David,
2679 5670 2724 5711 et
2750 5657 2913 5712 omnis
2938 5646 3492 5722 ntausuetudiuis‘ejas.
3524 5643 3610 5703 Ad
3639 5659 3816 5716 quam

2268 5784 2283 5809 ²
2322 5778 2392 5829 sic
2415 5783 2517 5827 Am.
2539 5781 2612 5829 Er.
2633 5781 2680 5825 et
2706 5772 2873 5837 plures
2894 5778 3000 5822 Mss.
3029 5778 3083 5819 At
3104 5777 3193 5820 ων
3218 5804 3236 5831 ,
3252 5763 3400 5819 novis.

3504 5873 3547 5892 ᾇ
