4032 6202
91 666 127 689 γ

237 306 372 375 ιτιλι

235 452 349 490 rem
376 441 639 497 memento,
669 432 881 486 Domine
902 474 916 495 ,
952 430 1154 484 David?
1181 430 1324 484 Sicut
1351 429 1540 500 juravit
1565 427 1783 482 Domino
1806 465 1821 490 ,

236 542 404 583 totum
435 527 562 580 vovit
587 524 697 580 Deo
719 524 900 580 Jacob.
930 524 1069 594 Ergo
1095 524 1159 578 ad
1192 524 1292 578 hoc
1323 531 1606 585 memento,
1640 531 1696 575 ut
1727 520 1821 574 im.

241 621 379 693 plent
412 619 551 691 quod
581 619 841 689 promisit.
874 619 989 688 Ipse
1018 617 1178 671 David
1206 616 1345 671 vovit
1376 626 1622 686 tanquam
1654 615 1703 667 in
1733 629 1828 683 pn-

241 721 433 767 testate
459 710 681 775 habens,
710 719 766 765 et
792 717 944 780 rugat
974 710 1137 763 Deum
1167 716 1221 762 ut
1248 706 1464 775 impleat
1484 706 1625 776 quod
1648 706 1785 759 vovit
1816 723 1831 761 :

241 812 325 857 est
367 802 581 857 devotio
609 800 851 857 voveatis
874 841 889 866 ,
917 799 1013 856 sed
1042 806 1124 854 est
1161 797 1430 853 humilitas
1474 797 1832 867 deprecantis.

244 895 414 954 Nemo
460 903 746 965 prmsumat
780 893 980 948 viribus
1006 891 1118 947 suis
1157 907 1217 948 se
1245 892 1468 949 reddere
1509 890 1651 961 quod
1679 905 1839 944 vove-

246 988 317 1041 rit
343 1002 357 1041 :
386 987 475 1055 qui
504 996 553 1040 te
577 985 817 1040 hortatur
845 994 900 1041 ut
929 1000 1143 1048 voveas,
1178 985 1290 1053 ipse
1313 983 1525 1052 adjuvat
1549 990 1602 1037 ut
1622 981 1834 1038 reddas.

246 1076 382 1146 Quid
406 1092 532 1147 ergo
557 1077 699 1130 vovit
732 1076 1022 1139 videamus,
1048 1085 1102 1131 et
1132 1076 1255 1130 hinc
1281 1072 1620 1145 intelligimus
1653 1088 1842 1143 quern-

247 1168 534 1223 admodum
584 1168 656 1222 sit
712 1167 1050 1237 aceipiendus
1108 1168 1159 1222 in
1212 1167 1376 1238 figura
1438 1166 1622 1221 David.
1679 1164 1841 1221 David

250 1272 427 1317 autem
456 1262 836 1330 interpretatur
856 1302 870 1326 ,
905 1260 1058 1315 Manu
1086 1259 1255 1316 fortis.
1285 1260 1415 1315 Erat
1449 1260 1590 1315 enim
1621 1275 1844 1330 magnus

252 1342 610 1424 belligeratum
637 1353 970 1408 Praesumens
999 1352 1213 1424 quidem
1243 1352 1312 1408 de
1337 1353 1559 1407 Domino
1584 1353 1691 1407 Deo
1723 1368 1841 1416 suo,

253 1443 482 1499 confecit
510 1443 645 1498 bella
670 1443 846 1499 omnia
868 1484 883 1508 ,
900 1443 1181 1513 prostravit
1207 1457 1394 1509 omnes
1414 1443 1654 1498 inimicos
1678 1457 1804 1498 suos
1828 1482 1844 1507 ,

256 1535 364 1589 Deo
407 1549 465 1590 se
494 1533 809 1603 adjuvaute,
839 1532 1283 1603 quemadmodum
1336 1546 1395 1586 se
1439 1531 1667 1587 habebat
1705 1532 1848 1587 illius

254 1625 467 1695 imperii
496 1624 858 1695 dispensatio;
892 1624 1238 1695 prmfigurans
1266 1632 1441 1679 tatnen
1474 1623 1663 1678 fortem
1689 1640 1849 1679 manu

255 1717 541 1787 quemdam
570 1716 637 1771 a'd
683 1716 1029 1772 debellandos
1071 1717 1314 1771 inimicos
1338 1758 1354 1782 ,
1380 1716 1645 1771 diabolum
1675 1727 1729 1772 et
1757 1731 1852 1771 an-

256 1811 409 1879 gelos
447 1809 585 1878 ejus.
617 1808 725 1864 llos
750 1818 927 1864 autem
968 1808 1212 1863 inimicos
1246 1808 1477 1862 Ecrlesia
1505 1807 1754 1863 debellat.
1784 1808 1854 1863 Et

257 1902 527 1973 quomodo
553 1899 821 1957 debellat?
840 1901 1260 1956 Mansuetudine.
1286 1901 1690 1959 Mansuetudine
1710 1901 1852 1956 enim

258 1993 378 2061 ipse
418 1991 533 2047 Rex
578 2000 759 2047 noster
798 1991 924 2045 vicit
968 1990 1260 2045 diabolum.
1289 1991 1552 2046 Steviebat
1600 1991 1721 2056 ille;
1755 1992 1855 2047 iste

260 2085 549 2140 sull'crebat
579 2102 593 2139 :
623 2086 792 2140 victus
819 2094 901 2139 est
927 2084 1016 2154 qui
1047 2084 1330 2148 sapiebat;
1364 2085 1489 2139 vicit
1515 2085 1602 2154 qui
1634 2085 1855 2140 sufferc-

263 2178 376 2232 bat.
408 2176 465 2245 In
494 2177 592 2231 ista
621 2174 1025 2231 mansuetudine
1047 2190 1238 2245 corpus
1258 2175 1478 2241 Christi,
1501 2175 1641 2246 quod
1662 2185 1745 2231 est
1768 2176 1857 2229 lic-

262 2269 427 2324 clesia
453 2312 468 2334 ,
494 2268 654 2324 vincit
709 2268 974 2323 inimicos.
1020 2267 1099 2323 Sit
1149 2278 1308 2322 manu
1359 2267 1510 2323 fortis
1537 2309 1550 2329 .
1584 2267 1857 2337 Operando

268 2361 471 2415 vincat.
499 2361 633 2416 Cum
663 2370 838 2414 autem
867 2373 1062 2429 corpus
1088 2358 1284 2414 Christi
1310 2368 1390 2414 est
1415 2368 1466 2414 et
1500 2359 1775 2428 templum,
1803 2368 1859 2413 et

264 2453 464 2507 domus
490 2493 504 2517 ,
534 2461 589 2507 et
626 2451 811 2506 civitas
836 2468 851 2517 ;
878 2460 932 2507 et
976 2451 1062 2507 ille
1089 2452 1179 2521 qui
1205 2460 1364 2522 caput
1388 2453 1625 2522 corporis
1648 2466 1731 2507 εει
1760 2493 1773 2516 ,
1806 2462 1859 2506 et

266 2544 537 2600 habitator
562 2543 753 2598 domus
772 2551 874 2611 est,
894 2552 948 2597 et
972 2542 1331 2597 sanctificator
1358 2542 1539 2612 templi
1560 2551 1660 2608 est,
1686 2553 1739 2597 et
1768 2558 1857 2598 rex

266 2634 505 2691 civitatis
528 2646 610 2690 est
639 2653 653 2689 :
682 2635 949 2705 quomodo
974 2635 1209 2689 Ecclesia
1237 2636 1413 2689 omnia
1442 2634 1530 2689 illa
1553 2676 1568 2699 ,
1594 2635 1671 2689 sic
1698 2635 1863 2689 Chri-

268 2739 389 2784 stus
418 2728 594 2783 omnia
619 2728 736 2783 ista.
761 2727 897 2794 Quid
918 2742 1045 2798 ergo
1065 2728 1305 2783 vovi'mus
1330 2727 1459 2795 Deo,
1488 2727 1586 2782 uisi
1616 2736 1671 2781 ut
1698 2727 1863 2781 situas

274 2822 530 2893 templum
557 2820 834 2876 lteiiNihil
858 2820 1058 2891 gratius
1087 2821 1134 2874 ei
1163 2835 1443 2890 possumus
1467 2819 1681 2886 offerre,
1705 2835 1862 2888 quam

274 2925 336 2971 ut
364 2916 604 2970 dicamus
632 2914 681 2970 ei
711 2913 852 2985 quod
878 2913 1072 2968 dicitur
1097 2913 1330 2979 inisaia,
1356 2912 1567 2967 Posside
1586 2929 1679 2966 nos
1711 2909 1863 2983 (lsai.

273 3025 430 3075 xxvi,
454 3011 561 3079 l3).
583 3009 660 3063 'Et
680 3007 890 3077 quidem
915 3007 930 3038 ι
961 3007 1012 3060 in
1044 3006 1158 3061 iStis
1188 3005 1609 3075 possessionibus
1641 3005 1867 3060 terrenis

276 3098 649 3172 patrifamilias
688 3106 968 3167 praestatur
992 3139 1008 3163 ,
1033 3096 1244 3167 quando
1272 3097 1321 3151 ei
1349 3095 1509 3150 datur
1550 3095 1819 3165 possessio
1849 3111 1863 3148 :

278 3208 386 3246 non
410 3191 487 3246 sic
507 3202 586 3245 est
610 3189 896 3260 possessio,
914 3204 1032 3259 qua:
1048 3196 1129 3244 est
1150 3188 1408 3253 Ecclesia;
1424 3188 1520 3258 ipsi
1543 3187 1867 3257 possessioni

273 3290 583 3353 pnestatur,
611 3289 668 3335 ut
693 3296 721 3334 a
746 3280 841 3336 tali
871 3279 1223 3351 possideatur.

352 3376 404 3429 4.
439 3374 574 3442 Quid
619 3389 748 3444 ergo
800 3373 960 3439 dicit,
1000 3371 1145 3427 Sicut
1180 3372 1374 3443 juravit
1423 3371 1869 3437 Domino,votum

278 3467 412 3521 vovit
443 3465 549 3520 Deo
579 3464 782 3519 Jacob?
812 3464 1100 3521 Videamus
1125 3463 1269 3535 quod
1296 3475 1476 3519 votum
1496 3466 1538 3516 '.
1569 3463 1758 3519 Jurare
1789 3473 1873 3519 est

281 3568 458 3613 autem
489 3557 641 3612 firme
667 3557 997 3628 promittere.
1032 3554 1304 3611 Attendite
1323 3564 1503 3610 votum
1532 3553 1654 3620 hoc,
1687 3555 1736 3608 id
1765 3563 1868 3620 est,

280 3651 425 3721 quod
456 3659 671 3705 voverat
710 3664 816 3721 quo
856 3650 1047 3704 ardore
1091 3648 1295 3701 voverit
1317 3686 1333 3713 ,
1355 3660 1460 3716 quo
1501 3660 1683 3700 amore
1716 3685 1730 3710 ,
1767 3661 1873 3715 quo

281 3742 572 3805 desiderio;
605 3751 657 3796 et
686 3750 859 3796 tamen
887 3740 952 3793 ad
986 3741 1086 3794 hoc
1113 3738 1437 3808 implendum
1466 3736 1748 3791 Dominum
1774 3736 1873 3790 de-

283 3843 532 3906 precatus
556 3844 639 3890 est
663 3835 865 3890 dicens.
893 3832 1164 3895 Memento,
1190 3829 1419 3895 Domine,
1445 3828 1628 3895 David,
1650 3838 1694 3883 cl
1714 3830 1874 3882 omnis

284 3925 684 3979 ntansuctudinis
713 3927 837 3995 ejus.
868 3923 921 3976 In
952 3922 1051 3977 hac
1077 3920 1482 3976 mansuetudine
1507 3929 1688 3975 votum
1711 3920 1872 3980 Vovit,

285 4030 342 4071 ut
373 4019 441 4072 sit
469 4017 660 4071 domus
690 4016 783 4070 Dei
817 4032 829 4067 :
866 4016 926 4069 Si
953 4015 1188 4068 iutroiero
1213 4014 1264 4065 in
1292 4012 1667 4066 tabernaculum
1697 4012 1876 4065 domus

282 4124 410 4161 metr
428 4148 443 4173 ,
471 4106 516 4160 si
541 4110 809 4161 ascendere
834 4121 983 4176 super
1017 4105 1197 4158 lectum
1231 4112 1418 4157 stratus
1446 4102 1560 4156 mei.
1604 4100 1661 4156 Si
1693 4101 1876 4175 dedero

281 4214 518 4253 somnum
543 4198 699 4251 oculis
729 4199 869 4251 meis.
904 4197 1095 4251 Parum
1128 4195 1271 4248 visus
1303 4202 1385 4248 est
1409 4193 1588 4247 dicere
1607 4235 1621 4259 ,
1643 4208 1876 4246 somnum

284 4291 446 4344 oculis
468 4290 588 4344 meis
612 4288 711 4342 :Et
735 4288 984 4358 palpebris
1011 4286 1133 4341 meis
1148 4285 1575 4349 dormitationem;
1593 4293 1639 4338 ct
1660 4282 1877 4356 requiem
1909 4320 1917 4324 -

284 4392 477 4452 (eiiipm
491 4382 598 4435 ibus
623 4382 740 4435 meis
762 4381 805 4434 si
834 4380 1054 4445 dedero,
1081 4378 1407 4449 quoadusque
1431 4377 1679 4439 inveniam
1712 4377 1878 4430 locum

288 4474 532 4539 Domino,
556 4470 930 4527 tabernaculum
954 4469 1064 4524 ‘Deo
1084 4469 1263 4524 Iacob.
1282 4468 1378 4524 Ubi
1402 4468 1675 4539 qurerebat
1701 4468 1877 4523 locum

290 4567 557 4622 Domino?
571 4566 625 4621 Si
653 4573 957 4619 mansuetus
977 4570 1111 4627 erat,
1133 4562 1186 4616 in
1211 4576 1269 4616 se
1288 4561 1582 4630 qumrebat.
1601 4560 1881 4626 Quomodo

285 4669 375 4714 est
396 4658 539 4714 enim
558 4658 707 4713 locus
734 4655 979 4710 Domini?
1003 4653 1139 4709 Audi
1166 4651 1475 4722 prophetam
1502 4669 1515 4705 :
1542 4651 1710 4720 Super
1732 4667 1881 4719 que»)

286 4752 564 4821 requiescet
595 4748 821 4820 Spiritus
847 4747 1021 4801 meus?
1048 4746 1219 4814 Super
1243 4744 1516 4807 humilem,
1544 4752 1591 4796 et
1619 4742 1837 4810 quie:um
1864 4788 1878 4808 ,

285 4855 338 4899 et
366 4855 653 4899 trementem
693 4842 841 4895 verba
880 4857 987 4894 mea
1019 4838 1127 4909 (Id.
1165 4852 1290 4892 vat
1316 4877 1330 4900 ,
1352 4836 1431 4907 2).
1470 4837 1557 4890 Vis
1586 4850 1707 4890 esse
1736 4835 1882 4889 locus

288 4936 548 4992 Domini?
578 4935 705 4989 Esto
737 4931 949 4987 humilis
971 4974 984 4995 ,
1015 4938 1072 4985 et
1105 4930 1315 4999 quietus
1336 4970 1350 4993 ,
1377 4936 1432 4982 et
1460 4935 1693 4981 tremens
1722 4926 1880 4980 verba

290 5028 386 5083 Dei
408 5070 423 5094 ,
445 5037 499 5081 et
526 5038 580 5082 tu
610 5028 722 5095 ipse
747 5023 997 5080 efficieris
1024 5021 1166 5091 quod
1192 5021 1385 5091 quaeris
1416 5020 1458 5074 ³.
1487 5019 1543 5074 Si
1573 5019 1713 5073 enim
1747 5019 1796 5072 in
1832 5029 1882 5074 te

289 5135 399 5173 non
429 5120 516 5171 liat
538 5116 675 5186 quod
698 5114 913 5185 quaeris,
932 5115 981 5167 in
1005 5113 1173 5167 altero
1198 5111 1323 5182 quid
1351 5111 1440 5164 tibi
1468 5110 1680 5180 prodest
1700 5110 1723 5163 ?
1743 5111 1882 5178 Ope-

290 5218 442 5264 ratur
471 5207 682 5278 quidem
712 5207 850 5260 Deus
877 5204 1159 5274 aliquando
1187 5218 1280 5271 per
1312 5202 1687 5271 evangelistam
1736 5202 1883 5254 salu-

291 5312 400 5357 tem
432 5292 652 5355 alterius
690 5309 928 5363 tantum,
954 5297 998 5351 si
1031 5296 1143 5367 ipse
1173 5295 1302 5350 dicit
1332 5303 1386 5350 et
1416 5312 1520 5348 non
1551 5292 1677 5349 facit
1703 5310 1717 5357 ;
1744 5305 1795 5347 et
1828 5295 1883 5346 tit

360 5481 374 5513 ⁸
400 5483 474 5530 Sic
495 5484 606 5529 ιον.
633 5485 683 5527 ιιι
699 5484 769 5537 8.,
792 5475 1033 5539 equidem.
1129 5480 1186 5523 tt.

361 5545 381 5574 ²
404 5543 487 5592 llic
512 5541 621 5590 ttdd.
648 5533 1006 5601 praemissajam
1029 5544 1455 5601 antesesversus
1470 5535 1618 5601 verba
1634 5533 1712 5582 illa
1737 5545 1882 5595 repe-

292 5610 422 5660 tunt,
446 5602 540 5652 nisi
564 5609 612 5651 ut
628 5594 774 5652 simus
797 5594 1026 5662 templum
1064 5596 1171 5662 Dei.
1198 5594 1326 5662 Nihil
1356 5596 1542 5662 gratius
1566 5596 1612 5645 ei
1633 5594 1882 5662 possumus

290 5657 485 5727 «ferre.
510 5670 563 5713 Et
586 5677 694 5716 mox
714 5657 913 5727 addunt,
942 5672 1087 5727 quam
1107 5659 1214 5716 iure
1228 5657 1404 5727 furare
1431 5658 1532 5719 (vel
1568 5670 1712 5722 quam
1732 5658 1879 5719 jura-

287 5723 387 5793 re'):
410 5735 523 5784 Qtta:
540 5727 691 5793 vgrba
715 5738 809 5773 non
835 5724 882 5771 iu
900 5723 1123 5793 (utinibus
1151 5727 1344 5770 exstant
1369 5725 1474 5769 Mss.

363 5780 384 5821 ³
403 5780 621 5836 Smmulli
644 5793 749 5837 Mss.
778 5782 968 5848 quinis
984 5782 1034 5835 in
1048 5780 1213 5834 altera.

1320 298 1803 365 ENARRATIOlN
1843 298 2163 363 PSALMUM
2201 308 2434 366 CXXXI.

3391 322 3521 377 I713

1938 442 2032 494 per
2061 430 2288 500 linguam
2311 431 2425 502 ejus
2450 433 2503 487 in
2529 433 2632 490 alio
2657 435 2807 491 locus
2837 438 3091 497 Dmniuo.
3124 456 3226 495 non
3258 453 3433 495 autem
3466 449 3523 498 lit

1938 524 2049 591 ipse
2075 523 2225 578 locus
2255 524 2499 580 Domino.
2528 524 2628 590 Qui
2659 537 2834 583 autem
2867 546 2983 598 quae
3014 531 3171 586 docet
3195 532 3326 587 bene
3353 533 3477 591 facit
3506 577 3522 602 ,

1937 621 1992 670 et
2014 615 2091 670 sic
2114 615 2308 681 docet,
2332 616 2390 670 lit
2415 616 2560 671 locus
2590 617 2811 674 Domino
2848 636 2967 675 cum
3013 637 3081 678 eo
3123 639 3283 693 quem
3326 624 3524 683 dooet:

1938 707 2058 778 quia
2081 723 2268 764 omnes
2287 708 2568 765 credentes
2595 726 2757 769 utrum
2779 712 2952 768 locum
2981 714 3178 770 faciunt
3201 716 3440 772 Domino.
3469 719 3525 773 lu

1939 797 2101 853 corde
2130 799 2272 852 enim
2305 798 2462 855 habet
2489 800 2664 879 locum
2695 802 2967 871 Dominus;
2994 806 3115 875 quia
3142 823 3302 863 unum
3328 823 3422 864 cor
3447 818 3529 865 est

1942 892 2179 946 omnium
2208 893 2260 946 in
2286 893 2541 950 eharitate
2570 895 2959 964 copulatorum.

2014 983 2068 1038 5.
2093 981 2263 1051 Quam
2314 985 2477 1039 multa
2524 986 2687 1041 millia
2739 987 3121 1055 crediderunt,
3155 991 3347 1049 fratres
3377 996 3480 1050 mei
3511 1037 3527 1058 ,

1943 1073 2154 1142 quando
2179 1073 2346 1143 pretia
2366 1089 2544 1131 rerum
2567 1092 2783 1133 suarum
2811 1082 3182 1149 posueruntad
3204 1084 3365 1152 pedes
3390 1087 3534 1156 Apo-

1946 1165 2203 1219 stolorum
2230 1165 2243 1218 !
2274 1163 2379 1221 Sed
2430 1167 2555 1235 quid
2600 1168 2666 1223 de
2712 1169 2812 1224 illis
2860 1170 2986 1224 dicit
3030 1170 3534 1243 Scriptura?Certe

1950 1256 2069 1312 facti
2110 1265 2234 1313 sunt
2280 1258 2529 1328 templum
2580 1260 2707 1325 Dei;
2742 1276 2844 1316 non
2896 1273 3096 1317 tantum
3122 1246 3398 1334 templum
3441 1269 3535 1324 Dei

1949 1347 2162 1417 singuli,
2193 1347 2286 1403 sed
2317 1360 2370 1403 et
2395 1362 2583 1406 omnes
2612 1353 2866 1420 templum
2900 1353 2990 1407 Dei
3022 1354 3200 1409 simul.
3234 1355 3383 1411 Facti
3413 1368 3537 1414 sunt

1951 1454 2078 1510 ergo
2115 1440 2264 1495 locus
2317 1441 2558 1495 Domino.
2591 1442 2657 1496 Et
2684 1451 2739 1498 ut
2778 1446 3031 1501 noveritis
3073 1449 3192 1517 quia
3223 1465 3357 1503 ttttlts
3390 1450 3537 1508 locus

1953 1530 2119 1586 factus
2147 1540 2229 1586 est
2258 1532 2480 1586 Domino
2508 1532 2559 1588 in
2587 1535 2863 1599 omnibus,
2895 1536 3165 1605 Scriptura
3206 1541 3331 1594 dicit
3363 1562 3373 1596 :
3412 1543 3537 1598 Emit

1950 1625 2054 1679 illis
2081 1627 2250 1680 anima
2270 1642 2371 1680 una
2398 1637 2443 1683 ct
2471 1644 2560 1681 cor
2583 1643 2736 1682 unum
2762 1629 2813 1682 in
2846 1629 3003 1683 Deum
3032 1633 3164 1702 (Act.
3197 1649 3252 1696 ιι,
3276 1636 3363 1700 All;
3394 1646 3441 1689 et
3463 1653 3535 1704 tv,

1955 1718 1989 1772 4
2014 1761 2025 1782 ,
2058 1713 2161 1783 52,
2194 1718 2305 1791 55).
2338 1720 2484 1774 Multi
2525 1729 2701 1775 autem
2749 1737 2814 1775 ne
2842 1720 3036 1776 faciant
3067 1725 3238 1778 loenm
3272 1725 3499 1783 Domino
3523 1770 3538 1793 ,

1955 1827 2048 1866 sua
2076 1820 2338 1882 quwrunt,
2361 1826 2457 1867 sua
2482 1812 2724 1882 diligunt,
2752 1822 3013 1881 potestate
3034 1830 3127 1870 sua
3152 1817 3406 1886 gaudent,
3436 1821 3545 1888 prio

1958 1914 2134 1959 vatum
2182 1921 2338 1960 suum
2380 1906 2790 1976 concupiscunt.
2833 1907 2930 1975 Qui
2981 1917 3157 1962 autem
3207 1911 3321 1964 vult
3368 1909 3546 1966 facere

1958 1997 2131 2052 locum
2164 1998 2385 2053 Domino
2404 2039 2419 2064 ,
2448 2014 2553 2053 non
2583 1998 2651 2053 de
2678 1999 2910 2069 privato,
2940 2000 3032 2055 sed
3061 2000 3128 2056 de
3156 2003 3422 2056 communi
3451 2002 3545 2057 de-

1959 2090 2051 2144 bet
2073 2089 2326 2160 gaudere.
2360 2090 2472 2146 Hoc
2496 2090 2572 2145 illi
2602 2084 2842 2145 fecerunt
2867 2091 2934 2146 de
2962 2091 3120 2146 rebus
3147 2092 3256 2147 suis
3287 2092 3503 2162 privatis
3530 2111 3545 2157 ;

1960 2178 2201 2236 fecerunt
2222 2180 2340 2235 illas
2361 2195 2694 2238 communes.
2722 2181 2874 2250 Quod
2906 2181 3170 2238 habebant
3193 2198 3369 2248 suum,
3394 2197 3549 2239 nunr-

1960 2273 2086 2344 quid
2135 2274 2463 2328 amiserunt?
2491 2274 2548 2329 Si
2589 2273 2687 2327 soli
2732 2274 3029 2338 baberent,
3080 2283 3135 2329 et
3185 2276 3549 2344 unusquisque

1958 2381 2113 2420 suum
2136 2364 2374 2430 haberet;
2401 2364 2501 2418 hoc
2516 2365 2689 2419 solum
2709 2363 2931 2419 haberet
2950 2364 3089 2434 quod
3111 2381 3264 2419 suum
3286 2366 3548 2420 habebat:

1960 2471 2080 2511 eum
2129 2464 2305 2511 autem
2348 2454 2489 2525 quod
2521 2456 2790 2525 proprium
2813 2464 3273 2522 erat,commuue
3318 2458 3471 2522 fecit;
3498 2469 3554 2512 et

1963 2564 2024 2603 ea
2056 2563 2175 2619 quae
2204 2558 2358 2603 erant
2396 2556 2711 2603 czcterorum
2734 2548 2946 2617 ,‘ipsius
2975 2546 3109 2602 facta
3136 2557 3279 2603 sunt.
3308 2547 3552 2605 Intendat

1964 2640 2210 2695 Charitas
2243 2649 2418 2695 vestra
2449 2658 2462 2693 :
2495 2640 2617 2710 quia
2647 2648 2865 2710 propter
2890 2640 2976 2695 illa
3006 2656 3123 2710 quae
3152 2641 3342 2711 singuli
3385 2643 3558 2711 possi-

1966 2732 2154 2786 demus
2175 2773 2192 2799 ,
2229 2733 2464 2787 existunt
2511 2732 2631 2786 lites
2657 2772 2672 2798 ,
2706 2732 2996 2787 inimicitia:
3027 2773 3040 2797 ,
3071 2732 3389 2797 discordiae,
3418 2733 3558 2788 belia

1970 2821 2108 2876 inter
2134 2821 2375 2878 homines
2396 2865 2411 2889 ,
2444 2823 2699 2877 tumultus
2717 2865 2730 2889 ,
2761 2823 3122 2879 dissensiones
3149 2824 3434 2880 adversum
3456 2840 3514 2880 se
3535 2866 3555 2893 ,

1969 2913 2257 2980 scandala,
2290 2922 2501 2983 peccata
2536 2955 2552 2981 ,
2599 2913 2907 2983 iniquitates
2935 2955 2951 2982 ,
2981 2915 3284 2970 homicidia.
3334 2916 3556 2985 Propter

1970 3006 2128 3077 qum?
2150 3005 2379 3076 Propter
2404 3005 2513 3075 ipsa
2540 3020 2660 3076 qua:
2688 3005 2876 3076 singuli
2908 3005 3263 3075 possidemus.
3291 3006 3556 3078 Numquid

1972 3106 2189 3169 propter
2216 3099 2314 3153 ista
2340 3114 2458 3169 qua:
2482 3098 2841 3154 communiter
2869 3097 3223 3168 possidemus,
3250 3099 3516 3168 litigamus
3535 3101 3560 3153 ἵ

1973 3192 2168 3247 Aerem
2196 3191 2352 3246 istum
2375 3190 2741 3246 communiter
2764 3189 3029 3257 ducimus,
3063 3190 3230 3245 Solem
3257 3189 3556 3244 communi-

1975 3293 2056 3343 ter
2084 3296 2271 3338 omnes
2297 3282 2558 3338 videmus.
2590 3281 2739 3337 Beati
2764 3295 2893 3351 ergo
2920 3281 3007 3351 qui
3049 3281 3126 3334 sic
3159 3280 3359 3335 faciunt
3385 3281 3558 3335 locum

1976 3373 2235 3439 Domino,
2266 3380 2323 3428 ut
2362 3374 2568 3443 privato
2611 3387 2709 3427 suo
2757 3387 2862 3426 non
2905 3371 3192 3442 gaudeant.
3219 3371 3401 3425 Talem
3433 3386 3563 3441 ergo

1974 3466 2310 3524 describebat
2337 3467 2455 3530 iste,
2483 3467 2571 3537 qui
2592 3465 2821 3531 diccbat,
2849 3464 2908 3519 Si
2929 3465 3166 3518 introiere
3195 3464 3246 3517 in
3269 3463 3565 3518 tabernacu-

1977 3559 2080 3615 lum
2103 3560 2280 3613 domus
2304 3574 2443 3613 nacte.
2475 3559 2739 3613 Privatum
2764 3556 2863 3637 hoc
2886 3569 3020 3611 erat.
3043 3556 3255 3610 Sciebat
3282 3557 3485 3623 privato
3506 3571 3564 3607 se

1979 3652 2242 3723 impediri,
2277 3666 2344 3706 ne
2374 3651 2570 3706 faceret
2601 3650 2773 3704 locum
2805 3647 3049 3712 Domino,
3079 3657 3132 3701 et
3156 3662 3215 3699 ca
3236 3661 3565 3700 commemo-

1978 3755 2059 3799 rat
2085 3759 2204 3813 quze
2232 3741 2298 3796 ad
2327 3742 2559 3809 scipsum
2597 3738 2931 3809 pertinebant
2960 3756 2972 3790 :
3003 3754 3106 3792 non
3139 3737 3369 3791 introiba
3400 3738 3453 3789 in
3479 3746 3561 3789 tav

1978 3833 2301 3889 beruaculum
2344 3832 2522 3885 domus
2548 3847 2702 3896 metr,
2734 3829 2893 3883 donec
2917 3829 3167 3881 inveniam
3195 3843 3212 3879 :
3240 3826 3409 3896 quid?
3438 3841 3585 3885 cum-

1981 3927 2245 3981 inveneris
2286 3925 2459 3979 locum
2513 3924 2774 3987 Domino,
2800 3922 3020 3976 intrabis
3063 3922 3113 3974 in
3162 3919 3562 3974 tabernaculum

1983 4020 2165 4075 tuum?
2191 4020 2270 4074 An
2299 4018 2470 4087 ipsum
2502 4018 2515 4048 ¹
2549 4017 2651 4071 erit
2684 4014 3079 4069 tabernaculum
3111 4022 3279 4073 tuum,
3306 4011 3394 4066 ubi
3418 4013 3566 4067 inve—

1981 4111 2123 4168 neris
2152 4111 2327 4165 locum
2358 4108 2621 4163 Domino?
2639 4106 2850 4173 Quare?
2875 4105 3006 4172 Quia
3033 4105 3143 4174 ipse
3164 4103 3268 4159 eris
3291 4103 3437 4159 locus
3468 4103 3567 4157 Ι)ος

1982 4202 2133 4265 mini,
2158 4211 2350 4256 etcum
2378 4199 2455 4253 eis
2487 4198 2576 4267 qui
2612 4196 2805 4251 fuerint
2828 4197 2975 4250 locus
2995 4194 3226 4260 Domini,
3250 4210 3411 4247 unum
3434 4194 3562 4249 eris.

2053 4293 2105 4349 6.
2139 4292 2509 4347 Abstineamus
2530 4304 2656 4359 ergo
2684 4302 2801 4354 nos,
2828 4287 3037 4350 fratres,
3068 4301 3098 4340 a
3124 4286 3460 4355 possessione
3488 4285 3567 4339 rei

1984 4387 2222 4457 privatio;
2243 4392 2333 4438 aut
2353 4382 2418 4437 ab
2435 4397 2638 4444 amore,
2660 4381 2826 4434 sinon
2850 4394 3134 4450 possumus
3152 4392 3182 4430 a
3205 4376 3563 4446 possessione;

1983 4487 2038 4533 et
2059 4477 2277 4532 facimus
2308 4473 2483 4528 locum
2507 4472 2748 4527 Domino.
2779 4471 3002 4525 Multum
3033 4468 3201 4525 estad
3235 4484 3341 4533 me,
3370 4468 3444 4521 ait
3473 4468 3569 4521 ali-

1984 4570 2120 4639 quis.
2150 4565 2252 4621 Sed
2282 4563 2403 4619 vide
2437 4564 2555 4633 quis
2584 4564 2703 4629 sis’,
2734 4563 2966 4616 facturus
3007 4561 3178 4614 locum
3227 4559 3472 4613 Domino.
3515 4559 3569 4613 Si

1986 4660 2145 4712 vellet
2173 4655 2309 4726 apud
2340 4667 2392 4710 te
2422 4655 2708 4725 ltOSpitium
2742 4651 2937 4706 habere
2977 4650 3167 4721 aliquis
3195 4658 3431 4713 senator,
3462 4665 3569 4704 non

1987 4751 2106 4804 dico
2147 4758 2391 4814 senator,
2437 4756 2750 4817 procurator
2790 4743 3012 4812 alicujus
3056 4743 3230 4814 magni
3278 4740 3569 4798 secunthnu

1986 4842 2259 4905 smculum,
2304 4848 2359 4895 et
2401 4839 2620 4902 diceret,
2652 4835 2882 4890 Offendit
2912 4853 2996 4888 me
3037 4834 3290 4905 quiddam
3320 4834 3373 4888 in
3410 4833 3570 4890 domo

1989 4943 2113 4999 tua;
2141 4934 2239 4987 etsi
2269 4946 2478 4986 amares
2514 4930 2635 4996 hoc,
2665 4929 2905 4983 auferres
2942 4937 3117 4982 tamen
3148 4943 3213 4983 ne
3249 4942 3370 4981 eum
3399 4926 3569 4981 offen-

1988 5026 2162 5089 deres,
2186 5025 2250 5078 ad
2273 5023 2425 5094 cujus
2447 5021 2729 5076 amicitiam
2759 5020 3011 5075 ambires.
3036 5019 3103 5074 Et
3125 5019 3248 5090 quid
3281 5018 3372 5074 tibi
3401 5020 3564 5088 prod-

1990 5131 2070 5175 est
2106 5118 2333 5172 hominis
2373 5116 2640 5170 amicitia?
2693 5114 2852 5169 Fortc
2890 5114 2959 5167 ibi
3010 5128 3112 5167 non
3141 5113 3314 5167 solum
3364 5110 3570 5166 nullum

1989 5211 2265 5273 auxilium,
2284 5207 2375 5262 sed
2404 5216 2457 5262 ct
2489 5206 2780 5275 periculum
2814 5206 3097 5260 invenires.
3129 5202 3259 5257 Nam
3286 5202 3436 5255 multi
3461 5218 3566 5254 non

1993 5300 2434 5372 periclitabantur
2488 5306 2773 5367 antequam
2838 5296 3128 5367 majoribus
3181 5294 3568 5364 jnngercutur;

1975 5392 2590 5464 ~eXoptaruut'majorum
2622 5391 2902 5457 amicitias,
2929 5399 2985 5444 ut
3007 5388 3204 5458 majora
3236 5387 3466 5458 pericula
3492 5388 3573 5443 iu-

1987 5495 2286 5542 eurrerent.
2314 5484 2544 5540 Securus
2571 5494 2693 5553 opta
2719 5484 3006 5537 amicitiam
3045 5482 3242 5536 Christi
3270 5499 3282 5533 :
3314 5480 3572 5550 hospitari

1989 5580 2126 5649 apud
2159 5589 2209 5632 te
2239 5577 2383 5641 vult;
2410 5577 2490 5629 fac
2517 5575 2594 5629 illi
2624 5576 2816 5651 locum.
2839 5574 2975 5642 Quid
3004 5582 3105 5640 est,
3140 5574 3221 5627 fac
3248 5573 3323 5627 illi
3357 5572 3572 5627 Imma?

2050 5712 2072 5744 ⁸
2094 5710 2279 5769 Aliquot
2300 5716 2428 5767 3358.,
2447 5708 2567 5771 ipse.

2050 5776 2073 5807 ³
2096 5766 2336 5835 ιιξωειι.
2370 5766 2504 5834 Veni,
2527 5768 2643 5832 quid
2661 5766 2745 5822 sis.
2839 5768 2900 5819 Μ.
