3984 6200
443 347 580 405 1719

436 460 555 516 Noli
602 467 784 514 amare
823 455 1086 525 tcip'suin,
1123 440 1277 505 illum
1316 442 1474 502 ama.
1518 444 1577 502 Si
1623 454 1676 502 te
1718 444 2017 511 amaveris,

435 553 643 608 claudis
671 535 857 606 contra
888 535 1069 610 illum;
1101 529 1148 599 si
1180 542 1352 612 ipsum
1380 538 1667 606 amaveris,
1698 538 1875 608 aperis
1905 537 1979 592 illi
2004 555 2019 593 :

435 644 480 698 si
511 652 687 697 autem
714 621 986 708 aperueris
1026 643 1082 690 et
1120 633 1417 695 intraverit,
1447 645 1554 686 non
1597 630 1772 701 perics
1793 629 2021 684 amando

437 743 508 798 te,
542 730 636 786 sed
665 727 950 784 invenieris
979 741 1102 781 cum
1128 731 1346 778 amante
1370 731 1441 778 te.

504 825 556 879 7.
603 822 761 896 fvers.
797 819 876 894 5.]
930 821 990 876 Si
1026 817 1266 873 introiere
1309 817 1363 870 in
1408 807 1787 870 tabernaculum
1838 812 2019 867 domus

432 913 584 983 metu,
621 899 672 987 “is
713 911 982 968 ascendere
1023 925 1178 980 super
1219 908 1401 962 lectum
1443 901 1628 960 stratus
1665 901 1782 957 mei.
1806 902 2018 958 Privata

432 1010 575 1090 enim
605 997 698 1063 res
728 1000 862 1076 ipsa,
895 1005 985 1060 ubi
1019 1002 1182 1058 homo
1223 997 1537 1071 acquiescit,
1567 996 1826 1067 superbos
1856 993 2015 1061 facit;

433 1080 556 1159 ideo
576 1097 728 1164 dixit,
755 1097 814 1152 Si
839 1094 1130 1150 ascendere.
1153 1091 1209 1146 In
1239 1106 1298 1146 re
1320 1104 1478 1158 quam
1509 1080 1768 1159 privatam
1793 1086 2018 1156 quisque

431 1172 701 1260 possidet,
754 1200 974 1242 necesse
1021 1193 1104 1239 est
1148 1181 1410 1252 superbus
1454 1166 1562 1233 sit:
1603 1169 1727 1232 inde
1774 1191 1833 1232 se
1872 1177 2015 1230 enim

424 1274 604 1348 tendit
631 1279 792 1332 homo
819 1276 884 1330 ad
914 1274 1205 1338 hominem,
1235 1286 1353 1334 cuin
1382 1267 1541 1324 ambo
1571 1268 1679 1322 sint
1705 1281 1849 1321 caro.
1877 1265 2014 1332 Quid

430 1378 514 1426 est
555 1359 741 1434 hoino,
784 1364 1016 1422 fratres?
1057 1365 1213 1420 Caro.
1249 1361 1324 1418 Et,
1348 1355 1474 1431 quid
1517 1369 1602 1414 est
1645 1356 1779 1413 alter
1815 1354 2016 1413 hOmo?

430 1461 611 1530 Altera
637 1456 784 1514 caro.
828 1457 895 1534 Et
936 1449 1111 1510 tamen
1143 1435 1451 1508 carodives
1481 1447 1719 1504 extendit
1744 1462 1803 1502 se
1829 1457 2014 1502 contra

430 1543 644 1614 carnem
690 1563 1011 1619 pauperem;
1045 1545 1194 1617 quasi
1239 1541 1437 1613 aliquid
1478 1542 1566 1595 illa
1607 1555 1733 1598 caro
1777 1539 2017 1594 attulerit

429 1643 642 1713 quando
666 1652 786 1696 nata
813 1649 920 1702 est.
946 1648 1038 1694 aut
1061 1628 1258 1708 aliquid
1282 1634 1489 1690 auferat
1522 1631 1736 1703 quando
1764 1632 2010 1686 moritur.

428 1734 508 1788 Ad
540 1735 639 1789 hoc
657 1732 777 1803 plus
804 1730 1012 1795 habuit,
1047 1738 1103 1783 ut
1133 1729 1251 1798 plus
1279 1725 1552 1781 tumeret‘.
1586 1725 1688 1778 Iste
1717 1733 1893 1778 autem
1923 1722 2012 1792 qui

427 1826 542 1880 vult
565 1820 802 1892 invenire
822 1825 998 1878 locum
1028 1820 1274 1886 Domino,
1303 1817 1539 1883 dicit,-Si
1564 1815 1833 1870 ascendere
1859 1831 2014 1885 super

428 1919 556 1973 lectu
564 1915 610 1971 a't
631 1920 776 1972 strati
806 1918 920 1970 mei.
1074 1967 1078 1972 ,
1583 1961 1587 1964 .

502 2011 555 2065 8.
581 2002 733 2081 [vers
775 2006 852 2079 4.]
896 2008 957 2062 Si
985 2006 1169 2060 dedero
1209 2019 1440 2066 somnum
1479 2002 1636 2056 oculis
1680 2001 1819 2054 meis.
1863 1998 2009 2052 Multi

431 2103 575 2158 enim
624 2099 744 2168 eum
793 2100 1096 2161 dormiunt,
1144 2113 1248 2152 non
1297 2096 1498 2150 faciunt
1540 2095 1714 2148 locum
1762 2091 2007 2144 Domino.

430 2192 586 2247 Tales
610 2189 822 2260 excitat
861 2189 1190 2259 Apostolus:
1223 2186 1387 2255 Surge
1408 2226 1421 2251 ,
1450 2184 1537 2254 qui
1577 2181 1797 2246 dormis,
1835 2188 2007 2234 etei:-

427 2301 577 2355 surge
595 2301 625 2337 a
644 2283 849 2336 mortuis
866 2268 943 2346 fet
961 2279 1262 2334 illmninabit
1284 2288 1328 2331 te
1339 2276 1568 2331 Christus
1585 2274 1798 2346 (Ep/tes.
1815 2288 1867 2337 v,
1894 2272 1953 2324 Η
1969 2274 2005 2338 );

424 2385 478 2430 et
505 2376 611 2429 alio
632 2375 780 2440 loco,
816 2372 927 2426 Nos
971 2381 1137 2425 autem
1167 2369 1254 2439 qui
1288 2368 1386 2421 diei
1410 2359 1584 2421 sumus
1603 2407 1616 2430 ,
1647 2363 1930 2434 vigilemus,
1962 2369 2007 2414 et

423 2467 576 2522 sobrii
586 2459 752 2522 simus
776 2483 792 2520 :
819 2482 936 2519 nam
964 2463 1046 2534 qui
1072 2462 1348 2526 dormiunt,
1377 2468 1517 2512 nocte
1537 2457 1823 2518 dormiunt;
1853 2465 1897 2508 et
1923 2453 2008 2523 qui

425 2548 758 2623 inebriant‘ur,
786 2566 928 2611 nocte
955 2555 1076 2609 ebrii
1102 2555 1230 2617 'sunt'
1254 2548 1501 2622 (IT/cess.
1528 2545 1755 2616 v,v5-8).
1785 2545 2004 2618 Noctem

420 2650 605 2706 dicens
632 2646 1001 2720 iniquitatem,
1035 2647 1086 2700 in
1121 2659 1223 2714 qua
1266 2643 1340 2698 illi
1370 2639 1712 2696 obdorminnt
1743 2637 2006 2708 cupiendo

421 2741 521 2797 ista
555 2753 784 2796 terrena.
821 2740 882 2792 lit
913 2753 1105 2814 omnes
1139 2736 1252 2788 ista:
1294 2733 1572 2787 felicitates
1613 2745 1731 2798 quze
1762 2729 2006 2784 videntur

419 2833 600 2890 saeculi
622 2874 636 2896 ,
665 2823 869 2886 somnia
897 2838 1032 2885 .sunt
1065 2826 1470 2898 dormientium.
1518 2823 1586 2876 Et
1619 2820 1885 2892 quomodo
1914 2821 2000 2889 qui

418 2924 565 2979 videt
587 2913 863 2978 thesauros
903 2923 954 2974 in
987 2908 1238 2992 somnis,
1269 2915 1541 2971 dormiens
1579 2913 1726 2967 dives
1757 2923 1867 2976 cst;
1909 2911 2002 2966 sed

417 3014 723 3086 cvigilabit,
756 3022 806 3068 et
837 3025 1035 3082 panper
1055 3008 1168 3074 erit
1195 3026 1207 3079 ς
1243 3009 1320 3062 sic
1345 3006 1522 3066 onmia
1562 3004 1660 3058 ista
1688 3018 1818 3074 vana
1845 3001 2004 3072 hujus

417 3105 619 3172 surculi,
642 3105 708 3160 de
721 3104 909 3174 quibus
929 3102 1171 3156 homines
1187 3097 1439 3168 gaudent;
1463 3096 1513 3148 in
1536 3108 1725 3150 sonmo
1740 3093 1999 3163 gaudent:

414 3197 738 3269 evigilabunt
780 3193 994 3266 quando
1035 3190 1258 3256 uolunt,
1305 3189 1348 3247 si
1398 3204 1502 3240 non
1549 3185 1707 3241 modo
1747 3183 2001 3251 evigilant

418 3289 632 3359 quando
674 3287 798 3341 utile
826 3293 934 3349 est;
967 3291 1022 3338 et
1057 3281 1329 3335 invenient
1367 3277 1569 3341 somnia
1610 3273 1778 3328 fuisse
1808 3274 1916 3336 illa,
1946 3281 2000 3328 et

417 3381 699 3443 transisse,
725 3379 862 3431 sicut
887 3373 1012 3429 dicit
1041 3369 1310 3440 Scriptura
1329 3410 1344 3436 ,
1367 3368 1520 3422 veluti
1539 3365 1790 3420 somnium
1814 3379 1996 3431 exsur-

414 3471 574 3544 geiuis
617 3469 784 3537 (I’sal.
841 3481 1001 3528 usu,
1039 3461 1132 3535 90)
1181 3479 1194 3513 :
1242 3469 1297 3516 et
1335 3459 1438 3513 alio
1484 3457 1621 3522 loco,
1674 3453 1997 3525 Dormierunt

414 3579 640 3621 somnum
673 3577 838 3624 suum,
863 3569 908 3612 et
930 3557 1055 3610 nihil
1085 3556 1374 3608 invenerunt
1399 3564 1568 3602 omnes
1598 3545 1687 3600 viri
1707 3543 1996 3598 divitiarum

410 3657 464 3710 in
500 3655 729 3708 manibus
770 3651 873 3706 suis
905 3648 1073 3720 (Psal.
1117 3660 1276 3708 Lxxv,
1307 3641 1383 3710 6).
1407 3639 1995 3708 Dormierunt_somnum

409 3759 576 3810 suam,
623 3745 807 3799 'linitus
849 3752 929 3796 est
967 3753 1208 3803 somnus,
1237 3746 1282 3789 et
1319 3733 1445 3787 nihil
1489 3731 1779 3784 invenerunt
1803 3728 1853 3781 in
1881 3743 1992 3779 nta-

409 3843 560 3900 nibus
583 3817 954 3911 ε’κέδένίιιιὶτιῒῑιι
992 3830 1196 3890 somnis
1231 3826 1483 3882 videbant
1506 3821 1718 3877 divitias
1740 3819 1991 3874 transito-

407 3936 532 3990 rias.
553 3910 818 3998 istecrgo
843 3913 930 4002 qui
960 3925 1069 3996 vult
1101 3920 1338 3977 invenire
1367 3919 1540 3972 locum
1577 3914 1823 3978 Domino,
1857 3910 1994 3965 dixit

407 4027 588 4089 etiam,
631 4021 713 4078 Si
739 4021 922 4075 dedero
961 4031 1194 4072 somnum
1237 4011 1393 4070 oculis
1443 4009 1586 4061 meis.
1633 4006 1769 4062 Sttnt
1815 4014 1990 4061 autent

407 4117 620 4188 quidam
643 4114 732 4185 qui
757 4129 862 4167 non
884 4109 1177 4166 dormiunt,
1203 4103 1295 4159 sed
1317 4100 1626 4179 dormitum.
1651 4096 1988 4165 Aliquantum

408 4186 687 4278 retrahunt
710 4221 767 4261 se
795 4205 864 4258 ab
893 4215 1078 4255 amore
1104 4195 1513 4268 temporalium,
1533 4201 1584 4245 et
1605 4203 1789 4243 rursus
1812 4186 1988 4240 revol-

404 4311 601 4356 vuntur
641 4301 692 4352 in
720 4311 871 4356 eum;
901 4293 1052 4364 quasi
1083 4289 1461 4349 dormitantes,
1485 4291 1653 4352 caput
1691 4280 1881 4352 crebro
1908 4281 1989 4331 in-

406 4385 628 4447 clinant.
655 4386 879 4454 Evigila,
899 4391 1092 4437 excute
1113 4393 1379 4441 somnum;
1409 4371 1990 4446 dormitaudocasurus

407 4500 486 4536 cs.
513 4481 628 4534 Non
662 4487 771 4531 vn.t
800 4473 1041 4543 l‘salinus
1061 4510 1076 4537 ,
1104 4469 1274 4523 oculis
1304 4465 1416 4520 suis
1441 4463 1566 4517 dare
1593 4476 1862 4535 somnum,
1893 4472 1989 4533 nec

406 4553 674 4640 palpebris
689 4561 1143 4620 dormitatiouem,
1165 4572 1285 4610 cum
1308 4553 1396 4624 qui
1417 4552 1530 4606 vult
1550 4551 1790 4606 invenire
1812 4549 1987 4604 locum

407 4661 652 4717 Domino.
1639 4707 1644 4713 ,

475 4751 530 4809 9.
563 4751 702 4827 [vers
835 4746 902 4801 Et
937 4745 1179 4814 requiem,
1208 4739 1400 4809 inquit,
1432 4735 1735 4816 temporibus
1771 4733 1908 4786 meis.
1945 4733 1984 4785 Λ

405 4824 592 4915 requie
627 4852 926 4910 temporum
958 4848 1178 4891 somnus
1204 4830 1348 4886 venit
1372 4827 1440 4882 ad
1483 4825 1687 4881 oculos.
1722 4824 1986 4898 Tempora

407 4943 548 4996 circa
574 4937 757 5011 oculos
790 4941 950 4998 sunt.
991 4926 1167 4984 Veluti
1219 4924 1424 4978 iuturus
1462 4933 1715 4984 somnus,
1757 4915 1988 4986 gravedo

407 5008 706 5102 temporum
727 5025 840 5082 est.
893 5024 1025 5079 Nam
1069 5018 1373 5074 horninibus
1423 5011 1734 5078 dormituris
1774 5008 1987 5079 graVari

405 5101 643 5193 tempora
672 5119 925 5188 incipiunt
946 5131 961 5180 ;
981 5123 1033 5167 ct
1053 5127 1171 5166 cum
1197 5106 1464 5165 senserint
1492 5104 1590 5176 sibi
1621 5101 1824 5174 gravari
1851 5109 1988 5152 tem-

405 5191 554 5286 pora,
581 5209 690 5283 jam
719 5208 962 5265 imminet
986 5217 1208 5261 somnus
1234 5219 1246 5254 :
1275 5199 1364 5268 qui
1395 5197 1438 5252 si
1461 5195 1664 5250 dandus
1689 5203 1770 5246 cst
1793 5191 1984 5257 oeulis,

404 5311 574 5365 dant.’
605 5307 844 5378 requiem
878 5298 1207 5370 temporibus
1241 5295 1372 5356 suis.
1400 5291 1621 5346 etvenit
1660 5300 1910 5348 somnus;
1943 5283 1988 5337 si

405 5419 510 5459 non
548 5377 796 5470 dederint
843 5393 1084 5464 requiem
1131 5385 1456 5458 temporibus
1504 5382 1648 5446 suis,
1691 5393 1796 5454 non
1846 5377 1990 5430 venit

406 5468 643 5549 somnus.
678 5490 809 5546 Cum
846 5502 972 5556 ergo
1000 5481 1224 5552 cmperit
1255 5491 1305 5532 te
1334 5474 1528 5554 aliquid
1572 5469 1863 5540 temporale
1891 5468 1985 5521 de-

406 5589 606 5640 lectare
625 5583 689 5636 ad
715 5591 1012 5650 peccatum,
1035 5579 1142 5649 jam
1174 5577 1459 5641 gravantur
1487 5566 1577 5619 tibi
1607 5575 1866 5630 tempora.
1896 5558 1988 5612 Vis

404 5677 676 5747 evigilare,
705 5683 758 5727 et
780 5689 883 5733 non
915 5667 1170 5730 dormire,
1194 5677 1293 5716 nec
1313 5655 1638 5713 dormitare?
1668 5651 1781 5706 Noli
1806 5658 1856 5702 te
1872 5665 1988 5702 cre-

467 5793 481 5824 ¹
514 5789 698 5851 Aliquot
719 5793 848 5851 stag,
873 5782 1100 5851 timeret...
1124 5838 1134 5851 _
1229 5837 1239 5851 Ι
1368 5829 1568 5851 Anu“
1746 5809 1912 5851 Humi;

468 5822 486 5886 ί
513 5822 1025 5901 ξίὲἒίδῑῑαδῖιῐὶιξέῑςί
1041 5822 1176 5899 ω,
1210 5837 1289 5906 aut
1306 5825 1335 5886 ἐ
1362 5829 1571 5896 «paulo
1591 5835 1715 5892 usu
1745 5822 1950 5874 ἀίιιενλεε-

1680 335 1738 392 S.
1779 333 2145 391 AUGUSTINI
2179 335 2476 395 EPISCUPI

3583 347 3724 402 17Ξο

2131 447 2260 503 dere
2287 448 2375 504 tali
2397 435 2769 518 delectationi;
2797 441 3024 524 majores
3055 445 3267 509 dolores
3293 444 3525 509 habebit'
3557 459 3718 527 quam

2130 543 2436 632 suavitates.
2469 540 2569 595 Ista
2591 542 2910 613 cogitatione
2937 533 3086 613 quasi
3117 534 3419 600 confricans
3444 539 3679 602 ﬁ'outcm
3699 589 3716 614 ,

2129 628 2334 685 extentis
2355 648 2623 699 somnum,
2653 643 2706 688 et
2735 649 2890 703 paras
2920 635 3090 688 locum
3129 628 3372 690 Domino.

2200 717 2288 777 10.
2323 721 2493 776 Donec
2525 724 2775 777 inveniam
2821 726 2987 778 locum
3029 713 3279 788 Domino,
3329 721 3714 781 tabernaculum

2131 813 2235 868 Deo
2261 814 2440 869 Iacob.
2461 817 2770 887 Quanquam
2798 817 3081 887 aliquando
3101 819 3292 872 dicitur
3307 818 3714 875 hibernaculum

2128 904 2222 959 Dei
2251 905 2441 960 donms
2465 907 2578 972 Del,
2604 915 2656 962 ct
2677 907 2866 962 domus
2893 907 2985 962 Dei
3019 907 3416 963 tabernaculum
3440 910 3530 964 Dei
3557 928 3571 963 :
3602 911 3716 965 disc

2125 996 2341 1052 tiuctius
2359 1007 2532 1052 tamen
2545 998 2820 1065 accipitur,
2845 997 3366 1063 iratrescharissimi,
3383 983 3712 1055 tabernaeuL

2124 1089 2233 1145 him
2256 1091 2492 1174 Ecclesia
2515 1091 2807 1146 secundum
2823 1091 2923 1146 hoc
2943 1101 3170 1161 tempus;
3194 1091 3383 1146 domus
3398 1104 3575 1146 autem
3599 1093 3711 1151 Ec.

2123 1177 2285 1238 clesia
2303 1178 2538 1240 caelestis
2566 1184 2884 1247 Jews-alea),
2915 1199 3020 1253 quo
3043 1183 3255 1238 ibimus.
3279 1184 3710 1238 Tabernaculum

2121 1274 2264 1330 enim
2299 1271 2545 1344 tanquam
2588 1267 2924 1330 militantium
2956 1285 3008 1330 et
3029 1276 3370 1346 pugnantium
3407 1293 3420 1330 :
3455 1275 3709 1328 taberna-

2125 1367 2244 1423 cula
2298 1365 2526 1421 militum
2585 1367 2636 1420 in
2693 1363 2999 1436 procinctu,
3058 1366 3111 1420 in
3137 1366 3506 1435 expeditione;
3558 1366 3709 1420 unde

2121 1459 2526 1514 contubernales
2566 1459 2816 1513 dicuntur
2867 1455 3091 1522 milites,
3151 1456 3301 1527 quasi
3359 1457 3702 1511 tabernacula

2119 1552 2304 1607 eadem
2329 1551 2588 1606 habentes
2609 1563 2660 1606 et
2681 1543 2998 1604 habitantes.
3023 1547 3285 1616 Quamdiu
3300 1562 3424 1617 ergo
3443 1547 3706 1602 habemus

2121 1644 2326 1699 hostem
2373 1643 2496 1697 etim
2543 1655 2649 1714 quo
2681 1651 3006 1712 pugnemus,
3041 1639 3438 1694 tabernaculum
3483 1633 3593 1692 D‘eo
3626 1639 3706 1692 fa.

2118 1737 2307 1791 cimus.
2355 1731 2488 1790 Cum
2548 1723 2730 1788 autem
2781 1733 3047 1787 transierit
3092 1742 3300 1800 tempus
3368 1732 3587 1800 pugnas,
3651 1740 3706 1784 et

2118 1819 2323 1883 venerit
2361 1843 2463 1894 pax
2504 1826 2592 1881 illa
2632 1839 2748 1895 qua:
2778 1823 3035 1896 prwcellit
3082 1837 3294 1876 omnem
3333 1822 3664 1876 intellectum
3688 1862 3703 1886 ,

2117 1921 2254 1976 sicut
2295 1920 2424 1975 dicit
2468 1918 2774 1990 Apostolus,
2826 1916 2891 1970 Et
2941 1932 3043 1986 pax
3078 1912 3262 1970 Christi
3304 1930 3417 1980 quin
3455 1913 3705 1984 prwcellit

2116 2019 2312 2068 omnem
2356 2012 2662 2066 intellecturi:
2696 2008 2953 2079 (Philipp.
2981 2023 3053 2074 tv,
3083 2007 3174 2077 7);
3214 2011 3706 2076 quantumcumque

2114 2106 2256 2160 enim
2286 2105 2601 2175 cogitaveris
2625 2102 2692 2156 de
2712 2096 2839 2171 pace
2857 2100 2964 2164 illa,
2990 2099 3166 2153 minus
3185 2113 3300 2153 eam
3325 2094 3705 2166 'capitaniinns

2115 2196 2288 2249 adhuc
2318 2197 2371 2249 in
2402 2195 2499 2249 ista
2531 2192 2768 2262 corporis
2786 2189 3069 2262 gravedine
3086 2188 3404 2242 constitutus
3430 2203 3700 2240 :cumve-

2113 2287 2252 2342 ncrit
2277 2287 2364 2341 illa
2394 2285 2606 2356 patria",
2633 2285 2742 2353 jam
2774 2283 2961 2336 domes
2990 2281 3120 2345 erit,
3155 2277 3329 2334 nullus
3353 2278 3702 2332 adversarius

2113 2380 2354 2444 tcutabit,
2387 2387 2444 2431 ut
2478 2373 2875 2430 tabernaculum
2903 2374 3142 2425 vocetur.
3177 2370 3288 2422 Non
3335 2368 3700 2439 procedcmus

2110 2471 2175 2524 ad
2193 2467 2551 2540 pugnandum,
2566 2465 2658 2520 sed
2674 2462 3102 2533 pern'ianebimus
3117 2460 3181 2514 ad
3196 2459 3536 2513 laudandum.
3552 2459 3699 2526 Quid

2109 2562 2250 2618 enim
2281 2561 2473 2615 dicitur
2496 2559 2563 2613 de
2594 2558 2677 2611 illa
2699 2555 2891 2611 domo?
2920 2553 3065 2607 Beati
3099 2552 3184 2621 qui
3213 2550 3437 2604 habitant
3459 2551 3507 2602 in
3535 2549 3698 2603 deuio

2109 2663 2196 2708 tua
2211 2655 2292 2719 ;in
2306 2652 2490 2706 sa‘cnla
2507 2649 2801 2704 swculorum
2818 2645 3094 2700 laudabunt
3107 2655 3153 2697 te
3168 2643 3336 2717 (Psal.
3354 2659 3461 2698 Lxx
3473 2658 3590 2704 xm,
3605 2643 3694 2712 5).

2110 2749 2164 2802 ln
2202 2745 2542 2802 tabernaculo
2575 2743 2745 2798 adhuc
2768 2741 3049 2811 gemimus,
3072 2737 3123 2792 in
3147 2737 3305 2791 domo
3332 2735 3696 2788 laudabimus.

2107 2841 2282 2909 Quare
2298 2841 2320 2894 ?
2336 2839 2466 2906 Quia
2488 2836 2714 2907 gemitus
2737 2841 2818 2889 est
2831 2830 3298 2903 peregrinantium,
3331 2829 3558 2882 laudatio
3573 2828 3696 2897 jam

2108 2935 2159 2988 in
2192 2932 2359 3002 patria
2385 2927 2854 2986 commanentium.
2887 2923 2985 2978 llic
3022 2921 3192 2992 primo
3215 2928 3483 2991 qumratur
3511 2919 3696 2972 taber-

2105 3022 2353 3078 naculum
2380 3022 2488 3075 Deo
2511 3017 2696 3074 Jacob.
2792 3071 2798 3075 _
3281 3080 3283 3083 ι

2177 3115 2262 3169 Η.
2290 3108 2524 3185 [vers'.6.]
2557 3109 2684 3162 Ecce
2707 3105 2989 3160 audivimus
3013 3116 3124 3158 eam
3147 3103 3200 3156 in
3229 3101 3477 3174 Ephrem.
3505 3083 3690 3164 Quam

2103 3206 2255 3261 eam?
2291 3184 2485 3260 Sedetn
2517 3199 2744 3255 Domini.
2792 3196 3086 3251 Audiuimus
3110 3195 3161 3248 in
3201 3192 3442 3262 Ephrata.
3476 3184 3690 3244 Inveni-

2102 3315 2212 3352 mus
2249 3313 2358 3352 eam
2396 3295 2450 3349 in
2474 3293 2665 3364 campis
2691 3291 2930 3345 saltuum.
2967 3288 3040 3343 lbi
3070 3286 3290 3351 audivit,
3323 3285 3410 3338 ubi
3439 3284 3685 3346 invenit;

2101 3407 2168 3444 an
2193 3388 2316 3443 alibi
2340 3385 2561 3448 audivit,
2585 3395 2638 3438 et
2659 3382 2783 3436 alibi
2807 3380 3040 3436 invenit?
3069 3378 3382 3444 Quarramus
3402 3390 3528 3442 ergo
3551 3375 3687 3442 quid

2100 3482 2169 3537 sit
2197 3479 2447 3550 Ephrata,
2487 3476 2572 3530 ubi
2609 3473 2844 3538 audivit;
2876 3473 3004 3526 item
3043 3474 3345 3540 qumramus
3373 3465 3496 3536 quid
3528 3467 3592 3518 sit
3626 3468 3687 3517 iu

2099 3571 2292 3642 corripis
2335 3571 2580 3632 saltuum,
2632 3564 2718 3619 ubi
2761 3562 2981 3617 invenit.
3029 3558 3260 3630 Ephrata
3305 3556 3550 3633 verbum
3579 3555 3686 3608 lu:-

2096 3641 2299 3721 brzcuni
2327 3661 2703 3731 interpretatur
2719 3655 2908 3718 latine,
2935 3651 3253 3721 Speculum,
3283 3641 3418 3702 sicut
3447 3647 3688 3700 tradide-

2041 3733 2046 3738 I
2098 3766 2221 3811 runt
2248 3755 2339 3825 qui
2378 3750 2539 3807 verba
2585 3749 2796 3803 hebraea
2841 3746 2890 3799 in
2920 3742 3208 3813 Scripturis
3230 3741 3399 3810 posita
3437 3740 3486 3792 in
3515 3740 3682 3792 aliam

2098 3851 2326 3918 linguam
2349 3839 2752 3905 transtulerunt,
2769 3837 2901 3892 ittad
2922 3851 3016 3890 nos
3031 3833 3334 3904 perveniret
3355 3831 3680 3906 intellectus.

2095 3941 2226 3996 Nam
2250 3955 2320 3993 ex
2344 3936 2553 3992 hebrzea
2575 3930 2957 3988 transtulerunt
2983 3927 3034 3980 in
3053 3939 3310 3996 graecam,
3341 3933 3394 3977 et
3415 3920 3478 3980 ex;
3499 3938 3679 3989 gra-ca

2099 4031 2349 4088 translata
2390 4036 2514 4082 sunt
2555 4024 2706 4080 nobis
2750 4021 2802 4075 in
2841 4021 3079 4074 latinam.
3107 4016 3359 4071 .Fuerunt
3398 4010 3542 4068 enim
3582 4009 3677 4079 qui

2095 4123 2375 4191 vigilarent
2405 4119 2456 4172 in
2500 4114 2808 4185 Scripturis.
2851 4112 2906 4166 Si
2940 4124 3066 4179 ergo
3109 4106 3342 4177 Ephrata
3373 4104 3678 4174 speculum,

2094 4214 2182 4266 illa
2230 4212 2421 4265 domus
2466 4223 2585 4278 qua:
2631 4207 2840 4258 inventa
2875 4210 2956 4256 est
2982 4201 3034 4254 in
3083 4198 3285 4266 eampis
3332 4197 3585 4260 saltuum,
3617 4195 3680 4249 in

2092 4303 2312 4374 speculo
2332 4300 2508 4355 audita
2534 4308 2636 4352 est.
2662 4295 2948 4366 Speculum
2972 4292 3251 4361 imaginem
3276 4289 3436 4343 habet
3461 4306 3474 4341 :
3497 4289 3682 4341 omnis

2096 4394 2370 4466 prophetia
2410 4393 2582 4462 imago
2611 4388 2932 4444 futurorum.
2971 4379 3166 4438 Demus
3195 4397 3322 4452 ergo
3351 4382 3440 4434 Dei
3472 4379 3680 4454 initura,

2094 4490 2144 4543 iu
2175 4487 2401 4556 imagine
2430 4481 2722 4555 proiihetim
2746 4478 3035 4549 praedicata
3062 4485 3164 4530 est.
3190 4475 3500 4528 Andivimus
3527 4473 3680 4526 enim

2093 4580 2234 4635 illam
2264 4579 2314 4632 in
2345 4576 2580 4647 speculo,
2615 4573 2665 4627 id
2701 4579 2801 4637 est,-
2832 4569 3128 4624 Audiuimus
3163 4567 3215 4620 in
3242 4564 3492 4635 Ephrem.
3525 4561 3682 4616 Inve-

2094 4666 2258 4724 nimus
2292 4670 2345 4721 in
2386 4665 2578 4734 campis
2616 4663 2856 4717 saltuum.
2898 4659 2997 4726 Qui
3028 4664 3151 4711 Sunt
3179 4656 3352 4723 campi
3393 4652 3677 4707 saltuum?

2091 4763 2275 4832 (Zatnpi
2326 4761 2604 4814 silvarum.
2662 4755 2780 4809 Non
2827 4753 2969 4806 enim
3020 4747 3466 4819 queunulinoduni
3511 4743 3683 4813 vulgo

2093 4855 2307 4918 dicitur,
2345 4850 2522 4906 Saltus
2545 4848 2652 4909 ille,
2679 4843 2827 4898 verbi
2844 4840 3035 4911 gratia,
3054 4839 3320 4892 centurias
3342 4835 3544 4890 habens
3574 4824 3680 4890 toi.

2092 4945 2269 5000 Saltus
2301 4939 2530 5010 proiirie,
2577 4937 2724 4990 locus
2758 4932 2934 4986 adhitc
2973 4929 3204 4985 incultus
3240 4937 3293 5010 et
3319 4927 3561 4992 silvester
3591 4924 3684 4977 di-

2091 5038 2245 5092 citur.
2267 5033 2398 5088 Nam
2417 5039 2470 5085 et
2489 5029 2702 5099 quidam
2721 5025 2953 5088 codices,
2971 5023 3025 5076 in
3051 5021 3242 5090 campis
3266 5002 3424 5082 silvia,
3449 5018 3678 5073 habent.

2092 5131 2192 5198 Qui
2222 5129 2349 5196 ergo
2375 5133 2528 5180 erant
2561 5121 2733 5189 eainpi
2772 5118 2999 5172 saltuum
3022 5156 3037 5182 ,
3066 5116 3166 5169 nisi
3204 5122 3392 5189 gentes
3416 5112 3684 5165 incultae?

2097 5221 2184 5290 qui
2214 5225 2368 5274 erant
2392 5213 2562 5283 campi
2590 5213 2836 5273 saltuum,
2863 5209 2970 5263 nisi
2995 5206 3080 5263 ubi
3107 5205 3279 5260 adhuc
3305 5217 3495 5273 vepres
3518 5213 3686 5258 erant

2095 5309 2444 5366 idololatriae?
2468 5307 2557 5362 Sic
2584 5306 2758 5360 tamen
2782 5302 3048 5372 quomodo
3074 5316 3262 5369 vepres
3281 5299 3354 5352 ibi
3385 5305 3536 5353 erant
3558 5297 3693 5352 ido—

2095 5401 2340 5464 lolatriae,
2372 5399 2441 5452 ibi
2466 5397 2766 5451 invenimus
2793 5394 2968 5446 locum
2998 5392 3242 5452 Domino,
3266 5390 3679 5443 tabernaculum

2094 5496 2204 5550 Deo
2229 5490 2414 5548 Jacob.
2445 5489 2598 5556 Quod
2634 5486 2915 5541 audivimus
2937 5485 2990 5537 in
3031 5484 3261 5552 Ephrata
3281 5523 3295 5546 ,
3322 5481 3598 5534 invenimus
3627 5496 3686 5531 ιη

2158 5634 2172 5663 ¹
2195 5633 2265 5680 sic
2286 5638 2382 5677 Am.
2409 5637 2460 5676 et
2483 5611 2705 5687 [iurique
2723 5629 2909 5687 Mss._At
2931 5627 3022 5687 Er._
3037 5627 3086 5687 et
3101 5625 3231 5687 εφη,
3254 5614 3463 5685 habebis.
3486 5621 3538 5687 _F.t
3561 5626 3678 5687 tuth

2094 5674 2696 5750 ιονῘξἲέίᾶ-έίέιὲὲιαιὲοἰιε,
2716 5699 2813 5747 quo
2839 5683 2942 5732 loco
2964 5680 3074 5728 ωδ.
3096 5678 3193 5737 alii,
3215 5687 3264 5726 et
3289 5681 3437 5725 nostri
3464 5682 3569 5723 ms.
3599 5674 3680 5722 t’e-

2097 5762 2228 5810 runt,
2253 5754 2342 5801 ista
2368 5750 2664 5813 cogitatione.

2163 5799 2563 5875 i"(ahux¢r"~:ss.,
2592 5807 2801 5859 camilla
2827 5804 3019 5866 renerit,
3046 5801 3130 5852 illa
3155 5801 3312 5866 patria
3322 5799 3451 5860 jam,
3477 5806 3572 5847 etc.
