3984 6200
313 347 443 403 1721

305 461 499 533 campis
549 459 811 520 saltuum;
859 453 1002 527 quod
1039 448 1382 533 praedicatum
1431 452 1516 507 est
1559 449 1612 504 in
1655 443 1885 518 imagine

303 530 504 607 ludatis
532 547 926 603 manifestatum
952 555 1032 599 est
1064 545 1114 598 in
1148 539 1251 599 fide
1276 530 1552 599 'Gentium.

377 640 464 695 12.
490 636 723 712 [ver.«.‘7.]
752 636 1057 690 Intrabimus
1079 636 1131 690 in
1153 633 1474 688 tabernacula
1491 631 1631 703 ejus‘
1656 649 1668 684 :
1698 629 1890 700 cujUS?

308 731 522 786 Domini
571 729 660 783 Dei
702 728 886 784 Jacob.
932 728 1031 795 Qui
1080 727 1282 780 intrant.
1328 735 1384 778 ttt
1429 723 1745 785 inhabitent,
1792 720 1888 790 ipsi

308 820 542 891 suitt'q'ui
581 821 777 874 intrant
809 827 866 872 ut
909 817 1294 872 inhabitentur.
1327 815 1383 869 ln
1413 814 1632 868 domum
1662 821 1807 866 tuam
1832 813 1892 864 ἰιι

310 909 574 966 ἱιῖιιειὺίιρδ
618 910 822 975 intras,
867 908 919 962 in
947 908 1165 962 domum
1209 906 1300 961 Dei
1330 914 1386 959 ut
1424 903 1761 959 inhabitcris.
1795 901 1890 954 Est

216 1051 218 1053 .
307 991 451 1058 enim
475 1001 664 1056 melior
693 1000 969 1062 Dominus‘,
993 999 1081 1068 qui
1104 1013 1224 1052 cum
1247 1005 1296 1050 te
1317 995 1539 1065 coeperit.
1569 992 1888 1055 inhabitare,

311 1095 528 1149 beatum
559 1102 610 1146 te
654 1090 830 1146 faciet.
860 1089 992 1144 Nam
1038 1087 1084 1144 si
1115 1096 1168 1142 tu
1195 1086 1376 1142 abillo
1414 1072 1520 1139 non
1559 1082 1890 1148 inhabitari-4,

310 1173 477 1239 miser
501 1183 627 1238 eris.
660 1182 714 1236 ln
746 1196 840 1235 sua
870 1187 1132 1250 potestate
1158 1193 1278 1233 esse
1309 1175 1477 1230 voluit
1503 1174 1597 1229 ille
1638 1173 1776 1237 filius
1801 1174 1893 1243 qui

314 1278 449 1332 dixit
473 1295 485 1329 :
519 1275 598 1329 Da
629 1275 750 1328 mihi
777 1284 969 1344 partem
991 1269 1284 1342 patrimonii
1308 1284 1421 1338 qua:
1442 1283 1522 1321 me
1547 1266 1726 1337 tangit.
1752 1265 1894 1319 Bene

311 1371 622 1425 servabatur
647 1366 784 1437 apud
814 1374 1050 1434 patrem,
1076 1378 1141 1416 ne
1171 1377 1291 1416 eum
1337 1358 1703 1416 meretricibus
1731 1355 1888 1410 dissi-

314 1462 550 1530 pat-etur.
596 1457 836 1525 Accepit,
887 1455 1019 1508 facta
1049 1461 1132 1508 est
1176 1453 1226 1506 in
1274 1451 1391 1520 ejus
1433 1455 1726 1519 potestate;
1770 1463 1894 1517 pro-

308 1549 485 1606 fectus
534 1551 586 1602 tn
616 1548 883 1617 regionem
929 1544 1271 1614 longinquam
1293 1583 1307 1608 ,
1335 1540 1523 1596 effudit
1559 1539 1736 1593 ontitia
1773 1548 1893 1591 eutn

313 1642 701 1697 meretricibus.
734 1640 926 1692 l’asSus
966 1645 1047 1691 est
1079 1634 1294 1690 tandem
1334 1633 1558 1698 fantem,
1585 1627 1896 1685 recordatus

312 1731 396 1788 est
463 1737 711 1801 patrem;
771 1727 1019 1783 reversus
1071 1735 1193 1793 est,
1247 1732 1306 1779 ut
1372 1737 1508 1793 pane
1565 1725 1896 1775 saturaretur

316 1825 464 1895 (Luc.
492 1825 560 1877 xv
583 1866 594 1886 ,
621 1820 831 1890 12αὲ0).
875 1821 1014 1888 Ergo
1043 1819 1208 1882 intra,
1242 1824 1301 1869 ut
1330 1812 1679 1874 inhabiteris;
1709 1820 1763 1865 et
1791 1827 1894 1864 non

309 1915 458 1985 quasi
483 1923 601 1966 tuus
624 1915 716 1977 sis,
735 1911 826 1964 sed
844 1911 1010 1963 illius:
1027 1907 1334 1960 Intrabimus
1357 1907 1404 1957 in
1422 1903 1743 1956 tabernacula
1765 1902 1893 1968 eius.

385 2007 470 2061 15.
512 2003 887 2058 Λιίοι·ιιὺὶυιιι.ς²
914 2003 970 2054 in
1009 2003 1123 2054 ‘loco
1166 1999 1250 2052 ubi
1287 2005 1524 2051 steterunt
1568 1994 1717 2066 pedes
1761 1995 1891 2062 ejus.

311 2096 478 2165 Cujus
501 2081 698 2164 pedes"!
731 2081 961 2157 Domini,
995 2106 1060 2144 an
1091 2089 1255 2159 ipsius
1285 2087 1480 2141 domus
1506 2083 1756 2138 Domini?
1790 2084 1895 2135 De-

311 2203 431 2244 mus
457 2181 598 2241 enim
649 2183 854 2238 Domini
885 2192 986 2247 est,
1025 2181 1113 2236 ubi
1149 2179 1276 2234 dicit
1315 2179 1436 2248 quia
1471 2176 1631 2230 debet
1659 2174 1892 2228 adorari.

312 2281 646 2336 Adorabimus
688 2279 738 2330 in
778 2278 886 2330 loco
918 2276 1000 2328 ubi
1041 2279 1276 2328 steterunt
1306 2272 1455 2339 pedes
1485 2270 1613 2338 ejus.
1663 2267 1893 2320 Prteter—

311 2388 470 2444 quam
499 2371 714 2425 domum
742 2384 913 2430 suam,
941 2382 1042 2420 non
1067 2362 1281 2418 exaudit
1305 2362 1440 2415 Deus
1458 2359 1522 2413 ad
1550 2361 1710 2412 vitam
1739 2366 1896 2410 teter-

313 2479 458 2520 nam.
489 2462 584 2517 lll'e
631 2461 772 2516 enim
820 2458 885 2512 ad
909 2458 1130 2511 domum
1175 2453 1267 2508 Dei
1302 2453 1548 2522 pertinet,
1591 2449 1791 2519 quiest
1841 2449 1893 2501 in

311 2545 573 2612 riiar‘ita‘te
610 2552 1014 2622 compaginatus
1061 2545 1327 2616 lapidibus
1369 2544 1522 2597 vivis.
1574 2542 1675 2608 Qui
1716 2547 1894 2595 autem

303 2641 624 2704 ‘charitatem
649 2662 751 2699 non
783 2643 1045 2707 habuerit,
1081 2640 1287 2694 ruinam
1320 2628 1480 2701 facit;
1510 2643 1564 2688 et
1591 2634 1681 2688 illo
1708 2642 1895 2688 ruente

311 2740 504 2796 domus
547 2745 668 2792 stat.
717 2736 884 2790 Nemo
927 2733 1066 2788 enim
1110 2730 1344 2784 minetur
1389 2727 1590 2791 domui,
1638 2724 1726 2779 ubi
1775 2739 1895 2778 esse

300 2829 462 2904 ‘quasi
492 2831 627 2899 lapis
653 2828 838 2898 erepit,
863 2825 905 2880 si
934 2839 1091 2879 ruere
1119 2821 1362 2883 voluerit,
1393 2819 1542 2888 quasi
1571 2815 1767 2887 aliquid
1799 2816 1896 2869 do-

311 2920 421 2978 inni
451 2930 656 2976 noceat.
688 2919 776 2974 Sic
815 2918 955 2972 enim
1002 2913 1333 2983 superbierat
1360 2920 1410 2963 et
1439 2910 1643 2980 primus
1667 2908 1893 2978 populus

313 2995 642 3076 damnorum,
667 3009 868 3073 dicens,
905 3007 1085 3076 Neque
1110 3005 1250 3057 enim
1280 3001 1618 3056 fraudaturns
1645 3008 1724 3053 est
1758 3000 1894 3054 Deus

309 3092 514 3174 patrem
547 3103 836 3163 Abraham,
861 3095 950 3154 cui
982 3094 1222 3166 promisit
1248 3101 1389 3148 tanta
1416 3093 1483 3148 de
1509 3093 1712 3146 semine
1736 3092 1852 3160 ejus
1877 3110 1891 3147 :

309 3206 366 3252 et
392 3195 656 3253 faciebant
679 3191 856 3248 omnia
881 3191 1017 3245 mala
1049 3202 1296 3258 tanquam
1326 3184 1498 3240 s'ecuri
1528 3183 1596 3239 de
1629 3184 1891 3253 pollicita-

311 3289 454 3342 tione
495 3287 608 3350 Dei,
641 3286 782 3355 quod
824 3299 928 3338 non
962 3298 1056 3352 pro
1097 3281 1308 3334 illorum
1343 3278 1546 3333 meritis
1573 3278 1660 3346 qui
1693 3278 1893 3331 scelera

310 3379 604 3441 faciebant,
635 3377 727 3431 sed
768 3392 866 3446 pro
905 3373 1110 3428 meritis
1142 3371 1370 3425 Ahraha:
1417 3378 1661 3438 parceret
1711 3371 1810 3433 eis,
1841 3379 1894 3423 et

307 3466 724 3543 qualescumque
767 3470 936 3522 malos
983 3467 1116 3520 filios
1164 3463 1392 3518 Abruhce
1436 3470 1788 3532 congregaret
1839 3461 1890 3514 in

297 3548 526 3619 domum
552 3557 706 3617 suam
729 3561 794 3615 ad
831 3561 991 3614 vitam
1019 3567 1292 3612 mternam.
1337 3554 1442 3609 Sed
1470 3555 1593 3624 quid
1623 3553 1893 3608 Jrannes?

300 3646 600 3719 "Generatio,
634 3653 832 3721 inquit,
867 3652 1172 3720 viperarum.
1210 3646 1433 3712 Quando
1463 3645 1527 3698 ad
1561 3646 1705 3698 illum
1735 3659 1895 3698 vene-

303 3737 433 3800 runt
486 3746 584 3814 ipsi
638 3737 727 3795 lilii
782 3739 1044 3801 Abraiue,
1093 3746 1149 3790 ιιι
1199 3737 1598 3804 baptizarentnr
1647 3735 1697 3786 in
1755 3743 1892 3802 aqua

310 3837 668 3910 paenitentia,
703 3851 804 3888 non
847 3834 924 3886 eis
963 3819 1118 3894 dixit,
1153 3822 1442 3883 Geni-ratio
1490 3824 1750 3889 Altralnn,
1798 3822 1892 3876 sed

301 3919 614 4004 viperarum.
647 3929 804 3981 Tales
831 3926 970 3978 enim
1007 3931 1192 3986 erant,
1220 3920 1404 3990 quales
1443 3933 1577 3986 quos
1615 3916 1894 3970 imitaban-

297 4014 431 4093 'tur;
464 4038 568 4076 non
593 4020 685 4074 ﬁlii
715 4017 965 4081 Abrahm,
994 4014 1085 4069 sed
1117 4013 1204 4066 filii
1235 4005 1554 4066 Amerrlm'i.
1581 4008 1891 4074 Chananaéi,

307 4111 593 4186 Gergestei.
619 4108 871 4172 Jebusmi,
889 4116 940 4159 et
957 4104 1192 4158 omnium
1218 4102 1304 4171 qui
1335 4097 1672 4154 offenderunt
1689 4098 1850 4152 Deum
1878 4115 1889 4150 :

307 4210 545 4276 ipsorum
590 4201 681 4258 ﬁlii
713 4206 901 4262 erant,
934 4196 1056 4264 quia
1100 4196 1335 4262 ipsorttttl
1369 4191 1502 4244 facta
1534 4190 1892 4243 sectabantur.

303 4298 576 4355 σιρηενηιίο
615 4297 924 4363 viperarum,
958 4287 1068 4355 quis
1099 4283 1311 4337 ostendit
1339 4281 1474 4334 vobis
1499 4284 1674 4350 fugere
1709 4296 1739 4330 τι
1773 4295 1893 4330 vcn-

307 4381 422 4444 tura
463 4371 581 4442 ira?)
632 4384 804 4438 Facite
826 4397 946 4450 ergo
971 4381 1194 4450 fructum
1224 4374 1436 4443 dignum
1481 4372 1798 4438 ptenitentiaz.
1833 4370 1896 4421 fit

306 4498 370 4536 ne
408 4464 663 4542 dii-eritis,
712 4477 914 4529 Patrem
963 4469 1204 4525 habemus
1257 4463 1532 4517 Abraham.
1590 4462 1775 4514 Potens
1823 4473 1895 4513 εει

304 4574 439 4627 enim
477 4558 615 4624 Deus
655 4547 714 4621 ile
762 4551 1017 4635 lapidibus
1066 4561 1176 4617 istis
1217 4557 1462 4611 suscitare
1501 4555 1634 4623 ﬁlios
1682 4553 1898 4606 Abraha:

309 4663 523 4734 (Matth.
577 4677 667 4722 ιιι,
701 4658 836 4726 7-9).
884 4650 1072 4709 Neseio
1112 4639 1249 4722 quos
1281 4644 1484 4715 lapides
1525 4653 1647 4697 tunc
1687 4643 1899 4695 videbat

308 4759 360 4813 in
405 4753 607 4823 campis
647 4751 902 4811 saltuum,
931 4746 1068 4800 unde
1107 4735 1348 4799 sus-citati
1376 4743 1498 4792 sunt
1525 4737 1614 4788 lilii
1645 4735 1894 4788 Abrahm.

309 4849 428 4906 Filii
469 4845 609 4903 enim
642 4843 807 4910 magis
842 4840 930 4908 qui
961 4822 1116 4892 iidem
1141 4831 1334 4888 imitati
1359 4824 1502 4888 sunt,
1527 4828 1683 4896 quam
1716 4825 1802 4894 qui
1828 4825 1897 4879 de

306 4955 468 4995 carne
496 4934 606 4992 nati
634 4941 774 4986 sunt.
799 4930 968 4984 Nemo
994 4944 1120 4996 ergo
1145 4927 1382 4979 minetur
1406 4919 1584 4996 domui
1614 4917 1726 4981 Dei,
1746 4916 1895 4986 quasi

304 5004 448 5086 dicat
471 5045 482 5081 :
507 5004 774 5083 Subtrahe
815 5037 919 5083 me,
947 5029 1000 5073 et
1030 5027 1143 5072 ruet
1173 5017 1382 5070 (ionius.
1413 5007 1618 5064 Bonum
1643 5018 1723 5062 est
1752 5007 1892 5060 enim

298 5107 380 5189 illi
415 5129 470 5174 ut
494 5117 870 5179 eozedilicetur,
901 5111 1162 5166 ethabeat
1191 5109 1531 5161 charttatem.
1559 5100 1690 5153 Nam
1715 5100 1756 5152 si
1786 5099 1898 5168 ipse

302 5199 498 5273 ruerit,
526 5209 687 5265 stabit
726 5208 940 5261 domus.
980 5201 1180 5271 Itaque,
1216 5198 1441 5260 fratres,
1476 5198 1530 5250 in
1559 5192 1645 5247 bis
1691 5201 1772 5245 e..t
1798 5190 1898 5244 do-

313 5321 433 5360 mus
481 5303 610 5366 Dei,
656 5316 790 5368 quos
822 5293 1216 5368 prredestiaavit
1261 5285 1606 5358 etpriescivit
1649 5298 1896 5352 perseve-

313 5410 523 5456 raturos
550 5415 563 5452 :
596 5395 662 5449 de
691 5395 793 5447 illis
837 5392 1034 5445 dictum
1062 5395 1164 5450 est,
1197 5383 1292 5439 Ubi
1321 5393 1558 5437 steterunt
1593 5376 1741 5446 pedes
1769 5377 1898 5442 ejus.

298 5467 452 5545 'S-unt
476 5489 616 5544 enim
641 5487 726 5556 qui
751 5485 771 5515 ³
797 5502 898 5537 non
932 5488 1293 5550 perseverant,
1319 5492 1414 5528 nec
1436 5485 1574 5526 stant
1601 5469 1764 5540 pedes
1786 5467 1900 5534 ejus

382 5584 394 5613 '
426 5591 523 5628 Am.
551 5585 623 5624 Er.
663 5555 717 5624 et
749 5573 918 5634 jlnres
956 5577 1046 5619 Mss
1076 5564 1414 5634 ,jltlt'tttiuttts.
1450 5565 1577 5614 ιζον..
1599 5555 1859 5634 intrabit"?
1879 5571 1901 5602 δ

314 5645 362 5693 in
387 5626 764 5690 tabernaculunt:
788 5634 897 5682 tidd.
921 5646 1037 5682 vero
1053 5631 1132 5678 alii
1153 5636 1202 5677 et
1220 5627 1441 5691 plerique
1465 5634 1569 5679 .\;ss.
1592 5626 1732 5685 juxta
1753 5628 1898 5664 ιιι-ινα.

313 5706 441 5759 LXX,
469 5702 517 5750 in
540 5695 866 5759 tabernacula.

384 5768 402 5796 ι
431 5765 613 5827 aliquot
637 5761 744 5808 MSS.
761 5792 774 5814 .
801 5758 1123 5827 έαοεπυιηιμε-
1142 5821 1152 5827 _
1250 5818 1274 5827 μ
1295 5825 1340 5827 __
1367 5809 1460 5827 .__,_
1589 5800 1670 5827 -.ηε

383 5829 404 5864 ³
422 5809 579 5875 audet
602 5809 731 5879 διεδ..
756 5809 799 5871 et
831 5819 956 5870 enim
980 5815 1078 5878 qui,
1109 5821 1224 5873 ete.,
1250 5818 1344 5861 nec
1365 5809 1564 5869 habent,
1586 5809 1709 5854 sunt.

1307 333 1704 392 ENARRATIO
1744 329 1809 386 IN
1847 328 2173 386 PSALMUM
2213 331 2452 387 CXXXI.

3452 335 3587 390 1722

1999 446 2054 500 in
2095 447 2198 503 eis.
2243 444 2359 504 Non
2401 457 2527 504 sunt
2561 465 2689 519 ergo
2736 449 2834 521 ipsi
2882 451 3154 518 Ecclesia;
3189 468 3290 506 non
3323 452 3420 522 ipsi
3463 467 3585 521 per-

1997 537 2167 593 tinent
2212 538 2278 593 ad
2317 539 2448 594 illud
2492 541 2654 594 modo
2693 541 3120 607 tabernaculum,
3175 554 3301 598 tunc
3339 544 3579 598 dotnnm.

1993 629 2096 684 Sed
2135 631 2222 684 ubi
2263 631 2280 662 ⁸
2321 639 2584 686 steterunt
2619 631 2782 701 pedes
2829 633 2980 702 ejus?
3023 634 3272 699 Quoniam
3319 635 3589 687 abznutiwit

1995 721 2253 791 iniquitas,
2273 723 2560 793 refrigescet
2580 724 2802 777 charitas
2819 726 3108 778 multorum.
3138 711 3189 779 In
3216 726 3298 780 his
3317 725 3366 779 in
3391 731 3582 795 quibus

2000 810 2234 865 Charitas
2264 812 2576 880 refrigescit,
2625 826 2732 867 non
2774 824 2916 868 stant
2950 815 3114 884 pedes
3144 816 3277 884 (jus.
3318 815 3422 871 Sed
3459 815 3586 885 quid

1997 902 2211 956 se'Cutus
2241 904 2356 957 est?
2389 904 2486 967 Qui
2523 913 2688 957 autem
2726 907 3105 974 perseveraverit
3142 923 3293 977 usque
3321 909 3371 960 in
3403 909 3579 976 ﬁnem,

1997 993 2078 1048 hic
2114 995 2282 1049 salvus
2313 998 2406 1050 erit
2439 995 2652 1066 (Matth.
2689 1013 2816 1051 xxrv
2837 1039 2852 1063 ,
2888 999 2973 1064 12,
3009 998 3120 1068 15).
3150 1002 3285 1055 Ecce
3313 1001 3363 1054 in
3393 1001 3585 1070 quibus

1997 1090 2258 1140 Steteru'nt
2295 1085 2456 1154 pedes
2492 1087 2646 1156 ejus:
2699 1087 2749 1141 in
2796 1101 2860 1142 eo
2893 1088 3009 1142 loco
3050 1089 3234 1154 adora,
3287 1090 3338 1145 id
3368 1100 3469 1159 est,
3519 1091 3587 1145 de

2001 1177 2190 1230 talibus
2214 1183 2330 1232 esto
2352 1179 2401 1232 in
2431 1179 2622 1247 quibus
2649 1187 2915 1234 steterunt
2945 1179 3108 1248 pedes
3140 1181 3370 1235 Domini.

2071 1266 2157 1320 M.
2197 1266 2251 1322 Si
2283 1267 2542 1323 antemde
2570 1271 2678 1339 ipsa
2698 1269 2856 1322 domo
2881 1271 3172 1340 intelligere
3203 1272 3451 1334 volueris,
3484 1272 3582 1326 Ubi

1997 1368 2236 1413 steterunt
2271 1361 2428 1430 pedes
2465 1363 2573 1430 ejus
2622 1363 2813 1417 domus
2840 1364 2891 1429 ²;
2943 1364 3105 1434 pedes
3152 1365 3223 1418 ιιιί
3278 1365 3327 1417 in
3373 1364 3586 1419 Christo

1999 1460 2160 1507 stent.
2191 1453 2234 1506 Τ
2239 1469 2340 1506 une
2378 1457 2554 1509 autem
2593 1456 2806 1510 stabunt
2849 1457 3009 1525 pedes
3031 1455 3110 1522 ,πει
3155 1458 3586 1524 perseveraveris

2001 1540 2052 1595 itt
2079 1542 2313 1597 Christo.
2342 1544 2478 1612 Quid
2510 1546 2652 1600 enim
2692 1546 2890 1600 dicitur
2919 1547 2983 1600 de
3009 1547 3264 1602 diabolo?
3293 1547 3392 1601 Ille
3420 1549 3586 1601 homi-

1999 1633 2114 1684 cida
2153 1643 2258 1686 erat
2289 1634 2348 1687 ab
2390 1635 2553 1700 initio,
2585 1646 2629 1688 ct
2657 1638 2706 1688 in
2733 1637 2937 1690 veritate
2961 1651 3059 1690 non
3101 1639 3230 1690 stetit
3258 1637 3434 1708 (Joan.
3472 1653 3584 1697 vni,

1999 1722 2033 1777 4
2048 1725 2116 1791 ί).
2135 1724 2242 1776 Dial
2265 1725 2334 1779 oli
2359 1741 2484 1794 ergo
2507 1727 2665 1794 pedes
2683 1744 2786 1780 non
2811 1737 3088 1783 steterunt.
3109 1727 3235 1782 ltem
3259 1729 3322 1781 de
3345 1729 3588 1796 superbis

2000 1814 2125 1883 qu?d
2147 1814 2312 1868 dicit?
2338 1815 2458 1870 Non
2484 1819 2645 1870 veniat
2672 1818 2793 1870 mihi
2824 1835 2908 1885 pes
2925 1820 3190 1886 superbire,
3215 1828 3260 1871 et
3287 1836 3461 1871 namus
3483 1836 3586 1888 pec-

2000 1917 2228 1960 catorum
2268 1926 2366 1962 non
2416 1920 2604 1962 moveat
2643 1928 2736 1964 me.
2769 1910 2848 1963 Ibi
2890 1911 3171 1966 ceciderunt
3196 1913 3280 1981 qui
3309 1922 3581 1981 operantur

2000 1999 2350 2069 iniquitatem;
2378 2002 2584 2070 expulsi
2600 2013 2746 2069 sunt,
2783 2020 2872 2056 nec
2923 2013 3189 2071 potuerunt
3237 2015 3369 2058 stare
3408 2005 3582 2076 (’l’sal.

2003 2103 2173 2158 xxxv,
2206 2092 2290 2158 1‘2,
2323 2093 2434 2164 l3).
2477 2094 2618 2165 Ergo
2645 2095 2836 2150 domus
2867 2097 2988 2162 Dei,
3018 2098 3169 2166 cujus
3213 2099 3373 2167 pedes
3421 2107 3582 2152 stant.

2001 2180 2153 2236 Unde
2184 2182 2273 2237 ille
2296 2184 2533 2253 gaudens
2557 2185 2790 2241 Joannes
2819 2187 2945 2257 quid
2981 2189 3054 2242 ait
3082 2189 3104 2241 ?
3129 2188 3228 2254 Qui
3263 2189 3408 2242 habet
3433 2206 3587 2258 spon-

1993 2285 2109 2326 sam
2134 2291 2348 2344 sponsus
2369 2286 2460 2342 est,
2482 2279 2672 2332 amicus
2691 2290 2857 2332 autem
2886 2281 3059 2348 sponsi
3083 2292 3179 2332 stat
3209 2291 3254 2333 et
3279 2283 3419 2334 audit
3446 2299 3580 2334 cum.

1998 2364 2055 2420 Si
2086 2381 2189 2418 non
2219 2376 2340 2429 stat,
2369 2383 2472 2421 non
2495 2368 2641 2421 audit
2671 2384 2815 2422 eum.
2854 2368 2916 2422 Et
2946 2370 3132 2439 gaudio
3159 2372 3344 2441 gaudet
3381 2382 3585 2440 propter

2001 2463 2169 2509 voc‘em
2189 2458 2364 2525 sponsi
2386 2456 2562 2526 (Joan.
2593 2474 2669 2523 ιιι,
2693 2458 2806 2529 29).
2846 2459 3032 2514 Merito
3057 2467 3181 2523 stat",
3209 2462 3328 2530 quia
3371 2474 3586 2530 propter

2000 2558 2184 2599 vocem
2227 2547 2404 2614 sponsi
2432 2547 2622 2615 gaudet
2653 2566 2666 2602 :
2701 2562 2821 2603 nam
2859 2549 2903 2602 si
2953 2559 3168 2620 propter
3206 2567 3386 2604 vocem
3435 2568 3583 2606 su;-.m

1995 2636 2284 2706 gauderet,
2317 2637 2549 2693 caderet.
2580 2638 2695 2693 Jam
2727 2639 2916 2695 ridetis
2957 2657 3083 2709 ergo
3111 2659 3274 2712 quare
3303 2644 3588 2698 cecidi-rint

1999 2729 2087 2796 qui
2121 2727 2186 2782 ad
2212 2743 2394 2782 vocem
2426 2744 2573 2783 suam
2601 2732 2852 2800 gaudent.
2882 2734 3096 2787 Amicus
3126 2735 3264 2787 enim
3293 2735 3380 2789 ille
3407 2736 3586 2803 SptnSi

1999 2817 2207 2872 dieebat
2237 2835 2250 2870 :
2282 2818 2382 2872 llic
2421 2829 2494 2873 est
2517 2821 2602 2889 qui
2630 2821 2848 2892 baptizut
2881 2821 2987 2891 (Id.
3039 2839 3076 2890 ι,
3109 2825 3220 2894 55).
3248 2824 3469 2890 Quidam
3496 2825 3549 2878 di
3570 2855 3581 2864 -

2000 2921 2159 2975 cunt,
2189 2909 2296 2964 Nos
2329 2909 2657 2979 baptizamus
2689 2931 2700 2966 :
2731 2912 2796 2966 ad
2829 2929 3010 2968 Vocem
3039 2929 3187 2968 su-nu
3219 2917 3414 2983 gavisi,
3444 2927 3587 2971 stare

2001 3017 2106 3054 non
2139 3010 2458 3069 potuerunt;
2491 3011 2545 3056 et
2573 3019 2675 3056 non
2709 3004 2972 3072 pertinent
3002 3005 3068 3059 ad
3105 3005 3260 3060 istam
3281 3006 3495 3061 domum
3520 3007 3588 3062 de

2000 3110 2100 3165 qua
2128 3095 2340 3162 dicitur,
2376 3095 2472 3150 Ubi
2501 3105 2738 3151 steterunt
2760 3097 2913 3168 pedes
2942 3098 3071 3168 ejus.

2073 3191 2159 3244 15.
2201 3189 2350 3262 [vers.
2395 3190 2474 3264 8.]
2514 3191 2773 3262 Exsurge,
2807 3192 3041 3258 Domine,
3074 3194 3125 3246 in
3168 3191 3386 3264 requiem
3423 3203 3583 3245 luant.

2002 3284 2227 3337 llon'tino
2273 3283 2561 3338 dormienti
2606 3285 2767 3351 dicit,
2795 3283 3047 3355 Exsurge.
3093 3285 3208 3348 Jam
3259 3286 3425 3340 nostis
3467 3287 3586 3354 quis

2000 3376 2243 3429 dormivit
2264 3418 2277 3442 ,
2311 3386 2363 3430 et
2396 3377 2516 3447 quis
2543 3378 2850 3432 resurrexit.
2886 3377 3000 3448 Ipse
3031 3378 3170 3431 enim
3207 3377 3434 3448 quodam
3466 3378 3586 3432 loco

1998 3468 2126 3523 dicit
2159 3470 2208 3522 in
2235 3469 2436 3538 psalmo
2467 3485 2486 3522 :
2530 3468 2758 3522 Dormivi
2797 3469 3121 3523 conturbatus
3169 3467 3338 3542 (Psal.
3374 3485 3478 3534 Lt't,
3507 3471 3584 3541 εἰ).

2002 3561 2146 3617 Bene
2174 3563 2247 3616 illi
2275 3562 2496 3626 dicitur,
2529 3561 2790 3633 Exsurge,
2824 3562 3038 3615 Domine
3057 3605 3071 3628 ,
3102 3563 3153 3616 in
3183 3563 3399 3633 requiem
3427 3573 3584 3616 luant.

1997 3653 2114 3708 Jam
2137 3670 2240 3707 non
2269 3653 2671 3707 eonlttrbaberis
2690 3670 2702 3717 ;
2723 3653 2843 3721 quia
2872 3653 3115 3706 Christus
3140 3668 3361 3722 surgens
3387 3671 3414 3706 a
3444 3669 3586 3706 utor-

2002 3746 2125 3811 tuis,
2151 3745 2258 3812 jam
2287 3760 2390 3798 non
2423 3745 2666 3806 moritur,
2707 3752 2759 3796 et
2791 3759 2934 3796 mors
2959 3745 3007 3798 ei
3040 3745 3176 3797 ultra
3209 3763 3310 3798 non
3338 3745 3582 3799 domina-

2004 3834 2148 3887 bitur
2175 3833 2348 3904 (Rom.
2380 3850 2452 3897 τι,
2481 3833 2561 3905 9).
2587 3834 2752 3902 Ipsius
2780 3844 2860 3886 cst
2885 3849 2982 3887 vox
3013 3834 3062 3887 in
3085 3834 3189 3887 alio
3209 3836 3410 3903 psalmo
3437 3854 3448 3889 :
3476 3836 3586 3908 Ego

2003 3927 2220 3981 dormivi
2240 3936 2284 3979 et
2315 3943 2546 3979 somnum
2573 3929 2710 3994 cepi,
2745 3936 2790 3978 et
2812 3928 3104 3992 exsurrexi,
3137 3927 3374 3996 quoniam
3408 3928 3583 3982 Domi-

2000 4035 2094 4072 nus
2123 4018 2355 4086 suscipiet
2384 4029 2459 4070 me
2491 4015 2659 4082 (Psut.
2699 4033 2775 4081 ιιι,
2801 4017 2877 4086 6).
2909 4017 3024 4086 Ipse
3052 4017 3334 4082 dormivit,
3371 4020 3467 4088 ipsi
3499 4021 3584 4073 di-

1999 4113 2170 4174 citur,
2203 4110 2452 4180 Exsurge,
2480 4109 2718 4174 Domine,
2742 4110 2803 4162 ‘iu
2839 4111 3054 4179 requiem
3083 4121 3249 4170 tuam.
3281 4122 3334 4165 tu
3377 4121 3424 4165 et
3459 4131 3578 4166 arca

2000 4204 2414 4274 sanctificationis
2454 4202 2553 4257 tua:
2575 4215 2604 4256 ‘:
2635 4201 2683 4256 id
2714 4213 2828 4266 est,
2872 4214 3133 4272 exsurge,
3161 4213 3216 4255 ιιι
3261 4213 3506 4273 exsurgal
3531 4213 3586 4259 et

2005 4311 2128 4348 arca
2159 4293 2594 4348 sanctificationis
2626 4302 2749 4356 ttta‘,
2781 4307 2936 4362 quam
2967 4291 3324 4347 Sanctificastt.
3361 4293 3475 4362 Ipse
3491 4309 3585 4348 ea-

2004 4398 2096 4457 put
2125 4396 2400 4447 nostrum;
2424 4400 2545 4439 arca
2574 4384 2708 4454 ejus,
2730 4385 2960 4439 l‘ICelesia
2991 4384 3105 4452 ejus
3130 4386 3390 4439 :snrrcxit
3417 4387 3582 4455 prior,

2002 4481 2186 4546 surget
2224 4485 2278 4530 e't
2321 4474 2583 4530 Ecclesia.
2627 4474 2742 4529 Non
2790 4485 2964 4528 autem
3004 4475 3224 4530 auderet
3267 4476 3366 4530 sibi
3410 4492 3586 4530 resur-

2005 4570 2297 4624 rectionem
2343 4583 2536 4636 corpus
2582 4567 2928 4635 promittere,
2961 4566 3058 4619 nisi
3107 4566 3253 4635 prius
3284 4578 3587 4637 resurgeret

2003 4669 2180 4731 Caput.
2212 4659 2477 4730 Exsurge,
2513 4657 2761 4722 Domine,
2795 4659 2844 4710 iu
2875 4659 3092 4727 requiem
3119 4668 3276 4720 luant,
3313 4670 3364 4711 tu
3393 4669 3435 4711 et
3466 4677 3585 4712 arca

2002 4755 2417 4825 sanctiﬁcationis
2444 4763 2560 4805 mw.
2609 4753 2673 4805 Et
2717 4766 2910 4820 corpus
2941 4749 3135 4804 Christi
3165 4750 3306 4820 quod
3331 4769 3392 4804 rx
3424 4751 3584 4804 Maria

2004 4857 2183 4900 natum
2215 4854 2296 4900 est
2317 4885 2331 4909 ,
2367 4842 2692 4897 ittlellcCtllltt
2725 4851 2805 4895 est
2831 4856 2860 4892 a
2886 4840 3201 4909 quihusdam
3233 4857 3353 4895 arca
3383 4842 3583 4894 sancti-

2003 4939 2294 5002 ficationis;
2329 4945 2386 4990 ιιι
2416 4936 2530 4988 hoc
2573 4935 2809 4996 diceret,
2845 4931 3092 5002 Exsurge,
3119 4932 3356 4997 Domine,
3404 4935 3455 4986 in
3499 4951 3584 4988 re-

2003 5030 2166 5097 quiem
2192 5038 2343 5090 luam,
2369 5037 2420 5077 tu
2451 5034 2494 5076 et
2532 5039 2650 5075 arm
2683 5023 3096 5091 sanctiﬁcationis
3124 5034 3222 5076 tute
3251 5040 3268 5076 :
3296 5023 3428 5076 Cum
3457 5038 3581 5076 cor-

2003 5131 2132 5186 pore
2159 5131 2402 5183 exsurge,
2424 5125 2479 5168 ut
2505 5115 2725 5182 palpent
2745 5113 2830 5182 qui
2863 5129 2966 5166 non
2994 5113 3300 5167 credebant.
3333 5112 3582 5181 Exsurge,

2005 5209 2239 5272 Domine,
2267 5209 2317 5260 in
2341 5207 2556 5275 requiem
2581 5215 2739 5268 tuam,
2759 5216 2811 5258 tu
2839 5215 2883 5258 et
2902 5221 3019 5257 arca
3037 5205 3582 5272 sanctificationistute.

2079 5299 2162 5352 16.
2199 5296 2347 5368 [vers.
2385 5294 2463 5366 9.]
2505 5295 2800 5349 Sacrrdotes
2829 5295 2898 5348 tui
2927 5295 3470 5363 induanturjustitiam
3493 5335 3504 5354 ,
3539 5305 3588 5347 et

2005 5393 2161 5444 sancti
2186 5391 2259 5442 tui
2286 5391 2532 5442 la'tentur.
2559 5387 2634 5442 'l‘e
2662 5399 2980 5457 exsurgente
3007 5404 3035 5440 a
3061 5388 3302 5450 mortuis,
3329 5395 3382 5440 et
3429 5398 3589 5441 eunte

2005 5482 2070 5536 ad
2091 5482 2344 5546 Patrem,
2374 5479 2548 5548 regale
2578 5479 2702 5531 illttd
2739 5477 3090 5532 sacerdotium
3125 5476 3372 5529 induatur
3404 5477 3584 5544 fidem,

2075 5617 2086 5646 ι
2114 5621 2184 5662 Er.
2213 5619 2264 5662 et
2287 5619 2414 5661 Lor:
2449 5612 2540 5661 Sed
2565 5610 2643 5660 ubi
2666 5623 2757 5658 non
2789 5614 3034 5660 steterunt.
3078 5609 3238 5668 Abest,
3265 5623 3374 5670 non,
3403 5611 3462 5658 ab
3487 5619 3588 5663 Am.

2007 5685 2057 5725 ct
2081 5691 2107 5723 ει
2136 5685 2236 5724 vss.

1998 5799 2000 5802 i
2070 5739 2100 5802 ³7
2123 5748 2237 5794 -\rn.,
2269 5736 2414 5802 pedes
2441 5734 2626 5784 nomini
2651 5734 2833 5802 domus.
2882 5738 2956 5802 t-Zr.
2983 5741 3035 5781 et
3058 5739 3187 5802 Imp,
3212 5728 3587 5802 jtetlusltontiui,

2013 5801 2186 5849 omissa
2213 5793 2346 5859 voce,
2377 5799 2563 5847 domus.
2583 5795 2675 5846 sed
2698 5795 2875 5845 melius
2892 5801 2982 5844 Mss
3012 5830 3027 5856 ,
3049 5794 3197 5859 pedes
3215 5793 3317 5854 ejus
3341 5795 3526 5846 domus.
