3984 6200
535 316 674 394 ires

531 448 661 518 'quia
684 446 858 516 justus
882 459 947 501 cx
990 442 1093 497 ﬁde
1116 440 1243 495 vivit
1273 437 1449 509 (Rom.
1480 452 1519 502 t,
1544 433 1663 506 l7);
1692 442 1745 488 et
1781 440 1999 499 accepto
2032 428 2115 498 pi-

537 544 710 608 gnore
737 537 962 606 Spiritus
999 532 1198 595 sancti,
1227 531 1470 584 la-tentur
1494 526 1727 581 membra
1758 538 1852 592 spe
1877 535 2117 576 resurre-

542 629 736 683 ctionis
756 670 770 693 ,
797 642 911 696 qua:
938 623 1208 694 praecessit
1234 621 1285 675 in
1312 619 1482 690 capite
1511 636 1524 673 :
1548 618 1625 671 eis
1650 617 1791 672 enim
1832 611 2115 682 Apostolus

533 718 696 783 dicit,
726 717 831 784 Spe
855 716 1124 785 gaudentes
1154 711 1264 784 (Id.
1293 726 1383 771 xtt,
1415 708 1523 778 1‘2).

613 809 700 862 17.
732 805 879 878 [vers.
910 803 1020 877 10.]
1049 803 1266 875 Pr0ptcr
1288 800 1458 855 David
1479 815 1670 854 servum
1690 807 1829 850 tuum
1846 791 1951 862 ,‘ne
1975 808 2117 846 aver-

454 952 455 955 η
547 908 623 952 tas
668 898 847 967 facient
874 895 1061 951 Christi
1105 894 1197 948 tui.
1229 892 1342 947 Hoc
1392 892 1502 944 Deo
1549 887 1692 943 Patri
1741 886 1939 940 dictum
1994 892 2113 947 est,

545 991 767 1059 PrOpter
805 988 970 1042 David
997 1003 1193 1041 serram
1219 994 1357 1038 tuum
1375 1022 1390 1049 ,
1418 998 1482 1036 ne
1517 984 1710 1034 a’verta‘s
1735 978 1910 1050 faciem
1933 973 2118 1029 Christi

546 1081 636 1137 tui.
665 1080 960 1136 Cruciﬁxus
997 1085 1086 1133 est
1114 1076 1372 1132 Dominus
1403 1074 1454 1128 in
1480 1071 1694 1134 Iudaea;
1724 1066 2006 1123 cruciﬁxus
2034 1073 2116 1118 est

550 1188 579 1227 a
607 1171 839 1235 ludatis;
871 1170 937 1224 ab
965 1170 1092 1239 ipsis
1121 1168 1362 1222 turbatus
1388 1163 1656 1217 dormivit.
1705 1160 1845 1214 inter
1890 1170 2115 1226 quorum

551 1263 882 1316 saevientium
946 1262 1135 1315 manus
1202 1252 1483 1320 dormivit,
1528 1252 1595 1306 ad
1664 1265 1757 1306 eos
1801 1245 2116 1316 iudicandos

546 1354 815 1408 surrexit:
844 1362 896 1407 et
945 1352 1074 1406 dicit
1125 1349 1350 1420 quodam
1392 1349 1544 1407 loco,
1578 1344 1645 1398 Et
1695 1343 1881 1398 suscita
1907 1357 2020 1404 me,
2071 1348 2116 1392 et

542 1444 751 1497 reddam
771 1444 872 1498 illis
899 1441 1066 1513 (Psal.
1091 1456 1176 1506 χι,
1199 1440 1312 1511 ll).
1355 1437 1421 1492 Et
1449 1435 1696 1500 reddidit,
1740 1443 1793 1487 et
1816 1431 2116 1487 redditurus

544 1542 645 1589 cst.
680 1534 809 1588 Nam
841 1542 1033 1603 quanta
1056 1543 1239 1602 postea
1275 1530 1441 1585 Judaei
1467 1529 1605 1598 passi
1651 1534 1776 1581 sunt
1810 1522 1985 1578 occiso
2008 1521 2116 1575 Do-

541 1626 709 1692 mino,
740 1635 933 1679 norunt
962 1624 1081 1692 ipsi.
1107 1624 1184 1679 De
1212 1624 1321 1693 ipsa
1345 1622 1579 1684 civitate,
1610 1618 1697 1672 ubi
1727 1618 1871 1671 illum
1902 1614 2113 1669 occide-

543 1724 665 1768 runt
689 1757 703 1780 ,
732 1728 918 1768 omnes
939 1715 1144 1783 expulsi
1171 1723 1316 1767 sunt.
1339 1712 1475 1778 Quid
1503 1726 1628 1780 ergo
1644 1712 1666 1763 ?
1682 1708 1838 1763 etiam
1866 1707 1930 1761 de
1951 1707 2116 1774 stirpe

545 1805 709 1859 David
739 1820 924 1860 omnes
953 1804 1222 1874 perierunt
1245 1845 1259 1865 ,
1283 1802 1424 1856 etde
1452 1802 1588 1856 tribu
1609 1799 1780 1855 Jntla?
1808 1798 1921 1852 Non
1952 1816 1965 1852 :
1993 1805 2114 1850 nam

541 1896 881 1950 crediderunt
928 1894 1050 1949 inde
1093 1896 1290 1963 aliqui,
1323 1902 1377 1947 et
1418 1893 1583 1947 multa
1629 1891 1792 1945 millia
1842 1889 2113 1943 hominum

541 1986 875 2040 crediderunt
907 1986 1048 2052 inde,
1070 1994 1121 2040 et
1144 1986 1244 2038 hoc
1264 1984 1373 2054 jam
1404 1992 1520 2053 post
1545 1980 1983 2037 resurrectionem
2016 1978 2118 2032 Do.

544 2076 692 2129 mini.
716 2075 1031 2137 Saevierttnt,
1057 2084 1113 2129 nt
1140 2075 1531 2144 cruciﬁgerent,
1557 2082 1606 2127 et
1633 2082 1811 2140 postea
1841 2076 2116 2140 cmperuut

544 2167 724 2222 videre
748 2168 861 2221 ﬁeri
885 2166 1134 2221 miracula
1165 2167 1214 2219 in
1246 2164 1461 2220 nomine
1480 2161 1715 2218 cruciﬁxi
1736 2178 1750 2225 ;
1775 2171 1828 2216 et
1855 2162 1968 2229 plus
1989 2169 2118 2213 corr-

543 2267 871 2313 tremuetatnt
898 2266 1098 2312 tantum
1130 2271 1284 2326 posse
1311 2256 1426 2324 eius
1452 2260 1665 2316 nomen,
1690 2253 1777 2322 qui
1803 2253 1951 2322 quasi
1978 2250 2116 2305 inter

543 2365 730 2404 manus
758 2365 942 2404 eorum
971 2348 1097 2402 nihil
1129 2357 1369 2417 poterat;
1398 2356 1452 2400 et
1475 2343 1775 2413 compuncti
1796 2342 1977 2406 corde,
2004 2341 2114 2411 jam

542 2441 821 2496 credentes
849 2439 1176 2494 divinitatem
1225 2439 1486 2494 oecultam
1532 2437 1696 2491 fuisse
1732 2436 1784 2490 in
1826 2433 1918 2487 illo
1955 2442 2113 2502 quem

543 2533 752 2586 catteris
778 2530 1004 2585 similent
1037 2530 1340 2584 hominibus
1367 2535 1718 2598 putaverunt,
1749 2534 1803 2580 et
1835 2523 2114 2577 consilium

546 2631 787 2691 petentes
803 2621 869 2674 ab
890 2619 1184 2690 Apostolis,
1204 2619 1504 2679 audierunt,
1529 2617 1673 2687 Agite
1688 2614 2117 2685 paenitentiam“

550 2712 829 2781 baptizatur
852 2710 1185 2785 unusquisque
1200 2714 1422 2762 vestrum
1441 2708 1492 2760 in
1515 2706 1713 2760 neruine
1724 2703 1932 2758 Domini
1959 2701 2116 2758 nostri

544 2801 669 2857 Jesu
702 2803 906 2857 Cluisti.
942 2802 1082 2872 Ergo
1119 2800 1238 2870 qt'tia
1283 2799 1348 2852 ad
1392 2798 1707 2869 judicandos
1750 2812 1843 2853 cos
1869 2813 1897 2850 a
1928 2796 2118 2867 quibus

545 2891 825 2946 cruciﬁxus
851 2900 966 2956 cst,
1000 2891 1230 2945 surrexit
1275 2889 1516 2943 Christus
1542 2931 1555 2952 ,
1585 2899 1639 2943 et
1689 2889 1880 2942 avertit
1927 2886 2118 2941 faciem

544 2999 695 3038 suam
717 2999 748 3038 a
776 2982 973 3039 Iudaeis
994 3024 1009 3049 ,
1042 2991 1095 3037 ct
1122 2983 1384 3037 convertit
1409 2981 1473 3035 ad
1497 2979 1723 3045 Gentes;
1755 2989 2001 3049 tanquam
2024 2980 2119 3033 ἰδο-

545 3083 700 3144 gatur
744 3073 884 3128 Dens
935 3082 1155 3143 propter
1205 3071 1458 3142 reliquias
1503 3071 1772 3137 lsrael,et
1796 3070 1988 3124 dicitur
2033 3069 2116 3132 ei,

548 3164 766 3235 l’rOptcr
786 3163 954 3218 David
980 3181 1174 3219 servum
1223 3174 1383 3228 tuum,
1409 3181 1469 3217 ne
1505 3172 1698 3217 avertas
1729 3162 1906 3232 facient
1935 3159 2120 3215 Christi

546 3258 639 3308 tui.
670 3255 724 3310 Si
757 3261 904 3323 palea
935 3254 1181 3323 damnata
1213 3262 1325 3319 est,
1353 3253 1618 3308 frumenta
1650 3251 1984 3319 colligantur.
2015 3248 2121 3303 Re.

546 3349 717 3418 liquiw
758 3349 910 3402 sulm
953 3349 1078 3415 ﬁant
1118 3346 1268 3417 (lsai.
1301 3363 1351 3412 x,
1386 3340 1501 3417 ΞΓ),
1526 3345 1663 3399 sicut
1692 3344 1817 3398 dicit
1845 3343 2027 3397 Isaias.
2058 3343 2122 3397 Et

534 3433 706 3508 plane
732 3439 880 3492 facta:
908 3447 1029 3492 sunt
1061 3438 1297 3507 reliqttia:
1328 3437 1488 3492 salva!
1519 3454 1532 3490 :
1567 3436 1689 3489 inde
1719 3443 1869 3489 erant
1914 3433 2119 3488 duode-

533 3531 651 3586 ‘cim
676 3531 936 3600 Apostoli,
967 3529 1087 3584 inde
1111 3531 1227 3599 plus
1243 3544 1399 3599 quam
1424 3527 1695 3597 quingenti
1725 3527 1912 3580 fratres
1932 3524 2122 3594 quibus

551 3638 611 3677 se
636 3622 885 3676 Dominus
907 3622 1289 3678 demonstravit
1316 3631 1436 3690 post
1460 3620 1904 3675 resurrectionem
1929 3618 1979 3689 (Ι
2003 3619 2120 3672 (.‘or.

555 3732 645 3781 xv,
676 3716 759 3786 6);
790 3716 912 3771 inde
957 3725 1035 3769 tot
1080 3716 1244 3770 millia
1272 3716 1555 3785 baptizata,
1584 3729 1701 3783 qum
1737 3713 1900 3783 pretia
1945 3727 2121 3766 rerum

551 3824 763 3863 suarum
782 3818 905 3863 ante
931 3808 1091 3879 pedes
1118 3808 1498 3876 Apostolorum
1525 3806 1793 3877 ponebant
1818 3802 2120 3876 (Act.n,tv).

551 3899 692 3968 Ergo
712 3899 985 3968 impletum
1007 3899 1248 3969 estquod
1269 3899 1353 3953 hic
1376 3908 1591 3969 rogatus
1617 3906 1699 3950 est
1727 3897 1886 3960 Dens,
1906 3894 2126 3965 Pr0pter

541 3991 720 4044 David
743 4008 939 4047 servum
978 4003 1149 4057 tuum,
1183 4008 1243 4044 ne
1270 4002 1463 4044 avertas
1490 3990 1670 4060 faciem
1700 3987 1886 4043 Christi
1908 3987 2001 4038 tui.

614 4071 892 4156 :18.‘tvers.
928 4081 1040 4155 1L]
1068 4082 1266 4137 .Iuravit
1302 4082 1550 4136 Dominus
1585 4078 1748 4134 Dauid
1772 4080 2060 4142 veritatem,
2082 4085 2129 4131 et

542 4190 659 4230 ‘uon
699 4175 947 4245 pantitcbit
975 4192 1105 4228 eum.
1139 4174 1274 4242 Quid
1301 4184 1401 4238 est,
1419 4172 1650 4245 jnrat-it?
1683 4170 2005 4225 Promissum
2035 4183 2130 4238 per

533 4264 791 4335 rseipsutn
834 4266 1080 4320 ﬁrmavit.
1108 4265 1243 4332 Quid
1267 4274 1349 4320 est
1368 4306 1384 4331 ,
1414 4282 1513 4318 non
1543 4262 1792 4333 paenitebit
1829 4262 1986 4316 eum?
2011 4259 2127 4313 Non

537 4358 798 4412 ‘mutabit.
830 4357 944 4411 Non
975 4357 1114 4411 enim
1138 4357 1373 4411 dolorem
1401 4357 1725 4426 peeaitentim
1755 4355 1949 4426 patitur
1970 4354 2125 4416 Dens,

538 4455 647 4501 ‘aut
676 4447 727 4501 in
745 4446 922 4517 aliquo
945 4447 1165 4512 fallitur,
1188 4454 1247 4500 ut
1272 4446 1682 4514 volitent-rigere
1709 4447 1759 4499 in
1782 4461 1886 4515 quo
1910 4443 2125 4498 erravit.

557 4537 661 4593 Sed
706 4538 971 4608 quomodo
1020 4536 1286 4591 hominem
1327 4550 1446 4589 cum
1484 4536 1738 4604 panitet,
1772 4544 1974 4589 mutare
2018 4534 2130 4588 vult

561 4628 701 4698 quod
731 4628 882 4692 fecit;
911 4628 991 4683 sic
1015 4626 1105 4681 ubi
1145 4626 1298 4681 audis
1323 4626 1442 4695 quia
1477 4625 1696 4693 paenitet
1724 4624 1885 4678 Deum
1906 4664 1922 4690 ,
1956 4632 2129 4677 muta-

543 4721 756 4775 ‘tionem
786 4718 951 4788 ipsam
980 4733 1155 4787 spera.
1191 4718 1359 4771 Aliter
1384 4715 1525 4770 illaut
1554 4714 1676 4768 facit
1708 4714 1865 4780 Deus,
1892 4713 2131 4783 quamvis

560 4812 776 4865 nomine
806 4810 1129 4879 paenitentiae
1155 4809 1405 4878 appellet,
1435 4808 1590 4862 aliter
1619 4817 1672 4861 tu
1697 4823 1709 4860 :
1740 4815 1792 4859 tu
1817 4806 1955 4859 enim
1983 4805 2129 4871 facis,

542 4903 681 4974 quia
720 4917 1022 4967 erraveras;
1057 4902 1145 4957 ille
1188 4911 1361 4956 autem
1409 4901 1567 4965 facit,
1591 4901 1711 4968 quia
1750 4898 2014 4960 vindicat,
2041 4906 2133 4953 aut

559 4994 682 5065 quia
732 4993 939 5048 liberat.
982 4993 1201 5047 Mutavit
1242 5008 1461 5061 regnum
1511 4990 1659 5055 Saul,
1688 5005 1807 5044 cum
1853 4989 2134 5059 ptrniter‘et

562 5103 683 5140 cum
713 5087 845 5139 sicut
867 5085 1062 5138 dictum
1086 5093 1165 5138 est
1185 5101 1196 5136 :
1215 5094 1268 5137 et
1295 5084 1342 5136 in
1366 5098 1432 5139 eo
1461 5083 1575 5151 ipso
1605 5081 1721 5136 loco
1749 5080 1836 5134 ubi
1861 5079 2133 5150 Scriptura

560 5177 721 5240 dicit,
746 5172 986 5230 Pamituit
1013 5192 1123 5230 eum
1139 5191 1157 5239 ;
1180 5175 1248 5228 ibi
1277 5175 1435 5244 paulo
1467 5183 1578 5242 post
1610 5173 1829 5240 dicitur,
1859 5171 1979 5226 Non
2004 5172 2135 5225 enim

562 5272 633 5321 sic
662 5277 733 5321 est
764 5275 815 5320 ut
842 5267 1012 5330 homo,
1042 5274 1095 5319 ut
1123 5266 1357 5336 pmniteat
1394 5281 1507 5318 eum
1535 5264 1586 5337 (Ι
1614 5264 1747 5335 ’Reg.
1780 5280 1867 5330 xv,
1900 5264 1988 5329 ll,
2014 5262 2128 5333 29).

545 5358 694 5413 'Cllm
721 5372 850 5429 ergo
876 5367 1044 5413 mutat
1078 5371 1239 5426 opera
1266 5366 1483 5425 sna'per
1510 5355 1937 5410 incommutabile
1963 5354 2138 5409 consi-

560 5450 689 5504 lium
715 5465 910 5515 suum;
941 5457 1158 5519 prepter
1183 5448 1383 5518 ipsam,
1408 5461 1511 5501 non
1551 5446 1793 5510 consilii,
1825 5445 1919 5501 sed
1956 5445 2135 5514 operis

568 5540 935 5605 mutationem,
960 5538 1221 5608 paenitere
1242 5536 1456 5591 dicitur.
1488 5536 1600 5591 lloc
1625 5544 1799 5590 autem
1840 5537 1915 5589 sic.
1940 5535 2137 5606 promi-

556 5629 631 5685 sit
653 5670 667 5695 ,
696 5636 756 5686 ut
781 5645 887 5684 non
921 5639 1171 5684 mutaret.
1193 5627 1471 5696 Quomodo
1500 5627 1691 5681 dicitur
1717 5635 1770 5682 et
1800 5626 1948 5684 illud.
1975 5625 2134 5679 Iura-

548 5722 631 5775 irit
667 5719 941 5781 Dominus.
973 5732 1018 5775 et
1049 5737 1146 5775 non
1172 5722 1420 5793 pwnitebit
1443 5734 1552 5776 eum
1573 5761 1588 5787 ,
1615 5717 1693 5773 Tu
1734 5734 1786 5773 es
1823 5717 2055 5773 sacerdos
2084 5716 2134 5769 in

1730 320 1788 376 s.
1830 298 2194 376 sueusrts‘t
2232 295 2531 371 suscepi
3634 318 3741 379 ,τά

2225 436 2488 491 (unum,
2516 423 2790 483 secundum
2818 423 3044 481 ordinem
3105 416 3430 481 blelchisedec
3477 429 3629 499 (Psal.
3656 454 3741 503 cn,

2222 519 2276 586 4)
2307 534 2320 572 :
2346 518 2424 572 sic
2463 528 2516 571 et
2545 516 2646 573 hoc
2670 517 2792 587 quia
2825 519 2896 570 ita
2927 517 3242 586 promissum
3270 529 3371 586 est,
3401 534 3454 575 ut
3480 539 3575 578 non
3602 541 3742 582 muta-

2223 616 2389 672 retur,
2419 608 2540 676 quia
2571 608 2875 665 necessario
2897 608 3127 662 futurum
3155 620 3264 663 erat
3289 623 3341 664 et
3367 628 3743 684 permansurum;

2218 700 2372 767 dixit,
2395 700 2595 753 Iuravit
2618 699 2862 754 Dominus
2894 692 3056 753 Dabit!
3081 703 3352 770 veritatem,
3375 713 3420 757 et
3454 722 3546 759 non
3569 712 3745 778 panite-

2220 791 2287 844 bit
2312 808 2423 845 eum
2448 807 2466 844 :
2481 789 2566 844 Ea:
2584 790 2751 859 {ructu
2778 794 2959 844 ventris
2984 792 3056 844 tui
3077 808 3257 861 ponam
3279 810 3427 863 super
3444 797 3597 850 sedem
3614 808 3745 855 tatam.

2220 882 2434 938 Poterat
2475 882 2689 947 dicere,
2734 882 2811 938 Ex
2863 882 3036 939 fructu
3085 883 3299 938 femoris
3346 886 3416 940 tui
3446 905 3459 939 :
3485 872 3748 956 quare.Es

2220 976 2387 1043 [metu
2412 974 2595 1028 ventris
2615 1014 2630 1038 ,
2658 975 2825 1028 voluit
2843 975 3061 1030 dicere?
3092 975 3161 1030 Et
3189 976 3312 1032 illud
3337 978 3542 1047 quidem
3567 981 3607 1037 si
3631 982 3749 1039 dice-

2221 1072 2324 1127 ret,
2357 1079 2540 1119 verum
2579 1064 2818 1119 diceret:
2849 1064 2942 1121 sed
2973 1066 3360 1135 signiﬁcantius
3384 1068 3554 1123 dicere
3580 1072 3745 1138 voluit,

2220 1151 2306 1207 Ea;
2332 1156 2502 1224 fructu
2524 1155 2746 1219 ventris;
2772 1156 2893 1224 q‘uia
2931 1155 2999 1211 de
3028 1156 3222 1212 femina
3248 1168 3401 1214 natus
3427 1169 3504 1215 est
3521 1160 3745 1231 Christus,

2222 1259 2329 1314 quo
2356 1246 2435 1299 vir
2476 1263 2580 1299 non
2611 1249 2852 1300 arcessit.

2291 1336 2379 1389 19.
2410 1334 2558 1407 [vers.
2594 1334 2703 1407 12.]
2735 1337 2872 1404 Quid
2913 1339 3082 1408 ergo?
3108 1337 3310 1392 Iuravit
3358 1338 3586 1397 Dominus
3613 1343 3748 1398 David

2217 1428 2472 1481 veritatem
2501 1443 2521 1481 :
2549 1426 2632 1482 Ea:
2658 1432 2828 1499 [ructu
2866 1430 3050 1483 ventris
3089 1431 3162 1484 tui
3213 1448 3395 1500 ponam
3430 1450 3570 1501 super
3611 1437 3747 1489 sedem

2220 1528 2376 1570 tuum.
2419 1518 2479 1572 Si
2518 1519 2843 1572 custodierint
2898 1520 2992 1587 lilii
3019 1522 3089 1573 tui
3132 1532 3470 1575 testamentum
3515 1541 3686 1589 meum,
3711 1536 3748 1579 et

2220 1608 2500 1662 testimonia
2528 1625 2637 1662 mea
2663 1610 2771 1663 lucc
2797 1626 2910 1680 quae
2938 1611 3122 1665 docebo
3150 1612 3302 1676 illos;
3326 1622 3370 1665 et
3391 1614 3483 1681 ﬁlii
3505 1630 3654 1667 eorum
3682 1633 3746 1668 se-

2219 1688 2402 1752 debant
2428 1716 2583 1770 usque
2609 1701 2661 1754 in
2687 1710 2928 1754 arternum
2951 1718 3100 1773 super
3123 1704 3291 1755 sedem
3319 1712 3468 1756 luant.
3501 1703 3552 1759 Si
3579 1705 3656 1758 ﬁlii
3689 1698 3749 1759 uti

2218 1789 2604 1857 custodierint,
2648 1801 2703 1846 et
2746 1790 2836 1845 ﬁlii
2877 1806 3061 1846 eorum
3104 1792 3365 1846 sedebant
3423 1794 3470 1846 in
3508 1806 3745 1848 :eternum.

2218 1877 2463 1936 Meritum
2494 1881 2615 1936 filiis
2638 1891 2883 1951 parentes
2920 1882 3136 1937 faciunt.
3162 1882 3302 1949 Quid
3324 1884 3368 1937 si
3394 1883 3482 1937 ﬁlii
3514 1884 3658 1950 ipsius
3676 1900 3748 1938 cu-

2218 1972 2510 2039 stodirent,
2543 1982 2595 2027 et
2637 1974 2727 2026 lilii
2770 1989 2955 2029 eorum
2985 1988 3087 2027 non
3134 1975 3495 2028 custodirent?
3515 1975 3670 2042 Quare
3696 1977 3747 2028 ad

2220 2065 2468 2118 meritum
2490 2073 2698 2132 patrum
2731 2063 3053 2132 promittitur
3078 2064 3349 2119 beatitudo
3378 2064 3620 2118 ﬁliorum?
3638 2064 3746 2131 Quid

2219 2149 2360 2201 enim
2384 2148 2476 2213 ait,
2510 2147 2571 2201 Si
2597 2146 2922 2200 custodierint
2947 2146 3045 2215 ﬁlii
3070 2147 3162 2210 tui,
3191 2157 3237 2199 et
3264 2148 3358 2215 [itii
3379 2164 3538 2200 eorum
3551 2148 3747 2201 sedebant

2219 2237 2271 2290 in
2299 2246 2538 2291 wternum
2565 2238 2693 2306 (non
2716 2237 2810 2302 ait,
2839 2236 2894 2291 Si
2924 2237 3277 2291 custodierint
3304 2238 3395 2291 ﬁlii
3419 2237 3506 2302 tui,
3533 2237 3748 2291 sedebant

2218 2343 2377 2398 super
2408 2329 2590 2383 sedem
2620 2336 2799 2394 tuam;
2828 2338 2881 2384 et
2908 2329 2952 2383 si
2981 2328 3332 2384 custodierint
3368 2329 3458 2383 ﬁlii
3485 2344 3647 2384 eorum
3669 2369 3681 2392 ,
3705 2338 3747 2383 et

2220 2422 2316 2492 ipsi
2349 2421 2609 2477 sedebant
2634 2437 2794 2491 super
2820 2422 3001 2477 sedem
3027 2431 3166 2476 tuam
3201 2440 3214 2475 :
3249 2420 3341 2476 sed
3371 2412 3460 2487 ait,
3491 2418 3547 2476 Si
3582 2420 3661 2488 filii
3690 2421 3746 2472 tui

2218 2512 2545 2568 custodierint
2561 2553 2577 2580 ,
2606 2521 2650 2566 et
2674 2512 2769 2582 filii
2794 2528 2963 2566 eorum
2990 2511 3230 2566 sedebant
3256 2528 3403 2582 super
3423 2511 3574 2565 sedem
3599 2510 3743 2579 tuam),

2216 2602 2319 2658 nisi
2346 2604 2466 2674 quia
2487 2604 2625 2659 ﬁlios
2650 2602 2738 2658 hic
2768 2603 2931 2657 voluit
2959 2603 3177 2672 intelligi
3210 2601 3409 2667 [ructus
3434 2599 3676 2670 ipsorum?
3698 2599 3743 2652 Si

2219 2694 2317 2765 ﬁlii
2337 2696 2431 2761 tui,
2448 2695 2635 2764 inquit,
2653 2694 2977 2749 custodierint
3002 2693 3160 2763 legem
3182 2702 3414 2757 meam,et
3436 2691 3646 2745 mandata
3660 2704 3744 2743 mea

2220 2786 2328 2841 haec
2351 2802 2464 2858 qua:
2491 2787 2675 2841 docebo
2704 2803 2788 2841 eos
2817 2785 3144 2841 servaverint
3177 2783 3272 2838 ﬁlii
3304 2784 3409 2847 tui;
3439 2791 3482 2836 ct
3503 2783 3588 2850 [itii
3609 2798 3745 2835 eorum

2220 2877 2457 2933 sedebant
2494 2894 2645 2949 super
2678 2877 2844 2932 sedem
2891 2888 3026 2932 tuam
3060 2891 3078 2931 :
3107 2874 3158 2931 id
3197 2885 3309 2939 est,
3335 2874 3418 2928 hic
3459 2874 3551 2927 erit
3589 2872 3747 2926 fructus

2222 2968 2480 3037 ipsorum,
2510 2977 2568 3023 ut
2597 2968 2817 3024 sedeant
2852 2982 3013 3038 super
3036 2967 3224 3022 sedem
3271 2979 3430 3021 tuam.
3457 2963 3594 3020 Modo
3614 2962 3741 3022 enim,

2223 3060 2413 3117 fratres
2432 3102 2448 3128 ,
2470 3076 2658 3116 omnes
2681 3061 2769 3131 qui
2801 3059 3107 3116 laboramus
3137 3060 3192 3114 in
3223 3057 3465 3125 Christo,
3494 3070 3654 3111 omnes
3676 3052 3745 3123 qui

2222 3152 2683 3209 contremiscimUS
2723 3151 2885 3207 verba
2930 3152 3130 3221 ipsius,
3173 3150 3273 3221 qui
3316 3148 3746 3219 quomodocumque

2223 3258 2479 3299 conamur
2523 3243 2695 3298 facere
2739 3241 3065 3309 voluntatem
3095 3241 3295 3311 ipsius,
3324 3252 3377 3295 et
3415 3238 3746 3309 ingemiscimns

2218 3345 2466 3406 petentes
2495 3343 2550 3389 ut
2569 3334 2780 3404 adjuvet
2809 3348 2939 3399 nos,
2969 3347 3075 3403 quo
3102 3332 3419 3400 impleamus
3446 3330 3572 3400 quod
3590 3328 3741 3399 jubet;

2227 3427 2479 3498 tunnqnid
2505 3428 2613 3496 jam
2636 3426 2885 3481 sedemus
2930 3426 2981 3479 in
3022 3425 3128 3479 illis
3167 3424 3390 3479 sedibus
3430 3420 3743 3478 beatitudinis,

2226 3535 2344 3591 qua:
2377 3518 2529 3572 nobis
2555 3516 2969 3587 promittuntur?
2997 3513 3144 3570 Non:
3171 3514 3269 3570 sed
3299 3512 3530 3569 mandata
3557 3518 3744 3566 tenentes

2227 3610 2503 3681 speramus
2526 3609 2626 3663 hec
2652 3609 2902 3662 fttturum.
2924 3606 3034 3677 Ipsa
3054 3621 3176 3676 spes
3199 3617 3444 3675 tanquam
3460 3606 3508 3657 in
3527 3600 3743 3657 illllStllt‘L‘l

2227 3711 2307 3756 est
2332 3703 2371 3767 ¹;
2390 3702 2509 3769 quia
2539 3699 2770 3754 hominis
2797 3699 2849 3753 in
2878 3698 2975 3753 hac
3014 3698 3115 3751 vita
3140 3697 3367 3751 viventis
3400 3708 3515 3765 Spes
3535 3692 3615 3747 ﬁlii
3635 3698 3743 3751 sunt,

2230 3792 2431 3847 fructus
2454 3792 2543 3846 ﬁlii
2559 3792 2991 3860 sunt.Proptcrea
3018 3797 3072 3843 et
3094 3789 3339 3843 homines
3355 3793 3639 3842 excusantes
3654 3792 3748 3834 ara-

2230 3883 2405 3936 rltiam
2426 3896 2597 3947 suam,
2612 3881 2793 3935 dicunt
2819 3894 2877 3934 se
2899 3879 3016 3932 ﬁliis
3043 3879 3153 3932 suis
3174 3893 3392 3932 scrvare
3411 3875 3538 3945 quod
3560 3880 3742 3931 servant;

2230 3980 2281 4026 et
2310 3971 2551 4025 nolentes
2596 3970 2724 4024 dare
2773 3969 2935 4040 inopi,
2960 3968 3169 4037 pietatis
3210 3968 3422 4022 nomine
3443 3980 3497 4019 sc
3524 3970 3744 4022 excusata,

2230 4062 2349 4131 quia
2400 4060 2488 4114 lilii
2526 4075 2708 4114 eorum
2754 4074 2877 4129 spes
2920 4074 3105 4113 eorum
3155 4068 3300 4111 sunt.
3331 4058 3518 4112 Omnes
3556 4052 3747 4105 homines

2232 4154 2371 4208 enim
2394 4154 2482 4223 qui
2510 4151 2799 4207 secundum
2830 4151 2930 4206 hoc
2959 4151 3212 4206 sa-cnlum
3237 4154 3447 4211 vivunt,
3473 4159 3604 4217 spem
3630 4154 3746 4195 suam

2232 4244 2452 4304 dicunt.
2480 4243 2620 4297 ﬁlios
2668 4257 2927 4312 generare
2969 4250 3023 4295 et
3070 4241 3396 4310 relinquere.
3445 4238 3557 4291 Ideo
3581 4231 3750 4287 nomine

2234 4337 2460 4390 filiorum
2506 4348 2655 4404 Spem
2705 4334 2871 4401 ipsam
2909 4333 3101 4401 posuit,
3129 4340 3180 4384 et
3224 4333 3332 4394 ait,
3381 4329 3442 4384 Si
3480 4322 3751 4381 custodierint

2234 4429 2329 4497 ﬁlii
2354 4428 2426 4480 tui
2447 4436 2792 4481 testamentum
2830 4442 3014 4490 meum,
3041 4435 3086 4476 et
3117 4423 3397 4476 testimonia
3425 4437 3528 4473 mea
3550 4420 3642 4471 lucc
3665 4427 3751 4481 qm!

2222 4514 2418 4574 docebo
2447 4519 2595 4581 illos;
2624 4527 2671 4571 ct
2695 4517 2792 4583 ﬁlii
2821 4531 2990 4569 eorum
3017 4514 3257 4567 sedebant
3304 4514 3356 4566 in
3393 4520 3615 4565 a’ternum
3635 4516 3751 4570 super

2234 4612 2403 4666 sedem
2445 4619 2583 4663 tuam
2626 4624 2644 4663 :
2675 4608 2725 4662 id
2755 4616 2838 4662 est
2857 4647 2870 4671 ,
2896 4607 3027 4660 tales
3056 4602 3260 4658 fructus
3287 4601 3568 4662 habebunt,
3590 4604 3639 4649 ιιι
3658 4605 3751 4660 Spes

2235 4717 2328 4756 eos
2350 4716 2453 4755 non
2483 4700 2647 4765 fallat,
2682 4706 2737 4751 ut
2765 4696 2887 4750 illuc
2914 4695 3131 4749 veniant
3155 4708 3261 4763 quo
3288 4698 3494 4762 Spernat
3515 4702 3569 4741 se
3599 4692 3748 4765 venue

2236 4808 2344 4847 ros.
2374 4790 2529 4845 Medo
2558 4804 2684 4860 ergo
2706 4796 2963 4860 mnam
3006 4793 3183 4854 patres
3228 4791 3382 4843 sunt,
3412 4778 3631 4833 homines
3665 4762 3752 4860 spc't
3798 4820 3803 4831 ,

2237 4808 2344 4847 ros.
2374 4796 2529 4845 Medo
2558 4804 2684 4860 ergo
2845 4801 2963 4839 nam
3006 4796 3183 4854 patres
3228 4796 3382 4843 sunt,
3414 4796 3631 4833 nomines
3665 4796 3752 4838 spc-

2237 4883 2461 4936 futurze:
2493 4895 2614 4934 cum
2644 4796 2837 4932 tum
2853 4874 3028 4941 adepti
3058 4872 3251 4927 fuerint
3271 4870 3407 4941 quod
3441 4872 3661 4935 Sperant,
3684 4856 3753 4911 ﬁli

2237 4982 2391 5039 sunt;
2442 4972 2564 5043 quia
2611 4969 2739 5024 illttd
2785 4966 2926 5038 quod
2975 4956 3367 5034 adipiscuntur.
3401 4962 3681 5031 pepererunt
3714 4957 3753 5001 et

2236 5071 2628 5134 generaverunt
2657 5061 2708 5114 in
2736 5057 2984 5128 operibus
3011 5055 3120 5110 suis
3141 5056 3183 5106 ’.
3216 5053 3283 5107 Et
3314 5052 3413 5106 hoc
3441 5050 3537 5103 illis
3558 5050 3753 5099 servatur

2240 5130 2290 5211 in
2321 5165 2623 5228 posterum,
2653 5153 2777 5223 quia
2816 5160 2869 5206 ct
2906 5150 3018 5220 ipsa
3065 5148 3349 5219 posteritas
3389 5145 3437 5196 in
3471 5140 3581 5194 ﬁliis
3605 5130 3752 5204 appel-

2240 5251 2334 5305 lari
2359 5248 2511 5304 solet.

2308 5341 2397 5394 20.
2439 5337 2613 5393 Autsi
2642 5328 2777 5390 ﬁlios
2803 5334 2946 5402 ipsos
2971 5331 3210 5385 homines
3236 5327 3433 5396 accipis
3451 5366 3464 5387 ,
3496 5317 3691 5384 intelligo
3715 5317 3751 5362 οι

2239 5433 2305 5487 de
2345 5428 2734 5501 ipsisdictum,
2769 5425 2828 5478 Si
2866 5422 3190 5477 custodierint
3222 5420 3319 5488 ﬁlii
3359 5417 3430 5470 tui
3465 5415 3751 5501 testamentum

2242 5538 2404 5577 meum
2423 5559 2437 5583 ,
2467 5529 2510 5573 et
2545 5516 2823 5572 testimonia
2862 5530 2971 5567 mea
3001 5514 3107 5566 hare
3134 5526 3244 5583 qua:
3268 5507 3447 5563 docebo
3475 5516 3579 5568 cos;
3609 5507 3656 5553 ut
3676 5494 3750 5546 is!!!

2306 5660 2323 5691 ι
2352 5656 2539 5719 Aliquot
2553 5662 2683 5719 Mss”
2700 5654 2813 5719 data
2835 5658 2903 5704 cst
3184 5708 3213 5719 η
3364 5704 3375 5713 ,

2305 5722 2327 5752 ³
2350 5708 2482 5780 ειωῖ,
2505 5708 2725 5782 operibus
2743 5718 2888 5765 Doms.
2913 5721 3040 5772 1185.,
3063 5708 3282 5775 operibus
3302 5708 3414 5757 suis.
