4032 6202
361 341 384 396 l
397 340 500 396 7’25

357 455 424 507 sil
451 467 638 506 sensus
669 469 682 504 :
716 449 776 504 Si
801 446 1124 502 custodierint
1148 444 1241 514 ﬁlii
1266 445 1340 498 tui
1363 453 1710 498 testamentum
1738 457 1898 493 meum
1916 477 1932 504 ,

355 554 402 598 et
437 542 717 596 testimonia
746 557 854 593 mea
883 541 990 593 hwc
1015 555 1127 609 quo?
1156 537 1337 591 docebo
1364 537 1508 596 illos,
1543 544 1588 588 et
1619 535 1712 602 ﬁlii
1743 549 1934 598 eorum,

357 635 407 686 id
438 641 538 695 est,
567 632 610 686 si
638 630 1012 695 custodierint;
1046 638 1101 684 ut
1128 629 1210 682 hic
1238 627 1650 695 subdistinguas,
1669 634 1723 678 et
1745 623 1938 678 deinde

356 725 574 789 inferas,
603 724 838 776 sedebant
866 722 917 774 in
946 731 1186 775 ceteruum
1211 735 1360 789 super
1383 717 1547 772 sedem
1576 727 1730 778 tuam,
1757 714 1807 768 id
1835 723 1936 777 est,

356 826 411 870 et
443 816 532 869 ﬁlii
567 815 639 869 tui
670 823 722 869 ct
763 814 852 867 filii
887 829 1104 878 eorum,
1143 810 1236 867 sed
1274 824 1459 864 omnes
1490 808 1533 862 si
1571 805 1936 860 custodieriut.

355 910 495 977 Quid
528 923 655 977 ergo
685 907 728 961 si
769 923 872 960 non
908 903 1286 960 custodieriut?
1317 902 1469 972 periit
1499 900 1776 970 promissio
1812 896 1938 950 Dei?

351 1000 469 1057 Non
500 1019 513 1054 ε
547 986 641 1055 sed
679 1000 796 1054 ideo
832 989 1029 1052 dictum
1074 1005 1187 1060 est,
1231 1005 1284 1049 et
1317 995 1435 1049 ideo
1477 994 1788 1063 promissum
1825 999 1934 1052 est,

351 1093 477 1164 quia
519 1093 759 1162 prazvidit
793 1093 810 1123 ί
845 1091 1010 1154 Deus;
1043 1089 1168 1159 quid
1193 1129 1206 1154 ,
1241 1088 1342 1141 nisi
1371 1083 1703 1140 credituros?
1740 1083 1842 1138 Sed
1875 1085 1939 1136 uc

353 1186 544 1255 aliquis
566 1183 715 1254 quasi
742 1181 1032 1237 minaretur
1060 1180 1329 1249 promissis
1357 1177 1470 1240 Dei,
1499 1186 1550 1230 et
1575 1177 1626 1230 iu
1652 1181 1938 1244 postestate

350 1291 446 1328 sua
478 1271 635 1329 vellet
665 1289 864 1344 ponere
894 1271 1033 1342 quod
1070 1270 1312 1340 promisit
1339 1269 1478 1323 Deus
1514 1276 1570 1320 ut
1599 1266 1933 1334 impleretur;

351 1366 473 1420 ideo
497 1366 750 1437 etjuravit
771 1364 901 1418 dixit
921 1366 940 1394 ³
967 1382 979 1413 :
1006 1363 1056 1415 in
1085 1377 1189 1431 quo
1218 1360 1446 1415 ostendit
1472 1359 1593 1429 quia
1638 1357 1750 1410 sine
1779 1355 1938 1410 dubio

352 1466 635 1512 Venturum
667 1465 767 1512 est.
799 1453 1074 1522 Quomodo
1105 1458 1231 1522 ergo
1266 1452 1440 1520 posuit
1469 1451 1570 1514 ibi,
1607 1449 1664 1503 Si
1694 1447 1940 1502 custodie-

350 1548 492 1603 rint?
521 1547 600 1603 Ne
620 1547 728 1616 jam
757 1540 997 1616 glorieris
1020 1545 1086 1599 de
1115 1543 1407 1612 promissis,
1438 1539 1738 1595 etdimittas
1761 1549 1810 1591 te
1834 1554 1936 1591 non

349 1636 809 1694 custodire.‘l‘uuc
830 1635 935 1688 eris
963 1633 1100 1687 filius
1124 1620 1307 1695 David,
1335 1632 1376 1684 si
1404 1630 1746 1692 custodieris;
1775 1628 1817 1681 si
1846 1643 1939 1679 au-

352 1739 461 1783 tem
512 1743 615 1780 non
638 1768 651 1789 ,
685 1741 789 1779 non
822 1724 926 1778 eris
955 1723 1090 1776 illius
1119 1721 1303 1775 David.
1335 1720 1481 1774 Filiis
1511 1718 1669 1771 David
1700 1716 1940 1785 promisit

352 1812 518 1875 Deus.
546 1801 662 1872 Noli
693 1817 889 1877 dicere,
914 1815 1080 1870 Filius
1109 1829 1223 1881 sum
1258 1813 1443 1873 David,
1477 1813 1518 1866 si
1552 1811 1860 1879 degeneras.
1882 1807 1936 1861 Si

350 1913 526 1970 Judaei
552 1911 680 1978 illud
714 1925 816 1964 non
850 1909 1064 1974 dicunt,
1101 1907 1187 1975 qui
1222 1906 1287 1959 de
1321 1906 1431 1974 ipsa
1467 1904 1632 1972 stirpe
1673 1901 1780 1954 nati
1817 1902 1940 1955 sunt

353 2006 499 2074 (imo
524 2005 705 2058 dicunt
743 2001 898 2066 illud,
931 1999 1023 2054 sed
1063 1998 1306 2052 delirant.
1344 1999 1539 2064 Aperte
1572 1997 1714 2048 enim
1753 1992 1938 2046 Domi-

356 2113 458 2150 nus
491 2095 601 2149 ait:
645 2093 703 2148 Si
747 2093 840 2160 /t'lii
885 2089 1102 2143 Abrahae
1143 2089 1290 2152 estis,
1339 2090 1473 2156 facta
1529 2083 1741 2137 Abrahae
1793 2082 1940 2152 facile

346 2187 543 2260 {Joan.
574 2202 660 2240 vm
683 2227 697 2251 ,
725 2183 836 2255 59].
875 2183 1000 2237 lude
1034 2181 1154 2235 illos
1194 2178 1403 2248 negavit
1432 2177 1567 2230 filios
1588 2216 1603 2241 ,
1655 2175 1776 2244 quia
1804 2173 1936 2228 facta

350 2297 461 2335 nou
489 2279 748 2334 faciebant
765 2280 804 2344 );
829 2289 925 2330 nos
945 2271 1210 2344 quomodo
1232 2286 1328 2325 nos
1349 2270 1573 2324 dicimus
1595 2267 1729 2321 filios
1753 2265 1933 2326 David,

345 2373 443 2442 ‘qui
490 2371 556 2425 de
599 2369 716 2438 ejus
755 2367 920 2435 stirpe
973 2380 1076 2419 non
1124 2377 1306 2416 smnus
1367 2358 1654 2414 secundum
1686 2355 1939 2411 carnem?

350 2465 543 2518 Restat
565 2469 620 2514 ut
639 2443 736 2514 lilii
761 2447 868 2512 non
897 2454 1083 2520 simus,
1104 2455 1203 2508 nisi
1234 2451 1488 2505 imitando
1518 2449 1695 2513 fidem,
1724 2448 1824 2502 nisi
1850 2463 1941 2502 co-

349 2554 516 2609 lendo
551 2553 712 2606 Deum
735 2591 748 2615 ,
792 2551 927 2602 sicut
959 2547 1047 2600 ille
1087 2545 1267 2599 coluit.
1307 2542 1360 2598 Si
1395 2529 1522 2609 ergo
1550 2527 1689 2609 quod
1720 2539 1809 2594 tibi
1846 2535 1940 2608 per

349 2646 574 2714 stirpem
617 2657 722 2696 non
749 2654 962 2710 speras,
993 2652 1086 2706 per
1113 2633 1246 2689 facta
1280 2647 1384 2687 non
1415 2631 1495 2686 vis
1535 2629 1777 2699 assequi;
1807 2643 1938 2698 quo-

351 2733 517 2789 modo
562 2733 612 2786 iu
659 2740 711 2787 te
752 2727 1101 2798 complebitur
1149 2725 1268 2794 quia
1311 2722 1518 2777 sedebis
1560 2734 1720 2789 super
1757 2717 1938 2772 sedem

355 2823 567 2879 David?
596 2831 650 2876 et
687 2822 732 2876 si
775 2835 882 2875 non
917 2819 969 2873 in
1008 2827 1059 2872 te
1097 2814 1474 2883 complebitur,
1501 2819 1650 2880 put-as
1682 2808 1804 2879 quia
1833 2824 1938 2862 non

352 2913 747 2984 complebitur?
774 2911 840 2967 Et
859 2909 1124 2980 quomodo
1150 2907 1352 2960 invenit
1378 2920 1494 2958 eam
1523 2904 1575 2956 in
1603 2901 1805 2970 campis
1831 2901 1940 2955 sal-

353 3006 545 3060 tuum?
575 3016 627 3060 et
655 3001 922 3077 quomodo
951 3007 1208 3054 steteraint
1239 2996 1397 3064 pedes
1425 2994 1575 3064 ejus?
1606 2992 1938 3059 Qualiscum-

351 3103 458 3173 quo
489 3112 615 3167 ergo
644 3095 822 3158 lucris,
856 3091 940 3148 illa
970 3091 1158 3146 domus
1180 3087 1362 3142 stabit.

421 3183 516 3248 2|.
559 3187 710 3266 [ιἰννδ.
744 3185 852 3265 15.]
880 3185 1126 3257 Quoniam
1161 3180 1301 3258 elegit
1328 3178 1572 3239 Dominus
1605 3177 1768 3247 Sion;
1807 3200 1939 3253 prcc-

352 3285 500 3356 elegit
526 3302 634 3339 eam
661 3282 712 3337 tu
743 3283 1094 3336 habitationem
1121 3279 1231 3332 sibi.
1261 3280 1387 3333 Sion
1420 3277 1530 3345 ipsa
1557 3285 1638 3331 est
1672 3275 1929 3339 Ecclesia,

352 3381 467 3450 ipsa
515 3389 596 3434 est
636 3388 687 3432 et
731 3377 1138 3433 illa'Je'rusa‘lem
1167 3373 1232 3427 ad
1263 3372 1413 3441 cujus
1441 3385 1622 3440 pacem
1649 3369 1933 3433 currimus,

351 3488 474 3543 quae
506 3487 610 3525 non
641 3471 691 3524 iu
722 3469 967 3540 Angelis,
1003 3468 1094 3521 sed
1126 3467 1185 3519 ‘iu
1217 3466 1366 3518 nobis
1403 3462 1789 3532 peregrinatur,
1821 3475 1940 3529 qua:

354 3579 418 3618 ex
465 3572 612 3632 parte
652 3561 870 3615 meliore
907 3567 1178 3627 exspectat
1212 3565 1412 3625 partem
1449 3554 1769 3615 redituram;
1802 3549 1940 3604 unde

353 3655 510 3710 nobis
541 3654 752 3707 Litterae
777 3659 1060 3712 venerunt,
1087 3664 1203 3716 quze
1228 3645 1462 3716 quotidie
1491 3645 1798 3698 recitantur.
1827 3642 1938 3709 ipsa

353 3748 568 3811 civitas,
596 3746 707 3815 ipsa
736 3753 818 3798 est
843 3744 988 3804 Sion,
1025 3757 1178 3810 quam
1213 3738 1478 3808 pratelcgit
1507 3735 1778 3788 Dominus.

421 3838 516 3893 ‘22.
558 3835 725 3910 [verm
758 3833 886 3907 14.]
922 3833 1043 3886 Herc
1082 3831 1273 3899 requies
1318 3845 1426 3880 mea
1455 3827 1505 3879 in
1545 3826 1732 3879 sa’cula
1775 3837 1935 3910 slew--

356 3929 541 3982 lorum.
592 3928 708 3982 Jam
754 3926 844 3980 Dei
887 3924 1045 3978 verba
1092 3930 1234 3976 suut.
1281 3917 1494 3988 Requies
1535 3904 1685 3980 ‘mea;
1737 3899 1805 3969 ibi
1852 3929 1940 3968 re-

356 4023 591 4089 quiesco.
631 4018 894 4087 Quantum
937 4030 1034 4068 nos
1075 4020 1216 4064 amat
1245 4010 1384 4064 Deus
1409 4049 1423 4073 ,
1467 4008 1681 4071 fratres,
1726 4016 1784 4058 ut
1820 4005 1940 4073 quia

360 4128 454 4167 nos
500 4110 917 4180 requiescimus,
961 4121 1017 4160 sc
1060 4105 1202 4158 dicat
1244 4100 1608 4170 requiescere!
1653 4097 1766 4150 Non
1801 4097 1941 4151 enim

361 4203 469 4271 ipse
514 4200 799 4271 aliquando
832 4199 1092 4261 turbatur,
1135 4203 1225 4247 aut
1264 4193 1339 4246 sic
1386 4189 1700 4260 requiescit;
1745 4189 1839 4241 sed
1873 4188 1940 4241 ibi

359 4310 413 4349 se
442 4296 570 4350 dicit
605 4294 956 4362 requiescere,
985 4289 1102 4358 quia
1129 4302 1222 4341 nos
1253 4285 1306 4339 in
1339 4285 1426 4338 illo
1460 4283 1692 4350 requiem
1724 4280 1940 4334 habebi—

360 4400 494 4439 Inus.
522 4383 625 4438 Hic
651 4381 910 4445 habitabo,
935 4379 1167 4448 quoniam
1200 4375 1429 4446 prceelegi
1458 4390 1588 4426 eam.

320 4485 335 4490 ’
425 4478 518 4531 25.
581 4475 757 4548 [υενδ.
804 4472 928 4544 15.]
991 4471 1207 4525 Viduam
1244 4471 1352 4539 ejus
1400 4467 1690 4520 benedicens
1740 4466 1940 4518 benedi-

345 4586 499 4634 ‘cam,
531 4579 575 4620 et
605 4566 984 4636 jmupcreseius
1019 4561 1253 4615 saturabo
1285 4559 1518 4630 panibus.
1555 4556 1739 4611 Omnis
1769 4557 1942 4609 anima

361 4677 475 4728 qum
517 4659 762 4728 intelligit
801 4673 857 4711 se
907 4658 1170 4710 desertam
1198 4653 1342 4707 omni
1385 4651 1602 4715 auxilio,
1654 4650 1752 4703 nisi
1777 4647 1944 4703 solius

367 4753 476 4817 Dei,
512 4751 666 4804 vidua
708 4757 810 4803 est.
866 4745 1143 4813 Quomodo
1181 4745 1320 4798 enim
1367 4742 1650 4812 Apostolus
1694 4740 1944 4794 describit

362 4842 606 4898 viduam?
633 4839 759 4908 Quia
781 4849 943 4891 autent
965 4854 1074 4890 vere
1099 4836 1247 4888 vidua
1269 4844 1336 4888 est
1354 4844 1398 4887 et
1426 4831 1669 4895 desolata,
1687 4832 1900 4902 speravit
1922 4831 1942 4861 ³

351 4935 410 4986 'in
441 4933 736 4986 Dominum.
765 4929 960 4998 Agebat
991 4937 1164 4980 autem
1191 4925 1255 4978 de
1282 4924 1394 4978 istis
1417 4923 1584 4976 viduis
1607 4938 1736 4990 quas
1757 4936 1943 4975 oumes

365 5024 586 5079 dicimus
625 5021 643 5054 δ
677 5023 725 5076 in
758 5019 1014 5074 Ecclesia.
1051 5017 1263 5074 Dixerat
1287 5024 1463 5068 autem
1486 5054 1499 5076 ,
1525 5011 1651 5077 Qua:
1675 5013 1726 5064 in
1751 5012 1943 5064 deliciis

365 5116 497 5185 agit,
530 5115 695 5167 virens
725 5121 921 5163 mortua
947 5119 1054 5172 est;
1094 5115 1149 5162 et
1175 5123 1278 5160 non
1309 5105 1449 5158 illam
1483 5102 1778 5156 numeravit
1806 5101 1943 5154 inter

366 5207 565 5260 viduas.
615 5203 929 5257 De-ci'ibeus
974 5209 1150 5252 autem
1181 5196 1366 5250 viduas
1396 5204 1636 5259 Sanctas,
1674 5191 1796 5259 quid
1837 5191 1942 5244 ait?

370 5296 490 5362 Qua’
510 5305 671 5349 autem
691 5309 798 5346 vere
819 5292 966 5345 vidua
995 5300 1065 5343 est
1097 5299 1142 5342 et
1171 5287 1415 5350 desolata,
1443 5285 1652 5354 speravit
1686 5285 1736 5335 in
1766 5282 1942 5334 Domi-

413 5394 443 5444 "
470 5411 538 5482 sic
561 5408 741 5482 aliquot
895 5409 1088 5464 Quidam
1113 5415 1248 5470 vero,
1274 5397 1526 5464 pt'wdixit.
1570 5395 1656 5445 Alii
1679 5409 1786 5445 cum
1808 5395 1940 5455 Edd.,

366 5470 660 5534 praedicat-it.

424 5539 440 5565 ²
467 5537 536 5584 Sic
557 5539 662 5582 Mss.
690 5529 889 5593 Atalth
913 5526 1022 5593 ideo
1039 5524 1084 5593 ei
1103 5521 1354 5593 juravitet
1372 5519 1514 5593 discit.

426 5596 446 5628 ³
468 5579 836 5656 ἰδγξὲρειέαὸίι
909 5597 962 5638 et
999 5579 1139 5659 in-frzi,
1175 5585 1391 5659 persistet
1425 5582 1474 5632 in
1505 5579 1740 5659 precibus.
1765 5585 1938 5659 Al‘Am.

367 5660 434 5702 Er.
462 5664 514 5727 et
532 5648 659 5714 Mss,
681 5650 906 5715 speravit,
933 5648 1155 5714 persistit,
1191 5648 1329 5709 juxta
1355 5656 1567 5708 graecum
1605 5648 1794 5693 textum
1820 5651 1940 5702 apo-

371 5729 385 5751 Κ

371 5729 385 5751 κ
462 5723 469 5727 .

367 5723 658 5842 ’Ἣιζειιωω
684 5784 811 5835 Mss,
837 5773 1052 5825 dixerat.

1485 328 1878 386 ENARRATIO
1919 327 1980 382 IN
2021 316 2332 386 rsaLnuu
2358 329 2601 390 ‘cxxxr.

3485 344 3622 399 1726

2048 457 2167 494 num
2188 485 2201 506 ,
2227 455 2272 497 et
2306 447 2523 515 perSistit
2556 451 2606 502 in
2635 446 2860 519 precibus
2884 461 2930 504 et
2956 454 3375 509 obsecrationibus
3398 468 3539 512 nocte
3568 470 3628 511 ac

2046 533 2144 587 die.
2172 534 2243 589 ibi
2271 537 2513 605 subjecit,
2536 540 2660 604 Qua:
2683 551 2848 594 autem
2871 545 2922 596 in
2944 543 3134 597 deliciis
3161 547 3283 614 agit,
3313 547 3476 600 vivens
3494 567 3628 602 mor-

2046 635 2131 677 tua
2155 636 2228 679 est
2249 626 2290 698 (Ι
2314 627 2448 682 Tim.
2472 644 2528 695 v,
2548 630 2601 693 5,
2623 629 2699 702 6).
2721 631 2870 687 Unde
2899 649 3025 704 ergo
3045 636 3196 688 vidua
3230 638 3343 690 est?
3365 638 3496 706 Quia
3523 656 3627 694 non

2047 715 2205 770 habet
2237 719 2490 772 auxilium
2520 721 2751 787 aliunde,
2786 724 2883 776 nisi
2912 724 3076 778 solius
3108 726 3222 780 Dei.
3251 726 3354 780 Illa:
3381 745 3496 797 qua:
3529 730 3627 783 ba-

2044 806 2170 861 beut
2219 809 2399 875 viros,
2443 811 2594 878 quasi
2640 814 2952 881 superbiant
2996 815 3062 870 de
3108 817 3303 870 auxilio
3335 818 3564 873 virorum
3610 839 3622 873 :

2045 898 2269 953 deserta:
2315 901 2559 957 videntur
2597 905 2767 960 viduae
2790 946 2805 972 ,
2852 917 2905 960 et
2941 907 3212 963 robustius
3251 919 3331 963 est
3368 912 3625 966 auxilium

2046 1003 2247 1043 carum.
2269 991 2408 1058 Ergo
2433 1001 2536 1045 tota
2563 993 2796 1048 Ecclesia
2821 1011 2923 1050 una
2945 997 3100 1051 vidua
3125 1010 3226 1062 est,
3260 1001 3370 1054 sive
3397 1001 3452 1054 in
3478 1002 3624 1069 viris,

2046 1081 2156 1166 sive
2186 1082 2238 1134 in
2277 1081 2484 1138 feminis
2505 1125 2519 1150 ,
2552 1086 2664 1141 sive
2693 1086 2745 1139 in
2776 1088 3068 1158 conjugatis
3092 1131 3106 1154 ,
3139 1091 3250 1146 sive
3289 1093 3339 1146 iu
3371 1094 3629 1149 maritalis

2045 1171 2287 1236 feminis,
2321 1174 2430 1229 sive
2463 1176 2512 1229 in
2541 1177 3000 1247 adolescentibus,
3027 1181 3138 1236 sive
3169 1183 3220 1236 in
3249 1185 3483 1248 senibus,
3518 1187 3628 1240 siv:

2046 1262 2098 1316 in
2124 1263 2414 1334 virginibus
2439 1283 2453 1321 :
2477 1269 2649 1324 omnis
2688 1270 2922 1325 Ecclesia
2953 1287 3052 1325 una
3081 1273 3232 1326 vidua
3265 1284 3347 1328 est
3373 1316 3385 1338 ,
3416 1275 3625 1331 deserta

2045 1354 2096 1408 in
2133 1355 2231 1410 hoc
2260 1352 2488 1422 saeculo,
2534 1358 2580 1414 'si
2625 1362 2786 1414 sentit
2831 1362 2994 1427 illud,
3039 1365 3083 1417 si
3131 1366 3276 1419 novit
3319 1367 3627 1421 viduitatem

2045 1460 2230 1514 suam;
2282 1459 2405 1504 tunc
2443 1449 2586 1506 cnim
2633 1453 2886 1508 auxilium
2937 1465 3131 1524 prarsto
3174 1467 3254 1512 est
3302 1459 3395 1511 illi.
3441 1458 3628 1513 Nonne

2044 1541 2329 1607 agnoscitis
2389 1543 2539 1596 istam
2593 1543 2801 1598 viduam
2847 1545 2897 1599 in
2931 1547 3243 1616 Evangelio,
3274 1547 3464 1602 fratres
3493 1551 3626 1613 mei,

2046 1645 2165 1684 eum
2194 1625 2399 1690 diceret
2431 1634 2686 1688 Dominus
2714 1646 2962 1705 oportere
2990 1637 3199 1707 semper
3224 1656 3378 1694 orare
3403 1682 3416 1703 ,
3447 1649 3499 1694 et
3526 1657 3628 1693 non

2043 1721 2275 1777 deficere
2297 1721 2320 1774 ?
2350 1723 2472 1776 Erat
2502 1727 2707 1793 quidam
2723 1728 2886 1796 judea:
2911 1728 2961 1780 in
2989 1729 3185 1781 civitate
3205 1768 3221 1795 ,
3247 1729 3372 1782 dixit
3395 1769 3411 1796 ,
3433 1731 3519 1797 qui
3542 1747 3630 1784 nec

2045 1810 2209 1866 Deum
2235 1814 2436 1867 timebat
2459 1857 2472 1879 ,
2507 1816 2594 1869 uec
2625 1819 2874 1870 hominem
2901 1820 3241 1882 reverebatur,‘
3267 1831 3313 1872 et
3341 1821 3630 1890 interpella-

2040 1902 2128 1956 bat
2153 1921 2265 1958 eum
2293 1907 2522 1974 quazdam
2545 1907 2692 1959 vidua
2713 1909 2934 1976 quotidie
2953 1951 2966 1973 ,
2994 1919 3039 1962 et
3060 1909 3272 1973 dicebat,
3315 1911 3524 1962 Vindicet
3553 1927 3630 1964 me

2045 1996 2108 2048 de
2135 1996 2422 2050 adversario
2461 2015 2588 2052 meo.
2633 1999 2699 2056 Et
2740 2000 3130 2068 interpellando
3159 2000 3394 2070 quotidie
3430 2001 3586 2055 vidua
3611 2043 3626 2066 ,

2044 2088 2201 2160 fregit
2228 2091 2394 2144 illum.
2427 2091 2508 2144 Ait
2533 2093 2662 2144 enim
2691 2093 2798 2160 ipse
2817 2093 2984 2162 judca:
3009 2093 3146 2161 apud
3167 2111 3234 2156 se,
3259 2095 3342 2163 qui
3363 2110 3450 2146 nec
3474 2093 3631 2146 Deum

2045 2181 2270 2246 timebat,
2301 2199 2390 2234 nec
2417 2183 2666 2235 hominem
2692 2185 3006 2239 reverebatur
3031 2201 3048 2240 :
3077 2184 3187 2238 Etsi
3219 2185 3399 2248 Deum,
3430 2203 3530 2240 non
3555 2188 3628 2240 ti-'

2044 2289 2183 2338 meo,
2217 2290 2304 2326 nec
2335 2274 2585 2327 hominem
2614 2274 2846 2328 erubesco
2869 2317 2882 2340 ,
2927 2276 3003 2329 vel
3027 2287 3231 2346 propter
3260 2277 3464 2329 ta‘dium
3502 2277 3632 2342 quod

2044 2365 2169 2416 mihi
2195 2365 2317 2434 facit
2343 2366 2440 2418 ista
2478 2365 2658 2428 vidua,
2696 2368 2956 2420 vindicabo
2995 2384 3125 2420 enm.
3159 2369 3211 2421 Si
3243 2368 3438 2422 audivit
3463 2367 3630 2437 judex

2046 2456 2223 2508 malus
2251 2455 2468 2509 viduam
2495 2497 2509 2520 ,
2541 2473 2607 2510 ne
2633 2457 2842 2512 bedium
2870 2468 3161 2527 pateretur;
3192 2459 3327 2512 Deus
3357 2475 3457 2512 non
3488 2458 3630 2512 audit

2043 2544 2361 2631 Eccles‘iam,
2389 2562 2546 2617 quam
2573 2546 2814 2603 hortatur
2840 2555 2896 2602 ut
2946 2548 3262 2618 deprecetur
3301 2547 3448 2621 (Luc.
3483 2564 3630 2615 xvut,

2045 2635 2202 2708 4-8)?
2777 2662 2782 2667 -

2113 2727 2204 2784 24.
2239 2729 2368 2786 Item
2387 2771 2400 2795 ,
2429 2729 2687 2802 Pauperes
2713 2733 2821 2803 ejus
2847 2732 3083 2786 saturabo
3109 2732 3350 2802 panibus:
3381 2732 3501 2801 quid
3528 2742 3630 2798 est,

2044 2818 2278 2876 fratres?
2307 2822 2483 2877 Simus
2511 2837 2771 2892 pauperes
2794 2864 2808 2888 ,
2834 2832 2887 2876 et
2916 2831 3040 2876 tunc
3070 2824 3444 2877 saturabimur.
3480 2824 3627 2878 Multi

2047 2924 2433 2981 prtesumeutes
2471 2915 2540 2969 de
2583 2914 2781 2970 sacculo
2810 2924 2864 2970 et
2893 2915 3141 2986 superbi,
3167 2914 3438 2968 christiani
3473 2925 3628 2981 srmt;

2044 3004 2270 3058 adorant
2293 3005 2588 3072 Christum,
2613 3006 2709 3060 sed
2739 3021 2845 3060 non
2873 3015 3212 3060 saturantur:
3238 3007 3454 3060 saturati
3487 3007 3626 3062 enim

2044 3107 2202 3160 sunt,
2225 3107 2280 3153 et
2297 3099 2568 3154 abundant
2595 3099 2646 3152 in
2669 3099 2914 3168 superbia
2941 3113 3055 3152 sua.
3093 3099 3164 3152 De
3193 3098 3382 3153 talibus
3409 3098 3626 3160 dicitur,

2049 3190 2390 3268 opprobrium
2408 3192 2475 3251 eis
2489 3192 2570 3267 qui
2589 3189 2866 3256 abundant,
2888 3199 2931 3242 et
2944 3189 3194 3263 despectio
3210 3188 3434 3262 superbis
3459 3187 3625 3264 (l’sal.

2045 3305 2110 3344 cx
2124 3307 2212 3355 xu,
2245 3289 2298 3361 4)
2331 3307 2344 3343 :
2372 3290 2454 3343 isti
2483 3289 2782 3353 abundant;
2807 3299 2859 3341 et
2889 3284 3008 3341 ideo
3035 3286 3376 3350 manducauit,
3403 3285 3495 3339 sed
3525 3299 3628 3338 non

2045 3392 2369 3436 saturantur.
2421 3382 2484 3435 Et
2522 3380 2645 3451 quid
2685 3380 2750 3434 de
2793 3381 2897 3434 illis
2933 3379 3133 3434 dictum
3173 3387 3255 3433 est
3294 3378 3344 3431 in
3387 3376 3628 3446 psalmo?

2046 3473 2483 3527 Manducarerunt
2530 3482 2576 3526 et
2629 3472 2968 3524 adoraverunt
3017 3486 3188 3523 omnes
3235 3469 3409 3522 divites
3461 3479 3626 3522 terra.

2045 3565 2279 3619 Adoraut
2309 3565 2574 3618 Christum
2595 3605 2610 3625 ,
2652 3571 2970 3616 venerantur
2999 3559 3266 3615 Christum
3291 3560 3628 3628 ,supplicatﬂ

2044 3654 2294 3718 Christo;
2345 3653 2438 3708 sed
2474 3668 2576 3706 non
2614 3662 2919 3707 saturantur
2957 3652 3215 3720 sapientia
3244 3659 3295 3704 et
3318 3651 3520 3720 justitia
3545 3651 3629 3718 ip-

2045 3746 2177 3799 sius.
2221 3744 2437 3812 Quare?
2462 3743 2594 3811 Quia
2628 3757 2732 3796 non
2765 3751 2889 3796 sunt
2916 3755 3194 3811 pauperes.
3241 3741 3510 3808 'Pa'uperes
3537 3755 3628 3794 air-

2047 3848 2188 3901 tum,
2237 3837 2289 3892 id
2333 3846 2412 3890 est
2458 3834 2686 3889 humiles
2729 3834 2924 3896 corde,
2975 3841 3173 3902 quanto
3213 3833 3330 3900 plus
3367 3833 3625 3892 esuriant.

2036 3929 2192 3982 tanto
2236 3928 2354 3996 plus
2403 3925 2751 3990 manducant;
2795 3933 2940 3978 tanto
2971 3933 3145 3977 autem
3189 3923 3305 3990 plus
3343 3923 3624 3988 esuriant,

2046 4012 2240 4089 quanto
2260 4027 2288 4072 ‘a
2317 4017 2514 4072 saeculo
2539 4017 2722 4070 inanes
2739 4023 2879 4069 sunt.
2903 4013 3001 4081 Qui
3028 4014 3212 4082 plenus
3243 4020 3344 4078 est,
3369 4011 3624 4082 quidquid

2047 4109 2121 4165 illi
2169 4111 2386 4164 daturus
2423 4125 2514 4175 es,
2557 4107 2796 4177 respuit;
2854 4107 2972 4175 quia
3017 4105 3203 4174 plenus
3241 4097 3341 4157 est.
3384 4105 3456 4157 Da
3496 4103 3624 4157 milii

2046 4202 2366 4254 esurientem
2394 4242 2406 4261 ,
2440 4199 2505 4252 da
2538 4198 2663 4251 mihi
2693 4196 2759 4251 de
2789 4197 2980 4265 quibus
3009 4195 3204 4248 dictum
3237 4203 3340 4260 cst,
3371 4192 3513 4246 Beati
3540 4193 3626 4262 qui
3692 4191 3694 4194 ’

2047 4291 2272 4345 esuriant
2300 4300 2344 4342 et
2375 4290 2545 4341 sitiunt
2565 4287 2838 4355 justitiam,
2863 4285 3108 4356 quoniam
3140 4284 3235 4354 ipsi
3265 4283 3626 4337 satur-abutitur

2048 4385 2065 4449 (
2096 4384 2279 4437 Matth.
2314 4398 2368 4445 γ,
2398 4382 2429 4436 6
2455 4383 2579 4452 );ct
2608 4389 2764 4435 erunt
2785 4380 2836 4433 bi
2861 4379 3124 4448 pauperes
3153 4376 3220 4430 de
3245 4377 3437 4446 quibus
3469 4377 3626 4430 modo

2047 4475 2194 4539 dicit,
2225 4475 2287 4527 Et
2307 4488 2550 4543 pauperes
2576 4471 2683 4542 ejus
2701 4473 2932 4525 saturabo
2951 4469 3182 4540 panibus.
3203 4469 3334 4534 Quia
3362 4477 3415 4521 et
3442 4468 3491 4521 in
3511 4467 3626 4536 ipso

2049 4567 2251 4635 psalmo
2283 4565 2367 4618 ubi
2399 4565 2596 4618 dictum
2618 4572 2718 4625 cst,
2752 4561 3184 4615 Manduciwcruut
3210 4569 3256 4612 et
3287 4558 3622 4611 adnumerant

2047 4674 2215 4710 onmes
2236 4656 2411 4709 divites
2442 4665 2615 4719 ten-ar;
2642 4654 2836 4706 dictum
2863 4662 2944 4706 est
2971 4652 3077 4705 illic
3104 4662 3156 4705 ct
3185 4650 3251 4704 de
3281 4650 3619 4719 pauperibus,

2047 4763 2097 4804 et
2120 4764 2339 4820 prorsus
2364 4764 2429 4802 eo
2457 4746 2614 4800 modo
2649 4761 2752 4815 quo
2773 4754 2826 4799 et
2851 4745 2905 4798 in
2926 4745 3027 4797 isto
3055 4745 3278 4810 psalmo,
3307 4742 3468 4794 lt'dcnt
3492 4758 3619 4808 pau—

2048 4860 2209 4913 percs,
2230 4851 2274 4895 et
2296 4840 2675 4898 saturabuntur,
2695 4846 2740 4889 et
2763 4836 3036 4888 laudabunt
3059 4835 3331 4887 Dominum
3349 4833 3433 4898 qui
3454 4832 3621 4897 requio

2046 4944 2163 4986 rtmt
2189 4949 2298 4985 eum
2326 4929 2494 4996 (Psal.
2528 4944 2638 4992 χχι,
2671 4927 2760 4989 50,
2784 4925 3024 4996 27).,Ubi
3049 4925 3245 4978 dictum
3265 4933 3364 4987 est,
3397 4920 3622 4973 Mandu-

2046 5031 2282 5076 caverunt
2308 5031 2352 5072 et
2375 5020 2714 5071 adoraverunt
2738 5031 2910 5069 omnes
2935 5017 3108 5068 divites
3134 5024 3311 5075 teme;
3335 5012 3401 5065 ibi
3425 5011 3620 5064 dictum

2047 5111 2320 5177 cst,Edent
2340 5124 2606 5178 pauperes,
2623 5118 2666 5160 et
2689 5106 3066 5160 saturabuutur.
3081 5105 3256 5171 Quare
3273 5102 3482 5170 quando
3499 5102 3622 5156 divi-

2049 5212 2126 5256 tes
2153 5201 2280 5253 dicti
2301 5209 2423 5252 sunt
2439 5199 2708 5261 adorasse,
2735 5196 2954 5250 saturati
2977 5213 3078 5248 non
3096 5195 3220 5248 dicti
3239 5201 3390 5256 sunt;
3414 5194 3624 5261 quando

2046 5301 2221 5344 autem
2270 5303 2526 5357 pauperes
2564 5287 2691 5341 dicti
2734 5297 2890 5349 sunt,
2933 5285 3155 5338 saturati
3198 5282 3323 5336 dicti
3370 5282 3530 5336 sunt?
3562 5283 3626 5336 Et

2047 5381 2186 5435 unde
2206 5379 2464 5435 Saturati?
2504 5378 2616 5431 haec
2636 5378 2904 5441 saturitas,
2931 5375 3140 5437 fratres,
3165 5373 3336 5443 qualis
3353 5373 3458 5427 est?
3487 5373 3624 5425 Deus

2048 5475 2160 5544 ipse
2181 5483 2258 5528 est
2287 5473 2454 5542 panis.
2485 5471 2659 5532 l’auis,
2679 5479 2733 5523 ut
2767 5470 2845 5522 lac
2871 5468 3022 5522 nobis
3050 5466 3219 5531 fieret,
3251 5464 3526 5518 descendit
3556 5465 3624 5517 ad

2049 5577 2272 5625 terram;
2302 5575 2353 5618 et
2374 5565 2444 5618 ait
2465 5565 2573 5617 suis
2602 5581 2614 5615 :
2644 5561 2752 5632 Ego
2781 5578 2891 5614 sunt
2914 5561 3057 5628 panis
3088 5560 3222 5612 vivus
3248 5599 3260 5621 ,
3293 5558 3378 5626 qui
3407 5556 3468 5610 de
3487 5556 3612 5609 creto

2050 5651 2275 5712 descendi
2294 5655 2474 5725 (Joan.
2492 5669 2562 5717 vt,
2582 5654 2693 5722 ιιι).
2719 5651 2838 5705 Iden
2863 5651 3034 5706 illiciti
3061 5651 3284 5718 psalmo,
3309 5647 3471 5700 Edent
3494 5661 3618 5713 pau-

2053 5752 2214 5821 peres,
2238 5759 2282 5801 et
2307 5745 2681 5801 satu’rabtmtur.
2704 5743 2778 5799 De
2804 5758 2908 5814 quo
2929 5741 3292 5797 satiabuntur?
3325 5736 3461 5794 Audi
3480 5732 3621 5807 quod
