4032 6202
404 331 540 412 ne

397 471 642 542 sequitur
677 488 690 524 :
721 455 787 524 Et
822 451 1096 524 laudabunt
1129 465 1406 521 Dominum
1434 467 1519 534 qui
1553 467 1822 536 requirunt
1857 483 1991 520 eum.

475 559 568 618 9.5.
613 561 794 615 Estotc
819 573 946 627 ergo
973 572 1232 628 pauperes
1254 600 1267 621 ,
1299 565 1472 612 estote
1497 557 1547 610 iu
1581 556 1832 611 membris
1859 557 1998 612 illius

408 649 608 718 \‘iduat,
640 665 744 705 non
762 649 831 702 sit
851 649 1104 702 auxilium
1133 657 1370 704 vestrum
1400 647 1499 701 nisi
1527 647 1580 701 in
1609 663 1714 702 uno
1737 647 1864 702 Deo.
1896 649 1994 702 Pe—

409 741 566 795 cunia
609 740 738 794 nihil
778 749 894 804 est;
937 755 1041 794 non
1080 739 1204 794 inde
1241 739 1494 792 auxilium
1523 737 1802 793 habebitis.
1845 737 1994 792 lllulti

413 836 629 898 propter
678 829 956 898 pecuniam
1009 827 1318 898 prmcipitati
1369 836 1528 893 sunt,
1574 827 1726 880 multi
1781 836 1998 897 propter

411 921 689 988 pecuniam
719 921 995 989 perierunt
1020 935 1036 974 :
1066 919 1216 972 multi
1249 927 1464 988 propter
1483 912 1756 987 pecuniam
1775 918 1996 1002 multam

413 1009 626 1076 ψωθία
646 1019 770 1064 sunt
793 1025 824 1063 a
847 1009 1178 1079 raptoribus;
1209 1009 1303 1062 tuti
1326 1017 1526 1074 essent,
1550 1008 1594 1063 si
1617 1023 1720 1062 non
1741 1007 1998 1062 haberent

415 1115 580 1170 quare
595 1109 980 1170 q‘umrerentur.
1006 1100 1152 1154 Multi
1171 1099 1238 1154 de
1255 1099 1438 1154 amicis
1461 1099 1847 1170 potentioribus
1864 1097 1998 1169 pra:-

412 1197 758 1260 sumpserunt
781 1209 794 1246 :
816 1189 1126 1246 ceciderunt
1155 1191 1224 1244 illi
1251 1189 1316 1244 de
1330 1189 1519 1260 quibus
1545 1199 1996 1260 praesumpserant

404 1289 468 1333 et
509 1282 842 1336 inrolverunt
867 1298 959 1338 eos
981 1283 1070 1352 qui
1092 1282 1160 1337 de
1188 1297 1246 1337 se
1287 1289 1759 1352 prtesumpsernnt.
1810 1281 1999 1350 li‘espi-

411 1372 525 1426 'cite
561 1373 800 1443 exempla
823 1374 1031 1442 generis
1063 1371 1299 1427 humani;
1329 1371 1468 1440 Quid
1490 1386 1736 1442 magnum
1755 1371 1996 1442 estquod

412 1457 570 1516 Vobis
602 1463 836 1518 dicitur?
878 1463 992 1518 NOn
1025 1464 1196 1518 Solum
1224 1463 1292 1517 de
1317 1461 1400 1516 his
1425 1461 1716 1531 Seripturis
1741 1477 1804 1516 ea
1831 1460 1999 1531 loqni-
2033 1470 2037 1474 “

418 1569 569 1618 mur;
611 1555 766 1624 legite
791 1571 848 1609 ea
876 1555 926 1609 in
955 1556 1080 1609 orbe
1108 1565 1390 1610 terrarum.
1429 1553 1700 1608 Attendite
1730 1568 1834 1606 non
1865 1568 2000 1620 prae-

421 1661 634 1702 sumere
663 1649 730 1704 de
761 1649 1000 1718 pecunia,
1051 1648 1118 1702 de
1159 1648 1332 1702 amico
1387 1646 1634 1712 homine,
1684 1644 1752 1700 de
1795 1644 2000 1699 honore

406 1745 468 1791 ἰιι
503 1737 753 1808 jactantia
798 1740 1000 1795 saeculi.
1041 1739 1192 1794 Tolle
1237 1739 1333 1793 ista
1373 1738 1589 1792 omnia:
1619 1737 1712 1792 sed
1744 1735 1790 1792 si
1834 1735 2000 1792 habes

415 1829 529 1896 illa,
554 1845 651 1900 age
681 1831 788 1886 Deo
815 1832 1011 1903 gratias
1040 1832 1082 1885 si
1098 1831 1404 1886 eontcntnis
1433 1829 1540 1884 illa.
1566 1830 1620 1884 Si
1646 1837 1824 1883 autem
1849 1827 2001 1888 inﬂa-

410 1920 494 1973 ~ris
515 1920 660 1987 inde,
689 1923 795 1976 noli
817 1923 1092 1978 attendere
1116 1922 1326 1992 quando
1351 1921 1456 1976 eris
1479 1921 1662 2002 praeda
1693 1919 1997 1986 hominum;

414 2008 526 2078 jam
553 2011 764 2066 diabolo
803 2011 980 2081 pra-da
1015 2018 1101 2066 'es.
1134 2013 1189 2066 Si
1221 2022 1402 2066 autem
1453 2011 1521 2066 de
1565 2011 1646 2066 his
1689 2011 1850 2066 rebus
1893 2021 1999 2064 non

419 2104 841 2173 praesumpseris,
871 2104 976 2158 eris
1005 2105 1056 2158 in
1087 2103 1338 2158 membris
1379 2103 1521 2157 illius
1549 2102 1739 2164 \‘iduze,
1769 2117 1886 2172 qua:
1918 2111 1999 2156 est

417 2193 652 2248 Ecclesia
674 2236 689 2261 ,
729 2192 796 2251 de
821 2211 921 2266 qua
949 2195 1151 2252 dictum
1183 2206 1283 2261 est,
1319 2195 1534 2248 Viduam
1561 2195 1672 2264 ejus
1703 2194 1998 2248 benedicens

417 2286 704 2342 benedicam
731 2303 750 2342 :
775 2287 884 2344 eris
907 2298 963 2344 et
982 2304 1198 2360 pauper,
1229 2288 1297 2343 de
1320 2287 1563 2358 qualibus
1585 2287 1782 2342 dictum
1804 2296 1907 2352 est,
1933 2285 1999 2340 Et

415 2391 662 2446 pauperes
675 2377 786 2448 ejus
801 2380 1038 2434 saturabo
1059 2377 1292 2450 panibus.

485 2467 576 2524 26.
605 2470 900 2540 Aliquando
927 2479 1104 2526 autem
1124 2509 1142 2537 ,
1169 2469 1309 2540 quod
1341 2485 1446 2524 non
1475 2477 1560 2522 est
1587 2467 1996 2539 praetermitten-

414 2559 540 2613 dum
571 2560 768 2628 dicere,
802 2562 1008 2617 invenis
1036 2577 1325 2633 pauperem
1359 2561 1668 2632 superbum,
1694 2569 1747 2614 et
1779 2559 1996 2614 divitem

419 2649 671 2706 humilem
704 2669 717 2704 :
768 2652 1004 2721 quotidie
1049 2652 1277 2722 patimur
1322 2651 1472 2706 tales.
1506 2651 1672 2705 Audis
1711 2655 1998 2720 pauperem

411 2741 572 2808 "quasi
595 2751 895 2812 gementem
927 2744 1026 2798 sub
1050 2741 1214 2796 divite
1231 2785 1246 2807 ,
1269 2750 1324 2797 et
1350 2741 1560 2812 quando
1588 2740 1852 2811 potentior
1866 2755 2000 2810 pre-

419 2829 519 2884 mit
544 2831 714 2896 dit'es,
750 2840 876 2888 tunc
901 2833 1046 2888 illum
1077 2833 1332 2887 humilem
1363 2831 1512 2887 rides
1543 2848 1558 2887 :
1589 2831 1874 2903 aliquando
1903 2845 2001 2886 nec

416 2929 540 2978 tunc
561 2963 575 2989 ,
603 2921 698 2978 sed
723 2933 776 2978 et
803 2933 926 2980 tunc
963 2924 1286 2994 Superbum;
1316 2924 1456 2980 unde
1488 2923 1638 2979 vides
1673 2922 1794 2994 quis
1823 2931 1997 2990 esset,

409 3012 460 3067 si
482 3012 680 3084 aliquid
709 3013 946 3070 haberet.
970 3015 1109 3086 Ergo
1130 3031 1330 3085 pauper
1356 3015 1451 3070 Dei
1477 3015 1527 3068 in
1555 3017 1734 3068 animo
1760 3022 1863 3078 est,
1891 3028 1998 3068 non

416 3101 469 3156 in
497 3091 729 3161 sacculo.
761 3105 1008 3162 Procedit
1035 3106 1320 3176 aliquando
1358 3103 1519 3160 homo
1559 3104 1760 3160 hahens
1789 3103 1999 3174 plenam

402 3189 664 3261 domum,
697 3195 888 3250 uberes
925 3204 1130 3261 terras,
1177 3195 1342 3250 multa
1374 3194 1598 3264 prtedia,
1630 3193 1854 3248 multum
1883 3192 2000 3247 auri

411 3288 470 3336 et
492 3284 720 3352 argenti,
749 3286 898 3339 novit
923 3286 1043 3355 quia
1071 3285 1124 3338 in
1155 3284 1283 3354 ipsis
1308 3299 1413 3338 non
1441 3293 1524 3339 est
1550 3282 1998 3353 prtesumcndum,

418 3371 666 3428 hutniliat
691 3391 751 3430 se
777 3377 919 3442 Deo,
957 3375 1080 3429 facit
1109 3375 1228 3430 indu
1254 3375 1420 3441 bene;
1463 3375 1532 3428 ita
1571 3390 1664 3429 eor
1691 3375 1856 3445 ipsius
1888 3375 2000 3430 eri-

407 3465 558 3533 'gitur
591 3465 656 3518 ad
688 3466 873 3530 Deum,
899 3475 956 3520 nt
985 3467 1190 3522 noverit
1233 3467 1356 3537 quia
1397 3483 1499 3520 non
1541 3466 1713 3520 'solum
1755 3465 1891 3544 nihil
1923 3466 1999 3520 illi

414 3554 1048 3626 prosunt'dit'itim'ipsm,
1079 3556 1173 3612 sed
1207 3566 1262 3612 et
1299 3556 1594 3634 impediunt
1621 3555 1787 3625 pedes
1812 3555 1996 3624 ipsius,

416 3643 519 3698 nisi
562 3645 651 3701 ille
680 3655 830 3716 regat
867 3655 925 3702 et
963 3646 1049 3702 ille
1088 3647 1368 3703 subveniat
1397 3665 1410 3702 ε
1435 3657 1488 3702 et
1517 3656 1826 3702 numeratur
1864 3648 2000 3704 inter

407 3749 678 3805 pauperes
707 3738 796 3806 qui
826 3745 1132 3792 saturantur
1158 3737 1400 3808 panibus.
1425 3737 1636 3793 invenis
1659 3738 1820 3792 alium
1850 3739 1995 3794 men-

415 3825 593 3880 dicunt
644 3827 881 3883 inflatum
906 3869 922 3896 ,
965 3837 1056 3884 aut
1095 3829 1214 3884 ideo
1256 3845 1360 3884 non
1409 3829 1646 3884 inﬂatum
1671 3869 1686 3894 ,
1716 3829 1837 3900 quia
1867 3831 1999 3884 nihil

416 3917 604 3986 habet,
628 3932 952 3990 quaerentem
982 3929 1158 3977 tamen
1191 3921 1330 3977 unde
1360 3921 1592 3978 inﬂetur.
1623 3920 1742 3976 Non
1771 3921 2000 3977 attendit

416 4009 560 4064 Deus
593 4009 936 4080 facultatem,
981 4012 1074 4068 sed
1119 4013 1504 4084 cupiditatem:
1536 4021 1588 4069 et
1628 4012 1831 4082 judicat
1873 4028 1996 4068 eum

415 4101 706 4157 secundum
733 4093 1074 4173 cupiditatem
1095 4119 1199 4175 qua
1221 4104 1388 4158 inhiat
1409 4104 1569 4159 rebus
1597 4103 1994 4174 temporalibus,

413 4207 520 4248 non
539 4194 830 4250 secundum
854 4195 1180 4265 facultatem,
1203 4211 1359 4266 quam
1393 4213 1496 4250 non
1527 4197 1574 4251 ei
1602 4196 1857 4267 contingit
1883 4195 1998 4250 adi-

409 4285 564 4354 pisci.
607 4285 760 4342 Unde
801 4287 870 4342 de
909 4288 1170 4344 divitibus
1201 4287 1332 4343 dicit
1372 4287 1654 4356 Apostolus
1687 4304 1701 4343 :
1744 4286 1996 4342 Divitibus

408 4376 564 4447 hujus
590 4379 765 4433 saeculi
789 4380 1005 4449 prwcipe
1031 4397 1130 4434 non
1154 4379 1366 4450 superbe
1386 4397 1582 4450 sapere,
1603 4395 1762 4449 neque
1789 4396 1994 4450 sperare

413 4465 468 4519 in
493 4465 682 4520 incerto
707 4468 1025 4534 divitiarum,
1055 4470 1144 4524 sed
1171 4469 1221 4523 in
1243 4468 1346 4523 Deo
1365 4470 1492 4536 vivo,
1521 4471 1608 4540 qui
1633 4471 1774 4524 nobis
1791 4479 1993 4540 prtestat

409 4557 578 4610 omnia
617 4557 931 4614 abundanter
957 4559 1026 4612 ad
1043 4560 1330 4630 fruendum.
1371 4559 1507 4626 Quid
1537 4575 1665 4628 ergo
1693 4559 1888 4614 faciant
1925 4560 1993 4618 de

407 4646 607 4704 divitiis
643 4651 794 4706 suis?
820 4650 1070 4722 Sequitur
1093 4661 1144 4706 et
1175 4650 1540 4708 dicitzvieites
1562 4651 1662 4706 sint
1686 4652 1737 4704 in
1760 4651 1993 4721 operibus

407 4741 547 4794 bonis
565 4755 586 4805 ;
615 4743 768 4813 facile
805 4743 1055 4810 tribuant,
1085 4744 1468 4798 communicem.
1501 4743 1565 4797 Et
1593 4743 1718 4797 vide
1743 4745 1868 4813 quia
1907 4745 1992 4802 hic

409 4847 668 4903 pauperes
701 4843 828 4889 sunt
854 4852 873 4888 τ
902 4833 1287 4902 Thesaurizent,
1328 4834 1518 4904 inquit,
1553 4833 1648 4890 sibi
1685 4835 1990 4906 fundamen-

406 4924 725 4980 (umbonum
766 4927 818 4982 in
858 4927 1104 4997 futurum,
1127 4937 1188 4980 ut
1225 4927 1603 4998 appreltendant
1641 4943 1810 4982 ueram
1837 4927 1991 4982 vitam

409 5019 424 5084 (
451 5016 466 5070 l
489 5015 626 5071 Tirn.
649 5033 732 5084 vr,
761 5017 926 5074 17-19
945 5019 982 5087 ).
1019 5017 1148 5074 Cum
1179 5017 1652 5088 apprehenderint,
1683 5027 1806 5075 tunc
1829 5028 1990 5073 erunt

401 5107 626 5176 divites;
655 5110 868 5181 quando
894 5117 1069 5166 autem
1094 5125 1196 5164 non
1224 5127 1340 5164 eam
1369 5109 1542 5164 adhuc
1570 5109 1787 5175 habent,
1819 5125 1988 5165 nore-

401 5199 581 5254 rintsc
603 5215 884 5272 pauperes.
909 5199 983 5254 lta
1009 5199 1067 5254 lit
1096 5211 1154 5254 ut
1181 5214 1366 5255 omnes
1389 5199 1616 5254 humiles
1636 5200 1818 5264 corde,
1848 5207 1903 5254 et
1932 5201 1984 5256 in

397 5290 663 5346 charitate
707 5291 918 5362 gemina
956 5292 972 5322 ‘-
1007 5290 1344 5354 constitutos,
1398 5290 1650 5360 quidquid
1701 5290 1986 5347 habuerint

401 5377 454 5435 in
488 5378 590 5436 hoc
628 5383 860 5448 sarculo,
907 5382 1339 5462 intcr'pauperes
1377 5395 1504 5436 suos
1541 5390 1788 5436 numeret
1823 5381 1981 5447 Deus,

399 5483 533 5538 quos
560 5479 763 5526 saturat
785 5473 1032 5544 panibus.

460 5559 557 5614 '27.
590 5560 752 5632 [vers.
787 5563 873 5628 l6,
907 5563 1028 5637 17.]
1059 5564 1356 5620 Sacerdotes
1376 5564 1486 5630 eius
1508 5564 1716 5618 induant
1743 5565 1978 5632 salutari,

395 5658 442 5706 ct
483 5650 646 5704 sancti
687 5654 796 5720 ejus
841 5657 1176 5712 exsultatione
1215 5657 1558 5711 exsultabant.
1610 5654 1728 5711 Jam
1779 5657 1831 5711 in
1878 5658 1982 5714 line

459 5785 476 5817 ¹
497 5781 698 5834 siem.
727 5789 776 5832 at
803 5785 914 5834 tidd.
936 5787 1012 5837 alii
1039 5798 1087 5839 et
1114 5797 1241 5850 Mss,
1267 5801 1514 5855 germana.

1664 335 1725 408 's.
1766 329 2130 409 Atteus’rti‘u
2169 339 2468 414 EPISCOt‘l

3555 368 3574 421 1
3589 362 3689 424 7'53

2106 467 2304 524 Psalnti
2331 485 2546 538 sumus;
2566 473 2836 541 paululuni
2857 474 3091 530 advertat
3110 475 3353 532 Chai-itas
3372 485 3561 535 rosuri
3590 485 3690 538 Sa-

2101 562 2326 614 cerdotes
2355 562 2464 631 ejus
2487 564 2698 618 induant
2722 566 2956 632 salutari,
2985 579 3028 621 et
3051 571 3212 622 sancti
3229 571 3338 641 ejus
3353 574 3688 628 exsultatione

2101 651 2440 705 exsultabant.
2467 653 2598 720 Quis
2643 664 2729 710 est
2786 657 3032 711 salutaris
3065 669 3265 726 noster,
3303 661 3404 716 nisi
3451 661 3692 717 Christus

2103 744 2322 798 uoster?
2350 743 2486 810 Quid
2516 755 2597 800 est
2623 763 2751 818 ergo
2771 791 2784 810 ,
2816 749 3115 806 Sacerdotes
3155 754 3266 826 rjus
3293 755 3502 810 induam
3549 759 3690 812 salu-

2104 833 2238 888 tari?
2279 835 2535 907 Quotquot
2577 839 2629 892 in
2670 837 2870 895 Christo
2893 841 3132 913 bttptizati
3155 847 3272 898 estis
3295 887 3308 912 ,
3337 845 3593 901 Christum
3613 849 3695 902 iu-

2103 921 2281 979 dttistis
2302 925 2502 998 (Colat.
2531 937 2607 993 ιιι,
2633 931 2746 1000 27).
2773 931 2839 985 Et
2859 935 3140 1003 sancti'ejus
3155 937 3499 993 exsultatione
3521 943 3695 996 exsul-

2105 1014 2296 1070 tabunt.
2317 1017 2469 1073 Unde
2489 1008 2806 1076 exsultabant
2824 1041 2876 1077 ca
2889 1025 3192 1080 sultatione?
3210 1027 3344 1094 Quia
3375 1030 3543 1086 induti
3571 1043 3696 1087 sunt

2103 1107 2322 1162 salutari
2348 1126 2361 1161 :
2383 1125 2488 1164 non
2519 1111 2570 1164 in
2601 1127 2680 1167 se.
2709 1114 2821 1169 Lux
2850 1117 2992 1170 enim
3023 1116 3144 1172 facti
3175 1121 3216 1184 ⁸,
3243 1121 3335 1175 sed
3360 1123 3410 1176 in
3443 1123 3691 1188 Domino;

2103 1211 2226 1252 nam
2254 1209 2405 1254 erant
2433 1209 2554 1256 ante
2587 1204 2818 1259 tenehrte
2857 1205 2882 1275 (
2910 1204 3098 1276 Epltes.
3127 1225 3179 1275 ν,
3209 1209 3298 1280 8).
3329 1211 3396 1266 Ει
3422 1213 3542 1269 ideo
3566 1216 3688 1269 sub.

2103 1289 2248 1359 iecit,
2278 1290 2305 1344 Ι
2314 1293 2360 1346 bi
2380 1295 2628 1349 suscitabo
2657 1311 2815 1351 cornu
2847 1298 3011 1354 David
3039 1315 3060 1356 :
3086 1310 3142 1355 ut
3161 1301 3227 1358 de
3251 1303 3461 1360 Christo
3483 1323 3696 1378 praesn-

2105 1379 2298 1446 nt'at'ur,
2322 1386 2438 1454 ipsa
2469 1389 2570 1442 erit
2598 1391 2820 1444 altitudo
2846 1393 3028 1448 David.
3056 1395 3232 1450 Cornu
3261 1401 3402 1455 enim
3430 1403 3692 1472 signiﬁcat

2091 1467 2434 1532 altitudinem
2469 1485 2562 1535 πῖθι
2591 1483 2800 1552 qualem
2832 1485 3202 1544 altitudinem?
3234 1491 3346 1546 Non
3397 1497 3692 1553 carnalem.

2105 1567 2230 1622 ideo
2255 1569 2430 1625 munia
2461 1576 2582 1627 assa
2612 1589 2774 1630 carne
2814 1575 3047 1633 involuta
3089 1591 3215 1635 sunt
3241 1600 3255 1634 :
3286 1599 3452 1638 cornu
3474 1589 3696 1643 excedit

2105 1675 2340 1715 carnem.
2373 1663 2610 1720 Altitudo
2661 1667 2984 1737 spiritualis,
3013 1682 3180 1728 corn'u
3224 1685 3323 1729 est.
3346 1669 3484 1742 Quae
3513 1689 3694 1734 autem

2103 1750 2326 1806 altitudo
2349 1753 2636 1822 spiritualis
2663 1759 2745 1812 est
2771 1799 2788 1824 ,
2829 1759 2928 1814 nisi
2974 1761 3041 1816 de
3079 1763 3295 1820 Christo
3326 1783 3651 1836 pra-sumere
3679 1787 3696 1836 ;

2096 1847 2211 1894 hon
2238 1840 2438 1898 dicere.
2477 1844 2588 1915 Ego
2615 1845 2754 1902 facio
2775 1889 2792 1914 ,
2822 1865 2920 1921 ego
2947 1851 3186 1922 baptizo;
3214 1857 3329 1924 sed,
3365 1857 3464 1913 Hic
3491 1871 3561 1914 est
3607 1865 3698 1931 qui

2105 1929 2330 1999 baptizat
2359 1933 2534 2003 (Joan.
2563 1951 2600 2001 ι,
2630 1939 2768 2008 55)?
2788 1939 2864 1996 lbi
2889 1951 2972 1997 est
2997 1959 3165 1999 cornu
3198 1947 3380 2004 David.
3403 1951 3560 2022 EIJII
3593 1929 3697 2006 nu-

2104 2023 2286 2078 Veritis
2311 2027 2432 2094 quia
2459 2026 2528 2081 ibi
2553 2040 2632 2084 ρει
2659 2045 2824 2086 cornu
2855 2033 3038 2099 David,
3067 2038 3326 2095 attendite
3343 2043 3466 2110 quid
3495 2057 3697 2114 sequa-

2107 2121 2234 2168 tur:
2280 2113 2468 2171 Parari
2491 2118 2744 2174 lucernam
2771 2120 2970 2179 Clm's'o
2996 2143 3124 2180 meo.
3162 2129 3290 2196 Quae
3333 2141 3415 2186 est
3439 2133 3648 2190 ἥιρει-ηπ
3671 2139 3698 2190 ?

2104 2201 2219 2257 Jatn
2249 2207 2415 2261 nostis
2437 2209 2642 2264 Domini
2674 2214 2832 2268 verba
2857 2215 2922 2270 tle
2946 2215 3150 2272 Joanne
3183 2239 3195 2271 :
3229 2216 3332 2275 I'lle
3349 2234 3456 2276 erat
3485 2224 3696 2280 lucerna

2104 2295 2288 2350 ardens
2309 2307 2353 2350 et
2371 2299 2542 2353 lucens
2557 2301 2664 2371 (Id.
2686 2305 2867 2373 $355).
2889 2306 2960 2361 Ει
2976 2308 3100 2378 quid
3117 2311 3190 2364 ait
3207 2311 3478 2369 Joannes?
3506 2315 3600 2370 llic
3617 2329 3696 2372 est.

2104 2387 2189 2455 qui
2231 2388 2470 2459 baptista.
2501 2391 2556 2448 In
2586 2393 2686 2450 hoc
2725 2403 2850 2468 ergo
2882 2402 3226 2458 exsultabunt
3268 2408 3440 2462 sancti
3467 2450 3478 2471 ,
3509 2410 3561 2463 in
3593 2411 3694 2468 hoc

2104 2480 2445 2536 cxsultahunt
2469 2486 2774 2544 sacerdotes
2799 2507 2812 2554 ;
2845 2492 2966 2560 quia
2986 2507 3146 2549 omne
3166 2497 3306 2566 quod
3332 2497 3566 2567 ipsorum
3596 2502 3696 2556 bo-

2107 2587 2232 2626 num
2261 2583 2362 2638 est,
2386 2589 2490 2628 non
2519 2584 2601 2632 cst
2627 2579 2858 2648 ipsorum
2885 2623 2899 2649 ,
2932 2584 3024 2640 sed
3067 2587 3208 2641 illius
3234 2589 3320 2658 qui
3349 2591 3507 2648 habet
3535 2605 3694 2662 pote-

2104 2668 2294 2716 s:atem
2323 2663 2640 2734 baptizandi.
2671 2669 2901 2728 Securus
2927 2689 3055 2743 ergo
3082 2678 3285 2734 accedit
3318 2680 3387 2735 ad
3437 2685 3694 2752 templum

2104 2751 2219 2820 ejus
2250 2755 2424 2809 omnis
2453 2759 2540 2826 qui
2567 2763 2772 2832 accepit
2800 2763 3125 2834 Baptismnm
3153 2771 3196 2835 ¹;
3225 2773 3345 2841 quia
3379 2789 3482 2829 non
3513 2751 3694 2831 hom'io

2103 2842 2223 2907 nis,
2255 2843 2348 2898 sed
2383 2846 2524 2902 illius
2549 2858 2629 2905 est
2653 2852 2705 2906 in
2727 2869 2830 2923 quo
2859 2857 3168 2913 suscitatam
3198 2866 3278 2916 'e'st
3305 2867 3473 2919 cornu
3502 2867 3692 2922 David.

2175 2933 2264 2990 28.
2306 2935 2327 3009 [
2347 2954 2474 2992 vers.
2502 2941 2588 2995 18.
2613 2941 2633 3015 ]
2664 2943 2832 3014 Super
2856 2946 3022 3016 ipsum
3045 2957 3213 3005 autem
3239 2945 3434 3022 ﬂore-bit
3463 2959 3692 3026 sanctifi-

2103 3027 2234 3080 catio
2269 3044 2380 3082 mea
2421 3028 2516 3102 (α).
2547 3029 2718 3103 Super
2743 3039 2942 3106 quem?
2985 3040 3159 3111 Super
3187 3041 3456 3100 Christum
3488 3055 3692 3103 meum.

2105 3117 2304 3174 Christo
2329 3122 2470 3175 enim
2492 3139 2602 3178 meo
2631 3140 2750 3180 cum
2777 3126 2938 3195 dicit,
2972 3147 3069 3185 vox
3093 3142 3176 3210 est
3207 3134 3400 3204 Patris,
3426 3138 3514 3206 qui
3539 3139 3690 3202 dicit,

2115 3205 2331 3262 Viduam
2373 3213 2481 3281 ejus
2529 3213 2821 3272 benedicens
2870 3219 3155 3276 benedicam
3180 3267 3192 3286 ,
3219 3234 3264 3278 et
3310 3243 3555 3298 pauptrrs
3580 3230 3696 3302 ejus

2103 3302 2343 3356 satt.rabo
2367 3289 2600 3372 panibus.
2637 3307 2936 3366 Sacerdotes
2963 3315 3070 3383 ejus
3098 3316 3308 3370 induam
3344 3319 3596 3388 salutari,
3648 3333 3698 3376 et

2103 3397 2265 3448 sancti
2293 3398 2400 3466 ejus
2417 3401 2751 3456 rxsultatione
2769 3407 3110 3466 cxsultabunt.
3132 3411 3230 3475 Qui
3247 3411 3407 3478 dicit,
3428 3412 3509 3467 Ibi
3533 3417 3700 3470 susci—

2102 3490 2217 3541 tabo
2247 3503 2404 3543 conm
2433 3490 2600 3546 David
2617 3534 2632 3561 ,
2667 3494 2806 3551 Dens
2829 3507 2930 3553 est.
2965 3500 3081 3569 Ipse
3108 3502 3237 3557 dicit
3263 3545 3276 3568 ,
3305 3502 3497 3560 Parari
3522 3508 3698 3563 [arma

2103 3593 2220 3630 nant
2269 3580 2470 3636 Christo
2519 3601 2666 3652 meo,
2719 3589 2838 3657 quia
2886 3599 2941 3645 et
2981 3591 3226 3649 Christus
3275 3609 3459 3653 noster
3483 3610 3568 3656 cst
3596 3613 3697 3664 ,Ὧι

2091 3668 2348 3726 'Christus
2401 3666 2572 3730 P'atris
2611 3677 2900 3736 :Christus
2947 3693 3128 3739 noster
3177 3695 3302 3754 est,
3353 3705 3475 3745 cum
3523 3693 3698 3748 salvat

2103 3779 2202 3818 nos
2244 3773 2302 3820 et
2349 3768 2484 3837 regit
2531 3778 2628 3824 nos
2653 3811 2667 3835 ,
2700 3773 2968 3840 quomodo
3003 3786 3056 3830 et
3086 3778 3338 3837 Dominus
3367 3792 3567 3849 noster,
3593 3785 3697 3838 Fi-

2093 3855 2207 3911 ‘lius
2235 3865 2411 3912 autem
2443 3861 2652 3924 Patris;
2707 3862 2948 3922 Christus
2977 3878 3151 3923 autem
3209 3880 3264 3925 et
3293 3883 3474 3928 noster
3497 3883 3556 3929 'et
3590 3877 3696 3930 Pa-

2105 3949 2218 4002 tris.
2270 3948 2400 4002 Nam
2432 3951 2486 4004 ‘si
2529 3952 2707 4008 Patris
2757 3955 2998 4013 Christus
3044 3974 3150 4013 non
3181 3964 3492 4029 essetﬂton
3539 3967 3695 4024 dice-

2103 4049 2251 4094 retur
2299 4044 2542 4112 superius
2569 4087 2584 4108 ,
2642 4045 2856 4113 Propter
2901 4050 3066 4106 David
3129 4071 3326 4110 servant
3379 4069 3520 4112 tuum
3559 4101 3574 4122 ,
3632 4080 3700 4116 ne

2101 4140 2295 4185 aret-tas
2343 4135 2523 4204 faciem
2547 4135 2736 4192 Christi
2765 4141 2858 4194 tui.
2894 4142 3062 4213 Super
3087 4145 3252 4212 ipsum
3287 4159 3454 4204 autem
3493 4154 3697 4222 ﬂort‘bit

2099 4224 2432 4290 sanctiﬁcatio
2455 4243 2584 4280 mea.
2611 4228 2782 4299 Super
2811 4231 3075 4289 Christum
3105 4236 3278 4293 ﬂoret.
3313 4239 3476 4297 Nemo
3519 4243 3698 4300 homi~

2102 4329 2226 4367 nunt
2259 4315 2402 4370 illam
2433 4319 2531 4372 sibi
2569 4331 2847 4388 assumat,
2881 4325 3000 4394 quia
3049 4327 3160 4394 ipse
3189 4331 3521 4400 sanctificat;
3553 4336 3696 4392 alio-

2099 4407 2224 4476 quin
2273 4424 2376 4462 noa
2435 4411 2534 4464 erit
2589 4427 2814 4481 verum,
2849 4416 3020 4486 Super
3068 4419 3232 4488 ipsum
3287 4433 3455 4477 autent
3490 4428 3695 4494 ﬂorebit

2099 4498 2436 4566 sanctiﬁcatio
2461 4519 2594 4557 mea.
2623 4504 2804 4561 Gloria
2825 4509 3257 4565 sanctificationis
3282 4511 3515 4568 ﬂorebit.
3543 4502 3691 4572 San-

2097 4588 2346 4646 etifieatio
2373 4608 2502 4664 ergo
2527 4593 2722 4651 Christi
2745 4597 2798 4652 in
2830 4598 2945 4670 ipso
2970 4599 3202 4664 Christo,
3229 4611 3464 4672 potestas
3483 4611 3688 4662 sancti-

2100 4680 2360 4736 ficationis
2388 4684 2480 4738 Dei
2513 4684 2819 4742 in'Cltristo.
2852 4689 3076 4744 Florebit
3104 4693 3244 4746 enim
3275 4695 3414 4763 quod
3435 4695 3588 4760 dixit,
3621 4699 3690 4753 ad

2095 4774 2316 4842 gloriam
2344 4777 2451 4830 Vult
2479 4779 2746 4847 pertinere
2771 4799 2784 4834 :
2810 4783 3021 4851 quando
3048 4784 3188 4838 enim
3220 4785 3412 4840 florent
3439 4789 3686 4856 arbores,

2099 4875 2225 4920 tunc
2254 4865 2502 4936 'pnlehrte
2529 4877 2671 4922 sunt.
2707 4871 2845 4940 Ergo
2887 4874 3234 4928 sanctiﬁcatio
3279 4875 3331 4930 in
3377 4875 3686 4947 Baptismo;

2096 4955 2216 5008 inde
2260 4955 2415 5013 ﬂoret
2457 4957 2478 4989 ⁸
2517 4967 2571 5013 et
2602 4961 2799 5014 'cl‘at‘et.
2837 4961 2998 5018 'Untic
3041 4965 3205 5018 cessit
3244 4964 3265 4997 ⁸
3293 4968 3522 5023 mundus
3562 4970 3689 5028 huic

2097 5047 2470 5117 pulchritudini
2491 5050 2514 5104 ?
2538 5051 2668 5118 Quia
2699 5053 2984 5108 in‘Cltristo
3008 5054 3162 5110 ﬂoret
3185 5075 3199 5110 :
3224 5073 3344 5112 nam
3370 5076 3506 5128 pone
3536 5063 3683 5118 illam

2091 5139 2147 5192 in
2163 5137 2411 5196 'hominis
2429 5150 2734 5212 potestate;
2763 5145 3029 5214 quotnodo
3054 5145 3238 5214 ﬂoret,
3267 5151 3482 5220 quando
3505 5155 3683 5210 tnnnis

2201 5367 2272 5432 rr.
2296 5361 2442 5422 Lugd.
2469 5368 2607 5436 Verri,
2631 5360 2867 5436 noulin'se
2885 5361 3010 5436 enim
3029 5361 3118 5434 tua:
3139 5362 3260 5436 {acti
3275 5371 3402 5436 sunt.
3471 5433 3479 5436 Α
3503 5375 3558 5418 Μ.

2154 5423 2174 5453 ³
2199 5425 2271 5492 sic
2417 5431 2471 5472 Al
2495 5423 2626 5483 add,
2651 5423 2736 5473 sed
2751 5423 2900 5498 illius:
2926 5433 2983 5498 et
3003 5425 3118 5498 quia
3134 5423 3378 5495 illeolutbct
3394 5433 3681 5498 potestatem

2075 5476 2384 5553 baptizandi,
2404 5497 2602 5535 securus
2613 5476 2806 5535 accedit
2827 5485 2892 5534 ad
2921 5476 3149 5549 templum
3187 5486 3292 5550 ejus
3315 5476 3474 5540 amitis
3489 5476 3678 5554 qui}th

2105 5559 2183 5595 71m
2188 5559 2204 5592 ι
2237 5559 2544 5595 Ιίαιιιιδηιιιηι.

2091 5551 2204 5608 τινα
2237 5553 2544 5608 Ιίαριιδηιιιηι.

2153 5609 2291 5672 tam.
2319 5614 2391 5656 Fr.
2418 5616 2469 5658 et
2493 5607 2716 5670 plerique
2742 5615 2869 5666 Mss,
2898 5610 3025 5659 unde
3048 5607 3202 5672 ﬂoret.

2150 5669 2170 5740 ξ
2195 5671 2266 5740 sit:
2289 5677 2386 5717 Am.
2415 5669 2568 5740 priet
2587 5669 2734 5719 nostri
2758 5678 2864 5719 Mss.
2890 5679 2945 5740 ῃ
2968 5669 3102 5740 ιρι..
3125 5672 3283 5740 cedat.

2151 5732 2222 5800 (ι.)
2251 5733 2465 5800 ιςινωιιξιίι
2487 5734 2684 5793 primam
2703 5739 2889 5794 partem
2905 5731 2954 5796 y.
2971 5732 3030 5782 18
3063 5731 3321 5786 {Inimicos
3351 5735 3457 5794 ejus
3471 5734 3674 5787 induant

2085 5804 2374 5851 coa'jaswuc.
