4032 6202
372 359 502 415 1-729

366 490 488 528 mro
519 475 714 542 fenum,
740 482 793 535 et
821 473 994 540 omnis
1019 474 1228 537 claritas
1250 473 1424 535 carnis
1455 480 1511 528 ut
1535 471 1633 528 llos
1655 471 1760 528 feni
1791 470 1942 546 (1δηὶ.

365 582 450 632 xL,
475 566 554 636 6).

757 719 840 829 ni
884 720 1260 830 PSALtt-tUM
1305 766 1603 829 cxxxn

944 889 1068 944 ENA
1079 889 1353 943 RRATIO.

884 1016 1057 1071 ,εβηιιο
1096 1016 1162 1072 AD
1201 1017 1423 1054 PLURES].

429 1136 478 1187 4.
510 1132 658 1205 ἶνα-ε.
695 1134 769 1205 1.]
796 1133 1043 1192 Psalmus
1068 1135 1243 1189 brevis
1268 1145 1377 1201 est;
1403 1137 1496 1189 sed
1523 1137 1672 1190 valde
1701 1147 1853 1190 notus
1886 1147 1941 1192 et

363 1227 689 1278 nominatus.
725 1224 858 1277 Ecce
881 1242 1029 1295 quam
1069 1225 1250 1279 bonum
1280 1237 1327 1279 et
1363 1244 1514 1297 quam
1530 1229 1812 1296 jucundum
1841 1231 1936 1281 Ita-

360 1317 519 1369 bitare
561 1316 742 1384 fratres
770 1316 820 1368 in
849 1333 1022 1368 unum.
1057 1315 1127 1369 Ita
1163 1331 1322 1369 sonus
1353 1318 1449 1370 iste
1475 1318 1643 1372 dulcis
1669 1328 1767 1379 est,
1800 1327 1855 1371 ut
1883 1328 1938 1373 et

357 1407 445 1474 qui
477 1406 789 1461 Psalterium
821 1407 1082 1473 nesciunt,
1113 1407 1280 1475 ipsum
1311 1425 1516 1461 versum
1543 1420 1770 1462 cantent.
1806 1410 1934 1463 'l'am

354 1495 532 1549 dulcis
563 1506 852 1566 est,-quam
884 1497 1052 1551 dulcis
1083 1508 1164 1552 est
1193 1497 1418 1551 charitas
1448 1516 1565 1568 quze
1597 1499 1716 1553 facit
1749 1500 1934 1555 fratres

356 1586 599 1642 habitare
620 1590 668 1641 in
689 1606 870 1644 unum.
898 1593 961 1645 Et
983 1594 1082 1647 hoc
1109 1593 1342 1662 quidem,
1375 1593 1582 1658 fratres,
1611 1611 1711 1646 non
1738 1595 1935 1663 indiget

353 1676 794 1746 interpretatione
823 1722 839 1746 ,
889 1689 979 1734 aut
1027 1683 1376 1750 expositione,
1428 1699 1582 1752 quam
1636 1684 1830 1738 bonum
1879 1693 1934 1738 et

355 1786 515 1839 qnam
557 1771 847 1839 jucundum
889 1773 958 1828 sit
1001 1774 1238 1831 habitare
1276 1777 1329 1830 in
1375 1794 1567 1843 unum;
1604 1780 1697 1833 sed
1727 1797 1786 1834 ea
1815 1797 1931 1850 (IlltB

353 1871 674 1931 sequuntur,
697 1863 888 1920 habent
913 1867 1110 1936 aliquid
1131 1869 1269 1937 quod
1295 1871 1619 1938 pulsantibus
1641 1873 1928 1939 aperiatur.

359 1953 736 2010 Verumtamen
770 1964 824 2010 ut
851 1957 917 2011 ab
946 1957 1046 2012 isto
1078 1974 1234 2013 versu
1263 1959 1551 2014 descendat
1593 1962 1743 2016 nobis
1774 1964 1930 2016 intel—

349 2041 524 2098 lectus
551 2045 808 2099 universw
840 2057 1061 2102 textura:
1091 2048 1285 2103 Bsahni
1313 2091 1325 2115 ,
1368 2050 1469 2105 hoc
1505 2053 1728 2120 primum
1768 2054 1928 2113 etiam

351 2142 514 2202 atque
535 2134 703 2205 etiam
732 2137 1133 2193 consideremus
1163 2157 1175 2192 :
1205 2148 1376 2194 utrum
1407 2142 1472 2195 de
1501 2144 1746 2196 omnibus
1772 2144 1928 2198 Chri-

347 2223 537 2280 stianis
585 2225 780 2280 dictum
828 2228 918 2292 sit,
968 2228 1131 2293 Quam
1159 2231 1341 2284 bonum
1379 2241 1426 2284 et
1470 2249 1620 2302 quam
1642 2235 1928 2303 jucundum

347 2313 577 2368 habitare
615 2320 794 2387 fratres
838 2319 890 2370 in
925 2335 1122 2384 unum;
1161 2337 1228 2376 an
1269 2323 1427 2393 aliqui
1465 2325 1571 2378 sint
1615 2326 1744 2379 certi
1770 2336 1929 2395 atque

346 2404 566 2471 perfecti
589 2407 675 2474 qui
709 2406 941 2461 habitant
965 2410 1014 2462 in
1043 2427 1225 2476 unum,
1253 2428 1348 2467 nec
1373 2413 1438 2466 ad
1461 2428 1644 2468 omnes
1671 2415 1929 2483 pertineat

341 2493 451 2552 ista
503 2494 822 2564 benedictio,
869 2499 962 2553 sed
1002 2500 1068 2555 ad
1115 2503 1405 2571 quosdam,
1452 2521 1477 2556 a
1519 2507 1708 2576 quibus
1752 2515 1924 2564 tamen

345 2584 642 2640 descendat
669 2588 735 2642 ad
763 2598 1005 2648 czeteros.

416 2675 471 2727 2.
502 2675 602 2730 lsta
632 2679 771 2732 enim
802 2680 958 2735 verba
991 2682 1260 2749 Psalterii,
1291 2685 1387 2740 iste
1416 2686 1586 2742 dulcis
1612 2703 1793 2754 sonus,
1827 2692 1926 2746 iSta

347 2767 530 2820 suavis
557 2769 817 2836 melodia,
866 2773 1051 2826 tamin
1091 2775 1295 2828 cantico
1338 2791 1492 2846 quam
1533 2779 1585 2833 in
1625 2781 1921 2846 intellectu,

343 2857 505 2909 etiam
552 2862 866 2914 monasteria
915 2865 1138 2932 peperit.
1171 2865 1249 2920 Ad
1296 2866 1435 2922 hunc
1480 2884 1667 2924 sonum
1713 2873 1922 2927 excitati

341 2959 468 3000 sunt
495 2948 680 3004 fratres
709 2952 794 3019 qui
823 2951 1060 3008 habitare
1102 2956 1152 3008 in
1185 2971 1346 3010 unum
1377 2960 1788 3029 concupierunt;
1821 2963 1923 3020 iste

335 3053 530 3093 .vcrsus
556 3040 651 3093 fuit
678 3042 796 3095 tuba
839 3043 1092 3112 ipsorum.
1137 3044 1324 3100 Sonuit
1353 3064 1448 3117 per
1487 3065 1698 3106 omnem
1736 3054 1918 3112 orbem

342 3138 626 3198 terrarum,
652 3140 705 3185 et
725 3133 812 3202 qui
839 3134 991 3188 divisi
1017 3143 1186 3200 erant,
1212 3140 1511 3208 congregati
1543 3149 1686 3195 sunt.
1710 3141 1922 3197 Clamor

339 3222 456 3294 )lci,
486 3223 687 3277 clamor
717 3223 942 3293 Spiritus
968 3227 1172 3293 sancti,
1220 3227 1418 3282 clamor
1449 3231 1785 3299 propheticus
1814 3249 1918 3287 non

340 3311 657 3373 audiebatur
687 3314 736 3366 in
769 3313 973 3377 Judaea;
1005 3325 1058 3368 ct
1088 3316 1298 3371 auditus
1327 3326 1408 3372 est
1435 3319 1484 3372 in
1516 3327 1625 3375 toto
1651 3321 1779 3376 orbe
1813 3331 1920 3376 ter-

338 3418 542 3458 rarum.
572 3403 838 3458 Adversus
864 3407 1018 3460 istum
1047 3421 1234 3461 sonum
1265 3409 1407 3462 surdi
1430 3419 1600 3476 erant,
1627 3411 1765 3466 inter
1783 3429 1918 3481 quos

339 3495 688 3559 cantabatur;
720 3507 772 3550 et
798 3497 993 3565 apertis
1019 3499 1236 3553 auribus
1258 3500 1453 3556 inventi
1477 3511 1618 3564 sunt.
1642 3503 1707 3558 de
1729 3505 1919 3573 quibus

337 3587 538 3640 tlictun't
563 3599 642 3641 est
669 3607 679 3641 :
703 3589 893 3652 Quibus
917 3607 1015 3644 non
1039 3601 1111 3644 est
1133 3592 1418 3646 nuntiatum
1441 3594 1501 3647 de
1521 3583 1918 3661 illo.'vidcbunt;

337 3688 380 3728 et
407 3679 494 3745 qui
524 3696 620 3730 non
649 3680 932 3744 audierunt,
959 3682 1235 3752 intelligent
1258 3681 1408 3751 (Isai.
1439 3700 1525 3752 ιιι,
1559 3686 1668 3752 15).
1695 3686 1921 3742 Verum-

341 3777 543 3831 tamen,
576 3767 902 3825 dilectissimi
931 3810 944 3833 ,
980 3770 1022 3828 si
1059 3771 1482 3836 consideremus,
1513 3772 1579 3827 de
1606 3774 1694 3827 illo
1721 3777 1920 3843 pariete

337 3857 756 3912 ciretuncisiouis
800 3860 944 3928 prius
991 3869 1110 3915 nata
1153 3870 1234 3916 cst
1280 3862 1377 3916 ista
1423 3863 1738 3920 benedictio.
1783 3868 1916 3924 Num

338 3949 476 4000 enim
513 3962 700 4004 omnes
725 3947 892 4002 Judaei
926 3950 1242 4018 perierunt?
1269 3950 1336 4005 Ει
1375 3953 1513 4008 unde
1539 3955 1798 4023 Apostoli,
1828 3957 1917 4011 filii

339 4036 746 4105 Prophetarum,
773 4040 866 4108 ﬁlii
893 4056 1213 4094 excusserunt
1243 4040 1412 4113 (Psal.
1442 4058 1628 4110 cxxvt,
1660 4047 1752 4115 4)?
1777 4047 1921 4110 Sicut

335 4125 440 4194 jam
470 4127 755 4182 scientibus
791 4129 1078 4198 loquimur.
1113 4129 1263 4185 Unde
1293 4131 1366 4185 illi
1399 4133 1671 4204 quingenti
1700 4137 1787 4204 qui
1819 4137 1920 4192 Do-

338 4218 690 4292 tninum'post
732 4220 1173 4274 resurrectionem
1217 4220 1482 4287 viderunt,
1514 4239 1644 4293 quos
1682 4241 1918 4282 commc-

337 4315 512 4359 morat
562 4308 828 4374 apostolus
877 4309 1067 4363 Paulus
1112 4309 1155 4380 (Ι
1183 4310 1298 4365 Cor.
1344 4328 1444 4377 xv,
1490 4313 1578 4382 6)?
1643 4314 1791 4369 Unde
1846 4317 1919 4371 illi

338 4404 554 4450 centum
601 4397 781 4467 viginti
812 4399 899 4466 qui
944 4400 1101 4453 simul
1143 4412 1294 4455 erant
1327 4402 1378 4456 in
1405 4418 1510 4457 uno
1539 4405 1656 4458 loco
1685 4417 1802 4475 post
1831 4423 1920 4463 re-

341 4488 730 4543 surrectionem
766 4491 971 4544 Domini
1000 4501 1050 4545 ct
1080 4494 1444 4548 ascensionem
1477 4496 1529 4549 in
1559 4498 1770 4562 coelum,
1800 4500 1918 4568 qui—

341 4579 437 4632 bus
460 4581 512 4633 in
540 4595 645 4633 uno
675 4580 792 4634 loco
820 4584 1120 4637 constitutis
1146 4585 1689 4654 supervenitSpiritus
1706 4599 1920 4644 sanctus

339 4671 425 4724 die
477 4671 821 4726 Peatccostcs
872 4674 1063 4728 missus
1101 4674 1169 4729 de
1212 4676 1381 4736 (αξιοι
1427 4677 1502 4731 sic
1529 4679 1740 4744 missus,
1784 4687 1921 4736 sicut

340 4761 671 4831 promissus?
701 4761 897 4817 Omnes
928 4764 1049 4818 inde
1079 4774 1266 4819 erant:
1295 4774 1347 4819 et
1393 4767 1487 4834 ipsi
1530 4769 1683 4836 primi
1717 4771 1918 4824 habita-

341 4868 531 4912 verunt
559 4858 610 4910 in
644 4873 841 4921 unum,
882 4860 968 4928 qui
1006 4860 1179 4913 omnia
1211 4875 1326 4928 qua:
1372 4858 1636 4915 habebant
1673 4864 1921 4920 vendide-

343 4956 490 5011 runt,
518 4963 805 5016 rerumque
832 4963 1044 5001 suarum
1074 4950 1236 5017 pretia
1264 4949 1328 5002 ad
1358 4950 1518 5017 pedes
1546 4953 1606 5018 At
1628 4955 1920 5010 ostolorutn

343 5047 656 5105 posuerunt,
690 5039 827 5091 sicut
857 5038 906 5090 in
939 5037 1156 5092 AtliiHlS
1200 5039 1573 5107 Apostolorun‘i
1607 5041 1831 5110 legitur;
1877 5057 1923 5100 rt

344 5129 734 5187 distribuebatur
760 5129 1025 5199 unicuique
1049 5131 1175 5182 sicut
1201 5132 1376 5198 cuique
1396 5148 1523 5200 opus
1547 5144 1690 5198 erat;
1715 5146 1758 5188 et
1782 5153 1923 5191 nemo

344 5220 538 5273 dicebat
565 5220 755 5289 aliquid
799 5221 1079 5288 proprium,
1129 5220 1217 5272 sed
1260 5232 1400 5273 erant
1444 5221 1544 5274 illis
1576 5225 1742 5277 omnia
1783 5243 1923 5280 conp

346 5312 537 5364 munia.
584 5311 648 5373 Et
691 5312 812 5380 quid
856 5321 956 5376 est,
1002 5312 1051 5364 in
1100 5312 1301 5364 unum?
1329 5311 1392 5365 Et
1419 5323 1524 5366 erat
1570 5315 1691 5380 illis,
1736 5317 1920 5386 inquit,

345 5403 517 5453 anima
544 5419 642 5457 una
665 5413 708 5453 et
733 5419 818 5453 cor
843 5418 993 5454 unum
1020 5402 1068 5453 in
1094 5401 1250 5454 Deum
1274 5402 1404 5470 (Art.
1429 5419 1466 5468 I,
1491 5420 1546 5468 ll,
1579 5414 1626 5456 et
1663 5407 1756 5475 tv).
1786 5408 1924 5478 Ergo

346 5491 443 5559 ipsi
478 5492 619 5558 prius
648 5491 948 5551 audierunt,
977 5489 1108 5543 Ecce
1130 5508 1276 5560 quam
1302 5491 1487 5545 bonum
1511 5503 1558 5546 et
1577 5511 1724 5562 quam
1743 5497 1925 5564 jucun-

346 5580 468 5632 dum
510 5580 731 5632 habitare
759 5584 937 5649 fratres
967 5581 1017 5633 in
1057 5597 1229 5633 unum.
1281 5581 1438 5635 Primi
1468 5583 1782 5651 audierunt,
1830 5590 1923 5644 sed

347 5688 454 5725 non
487 5672 583 5726 soli
616 5671 912 5726 audierunt.
961 5672 1073 5726 Non
1113 5674 1252 5728 enim
1285 5689 1449 5742 usque
1475 5674 1539 5728 ad
1568 5677 1687 5731 illos
1715 5678 1811 5732 ista
1839 5681 1922 5735 die

349 5760 510 5817 lectio
539 5770 591 5814 et
631 5763 802 5814 unitas
835 5761 1051 5816 fratrum
1083 5765 1243 5818 venit.
1297 5763 1453 5817 Venit
1481 5769 1623 5820 enim
1654 5776 1708 5822 et
1731 5769 1794 5824 ad
1823 5786 1920 5841 po-

1491 359 1884 415 ENARRAT-IO
1922 356 1988 412 IN
2029 357 2345 416 Pssuma
2385 359 2638 432 cxxxn.

3489 371 3625 427 i730

2051 478 2222 524 steros
2248 472 2344 525 ista
2370 472 2640 526 charitatis
2670 473 2972 541 exsultatio,
3005 485 3056 530 et
3087 487 3264 537 votum
3296 479 3422 533 Deo.
3454 479 3637 556 γυνθ-η

2051 568 2135 614 tur
2157 563 2296 616 enim
2339 564 2532 630 aliquid
2563 565 2690 622 Deo.
2720 576 2774 620 et
2803 567 2996 620 dictum
3024 571 3135 622 est‘
3159 588 3170 621 :
3206 569 3402 637 Vovete,
3431 582 3478 626 et
3506 574 3624 626 red-

2046 652 2150 704 dite
2179 651 2392 708 Domino
2420 654 2528 707 Deo
2566 666 2725 715 vestro
2771 657 2939 726 (l’sal.
2981 674 3152 714 Lxxv.
3185 660 3293 728 12).
3331 663 3515 719 Melius
3542 675 3625 719 est

2043 752 2223 798 autem
2278 759 2381 802 non
2436 762 2643 812 vovere,
2698 764 2853 817 quam
2910 767 3105 806 vovere
3153 763 3205 807 et
3250 769 3352 808 non
3397 756 3622 811 reddere

2050 831 2243 902 (Eecle.
2272 849 2324 899 ν,
2365 834 2444 904 4).
2488 836 2590 891 Sed
2623 837 2779 892 debet
2806 854 2924 894 esse
2964 841 3185 911 impiger
3210 842 3416 898 atiimus
3436 887 3448 909 ,
3483 858 3536 898 ut
3566 856 3621 900 et

2047 932 2252 984 voveat,
2282 932 2334 976 et
2362 923 2585 990 reddat;
2629 941 2696 980 ne
2733 943 2853 997 cum
2895 945 2953 984 se
2996 931 3172 990 minus
3200 933 3443 988 idoneum
3476 945 3620 1002 putat

2041 1009 2106 1062 ad
2140 1011 2498 1080 reddendum,
2539 1015 2686 1085 piger
2725 1018 2795 1071 sit
2836 1019 2901 1074 ad
2935 1022 3247 1079 vovendum.
3281 1024 3440 1078 Plane
3482 1041 3619 1079 nun-

2041 1117 2198 1170 quam
2231 1104 2435 1171 reddet,
2465 1107 2506 1160 si
2539 1107 2603 1162 de
2630 1125 2728 1162 suo
2754 1126 2810 1163 se
2838 1115 3100 1180 putaverit
3131 1115 3479 1171 redditurum.

2113 1195 2164 1248 5.
2192 1195 2268 1256 Ex
2301 1211 2428 1250 voce
2459 1198 2616 1267 hujus
2637 1201 2825 1269 psalmi
2855 1205 3101 1272 appellati
3126 1217 3247 1268 sunt
3275 1216 3326 1264 et
3351 1209 3609 1271 Monaehi,

2039 1302 2107 1341 ne
2153 1288 2272 1357 quis
2323 1290 2472 1344 vobis
2515 1292 2583 1346 de
2636 1296 2736 1348 isto
2786 1297 2999 1350 nornine
3049 1298 3260 1352 insultet
3305 1301 3611 1354 Catholieis.

2033 1376 2258 1444 .Quaudo
2288 1394 2384 1433 vos
2408 1392 2552 1437 recte
2583 1383 2846 1450 haereticis
2873 1387 2939 1442 de
2968 1373 3370 1454 Circcllionibus
3391 1395 3410 1422 ²
3438 1393 3609 1454 insul-

2039 1476 2149 1522 tare
2187 1471 2490 1539 cmperitis,
2522 1483 2580 1527 ut
2620 1477 2982 1534 erubescendo
3022 1483 3324 1547 salventur;
3355 1484 3428 1537 illi
3461 1484 3610 1540 vobis

2035 1557 2292 1630 insultant
2337 1559 2404 1614 de
2449 1565 2742 1630 monachis.
2791 1568 2968 1622 Primo
2999 1572 3039 1623 si
3069 1573 3407 1640 comparandi
3449 1584 3608 1639 sunt,

2037 1664 2130 1703 vos
2151 1650 2360 1716 videte;
2387 1654 2430 1706 si
2458 1655 2632 1710 verbis
2662 1659 2852 1712 vestris
2879 1659 2896 1687 ⁵
2923 1676 3056 1728 Opus
3085 1673 3185 1728 est,
3205 1663 3313 1732 jam
3337 1665 3606 1724 laboratis.

2036 1739 2152 1803 Non
2193 1756 2324 1810 opus
2365 1752 2448 1805 est
2471 1785 2483 1807 ,
2528 1745 2625 1798 nisi
2658 1757 2715 1810 ut
2744 1749 3071 1804 admonentis
3100 1769 3525 1824 unumquemque
3555 1769 3612 1810 ut

2035 1831 2302 1896 attendat;
2336 1834 2508 1886 solum
2537 1838 2791 1900 attendat,
2825 1849 2877 1892 et
2903 1853 3191 1909 comparet.
3220 1845 3353 1910 Quid
3376 1861 3508 1913 opus
3529 1858 3610 1900 est

2032 1923 2209 1984 verbis
2255 1927 2480 1981 vestris?
2526 1931 2912 1998 Campat‘entur
2959 1935 3154 1989 ebriosi
3203 1951 3324 1990 cum
3375 1938 3606 2005 sobriis,

2027 2017 2330 2086 przccipites
2356 2036 2477 2084 cum
2506 2023 2856 2081 consideratis
2880 2067 2891 2089 ,
2926 2027 3158 2082 furentes
3187 2044 3308 2087 cum
3349 2030 3607 2098 simplici-

2030 2106 2162 2173 bus,
2193 2121 2442 2180 vagantes
2491 2129 2609 2168 eum
2652 2120 3004 2185 congregatis.
3054 2119 3156 2181 Sed
3206 2129 3381 2184 tamen
3426 2121 3608 2176 dicere

2031 2213 2454 2264 consueverunt:
2486 2205 2618 2274 Quid
2649 2209 2746 2261 sibi
2793 2211 2905 2264 vult
2947 2227 3142 2266 nomen
3185 2213 3608 2268 monachorum?

2031 2293 2237 2356 Quanto
2281 2296 2468 2350 melius
2508 2296 2734 2354 dicimus
2775 2316 2870 2353 nos
2902 2319 2914 2354 :
2943 2301 3077 2368 Quid
3121 2303 3221 2364 sibi
3264 2305 3374 2358 vult
3413 2319 3606 2358 nomen

2030 2383 2426 2438 circellionum?
2455 2387 2556 2440 Sed
2591 2404 2718 2452 non,
2750 2389 3023 2458 inquiunt,
3056 2403 3311 2450 vocantur
3337 2395 3603 2448 circellio-

2031 2487 2143 2525 nes.
2189 2473 2345 2526 Forte
2391 2488 2641 2546 corrupto
2681 2494 2813 2532 sono
2853 2482 3081 2535 nominis
3121 2498 3213 2547 eos
3255 2485 3602 2551 appellamus.

2031 2563 2232 2618 Dicturi
2261 2555 2445 2619 sumus
2473 2568 2622 2620 vobis
2651 2570 2911 2638 integrum
2935 2589 3125 2628 nomen
3155 2574 3422 2641 ipSorum?
3447 2576 3604 2633 Forte

2029 2655 2483 2712 Circumcelliones
2516 2673 2804 2726 vocantur,
2847 2679 2950 2716 non
2981 2665 3333 2720 circelhones.
3367 2667 3528 2724 Plane
3557 2671 3600 2732 si

2029 2746 2130 2799 hoc
2161 2759 2435 2815 vocantur,
2467 2763 2732 2822 exponant
2759 2755 2883 2824 quid
2915 2757 3038 2809 sint.
3071 2758 3198 2812 Nam
3221 2760 3599 2816 Circumcellio-

2029 2852 2123 2889 tn-s
2168 2839 2291 2892 dicti
2339 2852 2497 2907 sunt,
2529 2844 2649 2912 quia
2680 2845 2876 2899 circum
2909 2847 3072 2901 cellas
3103 2859 3395 2917 vagantur:
3428 2852 3604 2916 solent

2031 2929 2168 2984 cnim
2204 2931 2280 2985 ire
2308 2933 2434 2994 hac,
2471 2935 2619 3000 illac,
2649 2953 2905 3006 nusquam
2941 2940 3194 2994 habentes
3219 2943 3403 3006 sedes;
3437 2953 3490 2997 et
3521 2943 3598 3007 fa-

2026 3039 2150 3080 cere
2181 3040 2297 3091 qua:
2328 3027 2516 3091 nostis,
2541 3037 2592 3082 et
2615 3044 2732 3097 quac
2762 3030 2834 3082 illi
2863 3042 3079 3097 norunt,
3102 3034 3284 3096 velint,
3309 3035 3497 3095 nolint.

2096 3118 2146 3170 4.
2196 3117 2570 3174 Verumtamen
2591 3161 2604 3186 ,
2637 3120 2935 3175 charissimi
2957 3165 2972 3190 ,
3007 3132 3127 3176 sunt
3155 3134 3203 3177 et
3235 3125 3322 3193 qui
3355 3125 3602 3182 monachi

2027 3201 2139 3257 [tisi
2172 3216 2320 3272 sunt;
2353 3216 2406 3261 et
2433 3224 2528 3263 nos
2559 3210 2802 3264 novimus
2831 3213 2962 3266 tales
2989 3231 3002 3267 :
3029 3214 3121 3268 sed
3158 3229 3258 3267 nOn
3309 3215 3462 3282 periit
3488 3214 3599 3279 fra-

2026 3296 2243 3349 ternitas
2292 3298 2375 3365 pia
2401 3338 2414 3360 ,
2445 3309 2660 3368 propter
2698 3316 2790 3355 eos
2828 3303 2915 3370 qui
2960 3303 3273 3370 profitentur
3310 3303 3451 3373 quod
3492 3321 3596 3373 non

2023 3397 2163 3440 sunt.
2193 3387 2323 3442 Tam
2366 3398 2490 3443 sunt
2535 3392 2674 3445 enim
2719 3394 2964 3464 monachi
3015 3394 3162 3456 falsi,
3202 3411 3358 3464 quam
3405 3404 3459 3450 et
3486 3396 3601 3458 ele-

2022 3477 2117 3531 rici
2149 3478 2300 3545 falsi,
2325 3488 2377 3534 et
2400 3479 2580 3536 fideles
2607 3481 2740 3536 falsi.
2777 3484 2962 3536 Omnia
2991 3500 3218 3552 genera,
3250 3487 3438 3540 fratres
3469 3488 3594 3551 mei,

2025 3569 2122 3622 tria
2146 3584 2264 3638 quin
2289 3571 2570 3640 aliquando
2593 3572 2740 3626 vobis
2760 3575 3268 3638 commendavintus,
3295 3585 3348 3630 et
3374 3587 3426 3630 ut
3449 3586 3595 3646 pulo,

2025 3675 2128 3714 non
2150 3662 2335 3726 semel,
2360 3661 2556 3715 habent
2589 3662 2756 3724 bonos
2777 3679 2921 3725 suos,
2944 3664 3139 3718 habent
3159 3667 3326 3722 malos
3349 3681 3474 3726 suos
3494 3665 3593 3737 (a).

2027 3750 2100 3803 De
2145 3751 2313 3803 tribus
2358 3752 2498 3805 enim
2542 3752 2668 3820 ipsis
2706 3754 2994 3821 generibus
3031 3755 3230 3810 dictum
3269 3765 3388 3810 est:
3426 3776 3444 3808 ι
3481 3758 3594 3812 Duo

2024 3839 2076 3892 in
2105 3855 2261 3908 agro;
2288 3855 2424 3893 unus
2449 3852 2767 3902 assumetur,
2789 3853 2841 3896 et
2869 3861 3003 3899 unus
3025 3846 3388 3915 relinquetur:
3419 3860 3469 3902 et
3491 3849 3600 3903 duo

2023 3931 2076 3984 in
2122 3932 2287 3994 lecto;
2346 3947 2480 3999 unus
2524 3943 2856 3998 assumetur,
2889 3943 2943 3988 et
2987 3951 3122 3989 unus
3153 3935 3517 4007 relinquetur:
3548 3953 3603 3997 et.

2023 4023 2141 4083 dua:
2173 4025 2221 4075 in
2253 4025 2590 4087 molendino;
2639 4041 2739 4078 una
2768 4038 3087 4091 assumetur,
3117 4037 3171 4082 et
3197 4045 3296 4082 una
3325 4031 3596 4100 relinque-

2026 4125 2110 4168 tur
2141 4134 2158 4166 ι
2199 4115 2346 4185 (Luc.
2381 4132 2512 4182 xvn,
2537 4119 2624 4176 54,
2650 4119 2762 4187 55’).
2797 4119 2848 4171 In
2880 4134 3008 4189 agro
3035 4129 3159 4174 sunt
3185 4123 3271 4190 qui
3301 4123 3602 4192 gubernant

2026 4207 2338 4262 Ecclesiam.
2376 4208 2528 4264 Unde
2567 4209 2692 4264 dicit
2730 4211 3014 4278 Apostolus
3052 4212 3260 4284 (videte
3303 4217 3347 4269 si
3392 4232 3497 4270 non
3547 4218 3600 4271 in

2025 4313 2152 4367 agro
2180 4301 2316 4368 erat)
2343 4317 2354 4352 :
2380 4299 2490 4369 Ego
2515 4301 2755 4368 plantavi,
2780 4301 2962 4371 Apollo
2984 4305 3194 4374 rigavit;
3224 4307 3312 4360 sed
3353 4307 3492 4362 Deus
3521 4311 3602 4362 in-

2025 4397 2327 4440 crementum
2381 4389 2516 4442 dedit
2575 4389 2632 4458 (l
2673 4389 2788 4445 Cor.
2837 4409 2928 4460 nt,
2975 4394 3066 4463 6).
3128 4393 3182 4448 ln
3236 4397 3372 4451 lecto
3423 4408 3599 4454 autem

2025 4491 2119 4530 eos
2165 4478 2382 4547 intelligi
2428 4479 2633 4545 voluit,
2688 4483 2774 4550 qui
2825 4494 3137 4540 amaverunt
3183 4488 3456 4555 quietem;
3507 4507 3603 4559 per

2026 4569 2218 4622 lectum
2281 4572 2423 4625 enim
2485 4573 2714 4640 quietem
2783 4576 2951 4629 voluit
3027 4578 3292 4648 intelligi;
3362 4598 3466 4636 non
3543 4598 3603 4638 se

2026 4661 2309 4716 miscentes
2363 4664 2566 4731 turbis,
2609 4681 2712 4719 non
2767 4668 3013 4722 tumultui
3071 4673 3283 4739 generis
3341 4673 3599 4741 humani,

2029 4753 2080 4806 in
2147 4755 2256 4807 otio
2322 4755 2618 4810 servientes
2687 4757 2791 4811 Deo
2851 4775 2864 4811 :
2919 4769 2973 4813 et
3037 4760 3164 4815 inde
3228 4771 3401 4818 tamen
3468 4781 3602 4821 unus

2026 4856 2345 4910 assumetur,
2393 4855 2446 4900 et
2488 4862 2622 4900 unus
2665 4849 3011 4918 relinquetur.
3059 4852 3193 4907 Sunt
3242 4855 3309 4907 ibi
3338 4858 3506 4925 probi,
3548 4869 3602 4912 et

2028 4945 2152 4989 sunt
2195 4936 2262 4990 ibi
2308 4937 2536 5006 reprobi.
2571 4937 2648 4991 Ne
2689 4943 3054 5007 expavescatis
3093 4945 3304 5014 quando
3335 4947 3405 5000 ibi
3454 4949 3602 5003 inve-

2030 5030 2242 5082 niuntur
2285 5029 2528 5098 reprobi;
2572 5046 2690 5084 nam
2717 5041 2771 5086 et
2800 5032 2963 5088 latent
2988 5037 3221 5105 quidam,
3255 5039 3342 5107 qui
3382 5056 3488 5094 non
3525 5042 3606 5096 in-

2027 5121 2309 5173 veniuntur
2338 5122 2436 5174 nisi
2463 5121 2513 5174 in
2546 5121 2666 5176 line.
2702 5123 2828 5178 Dum
2858 5125 2982 5180 item
3013 5128 3063 5182 in
3095 5129 3397 5184 molendino
3417 5147 3481 5184 ex
3509 5148 3609 5185 no-

2031 5211 2172 5266 mine
2191 5213 2400 5282 generis
2427 5213 2661 5268 feminini
2683 5216 2996 5283 appellavit;
3027 5221 3205 5288 plebes
3222 5222 3359 5278 cuim
3383 5223 3604 5294 intellig!

2030 5306 2213 5360 voluit.
2243 5305 2417 5371 Quare
2448 5305 2506 5382 in‘
2527 5306 2868 5360 tnolcndino?
2897 5309 3026 5374 Quia
3068 5311 3117 5364 in
3147 5311 3246 5364 isto
3267 5314 3463 5368 mundo
3491 5332 3608 5372 ver.

2097 5445 2111 5474 ι
2140 5441 2324 5504 Aliquot
2344 5447 2473 5504 Mss,
2498 5445 2542 5489 et
2564 5444 2719 5488 rotam
2751 5450 2843 5490 Deo
2865 5451 3101 5493 caverant.
3133 5453 3361 5495 foverunt
3378 5446 3503 5498 enim
3519 5451 3608 5502 ali-

2031 5504 2148 5566 quid
2175 5502 2287 5566 péo,
2316 5509 2363 5551 ut
2383 5502 2565 5566 dictant
2586 5510 2789 5566 est,_etc.

2095 5567 2114 5630 ξ
2138 5564 2324 5630 Aliquot
2349 5573 2473 5620 5155.,
2500 5563 2795 5630 t‘ircilliones
2823 5575 2840 5612 :
2866 5573 2917 5614 et
2938 5565 3147 5630 quidun,
3180 5568 3507 5630 (ercellioncs,

2095 5624 2331 5689 {Sicf-Mss.
2375 5632 2430 5689 at
2465 5624 2606 5685 Edd.,
2632 5624 2804 5673 nostris
2843 5637 2860 5674 :
2892 5633 2942 5676 et
2957 5624 3100 5689 infra,
3136 5629 3229 5680 nisi
3254 5639 3301 5681 at
3324 5625 3606 5683 adnwntvuu

2031 5687 2135 5752 (vel
2157 5687 2454 5749 admoneas).

2097 5775 2168 5838 (a)
2193 5781 2360 5835 Supra,
2379 5771 2427 5818 in
2446 5768 2568 5820 Psal.
2593 5782 2724 5843 scis,
2748 5782 2794 5818 η.
2823 5768 2895 5835 t3.
