3984 6200
410 369 542 429 i731

408 495 617 555 santur,
646 481 734 539 ubi
763 473 1124 535 molcntliuum
1156 468 1497 540 intelligitur;
1525 467 1645 549 quia
1674 466 1754 522 sic
1780 466 2002 523 vertitur

408 578 641 645 mundus
667 578 784 635 iste,
816 567 1084 642 quomodo
1112 564 1249 621 mola
1282 581 1295 617 :
1319 578 1399 616 va:
1424 562 1569 623 enim
1589 573 1723 631 quos
1751 558 1998 613 conterit.

405 669 495 726 Sic
522 668 589 722 ibi
623 648 906 731 versantur
928 657 1108 712 ﬁdeles
1136 653 1280 718 boni,
1312 661 1370 707 ut
1397 665 1497 705 una
1525 664 1591 705 ex
1613 649 1691 704 eis
1715 662 2001 702 consuma-

410 771 517 824 tur,
534 759 700 813 altera
725 759 1043 809 assumatur.
1068 746 1339 814 Quasdam
1356 746 1371 776 ⁸
1394 743 1536 799 enim
1558 741 1797 796 actiones
1816 738 1998 795 mundi

408 851 607 906 faciunt
645 832 932 903 dilectores
979 839 1180 903 surculi,
1229 835 1581 907 fraudatores,
1636 832 1995 906 sitmdatores.

407 943 514 999 Alii
556 949 732 995 autem
762 938 839 992 sic
882 936 952 990 ibi
996 943 1141 998 sunt,
1182 929 1449 1003 quomodo
1477 928 1553 981 ait
1593 926 1900 996 Apostolus,
1933 922 2000 978 Et

405 1051 487 1106 qut
505 1041 712 1087 utuntur
741 1031 834 1083 hoc
856 1026 1064 1089 mundo,
1095 1034 1332 1099 tanquam
1351 1036 1451 1074 non
1482 1026 1671 1072 utentes
1699 1017 1839 1081 sint;
1869 1030 2002 1087 prte-

408 1126 524 1180 terit
544 1125 677 1179 enim
700 1123 866 1193 ﬁgura
892 1119 1045 1189 hujus
1068 1115 1241 1168 mundi
1260 1129 1279 1169 :
1296 1112 1406 1166 volo
1424 1126 1509 1164 ros
1534 1110 1639 1163 sine
1658 1106 2001 1167 sollicitudine

405 1236 513 1274 esse
533 1217 577 1291 (1
604 1217 723 1272 Cor.
754 1230 846 1280 vn,
875 1214 965 1279 5t,
994 1210 1109 1280 52).
1142 1206 1306 1263 Audis
1325 1220 1443 1277 quae
1463 1213 1764 1258 assumetur
1781 1200 1850 1291 de
1878 1214 1997 1269 mo-

409 1290 664 1365 lendino‘t
693 1306 853 1361 Certe
882 1302 1024 1357 enim
1060 1298 1224 1354 multa
1251 1302 1469 1366 peccata
1492 1292 1740 1356 videntur
1768 1290 1833 1345 ad
1862 1290 1999 1345 divi-

406 1410 489 1455 tes
515 1399 802 1469 pertinere.
833 1394 964 1450 Cum
991 1391 1132 1447 enini
1173 1388 1288 1457 plus
1325 1391 1508 1456 agunt,
1551 1392 1604 1439 et
1630 1383 1747 1451 plus
1775 1380 2001 1438 admini-

408 1502 601 1556 strant,
642 1498 696 1545 et
747 1489 864 1558 plus
894 1485 960 1540 ad
1001 1498 1095 1539 eos
1138 1479 1335 1552 pendet
1375 1492 1463 1533 res
1502 1474 1775 1551 familiaris
1800 1470 1995 1542 ampla,

408 1582 627 1640 difficile
657 1589 739 1634 est
767 1588 946 1647 utnon
978 1574 1130 1645 plura
1158 1579 1372 1642 peccata
1393 1566 1743 1633 contrahant;
1765 1572 1819 1620 et
1844 1564 1911 1619 de
1931 1564 1998 1617 il-

406 1674 472 1730 lis
497 1672 696 1745 dictum
724 1677 805 1723 est
831 1667 950 1738 quia
979 1658 1180 1734 facilius
1219 1669 1294 1724 est
1323 1660 1515 1727 intrare
1540 1655 1787 1715 cautelam
1813 1670 1901 1726 per
1920 1657 1999 1727 fo-

404 1778 578 1816 ramen
606 1776 746 1823 acus,
779 1773 926 1831 quant
952 1755 1151 1821 divitem
1175 1752 1228 1805 in
1256 1764 1467 1820 regnum
1495 1747 1754 1809 caelorum.
1787 1743 1852 1798 Et
1875 1758 1999 1799 cum

302 1897 315 1915 ,
404 1850 705 1908 contristati
747 1854 928 1904 essent
970 1843 1213 1921 discipuli
1254 1854 1354 1910 pro
1395 1838 1518 1911 illis,
1567 1837 1635 1892 de
1663 1836 1855 1907 quibus
1888 1836 1998 1903 jam
2039 1895 2044 1901 ,

403 1944 792 2014 desperabant,
835 1937 1143 1994 consolatus
1184 1942 1268 2006 est
1311 1944 1406 1988 eos
1463 1929 1718 1984 Dominus
1759 1927 1945 1983 dicens
1980 1946 1994 1983 :

408 2036 537 2103 Quae
589 2031 874 2087 hominibus
925 2025 1256 2099 impossibilia
1304 2032 1456 2089 sunt,
1514 2020 1623 2099 Qeo
1678 2019 1850 2090 facilia
1877 2028 1993 2073 sunt

409 2127 623 2199 (Matth.
655 2141 765 2187 xu,
791 2120 1008 2192 24-26).
1033 2117 1312 2186 Quomodo
1338 2123 1515 2168 autem
1544 2112 1674 2167 illud
1702 2111 1855 2166 facile
1878 2110 1999 2179 facit

402 2216 742 2275 Deus?Audi
768 2212 1105 2287 Apostolum,
1142 2210 1184 2264 si
1223 2224 1324 2267 non
1355 2206 1591 2277 negligas
1619 2203 1760 2274 quod
1793 2217 1998 2277 prem.

401 2312 520 2382 pit:
549 2309 796 2377 Prwcipe,
843 2294 1034 2376 inquit,
1084 2300 1315 2362 divitibus
1355 2299 1506 2368 Itttjtts
1541 2295 1719 2369 saeculi
1757 2310 1860 2348 non
1912 2309 2000 2347 stt-

402 2404 552 2479 perbe
587 2417 781 2471 sapere.
810 2397 1022 2452 invenis
1061 2394 1203 2450 enim
1246 2404 1532 2465 pauperem
1572 2386 1992 2459 superbientem,

402 2477 621 2552 divitem
662 2491 955 2552 humilem;
1005 2486 1352 2557 christianum
1386 2483 1521 2543 bene
1564 2477 1994 2535 considerantem

405 2589 528 2660 quia
561 2587 646 2641 illa
669 2584 845 2638 omnia
877 2587 1201 2652 praetereunt
1226 2585 1279 2630 et
1306 2572 1694 2645 prseterﬁuunt,
1719 2571 1840 2640 quia
1863 2569 1998 2645 nihil

403 2679 577 2753 attulit
607 2680 659 2732 in
688 2677 827 2730 hunc
867 2672 1146 2736 mundum,
1186 2669 1317 2724 nihil
1350 2676 1523 2737 potest
1560 2665 1628 2726 de
1671 2664 1869 2725 mundo
1896 2678 1996 2717 au-

402 2772 578 2834 ferre;
607 2760 1398 2838 cogitantem-quemadmodum
1429 2758 1577 2812 dives
1604 2756 1694 2815 ille
1718 2755 1806 2826 qui
1834 2754 1996 2809 arde-

403 2864 495 2919 bat
524 2863 575 2917 in
604 2862 817 2916 ﬂamma
843 2857 982 2928 apud
1023 2854 1242 2916 inferos,
1285 2860 1486 2919 guttam
1518 2848 1616 2906 sibi
1644 2847 1901 2902 destillari
1928 2844 1996 2916 de

404 2953 571 3024 digito
605 2948 933 3007 desideravit
959 2946 1075 3016 ejus
1103 2944 1191 3014 qui
1223 2942 1386 2996 micas
1407 2939 1474 3003 de
1487 2952 1686 3003 .mensa
1722 2937 1837 3007 ejus
1864 2949 1997 3005 con-

408 3045 668 3114 cupierat.
693 3043 1005 3112 Cogitautes
1033 3037 1152 3100 ista,
1183 3034 1383 3091 faciunt
1411 3030 1552 3102 quod
1579 3030 1651 3084 ait
1676 3026 1995 3098 Apostolus:

409 3155 429 3188 α
456 3135 639 3204 Neque
683 3145 901 3201 sperare
945 3130 998 3183 in
1041 3129 1246 3182 incerto
1288 3123 1613 3186 divitiarum,
1653 3119 1748 3176 sed
1791 3120 1842 3173 iu
1888 3119 1997 3173 Deo

402 3233 547 3297 vivo,
574 3229 662 3299 qui
691 3231 910 3296 prmstat
945 3222 1099 3277 nobis
1135 3219 1311 3274 omnia
1342 3215 1676 3272 abundanter
1716 3212 1780 3265 ad
1814 3211 1995 3265 l‘ruen-

402 3322 552 3385 dum.
581 3320 778 3372 Divites
804 3318 930 3377 sint,
963 3334 980 3365 ι
1008 3311 1198 3382 inquit,
1234 3310 1338 3381 εἰη
1361 3308 1614 3377 operibus
1639 3305 1813 3369 bonis,
1846 3304 1998 3373 facile

406 3412 659 3478 tribuant,
694 3406 1108 3470 communicent,
1149 3401 1528 3460 thesaurizeot.
1561 3417 1581 3462 ι
1615 3399 1679 3452 Et
1707 3390 1832 3467 quid
1875 3395 1997 3452 inde

407 3505 515 3558 illis
543 3501 710 3557 lucri?
743 3519 760 3551 ι
795 3496 1179 3553 Thesaurizent
1221 3493 1321 3551 sibi
1365 3491 1767 3559 fundamentum
1796 3488 1995 3545 bonum

406 3595 459 3663 in
490 3595 740 3655 futurum,
766 3600 820 3645 ut
842 3586 1241 3660 apprchendant
1263 3600 1442 3640 verum
1471 3583 1628 3636 vitam
1655 3601 1673 3634 ι
1708 3578 1899 3652 (lTint.
1918 3593 1993 3647 Vt,

408 3685 617 3754 t7-l9).
641 3684 776 3737 Ecce
801 3697 918 3752 qum
940 3687 1239 3733 assumetur
1259 3675 1325 3729 de
1350 3672 1673 3729 inolcndino.
1697 3671 1880 3738 Qualis
1904 3672 1998 3725 a‘u-

408 3789 519 3832 tvm
549 3776 696 3831 dives
740 3774 825 3828 ille
863 3780 976 3826 erat
1001 3770 1088 3840 qui
1128 3767 1446 3822 induebatur
1473 3779 1702 3835 purpura
1733 3773 1788 3817 et
1812 3763 1997 3834 bysso,

407 3876 461 3922 et
491 3865 805 3935 epulabatur
831 3862 1068 3932 quotidie
1095 3857 1394 3928 splendide,
1436 3865 1489 3911 et
1511 3855 1778 3925 iacentem
1810 3854 1874 3907 ad
1918 3855 2000 3921 ja—

410 3973 567 4017 nuam
594 3972 742 4009 suam
766 3967 1054 4023 {stuperent
1081 3949 1455 4005 contemnebat
1488 3945 1639 4017 (Luc.
1659 3961 1767 4009 xvi,
1786 3944 1915 3998 19-2
1928 3944 1995 4013 ι),

410 4048 754 4120 relinquetur.
790 4046 921 4113 Quia
966 4044 1035 4099 de
1075 4040 1380 4097 molendino
1431 4054 1535 4093 una
1578 4044 1900 4099 assumetnr,
1944 4044 2001 4095 et

410 4157 514 4198 una
542 4139 891 4210 relinquetur.

482 4235 535 4290 5.
575 4233 662 4289 Sic
689 4231 818 4288 dicit
844 4238 898 4285 et
924 4228 1171 4283 Ezechiel
1214 4227 1279 4281 de
1307 4225 1475 4291 tribus
1502 4223 1765 4294 personis,
1796 4223 1849 4278 ir
1879 4222 2000 4291 qui-

411 4340 512 4383 nus
538 4340 641 4377 non
673 4320 902 4375 absurde
931 4319 1024 4373 tria
1056 4319 1169 4372 hare
1192 4332 1385 4385 genera
1410 4314 1753 4385 intelligimus
1779 4331 1790 4366 :
1822 4332 1840 4365 ι
1867 4311 1997 4366 Cum

414 4416 617 4471 miserit
660 4411 916 4465 Dominus
957 4407 1188 4478 gladium
1234 4407 1535 4485 in‘terram,
1577 4404 1675 4458 etsi
1706 4403 1902 4458 fuerint
1946 4405 1997 4457 in

413 4505 588 4560 medio
616 4516 800 4557 eorum
832 4500 964 4564 Noe,
1010 4497 1191 4551 Daniel
1219 4506 1270 4551 et
1310 4496 1431 4558 Job,
1472 4509 1576 4550 non
1608 4495 1905 4549 liberahuut
1935 4496 1999 4548 ii—

414 4596 514 4671 lios
537 4609 708 4665 neque
731 4594 899 4655 ﬁlias;
922 4590 1017 4647 sed
1038 4590 1135 4661 ipsi
1154 4589 1253 4651 soli
1275 4589 1405 4643 salvi
1426 4595 1583 4647 erunt
1605 4604 1624 4637 ι
1654 4586 1866 4656 (Ezech.
1885 4604 1998 4653 xiv,

415 4688 623 4757 i546).
651 4686 767 4741 Jam
799 4684 873 4739 illi
903 4684 1029 4737 olim
1059 4680 1270 4736 liberati
1300 4688 1444 4745 sunt,
1476 4675 1572 4732 sed
1605 4677 1656 4730 in
1689 4677 1804 4731 istis
1835 4677 2002 4731 tribus

414 4776 717 4836 nominibus
740 4777 836 4830 tria
858 4788 1050 4844 genera
1077 4772 1318 4842 qumdam
1342 4767 1675 4838 signiﬁcavit.
1705 4766 1815 4821 Noe
1841 4768 2005 4835 signi-

415 4875 536 4930 ﬁcat
571 4879 809 4926 rectores
855 4866 1131 4932 Ecclesia',
1162 4865 1282 4934 quia
1328 4864 1441 4932 ipse
1481 4875 1658 4915 arcam
1706 4861 1759 4914 in
1798 4859 2002 4913 diluvio

413 4964 728 5037 gubernavit
766 4958 919 5032 (Gen.
947 4958 1066 5030 vn).
1120 4956 1304 5011 Daniel
1346 4962 1523 5009 autem
1564 4954 1725 5007 vitam
1768 4952 1999 5023 quietam

411 5058 591 5127 elegit.
635 5056 686 5109 in
727 5054 969 5109 cmlibatu
1011 5051 1213 5105 servire
1243 5049 1373 5113 Deo,
1408 5046 1459 5101 id
1497 5055 1597 5110 est,
1627 5060 1849 5103 uxorem
1894 5060 2000 5098 non

412 5130 678 5219 qiurrens.
722 5144 850 5200 Erat
874 5144 956 5198 vir
995 5150 1232 5202 sanctus,
1271 5140 1323 5194 in
1371 5137 1653 5193 desideriis
1697 5136 2001 5191 cm‘lestihus

414 5241 579 5313 vitam
618 5246 844 5307 gerens;
876 5241 1109 5289 tentatus
1135 5233 1187 5286 in
1217 5231 1420 5295 multis,
1453 5236 1507 5284 et
1541 5228 1784 5282 inventus
1813 5242 1998 5280 aurum

413 5331 676 5385 ohrizum.
708 5330 874 5396 Quam
907 5328 1116 5399 quietus
1147 5331 1282 5387 erat,
1325 5322 1413 5392 qui
1444 5332 1498 5377 et
1531 5321 1668 5375 inter
1692 5319 1875 5374 leones
1910 5334 1999 5374 se-

416 5435 575 5475 eurus
602 5430 716 5476 erat
737 5419 899 5491 (Dan.
925 5434 1019 5484 vt;
1048 5427 1095 5471 et
1127 5431 1238 5477 xw,
1267 5412 1486 5484 28-59)!
1522 5413 1659 5484 Ergo
1702 5411 1753 5466 in
1785 5411 2000 5466 nomine

424 5514 673 5579 Danielis,
718 5515 806 5584 qui
840 5512 1000 5569 etiam
1050 5511 1127 5564 vir
1164 5507 1526 5562 desideriorum
1572 5514 1657 5560 est
1704 5503 2000 5576 appellatus

415 5603 529 5677 (Id.
562 5621 616 5670 κ,
645 5603 769 5675 ll);
811 5602 907 5659 sed
943 5601 1124 5670 utique
1165 5606 1431 5655 castorum
1472 5604 1630 5665 atque
1670 5601 1996 5658 sanctorum,

414 5695 778 5768 signiﬁcantur
809 5693 952 5749 servi
983 5693 1100 5759 Dei,
1133 5693 1201 5748 de
1225 5690 1420 5761 quibus
1454 5688 1667 5756 dicitur,
1696 5686 1827 5742 Ecce
1849 5701 1999 5757 quam

480 5809 496 5841 ι
526 5812 603 5855 Er.
629 5812 683 5856 et
706 5804 929 5868 plerique
951 5811 1080 5865 uss,
1103 5804 1351 5867 quasdam.

1657 350 1718 413 S.
1757 349 2119 411 AUGUSTlNl
2150 349 2451 419 El‘lSCDf'l

3560 360 3703 415 i772

2117 466 2301 533 bonum
2328 477 2376 522 et
2395 484 2546 538 quam
2571 467 2852 544 jucundum
2882 469 3109 529 habitare
3137 471 3319 542 fratres
3347 473 3399 528 in
3431 490 3605 528 unum.
3642 476 3699 530 in

2106 560 2323 615 nomine
2352 559 2451 616 Job
2495 560 2823 630 signiﬁcatur
2849 576 2952 615 una
2994 544 3084 616 illa
3119 562 3188 619 de
3228 564 3537 620 molendino
3574 580 3699 636 qua!

2104 660 2423 707 assumatur.
2450 652 2685 717 Habebat
2708 653 2850 708 enim
2878 668 3121 722 uxorem,
3149 653 3379 712 habebat
3404 657 3563 723 ﬁlios,
3597 658 3697 711 ha-

2104 744 2263 824 bebat
2298 746 2490 815 multas
2520 746 2773 812 divitias;
2800 754 2855 802 et
2884 755 2991 801 tam
3037 747 3199 802 multa
3239 748 3471 803 habebat
3508 751 3562 803 in
3591 750 3699 804 isto

2111 839 2333 903 saeculo,
2367 847 2422 901 ut
2446 838 2690 906 diabolus
2720 840 2822 894 hoc
2847 839 2896 895 ei
2923 839 3203 910 obiiceret,
3231 828 3354 910 quia
3380 856 3485 895 non
3507 842 3696 911 gratis,

2104 930 2199 989 sed
2230 938 2446 1001 propter
2473 945 2535 987 ea
2565 947 2684 1001 qua:
2723 941 3038 1003 acceperat,
3085 932 3299 988 colebat
3347 933 3535 988 Deum.
3576 933 3692 988 line

2104 1022 2301 1092 objecit
2345 1022 2682 1079 adversarius
2712 1031 2899 1078 sancto
2944 1024 3099 1077 viro:
3129 1032 3183 1077 et
3222 1024 3273 1077 in
3313 1025 3700 1079 tentationihus

2103 1114 2215 1170 suis
2245 1114 2497 1184 probatus
2541 1122 2624 1169 est
2657 1129 2816 1186 quam
2843 1114 3009 1184 gratis
3036 1114 3137 1169 Job
3163 1115 3368 1171 Coleret
3412 1116 3600 1180 Deum,
3642 1126 3700 1171 et

2106 1221 2210 1264 non
2241 1215 2460 1282 prepter
2488 1205 2577 1274 illa
2602 1222 2722 1276 quae
2759 1215 3059 1278 acceperat,
3091 1205 3186 1261 sed
3213 1214 3434 1276 propter
3457 1224 3580 1262 eum
3602 1209 3696 1278 qui

2104 1299 2347 1355 dederat.
2376 1298 2604 1367 Amissis
2635 1298 2813 1368 itaque
2838 1298 3087 1366 omnibus
3110 1294 3384 1366 repentina
3408 1297 3703 1363 afﬂictione

2103 1399 2160 1447 et
2186 1391 2498 1452 tentatione.
2526 1390 2722 1445 amissa
2753 1389 3083 1453 haereditate,
3112 1390 3326 1445 amissis
3368 1391 3695 1454 hmredibns,

2104 1482 2219 1537 sola
2243 1481 2471 1553 conjuge
2512 1481 2615 1553 sibi
2653 1480 2861 1547 relicta,
2891 1495 2999 1535 non
3024 1480 3091 1536 ad
3121 1463 3566 1557 consolationem,
3598 1481 3699 1535 scd

2103 1573 2170 1647 ad
2215 1575 2588 1639 tentationem,
2640 1575 2715 1627 ait
2751 1571 2893 1643 quod
2942 1572 3135 1649 nostis,
3174 1590 3196 1641 ι
3234 1573 3487 1645 Dominus
3524 1574 3697 1649 ἀφίης,

2105 1642 2361 1731 Dominus
2408 1666 2660 1733 abstulit;
2705 1638 2842 1721 sicut
2879 1664 3353 1735 DominOplacuit,
3385 1638 3702 1734 itaai‘actul‘n

2103 1770 2183 1817 est
2213 1777 2225 1812 :
2255 1761 2322 1813 sit
2352 1774 2545 1813 nomen
2575 1757 2781 1832 Domini
2811 1756 3146 1819 benedictum
3170 1775 3191 1810 ι
3224 1756 3365 1827 (Job.
3396 1755 3459 1828 ι).
3488 1757 3700 1829 Imple-

2106 1860 2216 1907 tum
2244 1859 2327 1911 est
2361 1851 2412 1903 in
2444 1863 2509 1904 eo
2537 1848 2678 1919 quod
2707 1847 2945 1918 quotidie
2972 1857 3270 1921 cantamus,
3302 1847 3346 1902 si
3375 1857 3428 1907 et
3454 1849 3707 1923 moribus

2103 1956 2459 2010 CODSOIICMIIS
2485 1959 2498 1996 :
2529 1958 2548 1992 t
2581 1939 2895 1996 Benedicam
2944 1939 3224 1994 Dominum
3274 1940 3326 1993 in
3372 1942 3514 1994 omni
3550 1951 3701 1995 tem-

2105 2048 2269 2103 pore;
2295 2047 2507 2102 semper
2535 2031 2649 2086 laus
2671 2031 2786 2102 eius
2809 2032 2862 2107 in
2888 2046 2985 2086 ore
3011 2045 3132 2086 meo
3159 2049 3178 2083 ι
3210 2030 3382 2103 (Psel.
3402 2030 3699 2101 XXXIII,2).

2109 2126 2248 2195 Ergo
2289 2125 2342 2190 in
2374 2124 2488 2177 istis
2519 2123 2689 2178 tribus
2719 2106 3022 2177 nominibus
3045 2123 3062 2154 ¹
3091 2121 3385 2194 significata
3427 2106 3552 2177 sunt
3588 2110 3701 2195 tria

2103 2233 2300 2288 genera
2332 2215 2631 2283 hominum,
2672 2224 2728 2273 et
2764 2216 2817 2270 in
2857 2215 2963 2270 illis
2994 2198 3162 2270 tribus
3194 2229 3384 2276 rursus
3418 2215 3472 2277 in
3513 2216 3701 2272 Evan-

2103 2310 2266 2392 gelio,
2294 2326 2412 2378 qua:
2438 2308 2878 2378 commemoravi.

2176 2405 2228 2457 6.
2271 2402 2407 2471 Quid
2440 2418 2570 2472 ergo
2593 2400 2776 2455 dicunt
2820 2400 2895 2454 illi
2924 2399 3014 2470 qui
3047 2399 3198 2453 nobis
3223 2399 3292 2454 de
3331 2400 3544 2455 nomine
3573 2416 3701 2467 mtr-

2104 2494 2396 2559 nacltorum
2438 2491 2731 2547 insultant?
2780 2491 3032 2546 Fortasse
3076 2490 3267 2545 dicturi
3312 2500 3474 2544 sunt:
3507 2490 3697 2564 Nostri

2104 2601 2209 2640 non
2239 2592 2501 2640 vocantur
2524 2583 2984 2655 Circumcelliones
3010 2598 3024 2636 :
3053 2596 3148 2635 vos
3168 2581 3286 2636 illos
3312 2582 3379 2634 ita
3409 2582 3698 2658 appellatis

2102 2678 2490 2734 contumelioso
2514 2677 2731 2741 nomine
2752 2693 2766 2740 ;
2792 2690 2913 2745 nam
2941 2690 3039 2730 nos
3064 2690 3160 2731 eos
3188 2676 3258 2747 ita
3280 2689 3385 2729 non
3413 2690 3693 2730 vocamus.

2104 2770 2290 2828 Dicant
2324 2768 2448 2840 quid
2485 2783 2580 2825 eos
2618 2778 2830 2834 vocent,
2858 2775 2915 2824 et
2953 2768 3200 2838 audietis.
3231 2767 3562 2837 Agonisticos
3591 2783 3698 2843 eos

2103 2873 2314 2918 vocant.
2354 2861 2606 2919 Fatemur
2647 2870 2701 2916 et
2741 2875 2841 2915 nos
2890 2859 3115 2914 honesto
3157 2860 3394 2919 nomine.
3430 2859 3474 2913 si
3515 2869 3573 2915 et
3596 2873 3697 2933 res

2098 2954 2434 3017 conveniret.
2462 2952 2568 3009 Sed
2598 2953 2807 3007 interim
2832 2950 2957 3005 illud
2977 2950 3155 3004 videat
3179 2949 3441 3005 Sanctitas
3461 2956 3637 3003 vestra
3672 2967 3692 3015 ;

2102 3047 2191 3118 qui
2221 3046 2375 3101 nobis
2414 3046 2616 3102 dicunt.
2658 3042 2934 3098 Ostendite
2964 3041 3053 3096 ubi
3089 3041 3344 3110 scriptum
3383 3039 3452 3093 sit
3487 3030 3693 3094 nomen

2101 3137 2509 3203 monachorum,
2537 3135 2821 3191 ostendant
2846 3134 2933 3189 ubi
2963 3133 3218 3203 scriptum
3248 3133 3317 3201 sit
3340 3147 3533 3187 nomen
3558 3146 3698 3198 ago-

2103 3231 2434 3303 nisticerum.
2477 3226 2566 3299 Sic
2609 3242 2734 3294 eos,
2781 3226 3058 3296 inquiunt,
3104 3223 3431 3296 appellamus
3470 3232 3699 3301 propter

2103 3302 2346 3393 agonem.
2377 3321 2595 3376 Certant
2623 3319 2765 3374 enim
2790 3335 2805 3385 ;
2834 3326 2888 3373 et
2911 3318 3041 3373 dicit
3085 3319 3389 3387 Apostolus,
3422 3298 3698 3373 Certamen

2102 3413 2287 3468 bonum
2321 3412 2504 3468 certavi
2532 3410 2595 3491 (il
2624 3410 2758 3465 Tim.
2787 3425 2860 3473 tv,
2892 3409 2970 3480 7).
3004 3407 3136 3479 Quia
3184 3420 3307 3463 sunt
3344 3410 3432 3479 qui
3473 3418 3691 3467 certant

2102 3507 2364 3581 adversus
2385 3505 2677 3585 diabolum,
2707 3514 2761 3559 et
2793 3504 3101 3574 praevalent,
3130 3503 3323 3558 milites
3347 3502 3539 3557 Citriin
3562 3518 3698 3572 ago—

2104 3600 2277 3654 nistici
2319 3582 2678 3668 appellantur.
2710 3595 2924 3652 Utinam
2973 3609 3101 3665 ergo
3135 3582 3330 3648 milites
3358 3593 3552 3649 Christi
3595 3607 3693 3646 es-

2103 3700 2242 3754 sent.
2275 3701 2329 3746 et
2374 3705 2480 3746 non
2522 3688 2716 3743 milites
2754 3687 2970 3753 diaboli,
3012 3700 3042 3740 a
3079 3686 3270 3756 quibus
3298 3685 3414 3753 plus
3445 3691 3694 3747 timetur.

2107 3785 2218 3838 Deo
2240 3782 2423 3837 laudes
2447 3780 2545 3853 (tt).
2580 3795 2737 3849 quam
2769 3778 3009 3833 fremitus
3029 3777 3220 3832 leonis.
3252 3776 3313 3830 Hi
3340 3777 3499 3831 etiam
3529 3776 3700 3830 insul-

2106 3882 2220 3930 tare
2253 3873 2408 3927 nobis
2433 3872 2651 3939 audent,
2683 3869 2802 3939 quia
2827 3868 3038 3929 fratres.
3069 3882 3192 3923 cum
3219 3868 3397 3921 vident
3424 3866 3695 3933 homines,

2110 3965 2223 4026 Deo
2267 3961 2561 4034 gratiaslb)
2590 3963 2792 4016 dicunt.
2828 3959 2965 4026 Quid
3007 3969 3109 4026 est,
3136 3960 3399 4029 inquirant,
3434 3960 3539 4013 Deo
3570 3975 3700 4028 gra-

2105 4055 2242 4109 tias?
2261 4055 2404 4108 ltane
2424 4052 2618 4108 surdus
2647 4067 2726 4114 es.
2754 4062 2811 4107 ut
2833 4051 3038 4106 nescias
3054 4049 3178 4120 quid
3208 4050 3295 4114 sit,
3325 4051 3429 4104 Deo
3449 4052 3648 4119 gratias
3662 4051 3693 4104 ἲ

2104 4146 2202 4218 Qui
2232 4145 2382 4213 dicit,
2418 4144 2530 4199 Deo
2559 4143 2779 4214 gratias,
2804 4142 3000 4211 gratias
3038 4140 3151 4210 agit
3189 4141 3318 4195 Deo.
3351 4140 3483 4195 Vide
3511 4140 3554 4194 si
3583 4155 3696 4195 non

2104 4235 2263 4291 debet
2289 4234 2451 4296 frater
2477 4234 2588 4288 Deo
2616 4235 2813 4302 gratias
2854 4244 3036 4300 agere,
3060 4228 3273 4300 quando
3299 4229 3443 4283 videt
3468 4228 3695 4302 fratrem

2105 4341 2259 4392 suum
2299 4325 2434 4380 Num
2465 4323 2607 4378 enim
2634 4300 2740 4376 non
2769 4330 2850 4377 est
2881 4321 3028 4376 locus
3056 4319 3448 4390 gratulationis,
3475 4300 3698 4390 quando

2106 4433 2164 4473 se
2200 4416 2423 4472 invicem
2451 4413 2633 4469 vident
2657 4412 2746 4483 qui
2781 4410 3021 4466 habitant
3050 4410 3102 4467 in
3145 4407 3395 4466 Christo?
3422 4409 3485 4463 Et
3513 4419 3697 4464 tamen

2106 4526 2200 4566 vos
2232 4511 2340 4570 Deo
2359 4508 2555 4581 gratias
2576 4516 2812 4560 nostrum
2840 4502 3028 4559 ridetis
3056 4521 3069 4557 :
3105 4502 3214 4557 Deo
3243 4500 3427 4557 laudes
3455 4510 3698 4573 vestrum

2104 4604 2318 4681 plorant
2347 4601 2609 4657 homines.
2648 4597 2755 4669 Sed
2801 4605 2949 4653 certe
2975 4595 3282 4652 reddidistis
3323 4595 3585 4654 rationem
3626 4596 3703 4651 de

2108 4695 2344 4760 nomine,
2384 4706 2548 4761 quare
2576 4687 2855 4758 appelletis
2892 4685 3235 4757 agonisticos.
3269 4684 3343 4740 ita
3373 4684 3483 4746 ﬁat.
3512 4694 3570 4740 ut
3593 4700 3697 4759 ap-

2108 4786 2347 4856 pcllatis;
2378 4784 2450 4837 ita
2487 4780 2594 4859 ﬁat,
2629 4778 2850 4834 omnino
2887 4775 3149 4832 favemus.
3181 4775 3405 4830 Praestet
3432 4775 3701 4853 Dominus

2106 4884 2165 4931 ut
2188 4875 2262 4930 illi
2292 4883 2479 4929 contra
2510 4871 2776 4926 diabolum
2815 4877 3044 4927 certent.
3085 4877 3143 4924 et
3185 4882 3293 4921 non
3321 4877 3506 4922 contra
3532 4868 3703 4923 Chri~

2106 4976 2269 5032 stum,
2319 4964 2472 5035 cuius
2515 4969 2903 5031 persequuntur
2955 4959 3271 5015 Ecclesium.
3321 4956 3521 5013 Tamen
3566 4961 3700 5029 quia

2105 5066 2335 5121 certant,
2364 5055 2542 5110 dicitis
2565 5052 2920 5124 agonisticos:
2950 5059 3004 5106 et
3028 5050 3304 5107 invenistis
3341 5050 3478 5104 unde
3505 5052 3699 5124 appel-

2105 5150 2245 5214 letis,
2288 5147 2412 5218 quia
2454 5145 2591 5209 dixit
2639 5144 2950 5214 Apostolus,
2994 5141 3205 5197 Bonum
3232 5159 3443 5214 agonem
3484 5146 3696 5199 certari.

2105 5243 2280 5312 Quare
2312 5255 2442 5311 ergo
2485 5247 2541 5294 et
2576 5253 2674 5293 nos
2713 5250 2817 5293 non
2856 5236 3183 5307 appellemus
3219 5234 3533 5303 monachos,
3568 5250 3697 5290 cum

2106 5333 2249 5397 dicat
2273 5331 2535 5399 Psaltnus,
2580 5327 2716 5385 Ecce
2743 5344 2894 5396 quant
2921 5327 3105 5381 bonum
3143 5335 3191 5381 et
3219 5342 3371 5397 quam
3401 5324 3697 5397 jucundum

2107 5424 2332 5477 habitare
2353 5425 2536 5494 fratres
2561 5420 2614 5474 in
2642 5419 2834 5489 unum?
2857 5410 3012 5480 Μόνος
3037 5416 3177 5473 enim
3210 5431 3348 5471 unus
3373 5417 3570 5471 dicitur
3597 5434 3614 5470 :
3640 5425 3694 5487 et

2107 5529 2211 5569 non
2235 5528 2372 5567 unus
2391 5510 2923 5583 quomodocumque;
2949 5523 3067 5563 nam
3091 5516 3145 5563 et
3172 5508 3222 5563 in
3246 5508 3395 5564 turba
3425 5518 3503 5563 cst
3531 5523 3690 5585 unus,

2168 5649 2185 5681 ί
2210 5647 2284 5696 sic
2305 5654 2405 5695 Am.
2430 5649 2505 5693 Er.
2527 5648 2580 5693 et
2599 5648 2707 5691 Mss.
2742 5650 2797 5691 Αι
2818 5648 2948 5705 Lov.,
2975 5639 3256 5713 horninibus.

2192 5732 2242 5793 α)
2267 5739 2363 5781 Vox
2385 5726 2849 5793 Circumcellionum.

2192 5732 2242 5793 a)
2267 5739 2363 5781 vox
2385 5732 2751 5779 Circumcellion

2169 5732 2244 5858 ib)
2269 5801 2365 5843 Vox
2398 5791 2751 5841 Mouachorum.
