4032 6202
321 321 451 381 ὶῖὄῗῦ

321 435 408 490 sed
437 445 538 486 una
561 430 576 460 ¹
604 443 725 487 cum
755 425 932 480 multis
961 439 1094 480 unus
1134 420 1240 477 dici
1269 427 1459 490 potest,
1488 428 1624 485 μόνος
1653 429 1754 469 non
1790 427 1886 481 po-

321 529 438 587 test,
487 519 538 573 id
580 527 680 582 est,
723 517 870 572 solus
899 534 912 570 :
941 524 1075 583 μόνος
1117 514 1254 568 enim
1292 524 1429 564 unus
1470 509 1614 562 solus
1655 515 1757 561 est.
1789 503 1888 568 Qui

319 628 440 683 ergo
475 611 551 664 sic
579 611 762 663 vivunt
787 609 838 661 in
880 621 1067 669 unum,
1096 614 1151 657 ut
1181 617 1342 656 unum
1375 600 1641 652 hominem
1675 595 1886 656 faciant,

320 713 373 758 ut
403 702 474 756 sit.
498 700 600 758 illis
627 714 752 756 vere
779 695 919 769 quod
943 695 1306 763 scriplumest,
1341 707 1442 743 una
1463 688 1632 740 anima
1662 694 1708 737 et
1736 699 1890 736 unum

319 807 441 855 cor;
471 789 631 844 ntulta
673 802 916 856 corpora,
961 784 1056 840 sed
1088 797 1192 836 non
1231 781 1412 836 multa:
1452 777 1676 839 aninne;
1725 774 1888 828 multa

318 895 557 949 corpora,
586 877 677 932 sed
705 893 808 931 non
836 876 1000 930 multa
1029 872 1188 928 corda
1213 889 1227 936 ;
1261 878 1403 925 recte
1432 868 1624 922 dicitur
1648 875 1805 933 μόνος,
1839 862 1890 916 id

320 981 396 1026 est
417 986 551 1026 unus
576 969 741 1023 solus.
770 967 918 1029 Unde
941 974 995 1021 et
1014 965 1101 1019 ille
1124 977 1258 1017 unus
1287 960 1572 1016 sanabatur
1592 958 1643 1011 in
1666 955 1885 1026 piscina.

321 1061 694 1132 Bespondeant
719 1059 871 1114 nobis
896 1066 947 1113 et
978 1063 1266 1126 exponant,
1297 1053 1384 1122 qui
1408 1051 1661 1107 insultant
1690 1047 1889 1103 nomini

319 1153 714 1214 monachorum,
742 1165 904 1220 quare
929 1149 1015 1203 ille
1040 1148 1129 1217 qui
1157 1147 1401 1200 inventus
1427 1153 1504 1197 est
1529 1141 1738 1211 triginta
1769 1150 1890 1194 octo

318 1258 482 1297 annos
505 1243 701 1297 habens
719 1242 768 1295 in
788 1240 1109 1301 infirmitate,
1131 1237 1232 1291 hoc
1251 1234 1613 1304 respondisset
1632 1231 1885 1286 Domino:

319 1335 439 1388 Cum
470 1343 603 1395 ntata
625 1333 774 1402 fuerit
790 1348 940 1408 aqua,
968 1347 1065 1384 non
1094 1330 1248 1382 habeo
1269 1329 1354 1396 qui
1381 1328 1596 1395 deponat
1625 1336 1736 1387 me;
1757 1322 1890 1376 alius

315 1436 428 1487 ante
463 1443 541 1478 me
578 1424 828 1488 descendit
871 1421 1046 1494 (Joan.
1075 1437 1129 1487 v,
1152 1420 1206 1486 5,
1235 1419 1312 1489 7).
1345 1416 1702 1472 Descenderat
1728 1427 1885 1477 unus,

313 1517 417 1587 jam
466 1517 602 1571 alius
631 1531 736 1579 non
780 1511 1154 1573 descendebat.
1199 1509 1344 1564 Unus
1378 1508 1523 1562 solus
1563 1504 1885 1568 satiabatur;

321 1608 575 1671 unitatem
613 1605 864 1664 Ecclesiae
890 1601 1170 1672 figurabat.
1194 1598 1381 1668 Merito
1410 1596 1664 1676 insultant
1689 1593 1886 1647 nomini

319 1698 555 1762 unitatis,
589 1698 676 1766 qui
707 1710 766 1752 se
798 1693 866 1748 ab
905 1693 1106 1755 unitate
1144 1688 1518 1761 prteciderunt.
1565 1685 1752 1739 Merito
1783 1684 1888 1737 illis

316 1786 560 1855 displicet
586 1800 777 1840 nomen
806 1781 1210 1846 monachorum,
1251 1779 1373 1850 quia
1409 1777 1480 1831 illi
1521 1776 1708 1830 nolunt
1737 1773 1886 1828 habi-

318 1889 432 1934 tare
461 1880 510 1933 in
533 1894 694 1934 unum
721 1892 838 1932 cum
860 1874 1112 1931 fratribus
1135 1889 1150 1938 ;
1173 1871 1265 1926 sed
1295 1878 1579 1940 sequentes
1599 1868 1884 1939 Donatum,

314 1971 580 2027 Clu-istum
603 1970 934 2025 dimiserunt.
964 1966 1087 2022 Haec
1108 1965 1174 2019 de
1196 1978 1323 2033 uno,
1348 1970 1400 2016 et
1426 1975 1532 2014 uno
1556 1959 1670 2019 solo
1689 1957 1890 2024 audivit

314 2062 559 2116 Charitas
579 2068 781 2123 vestra;
807 2058 914 2128 jam
933 2055 1287 2128 jucundemur
1315 2067 1435 2107 cum
1465 2049 1698 2115 Psalmo,
1723 2056 1778 2109 ut
1805 2061 1890 2101 se~

314 2152 533 2220 quentia
571 2149 862 2203 videamus.
908 2146 1089 2202 Brevis
1119 2152 1232 2208 est;
1261 2149 1435 2212 potest
1475 2154 1506 2194 a
1534 2139 1685 2194 nobis
1723 2135 1885 2201 curri,

313 2250 573 2308 quantum
606 2239 858 2292 Dominus
887 2235 1139 2305 suggerit.
1183 2233 1318 2287 Puto
1359 2233 1498 2284 enim
1539 2244 1602 2283 ex
1652 2227 1734 2281 his
1770 2241 1888 2296 qua:

312 2331 460 2382 dicta
483 2337 624 2392 sunt,
653 2337 836 2398 patere
863 2339 1014 2394 posse
1044 2339 1161 2393 qua:
1187 2328 1505 2391 sequuntur,
1534 2317 1774 2388 quamvis
1799 2316 1888 2370 illa

313 2419 602 2472 videantur
629 2417 872 2469 obscura.

387 2511 448 2564 7.
480 2507 628 2579 [vers.
657 2505 737 2578 2.]
776 2504 908 2558 Ecce
933 2519 1080 2573 quam
1119 2502 1302 2556 bonum
1349 2509 1394 2554 et
1430 2516 1577 2570 quam
1606 2497 1891 2570 jucundum

311 2602 550 2657 habitare
600 2602 778 2670 fratres
828 2597 882 2650 in
929 2611 1104 2649 unum.
1150 2591 1473 2648 Ostendebat
1520 2590 1606 2659 qtti
1661 2588 1888 2653 dicebat,

317 2690 479 2744 Ecce.
508 2689 756 2742 Videmus
775 2696 827 2741 et
853 2701 972 2750 nos,
998 2685 1208 2750 fratres,
1230 2689 1284 2736 et
1304 2679 1664 2735 benedicitnus
1693 2679 1888 2741 Deum;

313 2791 371 2835 et
399 2793 638 2842 nranms,
689 2785 745 2831 ut
770 2777 1007 2832 dicamus
1035 2783 1088 2827 ct
1119 2788 1234 2835 nos,
1266 2771 1413 2824 Ecce.
1449 2770 1512 2824 Et
1537 2771 1620 2823 cui
1646 2768 1720 2823 rei
1748 2767 1894 2820 sitni-

296 2872 402 2924 -lcs
443 2878 591 2928 sunt,
620 2867 755 2920 dicat
783 2866 1044 2919 Psalmus.
1086 2863 1228 2918 Sicut
1273 2870 1576 2931 unguentum
1616 2861 1668 2913 in
1710 2859 1889 2928 capite,

313 2959 456 3026 quod
484 2955 733 3009 descendit
762 2956 814 3007 in
845 2951 1066 3015 barbam,
1088 2951 1290 3004 barbam
1317 2951 1516 3013 Aaron;
1538 2948 1671 3017 quod
1699 2949 1894 3000 descen-

312 3053 393 3117 dit
421 3051 476 3124 in
506 3065 647 3101 orum
685 3044 957 3112 vestimenti
986 3044 1117 3115 ejus.
1155 3043 1325 3095 Aaron
1352 3041 1477 3110 qurd
1518 3042 1664 3095 erat?
1705 3040 1894 3094 Sacer-

312 3141 434 3196 dos.
463 3138 596 3205 Quis
615 3147 695 3189 cst
721 3134 990 3198 sacerdos,
1024 3133 1122 3186 nisi
1153 3147 1288 3186 unus
1315 3130 1582 3197 sacerdos,
1607 3131 1693 3199 qui
1726 3131 1894 3183 intra-

312 3234 392 3284 vit
436 3232 490 3283 in
520 3236 700 3281 sancta
729 3224 1071 3279 sanctorum?
1097 3222 1224 3289 Quis
1255 3231 1335 3275 est
1365 3221 1464 3274 iste
1491 3219 1760 3282 sacerdos,
1795 3218 1897 3272 nisi

313 3323 405 3390 qui
442 3320 541 3372 fuit
569 3327 623 3372 et
648 3317 859 3370 victima
905 3324 958 3369 et
986 3313 1274 3369 sacerdos?
1317 3312 1414 3365 nisi
1447 3311 1535 3366 ille
1561 3313 1647 3380 qui
1680 3327 1802 3364 cum
1845 3311 1896 3363 in

313 3410 521 3466 mttndo
548 3424 653 3463 non
674 3407 931 3461 inveniret
960 3405 1211 3458 mundum
1239 3402 1377 3472 quod
1405 3402 1642 3471 offerret,
1664 3402 1897 3470 seipsum

313 3503 553 3558 obtulit?
580 3500 633 3554 ln
660 3501 830 3568 capite
858 3500 1019 3573 ipsius
1042 3504 1394 3566 unguentum,
1432 3495 1550 3564 quia
1583 3502 1720 3547 totus
1749 3492 1901 3546 Chri—

315 3604 431 3650 stus
453 3610 579 3648 cutn
606 3593 837 3646 Ecclesia
870 3609 884 3644 :
908 3589 999 3644 sed
1021 3607 1050 3641 a
1080 3588 1251 3657 capite
1275 3589 1776 3655 venituuguentum.
1802 3581 1900 3636 Ca-

314 3696 410 3756 put
454 3695 698 3739 nostrum
731 3682 970 3737 Christus
1024 3689 1138 3743 est;
1181 3678 1485 3731 crucifixum
1526 3685 1579 3728 et
1616 3674 1897 3742 sepultum,

313 3774 696 3830 resuscitatum
739 3769 976 3825 ascendit
1023 3769 1072 3821 in
1120 3767 1348 3831 cadum;
1394 3775 1444 3820 et
1487 3765 1630 3818 venit
1677 3763 1902 3831 Spiritus

315 3876 542 3924 Sanctus
584 3879 611 3915 a
637 3863 828 3930 capite.
857 3859 1013 3927 Quo?
1046 3857 1120 3911 Ad
1156 3856 1390 3909 barbam.
1432 3854 1599 3908 Barba
1644 3853 1904 3921 significat

317 3959 528 4021 fortes;
565 3955 726 4008 barba
769 3951 1027 4023 significat
1053 3950 1295 4018 juvenes,
1328 3957 1593 4010 strenuos,
1627 3945 1900 4012 impigros,

315 4050 556 4104 alacres.
609 4045 732 4099 ideo
784 4040 992 4112 quando
1046 4041 1180 4094 tales
1225 4036 1604 4098 describimus,
1651 4034 1905 4088 Barbatus

316 4140 492 4195 homo
539 4146 641 4198 est,
687 4136 928 4189 dicimus.
981 4133 1117 4202 Ergo
1156 4129 1285 4184 illud
1324 4129 1548 4198 primum
1588 4136 1903 4197 unguentum

318 4228 611 4285 descendit
641 4227 691 4280 in
721 4225 1027 4294 Apostolos,
1061 4220 1334 4282 descendit
1363 4220 1415 4274 in
1446 4218 1568 4272 illos
1598 4218 1682 4287 qui
1710 4216 1906 4285 primos

321 4324 567 4392 impetus
606 4318 782 4373 saeculi
821 4317 1224 4370 sustinuerunt:
1259 4309 1534 4366 descendit
1562 4323 1689 4378 ergo
1717 4308 1765 4360 in
1791 4307 1908 4360 illos

319 4412 568 4482 Spiritus
588 4417 818 4462 sanctus.
841 4405 970 4459 Nam
994 4415 1046 4458 et
1074 4404 1145 4456 illi
1174 4402 1258 4471 qui
1287 4402 1512 4470 primum
1541 4400 1590 4453 in
1625 4413 1784 4452 unum
1811 4395 1908 4449 ha-

319 4503 502 4556 bitare
532 4505 830 4566 cmperunt,
860 4493 1276 4563 persecutionem
1307 4495 1443 4560 passi
1483 4498 1605 4544 sunt
1631 4508 1642 4542 :
1671 4487 1761 4542 sed
1790 4487 1910 4557 quia

319 4588 688 4646 descenderat
726 4594 1052 4654 unguentum
1093 4583 1142 4636 in
1175 4581 1413 4647 barbam,
1459 4580 1598 4650 passi
1638 4588 1776 4644 sunt,
1806 4593 1910 4631 non

321 4682 476 4736 victi.
517 4678 734 4733 Etenim
765 4685 992 4745 eteaput
1013 4674 1122 4744 jam
1144 4688 1355 4743 passum
1383 4680 1747 4742 praecesserat,
1777 4669 1913 4724 unde

321 4770 619 4828 descendit
648 4779 990 4839 unguentum.
1025 4764 1366 4820 Praecedcnte
1394 4764 1482 4818 tali
1504 4763 1768 4832 exemplo,
1796 4761 1915 4832 quis

320 4867 577 4920 vinceret
598 4861 855 4916 barbam?

397 4956 456 5010 8.
503 4954 589 5006 Ex
615 4953 701 5005 illa
726 4951 885 5004 barba
908 4959 1020 5003 erat
1039 4947 1338 5017 Stephanus
1359 4954 1590 5001 sanctus.
1609 4946 1678 5000 Et
1714 4946 1815 5000 hoc
1839 4953 1918 4999 cst

324 5062 437 5102 non
452 5044 626 5107 vinci,
644 5050 701 5096 ut
717 5041 950 5095 charitas
962 5055 1065 5094 non
1087 5039 1326 5093 vincatur
1337 5038 1405 5092 ab
1421 5037 1664 5091 inimicis.
1679 5037 1807 5090 Nam
1821 5037 1918 5091 visi

321 5147 454 5194 sunt
483 5135 592 5190 sibi
617 5134 828 5199 vicisse,
856 5133 943 5202 qui
971 5131 1228 5201 persecuti
1248 5138 1370 5182 sunt
1394 5137 1625 5182 sanctos.
1652 5128 1727 5181 llli
1749 5127 1923 5182 caede-

321 5231 486 5294 bant,
512 5226 591 5280 illi
608 5226 944 5280 caedebantur
963 5241 976 5290 ;
996 5223 1067 5277 illi
1085 5222 1414 5287 occidebant,
1437 5222 1509 5274 illi
1527 5220 1920 5274 occidebantur.

320 5319 465 5388 Quis
481 5331 595 5371 non
619 5324 824 5384 putaret
845 5315 963 5368 illos
983 5314 1210 5376 vincere,
1237 5313 1354 5366 illos
1369 5312 1501 5365 vinci
1519 5312 1542 5364 ?
1557 5311 1658 5366 Sed
1676 5312 1794 5380 quia
1819 5327 1919 5364 non

322 5411 470 5464 victa
493 5414 581 5462 est
594 5406 844 5468 charttas,
864 5403 980 5458 ideo
999 5412 1316 5473 unguentum
1331 5401 1599 5462 descendit
1616 5403 1666 5456 in
1685 5401 1920 5456 barbam.

323 5498 582 5556 Attende
597 5496 943 5565 Stephanum.
964 5493 1285 5549 Saeviebatin
1305 5493 1392 5546 illo
1403 5492 1630 5547 Charitas
1649 5511 1659 5545 :
1677 5492 1926 5547 szeviebat

323 5592 382 5647 in
431 5602 560 5650 eos,
601 5601 718 5640 cum
765 5585 1044 5651 audirent;
1099 5583 1301 5653 rogavit
1340 5597 1437 5651 pro
1480 5583 1578 5650 eis,
1625 5598 1744 5638 cum
1796 5583 1927 5653 lapi-

398 5703 414 5734 ε
445 5699 676 5759 quinque
703 5704 822 5757 Mss,
852 5709 991 5745 unus.

1367 301 1755 361 EN.\hBATlO
1792 299 1857 356 IN
1896 297 2210 355 PSALMUM
2236 298 2489 354 CXXX".

3431 298 3560 358 1764

2001 409 2206 466 darent.
2238 410 2375 478 Quid
2418 410 2559 465 enim
2601 410 2688 474 ait,
2721 425 2839 466 cum
2881 409 3165 466 audirent?
3198 411 3338 465 Dura
3377 415 3563 466 cervice

1996 511 2043 554 et
2067 501 2398 555 incircumcisi
2435 501 2583 554 corde
2625 510 2670 554 et
2697 503 2920 565 auribus,
2951 519 3037 556 vos
3076 519 3269 573 semper
3308 505 3559 558 restitistis

1997 592 2210 662 Spiritui
2251 602 2446 649 sancto.
2501 591 2631 646 Vide
2683 593 2918 648 barbam.
2977 593 3239 663 Numquid
3289 595 3561 648 adulavit?

1993 684 2244 754 numquid
2304 684 2510 737 timuit?
2563 684 2640 738 llli
2691 698 2808 737 cum
2854 683 3096 738 audirent
3153 685 3285 751 ista,
3340 702 3457 756 qme
3509 688 3561 749 in

1995 774 2113 828 illos
2143 773 2485 828 dicebantur‘
2521 792 2533 828 :
2565 775 2712 844 quasi
2757 775 3007 829 saeviebat
3053 776 3192 830 enim
3222 775 3555 844 Stephanus;

1993 867 2244 921 Stcviebat
2270 881 2383 932 ore,
2412 866 2570 922 corde
2591 866 2872 935 diligebat;
2901 878 2953 921 et
2981 883 3082 920 non
3116 877 3196 922 est
3220 869 3353 922 victa
3381 868 3559 922 chari-

1995 967 2074 1012 tas
2121 960 2231 1028 ipsa
2277 957 2331 1011 in
2379 973 2443 1011 eo
2473 975 2485 1010 :
2515 973 2635 1011 nam
2683 959 2754 1012 illi
2785 957 3133 1012 abhorrentes
3172 973 3199 1010 a
3236 959 3416 1022 verbo,
3449 968 3563 1012 tan-

1993 1063 2150 1118 quam
2184 1048 2414 1102 tencbrte
2445 1048 2703 1118 fugientes
2727 1063 2755 1101 a
2783 1049 3000 1112 lumine,
3031 1050 3094 1102 ad
3117 1050 3317 1119 lapides
3343 1067 3561 1106 currere

1993 1147 2288 1208 cmperttnt,
2321 1138 2642 1206 Stephanum
2672 1139 2924 1208 lapidare.
2955 1138 3099 1194 Sicut
3123 1153 3274 1195 antea
3307 1143 3561 1210 Stephani

1992 1230 2151 1285 verba
2189 1229 2486 1299 lapidabant
2512 1231 2648 1294 illos,
2680 1232 2755 1284 sic
2793 1243 2967 1298 postea
3001 1232 3200 1299 lapides
3227 1248 3408 1287 eorum
3438 1234 3560 1290 Ste-

1991 1323 2248 1393 phanum.
2310 1325 2534 1390 Quando
2586 1326 2768 1380 debuit
2837 1328 2952 1395 plus
3007 1329 3159 1381 irasci
3224 1327 3556 1397 Stephanus,

1992 1415 2202 1482 quando
2228 1415 2576 1484 lapidabatur,
2605 1432 2670 1468 an
2698 1417 2908 1485 quando
2927 1416 3270 1471 audiebatur?
3301 1418 3436 1473 Ecce
3464 1421 3561 1472 tui-

1971 1505 2058 1562 ttis
2087 1505 2252 1568 factus
2273 1515 2352 1560 est
2380 1496 2503 1560 dum
2535 1505 2875 1574 lapidarctur,
2915 1517 2964 1560 et
2988 1509 3236 1562 sa-vicbat
3265 1525 3382 1563 cum
3406 1511 3558 1564 audi-

1989 1607 2156 1651 retur.
2189 1599 2362 1664 Quare
2402 1599 2655 1652 satviebat
2684 1613 2800 1652 cum
2844 1599 3154 1653 audiretur?
3196 1601 3325 1666 Quia
3358 1611 3560 1657 mutare

1989 1689 2200 1742 volebat
2241 1703 2333 1743 eos
2377 1704 2405 1741 a
2433 1689 2623 1758 quibus
2667 1689 2998 1743 audiebatur.
3035 1690 3374 1746 Venientibus
3420 1671 3561 1747 inse.

1992 1778 2254 1848 lapidibus
2298 1793 2400 1832 non
2431 1780 2564 1833 victa
2599 1787 2680 1834 cst
2719 1780 2948 1833 Charitas
2976 1798 2988 1831 :
3018 1781 3135 1849 quia
3169 1792 3488 1850 unguentum
3529 1799 3559 1846 a_

1990 1871 2160 1940 capite
2187 1871 2236 1924 itt
2269 1871 2481 1931 barbam
2511 1871 2874 1934 descenderat,
2899 1881 2951 1924 et
2975 1873 3215 1942 audierat
3243 1873 3308 1926 ab
3333 1873 3446 1942 ipso
3472 1888 3560 1928 ca-

1993 1962 2119 2032 pite,
2158 1961 2364 2035 Diligite
2402 1962 2631 2015 inimicos
2671 1971 2876 2026 rastros,
2910 1973 2953 2016 et
2983 1975 3124 2016 orate
3147 1979 3238 2033 pro
3269 1964 3337 2016 eis
3366 1965 3448 2034 qui
3477 1981 3563 2029 vos

1991 2061 2352 2126 persequuntur
2381 2051 2587 2122 (Matth.
2613 2066 2665 2117 ν,
2697 2050 2811 2123 44).
2841 2052 3092 2106 Audierat
3129 2053 3196 2106 ab
3233 2053 3348 2122 ipso
3391 2055 3562 2123 capite

1994 2142 2255 2214 pendente
2305 2143 2355 2197 in
2401 2158 2578 2209 cruce,
2623 2151 2676 2197 et
2719 2143 2946 2207 dicente,
2987 2142 3158 2209 Pater,
3196 2143 3396 2214 ignosce
3438 2145 3561 2218 illis,

1991 2237 2128 2306 quia'
2148 2237 2368 2292 nesciunt
2397 2237 2518 2302 quid
2549 2237 2739 2305 faciunt
2779 2235 2931 2304 (Luc.
2963 2252 3108 2301 xxttt,
3140 2238 3249 2305 54).
3299 2237 3376 2290 Eo
3406 2228 3564 2290 modo

1991 2342 2118 2395 ergo
2155 2335 2479 2393 unguentum
2528 2341 2557 2379 a
2606 2327 2777 2394 capite
2818 2326 3162 2380 descenderat
3205 2327 3256 2380 in
3303 2327 3561 2392 barbam;

1994 2416 2116 2486 quia
2145 2424 2198 2471 et
2229 2416 2318 2470 ille
2352 2432 2471 2470 cum
2505 2415 2848 2486 lapidaretur,
2881 2415 2986 2470 fixo
3012 2433 3146 2485 genu
3181 2418 3250 2470 ait
3284 2436 3295 2470 :
3324 2417 3561 2484 Domine,

1993 2525 2056 2562 ne
2075 2517 2264 2560 statuas
2287 2507 2388 2561 illis
2418 2507 2509 2559 hoc
2537 2517 2789 2577 peccatum
2815 2509 2946 2575 (.lct.
2973 2521 3068 2578 vtt,
3100 2509 3157 2561 51
3201 2506 3314 2577 59).
3554 2489 3561 2496 ’

2063 2600 2115 2655 9.
2151 2599 2285 2668 Ergo
2315 2600 2386 2652 illi
2415 2609 2659 2668 tanquam
2692 2599 2850 2652 barba
2880 2609 3031 2652 crant
3054 2602 3094 2653 ³.
3126 2601 3266 2652 Multi
3291 2601 3430 2654 enim
3460 2600 3566 2667 fore

1995 2700 2075 2745 tes
2104 2699 2286 2756 erant,
2317 2700 2369 2744 et
2396 2690 2588 2744 multas
2631 2692 3022 2759 persecutiones
3053 2692 3187 2759 passi
3216 2701 3356 2745 sunt.
3393 2692 3495 2746 Sed
3521 2694 3567 2756 si

1996 2796 2167 2850 neque
2191 2797 2220 2835 a
2248 2781 2407 2835 barba
2437 2781 2796 2836 descendisset
2827 2792 3168 2850 unguentum,
3199 2782 3353 2836 modo
3384 2799 3569 2838 mona-

1997 2873 2155 2925 steria
2182 2887 2284 2925 non
2315 2872 2644 2926 haberemus.
2671 2871 2773 2925 Sed
2803 2872 2922 2940 quia
2951 2872 3223 2925 descendit
3247 2881 3299 2927 et
3341 2874 3392 2927 in
3422 2890 3566 2942 oram

1997 2961 2327 3027 vestimenti;
2374 2962 2450 3016 sic
2497 2963 2636 3016 enim
2684 2962 2788 3024 ait,
2844 2961 2993 3028 Quod
3033 2962 3285 3016 descendit
3331 2967 3382 3017 in
3427 2981 3568 3018 oratr

1997 3053 2275 3110 vestimenti
2299 3055 2449 3123 ejus:
2477 3064 2652 3108 secuta
2683 3061 2765 3108 est
2794 3053 3026 3108 Ecclesia
3046 3095 3060 3120 ,
3092 3053 3158 3108 de
3187 3065 3331 3109 veste
3362 3055 3566 3110 Domini

2003 3145 2204 3213 peperit
2252 3145 2588 3198 monasteria.
2637 3144 2765 3197 Nam
2806 3145 2968 3197 vestis
2997 3147 3341 3199 sacerdotalis
3382 3147 3568 3200 Eccle-

2001 3234 2130 3285 siam
2158 3234 2433 3303 significat.
2464 3235 2577 3303 Ipsa
2604 3245 2682 3287 est
2710 3235 2871 3288 vestis
2895 3234 2960 3288 de
2986 3250 3086 3304 qua
3109 3235 3235 3290 dicit
3265 3237 3568 3305 Apostolus,

2007 3323 2073 3378 Ut
2099 3325 2344 3379 exhiberet
2382 3326 2475 3378 sibi
2503 3326 2771 3394 gloriosam
2823 3325 3129 3390 Ii'cclcsiam,
3179 3344 3276 3379 non
3315 3327 3572 3396 habentem

2002 3418 2251 3470 maculam
2271 3459 2284 3482 ,
2315 3433 2472 3486 neque
2509 3434 2684 3488 rugam
2721 3417 2934 3486 (Ep-bes.
2965 3433 3016 3482 v,
3047 3416 3158 3486 27).
3190 3417 3480 3481 lllundatur,
3515 3428 3572 3474 ut

2004 3525 2108 3563 non
2137 3510 2326 3564 habeat
2362 3510 2653 3575 maculam;
2696 3510 3014 3573 extenditur,
3049 3518 3106 3562 ut
3135 3526 3235 3562 non
3266 3511 3452 3564 habeat
3477 3527 3570 3570 rue

2004 3612 2143 3666 gatn.
2173 3597 2270 3651 Ubi
2303 3612 2417 3649 eam
2449 3597 2683 3650 extendit
2712 3597 2857 3657 ΓιιΙΙεο,
2899 3597 2996 3649 nisi
3031 3598 3079 3649 in
3113 3597 3293 3664 ligno?
3325 3597 3573 3652 Videmus

2005 3685 2240 3754 quOtidie
2276 3701 2304 3736 a
2344 3685 2626 3738 fallenibus
2655 3686 2856 3736 tunicas
2881 3683 3270 3752 quodammodo
3299 3685 3530 3755 crucifigi
3556 3703 3570 3738 :

2007 3776 2398 3845 crueifiguntur,
2437 3783 2492 3828 ttt
2533 3790 2712 3844 rugam
2756 3790 2858 3827 non
2903 3774 3148 3827 habeant.
3181 3773 3311 3840 Quid
3342 3784 3421 3828 est
3447 3791 3573 3844 ergo

2008 3883 2099 3920 ora
2129 3865 2466 3920 vestimenti?
2509 3863 2696 3917 fratres
2740 3865 2874 3927 mei,
2908 3865 2958 3916 in
2991 3879 3082 3917 ora
3125 3863 3420 3917 vestimenti
3450 3864 3574 3933 quid

2008 3955 2272 4026 accepturi
2301 3954 2519 4022 sumus?
2544 3953 2667 4020 Ora,
2699 3954 2814 4008 linis
2852 3953 3148 4007 vestimenti
3178 3963 3276 4007 est.
3314 3954 3445 4018 Quid
3484 3969 3574 4009 ac-

2009 4047 2210 4114 cepturi
2255 4060 2436 4099 sumus
2483 4046 2531 4098 in
2575 4045 2678 4099 fine
2723 4044 3053 4099 vestimenti?
3103 4045 3185 4097 An
3230 4045 3346 4113 quia
3379 4045 3428 4097 itt
3473 4045 3577 4100 fine

2011 4147 2305 4208 temporum
2333 4137 2569 4191 habitura
2591 4144 2704 4190 erat
2732 4135 2966 4189 Ecelcsia
2996 4135 3180 4189 fratres
3208 4133 3502 4188 habitantes
3525 4135 3577 4202 in

2013 4229 2215 4283 unum?
2244 4244 2311 4281 an
2347 4229 2396 4280 in
2430 4243 2520 4281 ora
2551 4228 2922 4296 perfectionem
2966 4227 3328 4295 intelligimus,
3363 4227 3482 4295 quia
3525 4227 3575 4288 in

2013 4337 2104 4375 ora
2134 4321 2503 4375 vestimentum
2543 4319 2841 4389 perficitur;
2874 4329 2926 4373 et
2959 4319 3028 4372 iili
3070 4318 3281 4387 perfecti
3309 4361 3322 4386 ,
3352 4318 3440 4388 qui
3485 4335 3580 4373 no-

2014 4423 2137 4468 runt
2179 4414 2412 4467 habitare
2458 4415 2509 4467 in
2555 4414 2753 4467 unum?
2784 4414 2855 4466 llli
2888 4412 3100 4482 perfecti
3133 4415 3217 4483 qui
3266 4415 3430 4483 legem
3479 4415 3582 4468 imo.

2015 4508 2178 4576 plent.
2207 4507 2480 4572 Quomodo
2508 4517 2682 4560 autem
2710 4507 2954 4574 impletur
2979 4506 3062 4560 lex
3088 4506 3278 4560 Christi
3306 4507 3370 4560 ab
3395 4508 3471 4560 eis
3493 4507 3581 4576 qui

2017 4598 2259 4660 habitant
2294 4596 2482 4650 fratres
2511 4598 2561 4650 in
2594 4596 2793 4650 unum?
2822 4596 2954 4649 Audi
2985 4597 3290 4664 Apostolum
3323 4613 3335 4646 :
3362 4593 3584 4648 Invicem

2018 4704 2169 4743 onera
2197 4699 2354 4743 castra
2383 4698 2592 4758 portate,
2621 4697 2667 4741 et
2695 4689 2765 4741 sic
2785 4687 3049 4755 implebitis
3073 4689 3229 4757 legem
3251 4687 3432 4740 Christi
3459 4686 3585 4758 (Ca-

2020 4770 2109 4834 lat.
2133 4796 2211 4846 vr,
2242 4781 2321 4847 2).
2352 4780 2472 4832 llaec
2499 4789 2579 4833 est
2604 4793 2694 4831 ora
2725 4778 3044 4830 vestimenti.
3074 4776 3365 4844 Quomodo,
3397 4775 3584 4834 fratres

2020 4875 2154 4939 mei,
2185 4873 2528 4942 intelligimus
2547 4913 2560 4937 ,
2589 4886 2742 4939 quam
2770 4885 2913 4922 oram
2941 4869 3110 4930 dicat,
3157 4883 3259 4937 quo
3301 4869 3466 4936 potuit
3495 4868 3585 4920 de-

2023 4964 2276 5016 scendere
2303 4960 2653 5029 unguentum?
2677 4958 2790 5012 Non
2815 4966 2938 5027 puto
2960 4959 3098 5028 quod
3127 4973 3271 5022 oram
3290 4957 3586 5011 vestimenti

2025 5053 2075 5107 in
2107 5053 2358 5106 lateribus
2389 5051 2552 5103 voluit
2581 5048 2817 5118 intelligi.
2851 5049 2984 5103 Sunt
3012 5050 3151 5102 enim
3182 5063 3289 5102 ora“:
3331 5047 3380 5100 in
3414 5046 3590 5099 lateri-

2027 5144 2144 5198 bus.
2177 5126 2278 5196 Sed
2328 5156 2357 5194 a
2403 5140 2563 5194 barba
2601 5139 2926 5193 descendere
2971 5145 3288 5206 unguentum
3331 5135 3398 5189 ad
3443 5148 3586 5188 oram

2029 5235 2214 5302 potuit,
2243 5246 2358 5301 quae
2383 5231 2432 5284 in
2460 5229 2630 5297 capite
2654 5239 2754 5294 est,
2782 5228 2869 5282 ubi
2897 5229 3131 5297 aperitur
3152 5227 3396 5294 capitium
3424 5223 3464 5276 ³.
3492 5222 3596 5278 Ta-

2029 5325 2104 5378 les
2130 5331 2251 5376 suut
2280 5322 2367 5390 qui
2407 5321 2642 5375 habitant
2668 5321 2719 5374 in
2746 5335 2907 5374 unum
2932 5336 2944 5373 :
2979 5327 3036 5373 ut
3061 5317 3323 5387 quomodo
3355 5331 3447 5385 per
3473 5329 3592 5370 oras

2095 5506 2110 5536 ¹
2138 5505 2219 5551 Hic
2242 5505 2288 5552 in
2311 5502 2421 5550 Edd.
2449 5509 2573 5562 post,
2611 5499 2910 5559 dicebantur,
2933 5496 3144 5547 additum
3168 5502 3259 5556 est,
3285 5493 3536 5545 statuebant
3576 5503 3599 5546 :

2031 5565 2156 5628 quod
2171 5564 2241 5628 ab
2263 5565 2494 5628 omnibus
2504 5571 2613 5628 uss.
2623 5564 2789 5628 abest.

2095 5628 2116 5658 ³
2140 5627 2210 5673 sic
2231 5631 2334 5672 uss.
2363 5631 2416 5673 At
2437 5623 2565 5681 tidd.,
2595 5622 2674 5672 ille
2699 5629 2925 5684 tanquam
2947 5621 3092 5671 barba
3112 5625 3230 5671 erat.

2100 5688 2120 5722 ³
2141 5695 2318 5736 Omnes
2338 5692 2463 5744 Mss,
2483 5692 2640 5746 caput.
