4032 6202
395 340 533 395 m5
1623 314 1685 380 ε.
1726 276 2085 368 anot'srta't
2124 302 2431 381 El‘lSCOPl
3534 296 3665 361 tm

398 461 528 515 istas
558 456 714 519 intrat
743 458 900 521 caput
925 444 1173 505 hominis.
1203 448 1259 496 ut
1284 438 1469 505 vestiat
1498 450 1589 497 se;
1624 431 1704 487 sic
1735 445 1828 496 per
1848 442 1978 483 con-

399 549 634 604 cordiam
663 545 950 606 fraternam
992 534 1233 591 Christus
1258 531 1447 591 intrat,
1473 524 1565 596 qui
1593 532 1673 580 est
1702 528 1859 592 caput
1887 532 1981 573 no-

400 651 591 699 strum,
625 644 680 704 ut
706 632 980 692 vestiatur,
1013 635 1069 680 ut
1099 621 1334 678 Ecclesia
1361 618 1439 671 illi
1472 616 1688 685 haereat.

475 729 560 786 il).
592 699 740 798 [υενδ.
769 719 846 793 5.]
887 717 1022 787 Quid
1053 712 1191 769 aliud
1219 711 1385 766 dicit?
1414 707 1557 762 Sicut
1594 718 1678 757 ros
1724 699 1946 755 Ilermon
1967 736 1983 761 ,

402 821 486 890 qui
509 789 760 870 des—ccudit
783 789 934 882 super
964 816 1154 860 montes
1177 804 1193 835 ί
1224 802 1370 857 Sion.
1398 798 1511 876 ΙΙοε
1540 794 1707 850 voluit
1733 789 1984 875 intelligi,

403 882 593 966 fratres
621 906 746 972 mei,
777 903 1000 974 gratiam
1031 899 1118 953 Dei
1147 910 1264 952 esse
1285 892 1425 964 quod
1456 890 1644 944 fratres
1672 885 1911 960 habitant
1934 882 1985 936 in

405 1017 602 1063 unum;
635 1014 738 1052 non
772 1012 835 1063 ex
868 995 980 1049 suis
1006 991 1227 1059 viribus,
1256 1001 1359 1040 non
1390 1000 1453 1041 ex
1485 982 1594 1034 suis
1626 977 1861 1038 meritis.
1890 971 1988 1031 Sed

405 1112 468 1161 ex
501 1094 639 1163 illius
663 1091 826 1153 dono,
856 1086 947 1141 sed
978 1100 1044 1154 ex
1074 1083 1210 1139 illius
1238 1077 1426 1149 gratia,
1454 1075 1584 1128 sicut
1621 1086 1708 1125 ros
1733 1069 1800 1122 de
1828 1066 1983 1121 co‘lo.

407 1159 696 1247 Nonenim
723 1192 862 1236 terra
891 1178 989 1239 sibi
1033 1174 1182 1244 pluit,
1214 1178 1301 1224 aut
1328 1183 1431 1223 non
1464 1161 1717 1235 quidquid
1746 1159 1991 1229 genuerit

409 1275 635 1335 arescit,
667 1271 768 1335 nisi
801 1269 974 1341 pluvia
1007 1266 1233 1333 desuper
1255 1257 1561 1321 descendat.
1595 1254 1731 1308 Dicit
1760 1249 1988 1321 quodam

408 1368 526 1423 loco
553 1367 605 1435 in
631 1364 834 1434 psalmo
858 1379 871 1415 :
904 1358 1133 1423 [ﬂuvium
1155 1351 1485 1427 voluntarium
1504 1346 1802 1420 segregabis,
1834 1343 1987 1420 Dens,

411 1458 688 1515 Itazreditnti
717 1467 816 1510 tute
844 1451 1009 1525 (Psal.
1043 1464 1216 1509 vau,
1258 1443 1368 1517 10).
1403 1443 1577 1508 Quare
1604 1439 1734 1493 dixit
1763 1436 1993 1507 uolunta-

410 1550 581 1604 riam?
608 1548 737 1614 Quia
769 1562 870 1600 non
903 1542 1103 1598 meritis
1135 1537 1365 1599 nostris,
1412 1532 1505 1589 sed
1535 1531 1674 1585 illius
1701 1528 1989 1603 voluntate.

412 1641 545 1709 Quid
574 1640 711 1692 enim
740 1635 860 1709 boni
883 1631 1172 1703 meruimus
1198 1622 1546 1704 peccatores?
1571 1619 1695 1697 qqid
1727 1617 1851 1693 boni
1877 1631 1991 1669 me-

414 1706 614 1786 tuimus
640 1706 836 1797 iniqui?
862 1724 940 1789 Ex
963 1722 1130 1783 Adam
1154 1720 1349 1780 Adam,
1379 1724 1431 1788 et
1452 1728 1611 1783 super
1634 1710 1799 1772 Adam
1829 1707 1993 1770 multa

416 1833 628 1893 peccata
659 1825 963 1872 nascuntur.
992 1810 1241 1887 Quisquis
1266 1806 1519 1867 nascitur,
1545 1801 1709 1856 Adam
1738 1797 1988 1861 nascitur,

414 1890 693 1968 damnatus
721 1909 787 1962 de
812 1907 1082 1968 danmato,
1111 1911 1163 1956 et
1188 1898 1388 1953 addidit
1412 1894 1551 1949 male
1582 1890 1805 1945 vivendo
1836 1902 1996 1956 super

415 2002 585 2056 Adam
614 2002 656 2052 ³.
702 1997 833 2064 Quid
876 1997 1017 2049 enim
1067 1991 1189 2045 boni
1241 1987 1431 2042 meruit
1471 1981 1676 2037 Adam?
1710 1980 1775 2033 Et
1819 1987 1995 2032 tamen

420 2092 724 2149 misericors
751 2086 968 2152 amarit,
998 2094 1050 2138 et
1077 2095 1303 2151 sponsus
1325 2076 1527 2136 dilexit,
1560 2090 1665 2127 non
1696 2071 1991 2152 pulchram,

420 2184 513 2238 sed
542 2192 598 2235 ut
634 2183 828 2234 faceret
855 2174 1151 2253 pulchram.
1186 2171 1324 2252 Ergo
1352 2168 1577 2242 gratiam
1611 2164 1700 2243 Dei
1732 2163 1862 2239 dixit
1903 2175 1996 2217 ro-

418 2290 529 2330 rem
556 2273 806 2327 llermon.

491 2365 577 2418 ll.
607 2360 710 2416 Sed
753 2360 984 2417 Iiermon
1015 2353 1138 2426 quid
1169 2354 1269 2420 sit,
1303 2364 1459 2423 nosse
1486 2346 1708 2416 debetis.
1739 2343 1889 2409 Mons
1918 2348 2001 2398 est

417 2454 629 2525 quidam
663 2432 818 2519 longe
842 2448 1135 2516 disjunctus
1159 2443 1224 2497 ab
1248 2439 1566 2499 Jerusalem,
1596 2435 1647 2490 id
1677 2443 1756 2491 est
1786 2448 1814 2487 ιι
1846 2431 1995 2486 Sion.

422 2546 600 2613 Itaque
628 2544 816 2596 mirum
847 2535 1089 2608 estquod
1115 2536 1192 2589 sic
1220 2533 1314 2592 ait.
1343 2520 1487 2607 Sicut
1512 2544 1595 2581 ros
1627 2523 1883 2589 Harmon,
1913 2521 1999 2593 qui

419 2634 671 2691 descendit
723 2647 874 2699 super
925 2638 1117 2680 montes
1170 2624 1335 2699 Sion;
1386 2634 1505 2673 cum
1559 2631 1710 2671 IllOllS
1766 2614 2001 2691 llermon

422 2730 575 2797 longe
600 2726 667 2778 sit
692 2722 988 2790 disiunctus
1025 2717 1091 2770 ab
1120 2713 1412 2770 Jerusalem
1438 2728 1452 2765 :
1486 2723 1608 2783 nam
1639 2716 1783 2760 trans
1809 2702 2000 2761 Jorda-

424 2834 545 2873 nem
574 2829 696 2871 esse
725 2812 934 2868 dicitur.
979 2809 1117 2877 Ergo
1146 2803 1342 2874 aliquid
1383 2800 1817 2870 interpretatione
1864 2796 1999 2859 Iler-

420 2924 544 2964 nton
572 2916 887 2976 quaeramus.
915 2899 1028 2954 Non
1061 2898 1201 2953 enim
1235 2894 1503 2973 beluarum
1531 2901 1632 2955 est.
1665 2900 1718 2944 ει
1744 2888 2002 2959 habemus

426 2996 910 3067 interpretationem
951 2992 1016 3046 ab
1045 2991 1124 3046 eis
1159 2988 1244 3058 qui
1278 2987 1417 3049 illam
1448 2985 1677 3059 linguam
1713 2988 2000 3057 noverunt.

420 3092 655 3147 Ilertnon
707 3084 1041 3160 interpretari
1087 3079 1298 3145 dicitur,
1350 3077 1551 3131 Lumen
1602 3072 1910 3129 exnltatnm.
1957 3071 1998 3125 A

419 3188 633 3243 Christo
660 3183 800 3238 enim
826 3195 953 3234 ros:
987 3191 1109 3245 nam
1137 3173 1337 3227 nullum
1363 3171 1539 3225 lumen
1565 3167 1874 3229 exaltatum,
1900 3163 2000 3237 nisi

421 3274 685 3332 (Ihristus.
727 3269 1003 3339 Quomodo
1042 3266 1329 3321 exaltatum
1360 3261 1472 3317 est?
1504 3261 1679 3331 Primo
1723 3259 1776 3334 in
1806 3272 2000 3321 cruce;

422 3377 603 3438 postea
635 3365 686 3419 in
712 3363 867 3423 cado.
902 3358 1178 3415 Exaltatus
1208 3354 1260 3407 in
1302 3366 1488 3421 cruce,
1522 3365 1640 3405 cum
1687 3347 2003 3420 humiliare—

424 3442 549 3520 ιιιινῖ
574 3454 666 3510 sed
712 3447 1008 3506 luuniliatio
1053 3446 1189 3499 illius
1229 3458 1334 3507 non
1376 3440 1545 3510 potuit
1582 3438 1683 3500 nisi
1714 3438 1817 3490 alta
1858 3450 2000 3501 esse.

426 3547 661 3601 liominis
705 3540 1030 3612 dispensatio
1076 3536 1248 3591 minus
1296 3533 1575 3600 minusque
1604 3529 1763 3584 liebat
1793 3527 1837 3593 ³,
1885 3543 2004 3598 qua:

427 3635 823 3707 significabatur
864 3633 914 3684 in
942 3629 1176 3689 Joanne;
1209 3624 1300 3680 Ilei
1338 3621 1663 3691 dispensatio
1691 3619 1741 3673 in
1780 3619 2004 3695 Domino

424 3738 609 3782 nostro
637 3725 761 3781 Jesu
792 3722 1000 3776 Chrlsto
1028 3717 1335 3773 crescebat:
1368 3713 1508 3787 quod
1539 3721 1592 3767 et
1619 3710 1880 3782 natalibus-
1909 3724 2003 3763 en-

425 3836 540 3887 runt
572 3814 884 3872 ostenditur.
914 3811 1041 3865 Nam
1088 3809 1175 3862 ille
1202 3816 1357 3861 natus
1395 3813 1511 3867 est,
1543 3803 1677 3861 sicut
1708 3799 1863 3855 tradit
1900 3798 2002 3867 Ec:-

426 3910 607 3970 tlrsia,
641 3916 829 3959 octavo
853 3900 1103 3957 calendas
1125 3898 1304 3968 julias,
1332 3910 1451 3949 cum
1488 3894 1595 3963 jam
1625 3891 1879 3961 incipiunt
1909 3888 2006 3943 mi—

425 4001 514 4062 nui
561 3998 717 4051 dies:
768 3992 1022 4049 Dominus
1073 3998 1249 4043 autem
1306 3996 1459 4039 natus
1508 3992 1696 4037 octavo
1758 3977 2006 4035 calendas

421 4087 716 4160 jnnuarias,
758 4081 968 4158 quando
991 4080 1098 4149 jam
1140 4077 1254 4131 dies
1282 4074 1540 4147 incipiunt
1571 4059 1837 4138 crescere.
1869 4067 2004 4122 Audi

425 4181 599 4250 ipsmu
628 4176 883 4232 Joannem
912 4170 1252 4245 confitentem
1284 4184 1297 4220 :
1341 4165 1496 4219 Illum
1533 4169 1723 4233 Oportet
1751 4173 1970 4214 crescere
1989 4199 2002 4221 ,

427 4289 505 4327 me
530 4281 696 4324 autem
724 4266 881 4320 minui
922 4261 1101 4333 (locu.
1132 4276 1208 4321 ιιι,
1240 4258 1352 4328 50).
1381 4257 1440 4311 Et
1472 4255 1745 4325 passiones
1771 4252 2004 4322 ipsorum

428 4364 529 4433 hoc
571 4357 826 4431 indicant.
878 4351 1132 4407 Dominus
1163 4350 1213 4403 in
1260 4362 1418 4402 cruce
1461 4346 1723 4400 exaltatus
1769 4350 1883 4403 est;
1917 4341 2006 4419 ille

425 4432 565 4519 ειεεο
588 4452 760 4520 capite
787 4444 1108 4499 deminutus.
1143 4441 1281 4509 Ergo
1313 4440 1487 4492 lumen
1515 4437 1824 4500 exaltatum,
1854 4432 2007 4507 Chri-

425 4555 537 4597 stus
563 4560 575 4594 :
606 4540 727 4594 inde
753 4546 834 4592 est
862 4550 948 4591 ros
976 4534 1226 4589 Ilermon.
1255 4530 1357 4585 Sed
1382 4529 1701 4599 quicumque
1725 4525 1882 4580 vultis
1916 4525 2008 4578 ha-

426 4612 593 4703 bitare
624 4631 674 4683 in
716 4643 876 4703 unum
901 4668 915 4691 ,
968 4632 1146 4694 optate
1188 4636 1362 4676 rorem
1405 4620 1597 4682 istum,
1643 4615 2006 4685 compluimiui

428 4723 570 4779 inde.
626 4720 869 4788 Alioquin
920 4730 1024 4769 non
1076 4712 1315 4783 poteritis
1359 4720 1539 4763 tenere
1588 4706 1729 4776 quod
1788 4705 2008 4774 profite-

427 4814 553 4869 mini
576 4853 590 4877 ,
632 4825 728 4875 nec
756 4806 986 4878 proﬁteri
1017 4804 1214 4858 audere
1242 4800 1261 4833 "
1300 4799 1540 4869 poteritis
1560 4840 1574 4861 ,
1611 4797 1708 4850 nisi
1750 4796 1838 4851 ille
1869 4796 2009 4861 into-

429 4908 638 4969 nuerit;
669 4918 765 4955 ιιι-ε
790 4914 1103 4981 permanere
1135 4896 1393 4966 poteritis,
1425 4893 1523 4947 nisi
1555 4893 1668 4961 ejus
1694 4892 1874 4962 sagina
1904 4907 2007 4969 non

426 5000 566 5053 desit
596 4998 780 5052 vobis:
812 4993 922 5065 ipsa
964 4990 1105 5044 enim
1134 4986 1314 5059 sagina
1356 4983 1628 5040 descendit
1668 4997 1828 5052 super
1855 4997 2010 5036 mon-

428 5100 508 5144 tes
532 5088 680 5143 Sion.

499 5181 585 5235 12.
611 5178 725 5234 Jant
749 5182 938 5229 montes
960 5170 1107 5234 Sion,
1138 5168 1311 5242 magni
1337 5168 1387 5221 in
1414 5165 1564 5222 Sion.
1589 5164 1724 5234 Quid
1746 5174 1825 5241 est
1849 5162 2011 5219 Sion?

430 5273 687 5328 Ecclesia.
719 5269 790 5323 Et
813 5267 901 5338 qui
930 5264 1149 5321 ibisuut
1175 5260 1423 5333 montes?
1454 5258 1644 5330 Magni.
1675 5256 1819 5326 Quos
1846 5254 2010 5325 signi-

432 5365 591 5420 ficant
613 5372 843 5427 montes,
877 5361 974 5412 hos
999 5354 1263 5424 signiﬁcat
1292 5352 1476 5423 barba,
1509 5350 1605 5404 hos
1632 5348 1890 5420 significat
1917 5361 2010 5400 ora

494 5482 509 5509 ι
539 5476 673 5534 add,
698 5479 922 5523 montem.
945 5468 1038 5519 sed
1062 5466 1219 5531 liquet
1251 5473 1369 5528 Aug.
1408 5462 1611 5527 legisse,
1651 5460 2013 5523 montes,juxta

424 5543 792 5649 “i'iil'éii.x:is..
827 5601 870 5645 et
885 5604 1029 5655 super
1054 5585 1391 5655 .‘Idanrmulta
1420 5590 1633 5655 peccata.
1669 5581 1888 5655 Nascitur
1918 5582 2010 5631 du-

428 5642 700 5708 mnanzside
723 5642 964 5713 (tanniam;
988 5660 1031 5701 et
1056 5649 1248 5701 addidit
1270 5649 1394 5713 male
1420 5642 1615 5713 nitendo
1636 5642 1975 5713 supgr_'.’4dant.

490 5703 607 5765 {Sic
626 5703 721 5765 aut.
742 5703 821 5763 ιτ.
848 5725 899 5764 et
921 5703 1026 5761 at'ss.
1054 5720 1108 5760 At
1131 5719 1261 5767 Lov.,
1285 5710 1438 5761 ntinor
1455 5703 1702 5763 minorque
1722 5703 1880 5767 ﬁebat.

484 5780 509 5813 δ
533 5783 700 5826 t'tures
714 5780 801 5823 ttss
867 5787 951 5823 nec
976 5772 1149 5822 audire
1178 5780 1271 5821 :ct
1298 5769 1531 5830 nonnulli,
1572 5781 1657 5818 nec
1681 5766 1879 5817 audere.

2086 421 2421 489 vestimenti.
2460 422 2629 477 Barba
2654 435 2760 478 non
2801 419 3112 490 intelligitur
3154 419 3259 488 nisi
3298 417 3351 495 in
3395 422 3669 486 perlectis.

2085 516 2201 573 Non
2233 530 2360 586 ergo
2389 513 2632 568 habitant
2661 513 2714 567 in
2750 528 2911 566 unum
2934 552 2948 575 ,
2980 511 3079 566 nisi
3113 510 3164 564 in
3203 510 3397 581 quibus
3435 506 3675 594 perlecta

2088 607 2247 662 fuerit
2269 606 2502 660 charitas
2527 603 2721 681 Christi
2752 604 2793 657 ¹.
2823 602 2955 657 Nam
2986 603 3037 655 in
3068 602 3258 671 quibus
3288 616 3393 656 non
3436 611 3519 655 est
3545 616 3675 673 per-

2089 696 2221 753 facta
2251 696 2484 751 eharitas
2508 692 2724 761 Christi,
2750 703 2803 749 et
2824 707 2946 750 eum
2972 692 3021 746 in
3045 706 3153 746 uno
3177 692 3303 757 sint,
3330 690 3499 744 odiosi
3526 698 3673 753 sunt,

2090 788 2296 841 molesti
2329 796 2484 851 sunt,
2518 785 2804 840 turbulenti
2836 792 2992 849 sunt,
3041 783 3307 838 anxietate
3336 797 3430 836 sua
3462 782 3683 837 turbant

2091 889 2336 942 caeteros,
2366 887 2420 931 et
2444 886 2690 948 quierunt
2716 874 2843 946 quid
2869 874 2936 930 de
2959 875 3063 928 illis
3087 874 3300 939 dicant;
3332 872 3602 944 quomodo
3624 874 3683 925 in

2087 968 2332 1038 junctura
2361 969 2651 1038 inquietum
2674 966 2976 1038 jumeutum
3004 980 3107 1021 non
3138 964 3310 1019 solum
3341 979 3446 1018 non
3480 963 3643 1017 trahit
3662 1006 3679 1025 ,

2092 1060 2185 1116 sed
2214 1068 2270 1115 et
2312 1060 2506 1131 frangit
2544 1060 2777 1115 calcibus
2820 1058 2961 1129 quod
3003 1058 3242 1127 junctum
3274 1065 3374 1111 est.
3412 1055 3467 1111 Si
3499 1066 3683 1109 autem

2092 1153 2252 1208 habet
2273 1168 2447 1208 rorem
2475 1152 2729 1230 Ilermon,
2752 1152 2837 1232 qui
2860 1150 3113 1215 descendit
3137 1165 3291 1221 super
3312 1158 3501 1201 montes
3528 1147 3684 1212 Sion,

2093 1248 2308 1322 quietus
2329 1288 2344 1311 ,
2378 1246 2648 1317 placatus,
2691 1245 2935 1318 humilis,
2984 1246 3250 1309 tolerans,
3281 1257 3379 1318 pro
3410 1256 3691 1295 murmure

2096 1355 2309 1413 precem
2340 1338 2530 1417 fundit.
2562 1337 2693 1393 Nam
2726 1345 3150 1397 murmuratores
3187 1349 3375 1389 omnes
3402 1332 3691 1403 magnifice

2095 1430 2349 1500 descripti
2374 1439 2496 1484 sunt
2520 1428 2747 1505 quodam
2777 1427 2895 1493 loco
2910 1425 3314 1501 ,Scriptttrarum
3342 1441 3354 1476 :
3391 1422 3693 1495 I’rgecordia

2095 1520 2225 1595 fatui
2250 1520 2381 1595 sicut
2408 1528 2517 1586 rota
2540 1519 2673 1572 carri
2701 1516 2886 1590 (Eccli.
2913 1531 3096 1581 χχχιιι,
3127 1516 3205 1585 5).
3230 1514 3282 1585 ρ
3303 1513 3368 1567 ιίι]
3395 1524 3503 1577 εει,
3530 1511 3693 1587 Era:-

2097 1611 2273 1683 cordiq
2311 1611 2439 1683 fatui
2477 1611 2606 1685 sicut
2643 1620 2755 1683 rota
2785 1608 2954 1677 carri?
2981 1607 3184 1663 Fenum
3214 1613 3416 1678 portat,
3450 1614 3504 1660 et
3533 1621 3694 1681 mur-

2098 1712 2273 1777 murat
2303 1721 2314 1757 :
2342 1708 2448 1756 non
2489 1702 2630 1756 enim
2660 1708 2833 1771 potest
2860 1708 2978 1755 rota
3005 1698 3141 1769 carri
3172 1697 3449 1767 quiescere
3474 1710 3503 1749 a
3534 1710 3695 1769 mur-

2098 1808 2273 1863 mure.
2303 1794 2393 1849 Sic
2429 1800 2553 1866 sunt
2580 1791 2730 1845 multi
2770 1788 2993 1855 fratres;
3024 1804 3130 1843 non
3168 1787 3407 1842 habitant
3444 1787 3495 1841 in
3520 1802 3698 1856 unum

2100 1887 2201 1943 nisi
2226 1900 2471 1955 corpore.
2499 1884 2605 1941 Sed
2637 1884 2723 1954 qui
2755 1890 2878 1936 sunt
2904 1883 2993 1953 qui
3022 1880 3267 1935 habitant
3291 1881 3342 1934 in
3374 1878 3581 1935 unum?
3612 1879 3696 1933 llli

2099 1979 2167 2035 de
2192 1978 2383 2049 quibus
2405 1977 2602 2033 dictum
2643 1983 2725 2048 est
2745 2015 2760 2042 ,
2806 1974 2870 2029 Et
2903 1983 3011 2027 erat
3051 1972 3152 2026 illis
3185 1972 3355 2025 animo
3384 1987 3485 2024 una
3514 1980 3559 2024 et
3601 1986 3703 2046 cor

2100 2088 2258 2139 unum
2283 2072 2334 2125 in
2362 2071 2522 2142 Deum
2546 2084 2564 2147 ς
2591 2078 2635 2124 ct
2662 2084 2808 2135 nemo
2838 2067 3031 2143 dicebat
3053 2065 3246 2140 aliquid
3266 2080 3412 2137 suum
3437 2081 3569 2131 esse,
3600 2064 3704 2117 sed

2097 2172 2243 2231 erant
2276 2140 2590 2227 illisettttzia
2643 2140 2930 2224 communia
2972 2158 3107 2229 (Act.
3151 2140 3228 2225 iv,
3267 2157 3377 2226 52).
3424 2156 3699 2226 Designali

2100 2264 2258 2320 sunt,
2288 2253 2539 2322 descripti
2568 2259 2726 2320 sunt,
2767 2250 2855 2322 qui
2887 2250 3185 2321 pertineant
3224 2248 3288 2303 ad
3317 2247 3565 2311 barbam,
3596 2250 3699 2317 qui

2104 2345 2405 2416 pertineant
2428 2344 2493 2398 ad
2527 2359 2675 2399 oram
2705 2343 3032 2408 vestimenti,
3064 2340 3150 2411 qui
3176 2350 3523 2395 numerentur
3548 2340 3701 2394 inter

2105 2446 2315 2493 montes
2340 2436 2488 2493 Sion.
2514 2437 2581 2492 Et
2605 2437 2649 2491 si
2677 2446 2800 2491 sunt
2825 2436 2895 2490 ibi
2916 2436 3001 2489 alii
3029 2443 3470 2498 murmuratores,
3495 2432 3701 2493 memi-

2105 2532 2282 2592 nerint
2327 2530 2453 2586 dicti
2497 2529 2741 2585 Domini:
2776 2527 2920 2584 Unus
2957 2535 3259 2601 assuutetur,
3299 2536 3347 2593 et
3376 2541 3509 2579 imus
3536 2524 3702 2595 relin-

2104 2629 2283 2692 quetur
2312 2619 2525 2693 (Matth.
2556 2634 2705 2687 xxiv,
2730 2617 2845 2689 40).

2177 2712 2265 2768 i5.
2300 2710 2551 2777 Quoniam
2591 2710 2660 2769 ibi
2697 2707 2954 2765 mandavit
2992 2706 3242 2773 Dominus
3270 2705 3694 2765 benedictionem.

2105 2803 2205 2860 Ubi
2238 2803 2549 2857 mandarit?
2575 2800 2629 2855 ln
2658 2800 2913 2857 fratribus
2938 2801 3024 2870 qui
3054 2800 3295 2855 habitant
3320 2799 3371 2854 in
3400 2813 3583 2854 unum.
3614 2797 3699 2858 lbi

2108 2896 2363 2968 praecepit
2407 2895 2873 2959 benedictionem,
2921 2892 2992 2948 ibi
3041 2891 3365 2948 benedicunt
3408 2891 3697 2965 Dominum

2106 2964 2194 3059 qui
2218 2964 2459 3045 habitant
2484 2986 2841 3042 concorditer.
2868 2983 2999 3039 Nam
3026 2984 3079 3038 in
3104 2982 3370 3039 discordia
3396 2997 3503 3038 non
3530 2964 3701 3038 bene;

2105 3081 2240 3136 dicis
2276 3080 2579 3136 Dominum.
2609 3078 2735 3134 Sine
2772 3092 2932 3132 causa
2967 3076 3099 3132 dicis
3128 3076 3250 3146 quia
3278 3076 3453 3147 lingua
3485 3085 3572 3131 tua
3602 3092 3699 3144 so-

2107 3184 2197 3229 nat
2224 3173 2648 3229 benedictionem
2681 3170 2923 3233 Domini,
2956 3169 2998 3223 si
3038 3168 3202 3224 corde
3239 3184 3342 3223 non
3373 3182 3573 3223 sones:
3600 3182 3700 3222 ore

2107 3265 2410 3330 benedieis,
2442 3272 2498 3320 et
2524 3263 2685 3319 corde
2724 3260 3021 3325 maledicis.
3055 3259 3157 3314 Ore
3183 3277 3274 3315 suo
3301 3258 3655 3321 benedicebaut
3679 3300 3697 3318 .

2107 3369 2152 3413 ct
2198 3357 2349 3412 corde
2386 3372 2478 3411 suo
2521 3353 2884 3409 ntalediccbant
2935 3351 3100 3424 (Rsai.
3143 3368 3264 3418 ιιι,
3297 3352 3377 3421 5).
3420 3349 3695 3419 Numquid

2106 3449 2266 3504 verba
2311 3456 2490 3502 nostra
2534 3446 2697 3502 sunt?
2738 3443 3028 3514 Signiﬁeati
3067 3451 3193 3497 sunt
3240 3441 3477 3512 quidam.
3524 3440 3698 3496 Bene-

2107 3542 2239 3596 dicis
2277 3538 2580 3605 Dominum,
2606 3552 2726 3593 eum
2758 3550 2914 3601 oras;
2946 3543 3001 3591 et
3037 3533 3277 3604 sequeris
3302 3532 3352 3587 in
3383 3546 3540 3600 prece
3568 3541 3652 3585 tua
3674 3572 3694 3597 ,

2107 3642 2162 3688 et
2186 3631 2458 3687 maledicis
2480 3630 2694 3686 inimico
2725 3639 2833 3684 tuo.
2867 3629 2980 3683 lloc
3003 3637 3081 3685 cst
3107 3626 3245 3698 quod
3272 3626 3462 3680 audisti
3486 3626 3553 3679 ab
3580 3626 3700 3695 ipso

2111 3723 2357 3787 Domino,
2393 3720 2601 3793 Ditigite
2625 3720 2854 3775 inimicos
2876 3729 3064 3773 vestros
3083 3718 3109 3771 ?
3133 3716 3190 3773 Si
3220 3724 3397 3771 autem
3427 3715 3612 3780 facias,
3642 3723 3701 3778 et

2110 3817 2298 3887 diligas
2324 3815 2595 3871 inimicum
2628 3824 2772 3868 tuum
2795 3853 2810 3877 ,
2842 3822 2897 3868 et
2933 3826 3056 3867 ores
3085 3825 3180 3880 pro
3205 3825 3269 3866 eo
3289 3850 3304 3876 ,
3332 3808 3402 3863 ibi
3438 3808 3701 3861 mandavit

2107 3907 2359 3963 Dominus
2387 3906 2775 3961 benedictionem
2794 3921 2975 3969 suam;
3004 3903 3072 3957 ibi
3098 3901 3322 3959 habebis
3349 3901 3501 3953 vitam
3531 3900 3583 3953 in
3603 3913 3701 3971 sq-

2107 4003 2299 4070 cutum,
2327 4001 2379 4057 id
2404 4010 2487 4056 est
2511 4000 2564 4054 in
2591 4008 2870 4055 mternum.
2914 3995 3061 4051 Multi
3090 3994 3234 4051 enim
3265 4004 3507 4048 amantes
3532 3985 3700 4045 vitam

2110 4096 2266 4150 istam
2284 4133 2298 4161 ,
2329 4091 2650 4148 maledicunt
2677 4090 2905 4145 inimicis
2930 4090 3039 4143 suis
3064 4105 3077 4142 :
3111 4102 3207 4157 pro
3232 4101 3331 4157 qua
3359 4080 3441 4151 re,
3468 4084 3569 4139 nisi
3603 4099 3701 4152 pro

2111 4186 2210 4241 ista
2236 4186 2341 4240 vita
2359 4224 2374 4250 ,
2406 4183 2505 4238 nisi
2532 4197 2629 4254 pro
2659 4181 2956 4236 commodis
2984 4176 3363 4235 saecularibus?
3387 4176 3487 4232 Ubi
3517 4184 3569 4230 te
3597 4190 3701 4230 an-

2110 4276 2339 4348 gustavit
2358 4275 2604 4330 inimicus
2628 4283 2769 4338 tuus,
2793 4281 2850 4327 ut
2864 4260 3073 4341 cogaris
3093 4267 3448 4324 maledicere?
3478 4265 3533 4319 In
3558 4276 3703 4319 terra

2109 4370 2419 4437 angustatus
2449 4379 2540 4429 es;
2574 4353 2771 4433 migra,
2801 4361 2978 4416 habita
3010 4360 3061 4414 in
3096 4358 3253 4414 coelo.
3284 4355 3585 4425 Quomodo,
3614 4355 3705 4409 in-

2111 4448 2281 4527 quies,
2310 4455 2490 4510 habito
2518 4455 2570 4509 in
2600 4453 2758 4518 coelo,
2792 4451 2952 4506 homo
2979 4437 3139 4505 carne
3169 4447 3403 4512 indutus,
3428 4448 3577 4501 carni
3609 4445 3708 4500 de-

2111 4549 2291 4603 ditus?
2320 4547 2493 4603 Corde
2531 4534 2806 4616 prereede,
2857 4559 2963 4614 quo
3006 4541 3248 4612 sequaris
3285 4542 3531 4613 corpore.
3582 4529 3703 4591 non

2112 4639 2306 4694 surdus
2329 4638 2544 4703 audire;
2585 4636 2806 4691 Sursum
2835 4634 3016 4689 corda.
3044 4631 3265 4689 Sursum
3304 4616 3397 4685 eor
3434 4628 3607 4695 habe,
3647 4638 3708 4699 et

2112 4745 2272 4785 nemo
2316 4738 2367 4783 te
2394 4727 2693 4797 angustabit
2722 4727 2773 4780 in
2799 4725 2938 4780 cmlo
2963 4725 3005 4777 ’.
3054 4722 3123 4776 Et
3153 4720 3274 4776 ideo
3299 4720 3434 4775 bene
3459 4719 3706 4789 sequitur

2113 4820 2249 4875 alius
2270 4819 2503 4890 psalmus
2529 4836 2542 4872 :

2117 4920 3688 4943 Μ

2475 5001 2557 5063 ΙΝ
2600 4997 2980 5062 PSALMUM
3011 4995 3340 5058 CXXXIII

2710 5097 3119 5155 IiNARRA'I‘lO.

2447 5194 2707 5275 Sermonis
2736 5191 3010 5262 superioris
3038 5188 3369 5268 continuatio.

2194 5314 2240 5367 Ι.
2268 5311 2416 5385 [υεη.
2451 5307 2529 5383 1.]
2559 5309 2691 5363 Ecce
2714 5322 2849 5362 nunc
2879 5303 3152 5373 benedicite
3180 5300 3486 5362 Dominum,
3527 5314 3705 5375 omnes

2116 5406 2245 5460 servi
2272 5402 2475 5458 Domini
2493 5390 2619 5471 ,qui
2648 5399 2788 5452 statis
2814 5398 2866 5451 in
2903 5390 3051 5450 demo
3080 5394 3318 5471 Domini,
3345 5393 3396 5446 in
3423 5392 3566 5444 atriis
3600 5405 3698 5444 ao-

2119 5514 2230 5552 mus
2270 5494 2362 5549 Dei
2388 5494 2564 5567 nostri.
2605 5491 2778 5559 Quare
2821 5487 3049 5551 addidit,
3081 5486 3134 5540 in
3163 5485 3344 5539 atriis?
3393 5481 3535 5563 Atria
3577 5498 3699 5534 am-

2118 5589 2283 5659 pliora
2308 5564 2477 5658 spatia
2520 5556 2711 5637 donius
2740 5579 3120 5648 intelliguntur.
3153 5566 3267 5643 Qui
3298 5584 3401 5629 stat
3428 5556 3477 5627 in
3510 5582 3695 5659 atrus,

2180 5700 2194 5730 ¹
2219 5695 2440 5756 Plerique
2473 5700 2602 5748 Mss,
2621 5688 2832 5740 Charitas
2851 5685 3130 5739 christiana.

2180 5761 2198 5791 ³
2231 5757 2448 5807 Cbristin.
2473 5763 2535 5804 Ms
2558 5788 2571 5812 ,
2597 5761 2747 5803 terra.
