4032 6202
365 274 386 328 ί
400 274 497 328 757

363 401 466 442 non
489 394 816 456 angustatur,
851 399 952 438 non
981 384 1269 454 premitur;
1297 381 1521 452 quodam
1553 382 1709 436 modo
1732 381 1921 436 dilata-

364 488 461 532 tur.
497 477 551 532 lu
594 476 866 531 latitudine
909 491 1095 537 mane,
1127 483 1180 529 et
1207 483 1357 544 potes
1396 474 1612 543 diligere
1654 472 1921 526 inimicmn

364 578 537 629 tuum;
567 569 689 637 quia
720 582 821 621 non
866 583 926 620 ea
957 565 1129 634 diligis
1149 606 1164 630 ,
1197 564 1285 618 ubi
1310 563 1376 619 ab
1417 563 1629 618 inimico
1657 563 1923 630 angustias

363 658 596 727 patiaris.
639 657 912 725 Quomodo
950 656 1256 726 intelligeris
1294 666 1437 710 stare
1463 656 1512 708 in
1543 654 1727 708 atriis?
1751 651 1843 710 Sta
1871 654 1922 708 in

360 751 634 812 charitate,
663 759 714 804 et
739 759 847 802 stas
873 750 923 802 in
944 749 1112 803 atriis.
1144 748 1200 802 ln
1225 747 1478 803 charitate
1504 747 1720 802 latitudo
1745 757 1845 806 est.
1870 747 1924 803 in

359 839 480 892 odio
524 840 781 908 angustia.
827 839 963 894 Audi
1003 840 1351 908 Apostolum:
1397 837 1490 891 Ira
1526 846 1574 891 et
1610 837 1922 908 indignatio,

359 931 610 985 tribulatio
639 942 688 986 et
714 932 947 1002 angustia
984 931 1037 984 in
1067 946 1262 984 omnem
1298 929 1519 983 animam
1555 929 1768 982 hominis
1806 944 1926 997 ope-

357 1005 516 1076 rantis
557 1022 744 1076 malum
789 1021 1074 1093 (Romyu,
1105 1020 1158 1082 8,
1189 1020 1266 1093 9).
1317 1021 1392 1075 De
1434 1019 1707 1074 latitudine
1749 1026 1922 1073 autem

358 1114 632 1170 charitatis
659 1115 784 1184 quid
813 1115 976 1170 dicit?
1008 1115 1254 1180 Quoniam
1276 1113 1496 1167 charitas
1518 1111 1612 1166 Dei
1643 1111 1828 1179 diffusa
1850 1121 1926 1166 est

359 1204 412 1257 in
436 1202 669 1258 cordibus
697 1205 880 1258 nostris
902 1221 988 1272 per
1013 1204 1259 1274 Spiritum
1280 1213 1506 1257 sanctum
1525 1245 1540 1268 ,
1571 1204 1658 1272 qui
1686 1203 1833 1255 datus
1853 1211 1926 1256 est

361 1295 500 1347 nobis
526 1292 635 1362 (Id.
663 1309 714 1357 v,
743 1293 819 1364 5).
866 1293 964 1349 Ubi
1005 1294 1151 1346 audis
1189 1291 1518 1346 diﬂusionem
1540 1333 1553 1353 .
1587 1293 1813 1359 intelligo
1854 1292 1925 1343 la-

360 1385 668 1447 titudinem;
698 1385 786 1439 ubi
817 1384 969 1439 audis
996 1384 1324 1438 latitudinem
1346 1424 1362 1447 ,
1409 1383 1642 1454 intellige
1665 1385 1794 1436 atria
1823 1383 1926 1436 Do-

360 1476 518 1540 mini;
542 1485 596 1530 et
611 1463 827 1530 habebis
842 1490 1017 1529 veram
1037 1475 1451 1529 benedictionem
1473 1473 1698 1539 Domini,
1716 1473 1924 1542 quando

360 1582 463 1619 non
493 1565 768 1621 maledicis
808 1565 1056 1620 inimicis.
1089 1566 1388 1636 Alloquitur
1413 1565 1552 1619 enim
1583 1564 1809 1634 Spiritus
1835 1579 1926 1618 eos

356 1660 447 1727 qui
478 1659 750 1729 patiuntur
775 1659 1195 1725 tribulationem,
1224 1667 1280 1712 ut
1305 1659 1596 1729 glorientur
1624 1658 1675 1711 in
1705 1657 1926 1711 tribula-

357 1752 621 1817 tionibus;
656 1761 710 1806 et
735 1750 861 1805 dicit
887 1751 994 1813 eis,
1025 1749 1158 1805 Ecce
1182 1767 1312 1804 nunc
1340 1749 1609 1804 benedicite
1633 1747 1922 1814 Dominum,

355 1859 528 1896 omnes
547 1844 673 1896 serui
699 1840 924 1912 Domini.
955 1841 1090 1908 Quid
1113 1851 1214 1906 est,
1242 1838 1375 1893 Ecce
1398 1839 1563 1892 nunc?
1587 1837 1640 1892 ln
1664 1838 1764 1892 hoc
1790 1849 1926 1891 tem-

355 1952 507 2006 pore.
541 1934 668 1990 Nam
696 1945 815 2004 post
845 1944 1135 1987 transactas
1166 1933 1558 1994 tribulationes,
1593 1931 1923 1983 manifestum

354 2036 441 2080 est
479 2028 596 2092 quia
646 2026 994 2079 hcnedirtioni
1043 2025 1245 2078 Domini
1276 2023 1611 2080 Vacabimus.
1645 2031 1700 2074 ut
1728 2022 1923 2075 dictum

357 2126 436 2169 est
461 2135 474 2169 :
509 2115 650 2169 Beati
683 2109 764 2185 qui
792 2115 1018 2168 habitant
1059 2115 1112 2168 in
1141 2113 1289 2168 domo
1331 2122 1450 2176 tua;
1475 2113 1527 2166 in
1556 2113 1739 2166 saecula
1764 2127 1925 2166 διεσα-

355 2205 588 2259 culorum
614 2205 889 2258 laudabunt
921 2216 966 2258 te
995 2205 1010 2273 (
1027 2203 1164 2257 Psal.
1209 2218 1424 2267 Lxxxm,
1449 2201 1524 2272 5).
1551 2202 1647 2269 Qui
1680 2208 1806 2256 tunc
1835 2200 1926 2255 be-

357 2297 619 2349 ucdieturi
647 2306 769 2348 sunt
809 2311 922 2350 sne
948 2294 1152 2349 defectu
1175 2337 1187 2356 ,
1223 2295 1306 2348 hic
1331 2293 1586 2362 incipiunt
1613 2293 1926 2347 benedicere

357 2386 672 2448 hominum;
708 2386 790 2437 hic
817 2387 865 2437 in
901 2384 1342 2448 tribulationibus,
1373 2383 1425 2436 in
1453 2382 1844 2446 tentationibus,
1873 2382 1922 2435 in

354 2476 648 2539 molestiis,
696 2476 834 2529 inter
879 2474 1224 2530 adversitates
1268 2475 1478 2536 saeculi,
1526 2475 1664 2529 inter
1709 2475 1925 2530 insidias

353 2571 587 2636 inimici,
621 2573 756 2624 inter
786 2570 1001 2624 fraudes
1043 2580 1096 2624 et
1141 2570 1366 2638 impetus
1409 2569 1622 2623 diaboli.
1663 2569 1772 2624 Hoc
1803 2579 1922 2633 est,

355 2663 491 2715 Ecce
523 2680 653 2716 nunc
691 2663 961 2716 bencdicite
987 2661 1290 2728 Dominum,
1321 2677 1489 2715 omnes
1524 2662 1649 2716 servi
1681 2661 1921 2727 Domini,

350 2755 439 2824 qui
482 2756 626 2809 statis
664 2756 714 2807 in
759 2756 906 2808 domo
945 2753 1166 2808 Domini.
1200 2753 1334 2822 Quid
1363 2763 1464 2818 est,
1503 2753 1589 2821 qui
1625 2754 1802 2806 statis?
1827 2752 1925 2821 Qui

352 2851 727 2915 perseveratis.
775 2846 904 2914 Quia
949 2845 1144 2899 dictum
1189 2854 1270 2899 est
1311 2843 1379 2898 de
1421 2843 1670 2914 quodam,
1719 2843 1807 2912 qui
1842 2857 1926 2896 ar-

350 2939 641 3009 changelus
669 2939 785 3003 fuit,
815 2937 875 2991 Et
896 2938 946 2990 in
973 2939 1174 2990 veritate
1199 2953 1298 2990 non
1319 2936 1450 2990 stetit
1475 2932 1646 3006 (Joan.
1672 2950 1782 2998 vm,
1805 2934 1923 2994 44):

350 3040 405 3085 ct
435 3031 636 3083 dictum
665 3039 747 3084 est
785 3030 850 3083 de
880 3030 1051 3082 amico
1081 3029 1258 3096 sponsi
1278 3068 1290 3089 ,
1325 3028 1524 3080 Amicus
1564 3036 1727 3079 autem
1756 3027 1926 3086 sponsi

350 3131 476 3184 stat,
532 3132 574 3173 et
615 3122 758 3174 audit
797 3138 941 3184 cum,
987 3130 1031 3173 et
1061 3120 1244 3190 gaudio
1287 3121 1467 3190 gaudet
1515 3128 1720 3187 propter
1756 3134 1925 3170 vocent

349 3212 526 3279 sponsi
554 3210 662 3280 (Id.
696 3226 768 3270 Ill,
798 3211 914 3279 29).

418 3301 475 3355 2.
502 3301 653 3375 (vers.
676 3301 754 3374 2.]
780 3304 931 3372 Ergo,
961 3301 1060 3368 Qui
1079 3303 1219 3354 statis
1238 3301 1288 3354 in
1303 3303 1448 3354 domo
1469 3298 1694 3365 Domini,
1717 3301 1770 3352 in
1783 3299 1928 3353 atriis

349 3392 533 3446 donius
559 3392 652 3446 Dei
677 3393 850 3457 nostri,
879 3394 930 3445 in
958 3392 1183 3446 noctibus
1211 3391 1430 3446 extollite
1459 3409 1634 3444 manus
1662 3402 1848 3444 vestras
1876 3391 1929 3443 in

349 3494 548 3546 sancta,
571 3493 617 3536 et
641 3483 910 3537 benedicite
936 3483 1224 3536 Dominum.
1250 3483 1424 3538 Facile
1448 3481 1925 3537 estbenedicerein

349 3575 560 3628 diebus.
589 3574 724 3642 Quid
749 3586 847 3640 est,
877 3574 926 3628 in
959 3574 1187 3639 diebus?
1217 3573 1270 3626 ln
1311 3575 1469 3628 rebus
1497 3575 1782 3642 prosperis.
1813 3571 1927 3626 Nox

350 3667 492 3720 enim
541 3667 705 3720 tristis
749 3681 834 3721 res
863 3673 977 3730 est;
1011 3665 1123 3718 dies
1170 3681 1255 3719 res
1294 3674 1375 3719 est
1405 3666 1541 3718 laeta.
1587 3664 1806 3730 Quando
1837 3664 1948 3717 tibi-

352 3760 487 3812 heue
520 3765 622 3821 est,
655 3756 920 3812 benedieis
946 3755 1246 3809 Dominum.
1277 3754 1496 3820 Quando
1527 3755 1688 3806 tilium
1720 3753 1930 3805 deside-

352 3864 436 3902 ras
483 3858 540 3902 et
590 3849 852 3911 nascitur,
901 3847 1168 3901 benedicis
1212 3847 1509 3899 Domimun.
1557 3845 1795 3898 Liberata
1848 3852 1928 3898 cst

353 3956 488 3995 uxor
540 3949 625 3994 tua
673 3956 701 3991 a
753 3940 984 4008 periculo
1033 3947 1250 4006 partus;
1304 3935 1571 3990 benedicis
1629 3935 1926 3988 Dominum.

351 4028 671 4100 Egrotabat
725 4031 897 4093 filius,
948 4028 1236 4093 liberatur;
1303 4026 1568 4081 benedicis
1629 4026 1927 4082 Dominum.
1974 4023 1983 4034 '

350 4121 668 4192 Aigrotabat
693 4121 868 4186 lilius;
913 4119 1048 4173 forte
1074 4119 1305 4188 quzesisti
1337 4116 1786 4181 mathematicum,
1818 4131 1932 4170 sor-

355 4214 573 4284 tilegum
591 4231 606 4267 :
623 4214 753 4266 forte
777 4228 877 4265 non
900 4211 966 4266 de
988 4211 1186 4281 lingua,
1211 4210 1301 4265 sed
1329 4210 1396 4265 de
1416 4210 1652 4264 moribus
1673 4210 1775 4264 tuis
1803 4209 1932 4263 exiit

353 4305 662 4359 maledimio
689 4305 737 4357 in
764 4303 1037 4357 Dominum
1063 4319 1078 4368 ;
1107 4303 1234 4356 exiit
1261 4301 1326 4356 de
1356 4300 1591 4354 moribus
1620 4311 1673 4355 et
1693 4301 1795 4354 vita
1819 4310 1926 4354 tua.

353 4396 470 4452 Noli
501 4396 710 4466 gloriari
738 4397 858 4465 quia
886 4397 1057 4464 lingua
1103 4394 1391 4456 benedicis,
1421 4395 1463 4448 si
1493 4394 1592 4447 vita
1634 4393 1926 4447 maledicis.

353 4490 655 4556 Quomodo,
685 4491 876 4558 inquis,
907 4490 1009 4541 vita
1042 4487 1333 4543 maledico?
1360 4486 1490 4552 Quia
1512 4487 1801 4540 attenditur
1821 4486 1926 4540 vita

355 4591 464 4641 tua.
497 4590 553 4634 et
593 4579 782 4633 dicitur
810 4597 821 4631 :
854 4581 987 4633 Ecce
1028 4579 1366 4642 christianos,
1411 4593 1536 4632 ecce
1576 4579 1762 4646 quales
1806 4589 1930 4632 sunt

352 4672 660 4726 Christiani.
694 4671 1092 4739 lilasphematur
1131 4678 1347 4739 propter
1391 4678 1440 4722 te
1484 4668 1742 4722 Christus.
1794 4669 1928 4722 Ecce

352 4779 474 4818 cum
507 4765 612 4816 vita
643 4771 726 4816 tua
759 4763 1053 4816 maledicat.
1079 4761 1202 4828 quid
1231 4758 1443 4829 prodest
1469 4759 1604 4828 quod
1637 4759 1809 4829 lingua
1842 4768 1928 4814 tua

355 4853 666 4914 benedicit?
714 4853 1011 4908 BenedAcite
1059 4867 1184 4920 ergo
1228 4851 1526 4904 Dominum.
1575 4849 1836 4916 Quando?
1865 4848 1926 4903 In

283 4918 602 5036 “noctibus.
643 4943 862 5012 Quando
891 4918 1158 4996 benedixit
1197 4940 1334 4995 Job?
1358 4941 1576 5008 Quando
1622 4940 1784 4992 tristis
1824 4955 1925 4992 uox

291 5029 326 5089 ιῘ
353 5048 489 5089 erat.
539 5036 722 5090 Ablata
766 5044 888 5087 sunt
914 5034 1087 5085 munia
1133 5047 1248 5099 qua:
1296 5032 1734 5098 possidebantur';
1768 5029 1925 5083 ablati

355 5130 442 5182 lilii
470 5128 664 5198 quibus
679 5127 1022 5182 servabantur
1047 5143 1059 5178 :
1082 5140 1236 5195 quam
1261 5124 1422 5175 tristis
1450 5125 1584 5177 nox!
1620 5123 1722 5176 Sed
1747 5123 1926 5176 videa-

353 5235 473 5272 mus
515 5219 558 5272 si
591 5234 691 5272 non
721 5219 770 5271 in
821 5225 972 5270 nocte
1001 5214 1261 5270 hcnedicit
1293 5232 1305 5267 :
1334 5212 1580 5267 Dominus
1617 5215 1772 5279 dedit,
1816 5213 1922 5267 Do-

352 5311 522 5364 minus
547 5309 784 5373 abstulit;
808 5309 931 5362 sicut
966 5305 1178 5360 Domino
1203 5304 1388 5375 placuit
1425 5307 1494 5356 ita
1525 5308 1710 5375 factum
1735 5314 1805 5356 est
1827 5321 1845 5357 :
1865 5305 1927 5357 sit

353 5419 536 5466 nomen
569 5401 768 5453 Domini
801 5398 1110 5453 benedictum
1151 5395 1269 5468 (Job
1297 5413 1330 5457 ι,
1362 5397 1428 5451 Η
1461 5396 1573 5464 ⁸21).
1617 5396 1780 5462 Quam
1823 5411 1924 5450 nox

352 5507 465 5550 atra
499 5498 513 5526 ¹
538 5497 552 5550 Ξ
582 5495 869 5550 Ρριτειιδδυε
910 5495 1086 5547 ulcere
1130 5507 1158 5545 a
1199 5491 1366 5560 capite
1411 5504 1574 5560 usque
1613 5488 1677 5542 ad
1725 5489 1921 5558 pcdcs,

422 5708 435 5734 ¹
457 5713 534 5760 Sic
557 5719 661 5762 uss.
681 5712 788 5761 Fdd.
813 5725 946 5761 vero.
971 5718 1130 5760 atrox.

608 5779 872 5844 PATnOL.
920 5782 1249 5842 XXXV”.

1405 270 1791 326 ENARRATIO
1829 269 1893 326 IN
1933 269 2250 327 PSALMUM
2289 270 2569 326 CXXXIV.

3461 280 3594 334 £758

2029 382 2345 450 putrefactus
2373 383 2691 453 liquesccbat
2713 384 2763 437 in
2795 399 2872 440 se.
2905 384 3052 440 Tunc
3079 386 3186 441 Eva
3211 402 3336 443 ausa
3367 399 3445 444 est
3470 407 3592 444 eum

2026 467 2270 528 tentare':
2307 473 2399 526 Dic
2426 475 2618 544 aliquid
2642 475 2694 528 in
2722 474 2882 528 Deum
2919 486 3083 540 tuum,
3124 490 3169 532 et
3198 495 3405 532 morere.
3459 481 3593 534 Audi

2028 557 2418 618 benediceutem
2467 566 2516 618 in
2566 565 2806 620 noctibus
2835 585 2848 620 :
2878 567 3070 620 Locum
3107 585 3176 631 es,
3222 569 3410 638 inquit,
3452 571 3597 638 quasi

2026 673 2126 710 una
2151 673 2212 710 ea:
2248 657 2595 723 insipientibus
2623 658 2928 712 mulieribus.
2959 659 3019 714 Si
3047 661 3174 712 bona
3200 663 3506 730 suscepimus
3536 663 3598 715 de

2028 764 2177 800 manu
2196 747 2416 812 Domini,
2435 747 2569 800 mala
2583 764 2682 801 non
2702 749 3019 802 tolerabimus
3041 749 3158 819 (Job
3178 766 3232 816 ιι,
3254 751 3442 821 7ο10)ἲ²
3461 752 3599 806 Ecce

2026 836 2149 906 quid
2179 845 2279 898 est,
2311 835 2377 889 In
2405 837 2626 892 noctibus
2659 839 2878 892 extollite
2900 857 3078 893 manus
3106 851 3293 895 vestras
3318 843 3371 895 in
3397 853 3592 907 sancta,

2026 939 2072 982 et
2101 929 2368 984 benedicite
2393 928 2682 984 Dominum.
2711 931 2846 998 Quid
2870 932 3000 986 dixit
3028 933 3128 988 .lob
3147 935 3172 987 ?
3199 933 3390 988 Lecuta
3411 953 3463 989 es
3484 946 3598 989 tan-

2026 1037 2174 1090 quant
2218 1013 2320 1073 uni:
2362 1037 2424 1074 ex
2462 1022 2807 1090 insipientibus
2854 1023 3161 1078 mulieribus.
3211 1025 3377 1080 Adam
3429 1027 3598 1096 putris

2027 1114 2219 1182 repulit
2245 1113 2426 1180 Evam,
2450 1123 2692 1184 tanquam
2720 1114 2903 1170 dicens
2926 1133 2938 1168 :
2963 1115 3198 1170 Sufﬁciat
3220 1117 3356 1185 quod
3380 1129 3596 1188 propter

2030 1213 2080 1258 te
2119 1204 2354 1258 mortalis
2395 1203 2612 1260 eﬂ'ectus
2653 1221 2791 1258 sum.
2829 1205 3078 1259 Valueras
3108 1206 3158 1259 in
3207 1205 3468 1274 paradiso,
3500 1208 3596 1262 sed

2028 1294 2253 1349 vinceris
2281 1294 2331 1348 in
2359 1301 2611 1348 stercore.
2628 1294 2813 1365 Magna
2836 1297 3003 1365 gratia
3030 1296 3153 1350 Dei!
3175 1295 3278 1351 Sed
3306 1297 3442 1352 unde
3470 1297 3594 1363 hoc,

2029 1384 2128 1439 nisi
2163 1385 2282 1454 quia
2312 1399 2402 1440 ros
2434 1385 2662 1440 llermou
2706 1387 3034 1455 compluerat
3076 1386 3215 1440 illam
3259 1389 3514 1454 animam,
3545 1399 3602 1445 et.

2028 1473 2245 1529 dederat
2273 1475 2526 1529 Dominus
2573 1467 2906 1541 snavitatem,
2955 1487 3008 1529 ut
3041 1485 3180 1530 terra
3229 1487 3408 1532 nostra
3449 1478 3602 1535 daret

2029 1565 2252 1621 fructum
2275 1583 2425 1621 suum
2451 1567 2614 1636 (Psal.
2644 1584 2860 1632 thxw,
2895 1567 3025 1638 1'5)?
3054 1567 3118 1621 In
3141 1571 3364 1625 noctibus
3380 1571 3602 1626 extollite

2029 1675 2204 1713 manus
2224 1671 2408 1714 vestras
2435 1660 2487 1712 in
2511 1669 2703 1724 sancta,
2727 1669 2771 1713 et
2795 1659 3065 1714 benedicitc
3092 1659 3385 1716 Dominum.

2098 1748 2152 1800 5.
2181 1747 2326 1820 [vers.
2353 1747 2429 1819 5.]
2459 1748 2725 1802 Benedicat
2759 1759 2805 1802 te
2833 1748 3080 1805 Dominus
3106 1768 3169 1805 ea:
3198 1752 3341 1816 Sion,
3370 1754 3456 1823 qui
3485 1755 3600 1824 fecit

2029 1838 2206 1892 caelum
2245 1847 2290 1893 et
2321 1849 2519 1892 terram.
2572 1839 2754 1894 Plures
2799 1840 3038 1894 hortatur
3085 1851 3141 1898 ut
3171 1843 3500 1906 benedicant,
3548 1853 3602 1899 et

2029 1931 2143 1999 ipse
2191 1946 2348 1984 unum
2379 1931 2668 1994 benedicit,
2700 1932 2820 2001 quia
2848 1947 2914 1988 ex
2959 1933 3197 2002 pluribus
3244 1951 3403 1989 unum
3436 1935 3598 2001 fecit;

2029 2021 2150 2090 quia
2175 2021 2356 2075 bonum
2384 2031 2431 2075 et
2461 2021 2748 2092 jucundum
2777 2032 2860 2078 est
2885 2023 3110 2079 habitare
3147 2027 3328 2093 fratres
3365 2028 3416 2080 in
3447 2045 3602 2082 unum

2030 2110 2197 2180 (Psal.
2251 2125 2450 2177 cxxxu,
2502 2112 2576 2183 ί).
2631 2112 2857 2168 Pluralis
2903 2128 3192 2180 numerus,
3243 2119 3463 2186 fratres;
3509 2117 3601 2172 sed

2028 2203 2326 2272 singularis,
2356 2204 2581 2257 habitare
2604 2204 2657 2257 in
2681 2220 2836 2257 unum
2859 2221 2878 2258 :
2899 2204 3037 2270 ideo,
3066 2205 3336 2260 Benedicat
3362 2216 3408 2261 te
3426 2207 3601 2261 Dami-

2029 2309 2121 2347 nus
2145 2309 2208 2347 ea:
2228 2292 2373 2356 Sion,
2399 2295 2486 2359 qui
2514 2295 2630 2364 fecit
2652 2293 2831 2348 cretum
2863 2304 2908 2348 et
2937 2306 3146 2349 terram.
3175 2295 3341 2350 Nemo
3367 2309 3601 2354 vestrum

2029 2383 2168 2439 dicat
2198 2402 2211 2437 :
2240 2385 2318 2438 Ad
2346 2401 2432 2439 me
2462 2402 2566 2438 non
2596 2387 2852 2454 pervenit.
2884 2386 3045 2441 Putas
3072 2388 3190 2456 quis
3221 2398 3302 2442 est
3331 2404 3487 2457 quem
3518 2389 3602 2444 di-

2031 2475 2130 2541 xit,
2156 2474 2421 2529 Benedicat
2457 2485 2504 2529 te
2539 2475 2784 2530 Dominus
2808 2493 2874 2530 ea:
2899 2476 3069 2531 Sion?
3095 2477 3266 2532 Unum
3298 2478 3601 2534 benedixit:

2029 2575 2144 2620 esto
2170 2581 2354 2632 unum,
2381 2574 2435 2620 et
2474 2567 2714 2636 pervenit
2753 2566 2819 2620 ad
2848 2576 2900 2621 te
2924 2566 3245 2626 benedictio.

2385 2773 2465 2832 IN
2509 2772 2884 2833 PSALMUM
2926 2770 3252 2833 CXXXIV

2627 2889 3038 2944 ENARRATIO.

2583 3015 2753 3056 SEDMO
2780 3017 2848 3056 AD
2871 3018 3093 3057 PLEBEII.

2101 3117 2153 3171 i.
2183 3111 2331 3186 (vers.
2360 3115 2435 3188 1.]
2468 3115 2630 3170 Valde
2657 3115 2808 3170 dulce
2832 3115 2984 3170 nobis
3013 3129 3132 3170 esse
3157 3115 3337 3184 debet,
3369 3127 3426 3172 et
3452 3117 3606 3174 dulce

2032 3208 2183 3260 nobis
2208 3222 2327 3262 esse
2352 3208 2682 3276 gaudendum
2710 3216 2811 3272 est,
2842 3223 2946 3277 quo
2972 3224 3067 3262 nos
3099 3209 3331 3278 psalmus
3374 3210 3474 3266 iste
3511 3225 3608 3266 co-

2031 3297 2291 3354 hortatur.
2322 3300 2455 3353 Dicit
2475 3300 2614 3354 enim
2638 3317 2650 3353 :
2672 3299 2900 3353 Laudate
2918 3317 3095 3352 nomen
3122 3300 3340 3354 Domini.
3363 3301 3609 3357 Causam-

2031 3405 2133 3460 que
2159 3391 2324 3460 ipsam
2350 3407 2514 3461 quare
2540 3391 2739 3460 justum
2767 3391 2836 3444 sit
2862 3399 2920 3445 ut
2964 3393 3236 3446 laudenms
3281 3410 3474 3448 nomen
3509 3394 3610 3448 Do-

2031 3481 2181 3548 mini,
2230 3483 2481 3537 continuo
2529 3482 3068 3552 subjecit:Landate,
3118 3486 3265 3550 serui,
3313 3484 3609 3544 Dominum.

2031 3573 2165 3639 Quid
2206 3574 2440 3641 iustius?
2467 3573 2872 3644 quid'dignius?
2901 3575 3024 3644 quid
3052 3577 3293 3645 gratius?
3325 3579 3534 3632 Etenim
3563 3581 3610 3634 si

2032 3681 2136 3718 non
2182 3665 2508 3720 laudaverint
2554 3667 2689 3720 servi
2731 3666 3049 3730 Dominum;
3092 3669 3326 3735 superbi,
3376 3670 3607 3740 ingrati,

2034 3755 2307 3824 irreligioai
2338 3765 2509 3808 erunt.
2539 3756 2603 3809 Et
2623 3755 2745 3824 quid
2776 3755 2969 3809 faciunt
3001 3772 3104 3810 non
3137 3757 3398 3812 laudando
3430 3761 3610 3814 Domi-

2035 3863 2178 3907 num,
2205 3846 2301 3900 nisi
2326 3855 2380 3900 ut
2404 3861 2644 3900 severmn
2669 3847 2896 3899 sentiant
2921 3847 3234 3901 Dominum?
3253 3847 3434 3918 Neque
3457 3850 3601 3906 enim

2033 3953 2220 3993 servus
2248 3938 2502 4006 ingratus,
2548 3939 2590 3991 si
2619 3937 2899 3992 Dominum
2929 3954 3078 3992 suum
3111 3939 3326 3994 laudare
3357 3941 3608 4008 uoluerit,

2034 4030 2154 4085 ideo
2200 4029 2361 4084 efﬁcit
2401 4038 2458 4083 ut
2483 4044 2668 4084 servus
2708 4042 2811 4082 non
2853 4028 2940 4082 sit.
2972 4028 3200 4094 Laudes,
3248 4044 3351 4084 non
3383 4031 3606 4099 laudes,

2034 4136 2220 4177 servus
2239 4137 2298 4177 es
2329 4140 2342 4176 :
2374 4121 2464 4175 sed
2493 4122 2534 4174 si
2563 4119 2743 4174 laudes
2762 4162 2776 4183 ,
2808 4120 3148 4190 propitiabis;
3181 4121 3224 4174 si
3253 4137 3356 4176 non
3402 4121 3603 4190 laudes,

2034 4214 2289 4269 offendes.
2321 4215 2463 4268 Bona
2493 4229 2619 4283 ergo
2657 4213 2954 4268 exhortatio
2986 4223 3039 4268 et
3062 4214 3242 4277 utilis;
3273 4215 3412 4271 unde
3439 4219 3610 4286 magis

2033 4315 2272 4376 satagere
2293 4305 2546 4360 debemus
2572 4304 3016 4374 quemadmodum
3040 4304 3331 4361 laudandus
3356 4307 3426 4362 sit
3446 4309 3605 4375 Deus,

2034 4411 2188 4466 quam
2217 4395 2459 4450 dubitare
2487 4393 2826 4448 laudandum.
2859 4393 3088 4448 Laudate
3115 4410 3243 4466 ergo
3285 4413 3464 4463 nomen
3497 4397 3607 4452 Do-

2034 4486 2176 4539 mini.
2222 4485 2470 4539 Hortatur
2495 4499 2590 4538 nos
2617 4484 2877 4551 Psalmus,
2907 4484 3145 4539 hortatur
3171 4500 3267 4541 nos
3303 4487 3566 4557 Propheta
3592 4533 3607 4555 ,

2035 4575 2272 4631 hortatur
2296 4591 2391 4629 nos
2419 4576 2644 4645 Spiritus
2672 4577 2782 4640 Dei,
2817 4577 3056 4630 hortatur
3085 4585 3351 4645 postremo
3378 4594 3474 4634 nos
3497 4580 3611 4649 ipse

2033 4667 2308 4733 Dominus,
2335 4677 2394 4721 ut
2422 4667 2699 4722 laudemus
2733 4666 3030 4720 Dominum.
3057 4666 3169 4721 Non
3197 4668 3337 4722 enim
3367 4670 3610 4726 laudibus

2035 4760 2230 4813 nostris
2261 4758 2350 4812 illc
2377 4759 2588 4821 crescit,
2633 4757 2725 4810 sed
2758 4772 2873 4812 nos.
2925 4757 3066 4811 Deus
3095 4772 3193 4812 nee
3222 4759 3409 4814 melior
3447 4761 3523 4824 lit,
3565 4763 3612 4816 si

2034 4849 2365 4910 laudaveris;
2413 4863 2509 4901 nec
2551 4847 2820 4909 deterior,
2867 4847 2908 4899 si
2957 4846 3336 4914 vituperaveris
3365 4866 3378 4902 :
3408 4849 3502 4904 sed
3551 4859 3606 4904 tu

2034 4942 2293 4994 laudando
2321 4941 2538 4999 bozium,
2574 4939 2757 4991 melior
2783 4938 2888 4991 eris
2912 4955 2926 5002 ;
2957 4939 3321 5006 vituperando,
3343 4940 3599 4995 deterior:

2032 5033 2202 5086 bonus
2229 5042 2404 5086 autem
2438 5031 2523 5084 ille
2554 5039 2748 5091 manet,
2779 5039 2838 5082 ut
2878 5037 2977 5082 est.
3009 5029 3060 5084 Si
3091 5033 3230 5082 enim
3271 5045 3453 5084 servos
3481 5045 3607 5084 suos

2032 5124 2176 5194 ipsos
2223 5123 2359 5176 bene
2402 5122 2467 5175 de
2517 5136 2573 5173 se
2617 5120 2855 5182 meritos,
2888 5120 3260 5189 prtedicatores
3290 5119 3436 5172 verbi
3482 5121 3601 5188 sui,

2032 5224 2266 5286 rectores
2296 5213 2543 5267 Ecclesia:
2571 5227 2698 5275 ειεξιτ,
2742 5219 3080 5266 veneratores
3111 5211 3336 5264 nominis
3376 5213 3478 5273 sui,
3510 5212 3602 5265 οι)-

2033 5315 2413 5375 temperatores
2452 5302 2681 5356 mandati
2711 5303 2788 5356 sui
2822 5303 2869 5355 id
2902 5301 3076 5367 docet,
3109 5310 3165 5353 ut
3206 5300 3257 5353 in
3284 5303 3606 5356 conscientia

2031 5412 2124 5452 sua
2155 5397 2380 5450 habeant
2403 5393 2733 5448 dulcedinem
2761 5393 2912 5446 honre
2954 5392 3075 5445 vita:
3100 5405 3228 5450 sure.
3258 5405 3324 5443 ne
3364 5405 3604 5446 corrotu-

2030 5497 2222 5559 pantur
2247 5485 2509 5551 laudibus,
2543 5500 2608 5539 ne
2640 5483 2946 5552 frangantur
2969 5482 2984 5512 ¹
3011 5480 3485 5549 vituperationibus
3516 5481 3610 5536 ho-

2095 5645 2108 5676 ¹
2138 5641 2303 5692 Plures
2325 5649 2429 5693 Mss.
2471 5654 2557 5691 nec
2596 5641 2964 5699 corrumpantur
3001 5632 3246 5690 laudibus.
3286 5646 3373 5684 nec
3408 5635 3604 5699 fragan-

2032 5715 2125 5767 tur,
2165 5715 2256 5755 etc.

2760 5758 3376 5840 (Cinqnantc—cinq.)
