4032 6202
529 280 632 336 739

494 395 731 457 minuta;
774 397 970 461 quanto
1014 387 1178 457 magis
1220 387 1336 457 ipse
1399 384 1861 462 incommutabilis.“
1892 400 2051 454 super

457 484 460 488 λ
490 483 672 539 omnia
700 484 785 553 qui
830 482 942 536 lucc
965 479 1136 545 docet,
1170 494 1274 533 non
1314 479 1492 549 utique
1528 479 1694 547 major
1724 479 1846 545 ﬁtsi
1875 477 2049 531 lauda-

493 574 656 639 veris,
681 586 778 628 nec
796 572 967 625 minor
989 571 1033 624 si
1060 570 1482 639 vituperaveris?
1507 568 1612 624 Sed
1636 569 1880 639 quoniam
1903 569 2054 623 nobis

493 665 705 735 expedit
750 663 961 717 laudare
1007 662 1307 726 Dominum,
1354 661 1764 717 misericorditer
1802 660 1952 730 jubet
1995 670 2053 713 nt

458 812 463 821 ,
488 756 761 810 laudemus
786 768 926 819 eum,
952 768 1058 806 non
1084 760 1407 821 arroganter.
1435 751 1724 806 Audiamus
1758 764 1884 821 ergo
1910 750 2051 820 quod

490 848 617 902 dicit
647 864 660 899 :
692 843 920 897 Laudate
954 860 1132 897 nomen
1176 843 1397 907 Domini,
1430 842 1651 906 laudate,
1684 842 1828 905 se'rui,
1870 839 2051 893 Domi-

489 954 630 992 num.
677 936 789 991 Non
815 936 956 990 enim
984 934 1178 1005 aliquid
1210 934 1549 1005 incongruum
1579 924 2053 1007 facitis.‘landando

416 1090 425 1095 ,
489 1031 631 1085 servi
651 1028 931 1083 Dominum
960 1045 975 1080 :
1006 1027 1110 1082 etsi
1136 1042 1344 1095 semper
1360 1024 1722 1080 tantummodo
1745 1024 1881 1079 servi
1908 1037 2054 1079 essc-

489 1121 576 1186 tis,
607 1120 872 1175 deberetis
896 1108 1110 1173 laudare
1139 1118 1413 1171 Dominum
1439 1134 1453 1182 ;
1482 1124 1679 1187 quanto
1701 1115 1866 1184 magis
1888 1114 2052 1170 debe-

449 1198 453 1213 “
488 1211 554 1265 tis
580 1210 794 1264 laudare
822 1209 1097 1263 Dominum
1125 1208 1285 1273 servi,
1306 1216 1361 1260 ut
1386 1221 1503 1260 esse
1525 1205 1828 1260 mereamini
1850 1212 1904 1258 et
1926 1204 2053 1259 lilii?

556 1300 611 1353 2.
640 1298 787 1373 [νει-ε.
809 1299 890 1372 2.]
918 1299 1018 1354 Sed
1049 1299 1294 1368 quoniam
1324 1299 1575 1367 scriptum
1601 1296 1753 1351 estin
1772 1296 1877 1351 alio
1904 1297 2051 1366 psal-

488 1406 597 1455 mo,
644 1391 825 1445 Rectos
866 1390 1003 1443 decet
1047 1389 1269 1443 laudatio
1296 1387 1462 1457 (Psal.
1496 1402 1659 1451 χχιιι,
1709 1385 1760 1458 i)
1787 1402 1802 1451 ;
1831 1394 1884 1440 et
1926 1387 2050 1442 item

488 1483 612 1537 alibi
637 1483 888 1551 scriptum
914 1490 1012 1543 est,
1048 1481 1166 1535 Non
1196 1489 1267 1534 est
1303 1480 1525 1550 speciosa
1552 1479 1661 1532 laus
1689 1480 1739 1532 in
1762 1495 1847 1533 ore
1872 1484 2052 1549 perca-

489 1572 610 1627 toris
643 1572 825 1645 (Eccli.
849 1590 934 1636 xv,
965 1573 1019 1643 9)
1044 1588 1059 1637 ;
1090 1574 1318 1642 itemque
1344 1571 1467 1625 alibi
1494 1570 1706 1636 dicitur,
1733 1570 2052 1640 Sacri/icium

489 1664 654 1719 laudis
679 1664 974 1735 gloriﬁeabit
1002 1681 1099 1729 me,
1126 1674 1175 1718 et
1198 1664 1262 1716 ibi
1286 1664 1363 1716 via
1395 1673 1464 1717 est
1492 1663 1544 1735 in
1572 1680 1669 1732 qua
1694 1663 1948 1715 ostendam
1974 1662 2053 1717 iiIi

486 1755 705 1809 salutare
735 1754 866 1819 Dei;
894 1764 948 1809 et
986 1764 1388 1824 consequenter,
1427 1753 1680 1807 Peccatori
1721 1764 1887 1807 autem
1925 1753 2053 1807 dixit

488 1843 645 1909 Deus,
680 1843 869 1915 thuid
898 1856 949 1898 tu
975 1862 1181 1898 enarras
1194 1847 1418 1915 justitias
1434 1861 1583 1906 meas,
1608 1854 1655 1898 et
1674 1846 1884 1898 assumis
1904 1855 2052 1899 testa-

482 1948 707 1991 mentum
733 1954 896 1992 meum
938 1955 1024 2006 per
1047 1954 1101 1990 os
1143 1940 1321 1991 tuum?
1357 1937 1436 1991 Tu
1463 1946 1627 1991 autem
1659 1938 1806 1991 odisti
1829 1938 2053 2007 discipli-

486 2044 624 2093 nam,
655 2037 703 2081 et
729 2029 978 2098 projecisti
1011 2044 1261 2081 sermones
1298 2044 1431 2081 meos
1454 2038 1575 2098 φοει
1603 2038 1650 2080 te
1677 2026 1858 2099 (Psai.
1892 2043 2008 2082 :th
2033 2068 2047 2092 ,

483 2118 575 2180 25,
603 2117 687 2181 16,
721 2119 802 2187 i7)
841 2135 854 2172 :
886 2133 951 2172 ne
974 2117 1106 2171 forte
1134 2119 1430 2186 quisquam,
1454 2117 1700 2185 quoniam
1723 2116 1918 2171 dictum
1942 2127 2047 2184 est,

488 2206 731 2271 Laudare,
757 2209 902 2272 servi,
926 2207 1215 2271 Dominum,
1247 2207 1449 2262 etiamsi
1478 2208 1528 2261 in
1556 2206 1714 2262 domo
1735 2207 1831 2261 ista
1862 2223 2048 2278 magna

484 2296 639 2352 fuerit
665 2298 833 2353 malus
859 2308 1061 2362 Servus,
1095 2306 1237 2367 putet
1279 2298 1379 2353 sibi
1409 2297 1660 2368 prodesse
1685 2298 1895 2353 laudem
1940 2298 2043 2352 Do-

482 2389 634 2455 mini,
656 2389 906 2445 continuo
929 2389 1112 2458 quales
1138 2389 1244 2442 sint
1266 2389 1354 2458 qui
1384 2388 1597 2443 laudare
1618 2388 1844 2443 debeant
1870 2389 2050 2443 Domi-

482 2494 630 2546 num,
661 2479 871 2549 subiicit
909 2491 961 2535 et
985 2478 1142 2534 docet
1173 2498 1187 2534 :
1217 2480 1315 2544 Qui
1343 2479 1485 2533 statis
1513 2480 1567 2533 in
1611 2479 1759 2533 domo
1805 2479 2046 2545 Domini,

479 2573 535 2627 in
564 2573 704 2627 atriis
728 2572 906 2625 domus
940 2571 1031 2625 Dei
1058 2572 1235 2626 nostri.
1266 2570 1365 2636 Qui
1387 2571 1551 2635 statis,
1582 2586 1687 2625 non
1715 2571 1803 2641 qui
1834 2571 1983 2625 ruitis
2006 2572 2046 2623 ⁸.

482 2663 561 2718 liii
591 2671 765 2717 autent
792 2672 932 2717 stare
957 2661 1220 2725 dicuntur,
1243 2661 1332 2730 qui
1363 2662 1413 2714 in
1435 2661 1695 2715 mandatis
1720 2664 1834 2730 ejus
1862 2676 2045 2731 persc-

477 2762 680 2815 verant,
703 2753 789 2821 qui
818 2754 868 2807 in
888 2753 986 2807 tide
1016 2766 1120 2807 non
1148 2752 1286 2814 ficta,
1318 2761 1371 2806 et
1396 2764 1490 2821 Spe
1516 2751 1688 2815 firma,
1709 2761 1763 2807 et
1786 2753 2046 2815 charitate

479 2847 682 2900 sincera
721 2847 950 2900 serviunt
983 2846 1111 2911 Deo,
1143 2856 1196 2900 et
1226 2844 1489 2900 honorant
1520 2844 1806 2899 Ecclesiam
1834 2846 1968 2915 ejus,
1995 2855 2049 2901 et

480 2951 583 2989 non
614 2935 741 2989 dant
784 2919 1127 2991 offensionem
1157 2936 1292 2990 male
1320 2934 1543 2990 vivendo
1569 2937 1614 3002 ',
1647 2936 1724 2991 eis
1751 2936 1840 3006 qui
1869 2937 2048 2993 venire

479 3028 680 3093 volunt,
708 3035 760 3081 et
787 3030 837 3081 in
868 3026 947 3080 via
976 3026 1176 3096 lapides
1196 3026 1502 3082 oli‘ensionis
1528 3026 1801 3085 inveniunt.
1821 3027 1861 3081 ⁸.
1889 3028 2044 3098 Ergo,

478 3121 577 3185 Qui
602 3120 746 3176 statis
787 3121 840 3173 in
885 3120 1032 3174 domo
1081 3120 1305 3184 Domini,
1355 3118 1557 3174 laudate
1598 3134 1777 3173 nomen
1818 3115 2044 3174 Domini.

474 3211 619 3266 Grati
650 3220 857 3277 estote;
891 3211 1019 3268 foris
1047 3212 1231 3275 eratis,
1261 3222 1315 3267 et
1342 3211 1483 3264 intus
1508 3212 1660 3265 statis
1690 3209 1733 3264 ⁸.
1758 3211 1892 3277 Quia
1921 3227 2048 3282 ergo

473 3304 642 3368 statis,
675 3317 931 3368 parumne
958 3311 1037 3356 est
1061 3303 1229 3364 vobis,
1259 3301 1347 3355 ubi
1392 3300 1683 3355 laudandus
1712 3311 1794 3355 est
1817 3303 1905 3372 qui
1952 3316 2046 3356 vos

475 3393 642 3446 erexit
663 3391 917 3462 iacentes,
951 3400 1005 3446 et
1046 3390 1170 3445 fecit
1194 3391 1248 3444 in
1286 3390 1447 3444 domo
1470 3405 1562 3443 sua
1601 3399 1761 3455 stare,
1792 3402 1845 3445 et
1873 3393 2041 3460 ipsum

477 3498 786 3554 agnoscere,
832 3484 1109 3554 ipsumque
1134 3481 1392 3555 laudare?
1430 3497 1720 3552 parvumne
1751 3484 1851 3537 hoc
1880 3482 2044 3538 bene-

479 3574 652 3628 ticitun
673 3582 773 3640 est,
787 3573 925 3645 quod
946 3581 1144 3627 stamus
1168 3574 1222 3627 in
1243 3571 1402 3627 domo
1422 3572 1629 3627 Domini
1651 3573 1676 3626 ?
1698 3572 1792 3626 Hic
1809 3572 2043 3640 interim,

478 3664 531 3718 in
561 3663 658 3719 bac
686 3663 1126 3734 peregrinatione,
1154 3664 1210 3718 in
1238 3663 1336 3718 hac
1360 3664 1539 3726 domo,
1568 3663 1710 3734 quod
1739 3664 1896 3719 etiam
1924 3680 2047 3733 per-

473 3754 813 3827 i-grinationis
838 3755 1235 3811 tabernaculum
1264 3755 1475 3821 dicitur,
1521 3755 1642 3826 quia
1671 3754 1755 3809 hic
1799 3763 2002 3810 stamus
2027 3798 2041 3823 ,

476 3846 726 3917 numquid
772 3862 955 3917 parum
989 3846 1126 3917 grati
1169 3860 1287 3901 esse
1331 3845 1626 3925 debemus?
1672 3845 1856 3900 Nonne
1897 3846 2045 3914 cogi-

476 3942 688 3996 tandum
742 3947 824 3995 est
876 3940 999 4009 quia
1047 3938 1135 3993 hic
1184 3936 1427 3992 stamus?
1476 3952 1652 3991 nonne
1706 3937 2043 4007 cogitandum

472 4042 556 4089 est
618 4032 743 4104 quid
780 4026 912 4087 facti
971 4030 1261 4086 fuerimus?
1342 4046 1519 4086 nonne
1583 4031 1914 4099 cogitandum
1963 4039 2045 4086 est

473 4127 559 4180 ubi
582 4126 908 4196 jacebamus,
956 4133 1011 4180 et
1036 4140 1143 4195 quo
1186 4123 1393 4179 collecti
1432 4125 1659 4177 sumus?
1686 4138 1859 4178 nonne
1901 4125 2045 4193 cogi-

470 4217 681 4271 tandum
710 4226 793 4271 est
833 4218 956 4287 quia
980 4230 1165 4269 omnes
1194 4215 1340 4285 impii
1372 4214 1651 4269 Dominum
1682 4229 1786 4267 non
1831 4229 2034 4282 quaere-

469 4309 614 4374 bant,
665 4321 718 4363 et
772 4311 883 4378 ipse
940 4308 1058 4362 illos
1110 4324 1211 4361 non
1265 4316 1564 4376 quaerentes
1611 4306 1875 4375 qurcsivit,
1930 4306 2041 4375 ipse

467 4399 708 4453 inventos
728 4398 995 4455 excitavit.
1027 4399 1137 4465 ipse
1161 4399 1417 4452 excitatos
1441 4398 1666 4462 vocavit,
1691 4399 1803 4467 ipse
1825 4407 2040 4451 vocatos

467 4490 776 4552 introduxit,
803 4499 856 4542 et
891 4490 940 4542 in
972 4489 1132 4541 domo
1157 4502 1252 4541 sua
1278 4497 1422 4542 stare
1451 4487 1613 4541 fecit?
1655 4488 2039 4557 ch‘qttisqnis

466 4582 659 4651 cogitat
698 4576 753 4634 ei
793 4580 1026 4649 ingratus
1056 4594 1160 4632 non
1185 4586 1289 4643 est,
1319 4578 1535 4631 omnino
1562 4576 1786 4646 despicit
1827 4594 1885 4632 se
1932 4594 2041 4646 pra:

469 4688 651 4727 amore
681 4670 889 4727 Domini
933 4671 1034 4733 sui,
1064 4687 1093 4723 ta
1123 4686 1226 4739 quo
1252 4670 1350 4723 sibi
1381 4678 1523 4723 tanta
1554 4668 1785 4736 pra-stita
1814 4677 1933 4723 sunt
1956 4678 2042 4723 :et

466 4765 715 4836 quoniam
765 4778 870 4818 non
912 4763 1070 4817 habet
1111 4761 1233 4832 quid
1283 4776 1378 4830 pro
1424 4763 1583 4815 tantis
1615 4758 1885 4814 beneficiis
1932 4760 2041 4815 Deo

465 4854 743 4920 retribuat,
773 4854 896 4924 quid
940 4855 986 4908 ei
1037 4864 1201 4908 restat
1246 4854 1343 4907 nisi
1374 4854 1571 4922 gratias
1605 4867 1780 4921 agere,
1816 4866 1919 4904 nou
1952 4867 2038 4906 re—

465 4945 734 5014 pendere?
765 4943 843 4998 Ad
888 4945 1053 5012 ipsam
1100 4945 1385 5012 gratiarum
1417 4944 1677 4997 actionem
1710 4942 1959 5012 pertinet,
1988 4951 2040 4996 ct

459 5038 683 5093 calicem
733 5034 940 5097 Domini
984 5033 1245 5107 accipere,
1278 5043 1334 5088 et
1378 5049 1567 5088 nomen
1615 5033 1728 5102 ejus
1772 5034 2035 5087 invocare.

460 5127 597 5183 Nam
624 5127 746 5197 quid
776 5127 1031 5180 retribuat
1059 5126 1278 5179 Domino
1303 5140 1506 5187 servus,
1534 5140 1632 5196 pro
1654 5124 1898 5177 omnibus
1919 5138 2037 5193 quas

463 5220 705 5273 retribuit
731 5218 801 5273 illi
829 5215 998 5285 (Psal.
1038 5231 1164 5281 cxv,
1199 5215 1285 5279 12,
1323 5216 1453 5281 l5)?
1482 5216 1640 5286 Ergo,
1691 5215 1789 5282 Qui
1818 5216 1958 5266 statis
1986 5214 2037 5266 in

463 5314 611 5363 domo
644 5309 867 5373 Domini,
894 5308 948 5362 in
987 5308 1131 5362 atriis
1159 5307 1335 5360 domus
1366 5305 1459 5361 Dei
1484 5308 1657 5362 nostri.
1689 5306 1891 5359 laudate
1931 5304 2038 5357 Do-

461 5403 668 5454 minum.

524 5493 542 5554 ξ
568 5490 757 5554 Aliquot
793 5498 922 5552 uss,
935 5491 1128 5553 jacetis.

520 5552 542 5616 ξ
564 5552 637 5600 sic
658 5548 888 5616 plerique
910 5548 1012 5602 uss.
1032 5562 1094 5616 Ast
1115 5552 1247 5616 Edd_.,
1273 5548 1475 5601 vivendi.

522 5611 544 5655 ἒ
565 5610 761 5674 sepiem
944 5610 1048 5664 nan'
1061 5613 1381 5665 inveniuntur.

518 5674 539 5706 ⁸
562 5670 643 5721 Sic’
657 5670 879 5735 plerique
901 5681 1006 5723 Mss.
1020 5675 1279 5725 Edd.vero:
1306 5671 1437 5724 Grati
1457 5671 1829 5736 estote,ne.f0ris
1846 5670 2033 5725 erretis.

459 5744 578 5795 ouxa
600 5745 735 5794 ergo,
762 5743 855 5783 etc.

1654 272 1711 328 S.
1752 268 2109 329 AUGUSTINI
2150 271 2445 328 EPISCOPI

3585 266 3718 323 “id

2232 386 2284 439 5.
2316 385 2480 459 [υετε.
2525 383 2620 458 5.]
2648 382 2781 452 Quid
2824 383 3056 438 dicturus
3101 398 3216 439 sum
3244 397 3409 456 quare
3443 380 3718 439 laudetis?

2160 478 2407 543 Quoniam
2433 479 2587 532 benus
2610 476 2870 530 Dominus.
2900 476 3139 530 Breviter
3158 490 3261 528 uno
3280 475 3442 530 verbo
3462 476 3717 543 explicata

2157 581 2240 624 est
2261 554 2372 624 laus
2401 569 2608 623 Domini
2636 568 2725 621 Dei
2756 568 2920 621 nostri
2952 584 2964 619 :
2994 566 3165 623 Bonus
3194 565 3459 619 Dominus.
3492 564 3599 621 Sed
3626 566 3722 619 bo-

2158 677 2278 724 nus,
2295 676 2398 714 non
2420 667 2475 713 ut
2496 669 2616 714 sunt
2639 659 2773 713 bona
2800 674 2917 729 qua:
2944 657 3083 713 fecit.
3101 656 3229 711 Nam
3251 655 3372 710 fecit
3392 655 3529 711 Dens
3544 657 3721 711 omnia

2157 752 2293 807 bona
2306 751 2457 807 valde
2474 750 2621 823 (Gen.
2642 768 2680 813 ι,
2701 750 2791 820 51)
2808 768 2820 803 :
2838 764 2942 804 non
2962 757 3161 803 tantum
3180 749 3339 813 bona,
3362 748 3455 802 sed
3478 757 3533 802 et
3548 748 3716 808 valde.

2153 843 2360 898 Caelum
2383 850 2437 896 et
2461 852 2651 923 terram
2677 851 2730 896 et
2754 840 2929 895 omnia
2957 854 3074 909 qua:
3102 839 3154 893 in
3174 840 3255 893 eis
3274 848 3396 892 sunt
3416 840 3550 892 bona
3576 837 3719 902 fecit,

2156 941 2210 987 et
2234 932 2386 988 valde
2413 931 2720 988 bona‘fecit.
2748 931 2801 986 Si
2846 931 2959 985 tunc
2982 932 3160 985 omnia
3202 930 3338 985 bona
3373 930 3514 991 fecit,
3535 930 3719 999 qualis

2156 1032 2238 1078 est
2265 1024 2353 1079 ille
2380 1024 2466 1093 qui
2494 1023 2660 1079 fecit?
2687 1023 2752 1077 Et
2780 1032 2954 1077 tamen
2980 1037 3097 1077 cum
3130 1023 3265 1076 bona
3297 1022 3502 1084 fecerit,
3530 1022 3719 1076 multo-

2154 1118 2258 1184 que
2286 1114 2356 1168 sit
2398 1114 2586 1168 melior
2611 1112 2701 1183 qui
2746 1112 2888 1176 fecit,
2932 1128 3090 1183 quam
3121 1113 3219 1167 ista
3264 1128 3381 1182 qua:
3413 1111 3576 1175 fecit;
3614 1128 3714 1167 non

2156 1206 2357 1260 invenis
2382 1206 2572 1261 melius
2605 1204 2746 1275 quod
2771 1204 2839 1259 de
2865 1204 2955 1258 illo
2979 1204 3144 1266 dicas,
3176 1203 3278 1257 nisi
3304 1204 3421 1272 quia
3449 1203 3606 1257 bonus
3646 1212 3719 1258 est

2155 1297 2398 1355 Dominus
2425 1312 2445 1351 :
2472 1297 2516 1352 si
2556 1307 2727 1351 tamen
2758 1295 3017 1365 intelligas
3059 1294 3272 1364 proprie
3312 1294 3530 1358 bonum,
3559 1309 3587 1347 a
3615 1309 3717 1363 quo

2155 1399 2279 1443 sunt
2305 1399 2494 1444 czetera
2519 1388 2676 1443 bona.
2703 1389 2891 1443 Omnia
2917 1388 3056 1441 enim
3101 1387 3237 1441 bona
3267 1387 3379 1456 ipse
3420 1387 3581 1441 fecit:
3608 1387 3716 1456 ipse

2155 1491 2236 1535 est
2261 1482 2425 1535 bonus
2451 1495 2604 1550 quem
2635 1495 2790 1535 nemo
2828 1478 2970 1534 fecit.
3003 1477 3095 1533 Ille
3123 1478 3265 1533 bono
3289 1493 3385 1532 suo
3415 1478 3589 1533 bonus
3613 1488 3708 1542 est,

2152 1587 2261 1626 non
2288 1572 2498 1627 aliunde
2519 1572 2824 1641 participato
2865 1569 3004 1624 bono
3028 1587 3040 1622 :
3066 1569 3153 1623 ille
3179 1570 3355 1638 seipso
3382 1569 3522 1623 bono
3551 1571 3715 1623 bonus

2153 1672 2256 1732 est,
2288 1679 2394 1718 non
2440 1663 2758 1718 adluerendo
2794 1662 2944 1716 alteri
2976 1661 3133 1716 bono.
3177 1660 3301 1715 Mihi
3329 1671 3504 1715 autem
3536 1661 3713 1714 adlac-

2155 1771 2275 1811 rere
2307 1755 2414 1809 Deo
2445 1756 2638 1810 bonum
2682 1763 2762 1809 est
2788 1752 2956 1824 (Psal.
2988 1768 3149 1812 Lxxn.
3180 1750 3292 1824 28),
3325 1750 3415 1821 qui
3443 1768 3545 1805 non
3577 1752 3716 1822 eguit

2154 1862 2182 1902 a
2210 1863 2312 1918 quo
2342 1848 2488 1903 fieret
2508 1848 2709 1912 bonus;
2737 1845 2830 1901 sed
2851 1854 3107 1916 eguerunt
3131 1845 3219 1900 illo
3243 1854 3432 1899 cmtera
3455 1855 3511 1898 ut
3537 1845 3717 1899 tierent

2153 1937 2309 1992 bona.
2344 1938 2509 1991 Vultis
2537 1937 2718 1991 audire
2742 1952 2896 2006 quam
2929 1934 3264 2006 singulariter
3290 1936 3377 2007 ille
3407 1936 3474 1988 sit
3502 1936 3715 1989 bonus?

2153 2028 2406 2084 Dominus
2448 2017 2796 2099 interrogatus
2837 2027 2988 2092 dixit,
3041 2024 3204 2079 Nemo
3243 2026 3420 2091 bonus,
3447 2026 3545 2079 nisi
3588 2043 3715 2080 unus

2153 2121 2291 2175 Deus
2316 2120 2522 2192 (Matth.
2555 2136 2673 2185 XIX,
2704 2120 2811 2190 Π).
2838 2118 2986 2174 Hanc
3024 2117 3438 2187 singularitatem
3466 2117 3712 2172 bonitatis

2153 2215 2287 2284 ejus,
2310 2223 2363 2267 et
2388 2211 2655 2282 pratterire
2682 2209 2913 2266 breviter
2930 2209 3080 2281 nolo,
3110 2219 3163 2263 ct
3187 2208 3465 2263 commend
3485 2224 3559 2263 ire
3586 2224 3711 2262 cou-

2152 2321 2282 2376 grue
2312 2322 2412 2359 non
2461 2303 2684 2358 sufficio.
2728 2302 2902 2357 Metuo
2946 2318 3013 2356 ne
3053 2301 3097 2356 si
3124 2300 3247 2355 hinc
3274 2301 3379 2355 cito
3410 2301 3672 2355 transiero
3694 2341 3712 2368 ,

2152 2412 2251 2468 ego
2277 2398 2510 2467 ingratus
2539 2395 2773 2450 inveniar
2802 2412 2816 2449 :
2848 2395 2969 2449 item
3014 2403 3194 2447 metuo
3237 2408 3303 2446 ne
3334 2392 3434 2446 hoc
3478 2407 3598 2446 cum
3625 2409 3714 2447 cx-

2156 2490 2448 2562 plicandum
2499 2503 2819 2559 suscepero,
2868 2487 2964 2541 sub
3015 2494 3156 2540 tanta
3211 2482 3380 2538 laudis
3434 2483 3712 2538 dominicae

2152 2585 2355 2638 sarcina
2380 2582 2651 2653 defatiger.
2683 2581 2770 2635 Sic
2799 2591 2995 2645 tamen,
3043 2578 3252 2642 fratres,
3293 2578 3517 2648 accipite
3545 2593 3628 2630 me
3663 2585 3715 2631 ct

2153 2674 2448 2729 laudantem
2476 2682 2530 2727 et
2558 2688 2657 2727 non
2681 2671 3049 2733 sufficientem,
3078 2682 3134 2725 nt
3159 2671 3368 2725 etiamsi
3397 2686 3500 2725 non
3529 2670 3716 2738 imple-

2151 2773 2239 2819 tur
2267 2765 2404 2819 illius
2443 2764 2612 2823 laudis
2652 2763 2951 2832 explicatio,
2981 2770 3284 2832 acceptetnr
3311 2762 3597 2815 laudatoris
3624 2760 3714 2815 de-

2151 2858 2312 2912 votio.
2345 2858 2614 2927 Approbet
2653 2871 2737 2911 me
2777 2857 2890 2925 ipse
2919 2856 3169 2920 voluisse,
3205 2855 3441 2926 ignoscat
3471 2873 3572 2908 non
3614 2856 3712 2908 im-

2151 2948 2396 3019 plevisse.
3151 2938 3155 2944 ’

2219 3042 2275 3094 4.
2310 3038 2563 3094 Ineffabili
2597 3037 2875 3094 dulcedine
2913 3047 3129 3102 teneor,
3160 3052 3279 3092 cum
3324 3038 3510 3099 audio,
3550 3037 3714 3091 Bonus

2149 3129 2432 3194 Dominus;
2455 3130 2898 3200 coltsideratisqnc
2924 3132 3242 3195 omnibuset
3261 3131 3580 3185 collu~tratis
3601 3147 3715 3200 qua:

2150 3221 2440 3275 forinsecus
2466 3220 2649 3283 video.
2681 3222 2923 3290 quoniam
2951 3237 3017 3275 ex
3042 3222 3156 3289 ipso
3181 3228 3304 3274 sunt
3326 3222 3530 3283 omnia,
3561 3223 3714 3275 ctiam

2150 3327 2268 3367 cum
2297 3311 2423 3365 mihi
2460 3311 2571 3366 lucc
2596 3312 2822 3380 placent,
2850 3311 2912 3365 ad
2944 3310 3093 3365 illum
3120 3310 3280 3365 redeo
3305 3326 3335 3363 a
3362 3326 3467 3381 quo
3493 3321 3635 3378 sunt,
3661 3320 3716 3366 ut

2151 3400 2433 3472 intelligam
2457 3401 2693 3471 quoniam
2724 3401 2877 3454 bonus
2912 3411 2981 3454 est
3009 3398 3276 3456 Dominus.
3307 3401 3533 3456 Rursum
3556 3443 3571 3467 ,
3599 3417 3715 3455 cum

2148 3491 2214 3546 ad
2241 3492 2414 3559 illum,
2447 3501 2694 3561 quantum
2726 3507 2971 3562 possunt,
3001 3493 3266 3562 ingressus
3294 3491 3472 3558 fuero,
3501 3494 3715 3549 interio-

2148 3598 2259 3636 rem
2290 3582 2419 3636 mihi
2456 3591 2508 3637 et
2546 3583 2872 3650 superiorem
2904 3583 3147 3649 invenio;
3178 3583 3297 3653 quia
3328 3583 3404 3638 sic
3443 3584 3612 3638 bonus
3639 3593 3717 3639 est

2150 3672 2421 3740 Dominus,
2443 3683 2500 3727 ut
2527 3673 2639 3728 istis
2664 3688 2765 3726 non
2794 3673 3022 3743 indigeat
3045 3688 3156 3743 quo
3175 3674 3241 3728 sit
3264 3673 3454 3728 bonus.
3484 3675 3716 3743 Denique

2149 3767 2247 3820 ista
2277 3782 2378 3820 non
2410 3767 2566 3822 laudo
2603 3768 2716 3821 sine
2753 3767 2873 3831 illo;
2906 3767 3050 3820 illum
3090 3776 3264 3822 autem
3299 3765 3414 3822 sine
3453 3768 3564 3821 istis
3601 3782 3714 3836 pter-

2149 3858 2374 3923 fectum,
2416 3875 2518 3912 non
2556 3858 2820 3929 indigum,
2849 3858 3330 3913 incommutabilem
3352 3900 3366 3921 ,
3398 3858 3591 3913 nullius
3622 3858 3713 3911 bo—

2150 3966 2273 4002 num
2302 3960 2622 4019 qnmrentem
2648 3965 2751 4020 quo
2785 3959 3056 4020 augeatur,
3087 3951 3280 4006 nullius
3311 3951 3505 4005 malum
3536 3952 3716 4005 timcn-

2149 4048 2253 4095 tem
2284 4058 2387 4108 quo
2417 4041 2714 4108 minuatur,
2750 4042 2978 4096 invenio.
3012 4042 3078 4096 Et
3102 4042 3226 4112 quid
3254 4042 3426 4097 dicam
3457 4041 3715 4112 amplius?

2150 4133 2362 4187 invenio
2402 4134 2454 4186 in
2494 4145 2734 4188 creatura
2776 4134 2969 4189 cmlnm
3014 4136 3244 4201 bonum,
3285 4134 3450 4189 solem
3488 4134 3713 4213 bonum,

2149 4226 2324 4281 lunam
2353 4227 2559 4289 bonam,
2591 4227 2767 4281 stellas
2799 4226 2992 4291 bonas;
3025 4235 3220 4282 terram
3250 4229 3460 4289 bonam,
3493 4244 3610 4298 qua:
3636 4228 3715 4297 εἱ-

2145 4326 2379 4386 gnuntnr
2416 4317 2464 4369 in
2504 4327 2637 4370 terra
2677 4326 2730 4369 et
2766 4316 3031 4371 radicibus
3069 4318 3186 4371 nixa
3223 4325 3371 4379 sunt,
3409 4319 3576 4379 bona;
3603 4333 3715 4387 qua:

2147 4409 2415 4463 ambulant
2443 4419 2493 4461 et
2525 4417 2813 4472 moventur,
2845 4408 3012 4473 bona;
3046 4424 3161 4478 qua:
3188 4408 3405 4462 volitant
3434 4410 3483 4461 in
3516 4425 3639 4462 aere
3667 4416 3717 4461 et

2148 4510 2329 4555 natant
2359 4502 2407 4554 in
2441 4504 2608 4570 aquis,
2643 4501 2796 4554 bena.
2824 4497 2955 4554 Dico
2980 4511 3032 4555 et
3059 4502 3323 4557 hominem
3352 4501 3547 4556 bonum
3574 4517 3591 4557 :
3617 4500 3716 4554 Ilo-

2147 4610 2227 4647 tno
2252 4594 2391 4648 enim
2422 4595 2574 4647 bonus
2603 4598 2664 4647 de
2690 4595 2817 4647 bono
2844 4596 3074 4648 thesauro
3099 4598 3262 4648 cordis
3290 4597 3367 4649 sui
3402 4599 3591 4667 profert
3630 4597 3716 4648 bo-

2147 4700 2266 4736 num
2293 4682 2415 4752 (Id.
2447 4699 2519 4737 xu
2541 4726 2554 4745 .
2588 4684 2653 4738 ’53
2673 4684 2711 4753 ).
2744 4684 2866 4737 Dico
2888 4695 2938 4737 et
2968 4684 3210 4753 angelum
3242 4685 3434 4739 bonum
3456 4726 3471 4750 ,
3498 4687 3584 4753 qui
3618 4700 3747 4761 non.

2147 4787 2225 4830 est
2256 4776 2429 4844 lapsus
2459 4775 2701 4844 superbia
2727 4785 2779 4829 et
2802 4775 3040 4830 diabolus
3073 4775 3240 4829 factus
3268 4787 3383 4840 est;
3416 4776 3508 4830 sed
3554 4773 3716 4831 inhre-

2147 4876 2228 4922 ret
2269 4867 2564 4922 obediendo
2606 4866 2654 4920 ci
2676 4868 2693 4898 ί
2724 4881 2753 4921 a
2782 4883 2886 4937 quo
2930 4867 3097 4921 factus
3129 4876 3228 4922 est.
3259 4868 3446 4921 Onmia
3477 4868 3573 4921 ista
3605 4867 3718 4921 dico

2146 4955 2302 5021 bona,
2329 4957 2419 5011 sed
2446 4966 2760 5011 tamencum
2785 4958 2894 5010 suis
2922 4942 3254 5019 nominibus;
3280 4958 3471 5011 cu'lum
3503 4957 3714 5020 bonum,

2145 5050 2388 5119 angelum
2419 5050 2612 5103 bonum
2634 5091 2647 5109 ,
2682 5048 2946 5103 hominem
2990 5049 3182 5102 bonum
3214 5067 3226 5100 :
3253 5049 3317 5102 ad
3352 5049 3514 5103 Deum
3546 5058 3716 5103 autem

2146 5155 2264 5194 cum
2291 5155 2375 5194 me
2396 5139 2589 5205 refero,
2618 5149 2742 5208 puto
2764 5142 2947 5195 melius
2970 5140 3097 5192 nihil
3118 5141 3295 5194 dicere
3320 5156 3477 5209 quam
3502 5141 3715 5196 bonum.

2146 5232 2261 5303 Ipse
2289 5234 2482 5304 quippe
2510 5234 2762 5288 Dominus
2798 5233 2951 5288 Jesns
2978 5232 3216 5287 Christus
3241 5233 3402 5297 dixit,
3440 5233 3605 5287 ﬂama
3630 5235 3717 5288 bo-

2143 5343 2279 5392 nus;
2307 5333 2362 5381 ct
2387 5327 2498 5395 ipse
2528 5327 2651 5380 item
2679 5326 2843 5391 dixit,
2871 5324 3031 5378 Nemo
3064 5327 3249 5391 bonus,
3280 5324 3378 5379 nisi
3405 5342 3535 5379 unus
3564 5325 3714 5378 Deus.

2142 5417 2327 5471 Nonne
2351 5417 2637 5472 stimulavit
2663 5432 2758 5471 nos
2783 5415 2848 5470 ad
2870 5415 3209 5486 qumreudum
3233 5424 3286 5470 et
3305 5418 3369 5468 ad
3391 5414 3715 5485 distinguen-

2142 5512 2267 5566 dum
2293 5510 2418 5583 quid
2444 5511 2513 5565 sit
2541 5512 2734 5565 bonum
2770 5508 2873 5564 alio
2914 5509 3052 5562 bono
3074 5507 3303 5573 bonum,
3326 5510 3382 5561 'et
3411 5507 3607 5562 bonum
3636 5522 3716 5560 sc-

2206 5672 2221 5703 ¹
2248 5671 2320 5719 Sic
2343 5676 2439 5717 Am.
2462 5674 2533 5715 Fr.
2563 5675 2611 5716 et
2639 5665 2859 5729 plerique
2885 5673 2988 5715 uss.
3016 5671 3218 5729 Attum:
3249 5669 3303 5729 Et
3326 5662 3548 5714 diabolus
3564 5664 3715 5725 fartus

2142 5738 2211 5783 est
2234 5732 2397 5789 bonus,
2424 5739 2466 5780 et
2485 5737 2604 5780 esset
2626 5725 2667 5778 si
2690 5725 3015 5779 intuereret'ei
3041 5725 3321 5786 obcdicndo,
3345 5735 3441 5775 etc.
