4032 6202
437 304 525 358 7-H

397 417 508 484 ipso
537 415 772 471 bonum?
794 417 959 484 Quam
981 434 1108 490 ergo
1137 419 1333 476 bonum
1361 432 1444 478 est
1464 439 1494 478 a
1515 439 1618 494 quo
1645 434 1767 479 sunt
1789 427 1963 480 omnia

389 506 564 563 bona?
591 505 820 562 Omnino
845 509 1046 564 nullum
1073 512 1308 567 invenias
1333 515 1348 544 ²
1376 514 1570 569 bonum
1601 517 1738 587 quod
1767 533 1869 572 non
1900 519 1967 573 ab

395 597 484 650 illo
506 598 574 652 sit
600 597 816 654 bonum.
842 600 1042 655 Bonum
1070 603 1206 657 bona
1232 605 1426 659 faciens
1451 607 1604 661 sicuti
1625 617 1706 662 est
1732 609 1961 677 pr0prie,

355 677 358 679 ’
389 689 465 743 sic
494 699 548 744 ει
577 689 770 745 bonum
792 692 814 723 ⁸
844 702 926 746 εει
952 695 1181 764 proprie.
1215 695 1394 765 Neque
1418 699 1556 752 enim
1583 714 1643 753 ea
1672 715 1788 770 qua:
1819 701 1960 768 fecit,

388 795 492 835 non
521 791 676 846 sunt;
706 793 796 837 aut
820 783 1008 854 injuria
1038 785 1112 840 illi
1140 786 1226 852 lit,
1250 803 1369 840 cum
1409 788 1632 844 dicimus
1671 806 1774 845 non
1796 791 1816 822 ³
1844 807 1962 846 esse

384 886 504 940 qua:
535 871 677 927 fecit.
709 873 885 943 Quare
921 877 1062 930 enim
1103 877 1226 932 fecit
1246 920 1258 939 ,
1290 880 1332 932 si
1365 895 1467 934 non
1498 891 1620 933 sunt
1656 898 1774 951 qua:
1804 883 1962 937 fecit?

319 993 353 1016 ν
381 974 476 1018 aut
510 965 634 1033 quid
677 965 798 1020 fecit
819 1009 832 1033 ,
861 968 904 1021 si
938 984 1039 1022 non
1067 981 1148 1024 εει
1178 971 1316 1039 quod
1346 971 1504 1026 fecit?
1529 971 1660 1027 Cum
1696 990 1822 1044 ergo
1856 975 1963 1030 sint

382 1066 434 1108 et
467 1056 552 1109 illa
576 1073 691 1124 qua}
723 1056 844 1113 fecit
864 1100 878 1124 ,
911 1062 1120 1115 venitur
1145 1071 1317 1116 tamen
1348 1063 1413 1116 ad
1442 1064 1580 1118 illius
1607 1067 1960 1134 comparatio-

382 1163 504 1201 nem
528 1166 541 1212 ;
570 1158 625 1203 et
652 1158 896 1220 tanquam
927 1153 1070 1207 solus
1099 1155 1165 1206 sit
1185 1195 1200 1218 ,
1226 1153 1390 1218 dixit,
1419 1150 1532 1226 Ego
1566 1173 1674 1209 sum
1699 1158 1783 1228 qui
1810 1174 1960 1222 sum;

381 1249 467 1306 et,
507 1241 658 1296 Dices
683 1245 803 1312 ﬁliis
830 1243 992 1298 Israel
1015 1287 1029 1308 ,
1065 1245 1166 1312 Qui
1191 1255 1296 1312 est,
1336 1248 1470 1300 misit
1505 1265 1583 1301 me
1609 1249 1676 1301 ad
1708 1265 1811 1304 vos.
1842 1249 1956 1304 Non

377 1331 532 1395 dixit,
570 1333 820 1388 Dominus
852 1335 989 1388 Deus
1020 1336 1104 1388 ille
1130 1338 1484 1404 omnipotens,
1517 1337 1838 1405 misericors,
1866 1340 1955 1407 ju—

377 1433 496 1476 stus
527 1442 539 1477 z
567 1440 685 1494 qnie
711 1425 753 1478 si
781 1425 1012 1488 diceret,
1042 1427 1220 1495 utique
1246 1443 1366 1480 vera
1393 1427 1609 1482 diceret.
1637 1429 1864 1483 Sublatis
1889 1431 1957 1484 de

379 1513 558 1568 medio
585 1514 828 1568 omnibus
861 1517 1048 1585 quibus
1084 1517 1336 1586 appellari
1369 1529 1544 1586 posset
1567 1529 1620 1573 et
1647 1520 1750 1574 diei
1782 1523 1914 1575 Deus
1936 1565 1951 1586 ,

379 1603 554 1672 ipsum
581 1618 697 1660 esse
721 1619 780 1659 se
806 1607 981 1659 vocari
1012 1608 1314 1676 reSpondit;
1342 1619 1398 1663 et
1423 1619 1664 1679 tanquam
1692 1611 1792 1666 hoc
1814 1623 1955 1668 esset

377 1698 426 1752 ei
456 1712 648 1752 nomen
675 1715 686 1750 :
721 1695 830 1750 Hoc
858 1698 991 1751 dices
1016 1700 1106 1764 eis,
1138 1699 1324 1769 inquit,
1355 1700 1454 1765 Qui
1482 1711 1574 1767 esl,
1599 1704 1730 1755 misit
1756 1721 1849 1757 me.
1880 1705 1952 1758 Ita

377 1788 524 1842 enim
566 1788 653 1842 ille
689 1798 804 1854 est,
841 1797 897 1842 ut
935 1789 984 1842 in
1023 1789 1138 1858 ejus
1173 1792 1566 1861 comparatione
1589 1808 1792 1866 eaque:
1818 1795 1952 1849 facta

379 1890 540 1943 sunt,
574 1896 676 1934 nou
716 1881 838 1934 sint.
881 1879 972 1936 lllo
1011 1897 1112 1934 non
1149 1892 1481 1951 comparato,
1519 1895 1672 1948 sunt;
1705 1887 1949 1954 quoniam

375 1973 446 2025 ab
478 1972 567 2026 illo
596 1981 718 2024 sunt
750 1989 763 2022 :
796 1973 864 2026 illi
899 1983 1072 2027 autem
1112 1983 1447 2041 comparata,
1479 1989 1580 2029 non
1617 1975 1799 2042 sunt‘,
1831 1978 1952 2046 quia

377 2078 564 2116 verum
601 2077 717 2116 esse
736 2103 750 2125 ,
781 2063 1208 2120 incommutabile
1236 2080 1354 2120 esse
1381 2076 1495 2131 est,
1527 2067 1667 2136 quod
1696 2068 1783 2123 ille
1807 2070 1952 2124 solus

376 2163 482 2209 est.
529 2155 620 2208 Est
655 2155 794 2210 enim
833 2163 946 2221 est,
982 2156 1119 2211 sicut
1154 2157 1410 2211 bonorum
1433 2157 1454 2189 ⁸
1495 2157 1688 2213 bonum
1709 2201 1724 2224 ,
1757 2159 1949 2216 bonum

375 2256 483 2300 est.
512 2243 779 2316 Cogitate,
812 2255 868 2302 et
901 2247 1074 2302 videte
1102 2249 1348 2318 quoniam
1376 2249 1627 2319 quidquid
1657 2251 1798 2306 aliud
1839 2253 1948 2304 lau-

375 2337 539 2402 datis,
567 2337 686 2391 ideo
715 2338 935 2392 laudatis
956 2339 1074 2406 quia
1104 2339 1297 2393 bonum
1322 2349 1421 2394 εει.
1448 2339 1642 2395 Insanit
1662 2343 1748 2411 qui
1777 2342 1952 2397 laudat

375 2429 518 2498 quod
561 2446 662 2482 non
695 2439 778 2483 est
805 2431 1022 2484 bonum.
1056 2430 1110 2485 Si
1143 2432 1322 2486 laudes
1351 2432 1584 2502 iniquum
1613 2449 1677 2489 eo
1707 2437 1820 2504 ipso
1848 2451 1950 2503 quo

374 2520 590 2589 iniquus
615 2530 716 2584 est,
743 2535 918 2576 nonne
939 2529 992 2574 et
1020 2531 1070 2574 ιιι
1099 2523 1306 2591 iniquus
1330 2523 1473 2577 eris?
1494 2524 1547 2578 Si
1576 2524 1756 2578 laudes
1783 2525 1947 2580 furem

371 2625 442 2664 eo
478 2610 590 2678 ipso
629 2626 732 2678 quo
761 2610 846 2665 l'ur
881 2622 998 2677 est,
1040 2627 1215 2667 nonne
1254 2623 1306 2667 et
1336 2621 1386 2667 tu
1432 2615 1692 2684 particeps
1721 2617 1865 2670 eris?
1895 2618 1947 2670 Si

371 2702 564 2757 laudes
585 2702 784 2772 justum
816 2704 866 2756 in
895 2719 960 2757 eo
992 2705 1104 2772 ipso
1133 2719 1236 2772 quo
1267 2704 1442 2773 justus
1471 2715 1579 2769 est,
1613 2721 1785 2760 nonne
1810 2717 1863 2761 et
1895 2719 1944 2761 tu

369 2794 540 2849 habes
568 2795 688 2850 inde
723 2805 924 2864 partetn
957 2795 1258 2849 laudando?
1287 2797 1398 2849 Non
1417 2798 1566 2850 .enim
1597 2798 1838 2852 laudares
1862 2802 1945 2869 ju-

365 2897 529 2948 stum,
555 2887 652 2940 nisi
679 2902 921 2952 amares;
952 2902 1054 2941 non
1082 2901 1306 2950 amares,
1334 2890 1377 2942 si
1400 2889 1528 2942 nihil
1556 2889 1675 2944 inde
1700 2889 1941 2946 haberes.

364 2978 420 3033 Si
445 2993 574 3048 ergo
594 2977 844 3048 quidquid
871 2977 1013 3032 aliud
1040 2979 1335 3043 laudamus,
1359 2980 1478 3036 ideo
1504 2982 1798 3050 laudamus,
1822 2985 1941 3054 quia

364 3068 564 3122 bonum
603 3076 720 3130 est;
763 3069 920 3135 nulla,
945 3069 1036 3122 tibi
1074 3069 1242 3137 major
1280 3085 1436 3124 causa
1465 3081 1517 3125 et
1549 3072 1738 3127 melior
1765 3083 1818 3127 et
1848 3073 1932 3128 lir-

361 3160 500 3214 mior
525 3159 640 3214 dari
671 3160 838 3230 potuit
864 3175 1028 3230 quare
1055 3160 1235 3215 laudes
1268 3162 1428 3216 Deum
1448 3203 1464 3228 ,
1495 3163 1595 3216 nisi
1623 3165 1742 3233 quia
1772 3165 1940 3221 bonus

359 3262 460 3308 est.
495 3253 654 3321 Ergo,
686 3252 913 3306 Laudale
939 3253 1232 3319 Dominum,
1264 3256 1496 3322 quoniam
1524 3255 1680 3310 bonus
1704 3268 1795 3311 est.

428 3345 482 3399 5.
525 3345 785 3411 Quamdiu
815 3345 1050 3399 dicamus
1089 3345 1205 3415 ejus
1245 3347 1574 3402 bonitatem?
1613 3348 1741 3414 Quis
1775 3351 1936 3405 corde

357 3435 623 3506 concipiat
647 3445 737 3490 aut
765 3436 1142 3504 complectatur
1170 3451 1324 3505 quam
1353 3438 1522 3492 bonus
1550 3439 1618 3492 sit
1648 3440 1934 3495 Dominus?

356 3525 461 3582 Sed
487 3526 557 3580 ad
589 3541 685 3581 nos
715 3527 1014 3592 redeamus,
1043 3535 1097 3580 et
1124 3527 1176 3580 in
1206 3527 1356 3582 nobis
1386 3527 1531 3582 illum
1561 3544 1929 3598 agnoscamus,

354 3627 405 3674 et
435 3618 485 3673 in
517 3619 766 3688 operibus
794 3619 1049 3673 artiﬁcem
1087 3617 1397 3684 laudemus;
1434 3620 1552 3688 quia
1597 3621 1768 3688 ipsum
1805 3637 1933 3676 con-

269 3716 281 3729 '
356 3709 600 3779 templari
632 3709 805 3764 idonei
832 3725 934 3763 non
959 3725 1176 3764 sumus:
1201 3719 1256 3764 et
1276 3711 1318 3764 si
1342 3711 1685 3779 contemplari
1709 3712 1728 3742 ⁸
1757 3713 1929 3768 idonei

353 3800 640 3872 aliquando
663 3800 881 3864 erimus,
908 3815 1025 3854 cum
1056 3798 1215 3855 fuerit
1240 3801 1545 3854 mundatum
1573 3817 1666 3856 cor
1693 3814 1928 3859 nostrum

357 3891 478 3958 ﬁde,
503 3900 564 3946 ut
584 3900 847 3961 postremo
873 3891 1098 3960 gaudeat
1117 3890 1366 3956 veritate;
1390 3907 1528 3945 nunc
1547 3893 1792 3960 quoniam
1815 3895 1927 3962 ipse

355 4002 382 4038 a
412 3987 565 4040 nobis
600 3985 768 4040 videri
809 3999 911 4038 non
952 3993 1156 4053 potest,
1185 3999 1342 4053 opera
1373 3984 1489 4053 ejus
1518 3985 1821 4048 videamus,
1860 4003 1926 4042 ne

356 4078 467 4131 sine
497 4076 615 4146 ejus
640 4076 794 4130 laude
823 4089 1209 4130 remaneamus.
1239 4076 1377 4144 Ergo
1406 4075 1533 4139 dixi,
1567 4076 1790 4130 Laudate
1817 4077 1925 4131 Do-

307 4171 315 4179 ’
357 4168 575 4231 minam,
603 4167 839 4236 quoniam
865 4165 1022 4220 bonus
1059 4175 1159 4229 est;
1199 4167 1396 4235 psallite
1423 4168 1610 4220 nomini
1634 4169 1769 4237 ejus,
1798 4186 1924 4236 quo-

355 4260 488 4318 niam
513 4259 681 4311 suavis
701 4267 792 4312 est.
821 4257 978 4312 Forte
1001 4269 1140 4312 esset
1165 4259 1332 4312 bonus
1353 4266 1407 4315 et
1431 4259 1606 4311 suavis
1633 4273 1732 4311 non
1762 4269 1922 4322 esset,

355 4350 398 4403 si
428 4350 518 4404 tibi
549 4365 653 4402 non
680 4349 828 4403 daret
859 4363 1010 4418 posse
1034 4359 1262 4418 gustare.
1292 4348 1469 4402 Talem
1499 4358 1674 4402 autem
1705 4365 1762 4402 se
1792 4367 1924 4419 prat-

358 4441 466 4496 buit
511 4441 842 4504 hominibus,
894 4424 948 4494 iit
991 4439 1148 4494 etiam
1196 4454 1381 4508 panem
1426 4439 1492 4493 de
1537 4441 1680 4506 coelo
1721 4441 1923 4495 miserit

354 4534 542 4605 (Joan.
567 4551 640 4599 vr,
670 4533 868 4601 52-5”,
897 4541 949 4587 et
975 4531 1167 4586 Filium
1205 4546 1354 4585 suum
1392 4533 1676 4601 aequalem,
1707 4534 1794 4602 qui
1824 4533 1922 4587 hoc

356 4638 435 4681 est
461 4626 602 4697 quod
632 4627 776 4694 ipse,
806 4624 1014 4677 dederit
1051 4623 1317 4677 hominem
1360 4623 1650 4677 faciendum
1673 4665 1687 4685 ,
1729 4633 1784 4678 et
1829 4641 1922 4692 pro

358 4717 657 4771 hominibus
679 4715 1053 4778 occidendum;
1079 4724 1136 4766 ut
1163 4730 1254 4782 per
1281 4714 1378 4767 hoc
1402 4715 1538 4783 quod
1565 4724 1614 4766 tn
1637 4731 1712 4776 es,
1743 4724 1923 4784 gnsles

357 4810 490 4876 quod
521 4823 623 4863 non
655 4823 732 4861 es.
764 4806 979 4860 Multum
1009 4806 1149 4859 enim
1178 4806 1243 4858 ad
1280 4814 1329 4858 te
1359 4816 1473 4858 erat
1505 4818 1714 4875 gustare
1749 4809 1922 4860 suavi-

357 4910 513 4956 tatem
547 4899 637 4954 Dei
662 4917 676 4962 ;
703 4899 824 4968 quia
853 4907 1051 4951 remota
1080 4903 1195 4950 erat
1222 4895 1308 4949 illa
1335 4904 1388 4949 ct
1419 4896 1572 4949 nimis
1596 4896 1720 4959 alta,
1747 4909 1798 4950 tu
1829 4913 1923 4949 au-

357 5001 458 5045 tem
489 4989 647 5045 nimis
677 4988 914 5057 abjectus
939 4995 991 5040 et
1029 4987 1080 5040 in
1119 4987 1228 5054 imo
1261 4985 1462 5054 jacens.
1511 4985 1564 5038 In
1600 5001 1784 5056 magna
1821 4989 1918 5041 ista

352 5086 680 5156 separatione
702 5084 893 5155 missus
909 5098 993 5138 es.
1011 5081 1283 5137 Mediator.
1304 5081 1416 5136 Non
1439 5093 1648 5152 poteras
1666 5085 1731 5138 ad
1755 5085 1917 5140 Deum

356 5179 546 5245 homo;
570 5179 710 5234 Deus
735 5178 903 5232 lactus
923 5186 1004 5234 est
1027 5177 1186 5232 homo
1209 5196 1222 5230 :
1248 5185 1304 5231 ιιι
1322 5178 1567 5247 quoniam
1593 5179 1748 5233 homo
1772 5192 1918 5248 potes

416 5335 431 5365 ί
460 5340 588 5395 Lov.,
610 5330 834 5385 invenies.
895 5391 904 5395 _
931 5339 987 5379 tu.

418 5397 531 5469 {se
554 5391 700 5469 ςυεαο
724 5391 1106 5469 variatus.“
1147 5398 1201 5469 9!:

417 5457 438 5488 ⁸
460 5454 814 5508 vinclocinensis
831 5463 911 5504 its.
936 5454 1129 5510 omittlt,
1152 5465 1260 5502 non.

416 5517 437 5550 δ
459 5522 532 5569 sic
557 5527 664 5570 uss.
688 5527 744 5567 Al.
765 5518 894 5575 Edd.,
927 5529 1020 5566 non
1042 5514 1134 5563 sint
1154 5513 1226 5564 illi
1248 5516 1590 5576 comparanda,
1621 5516 1839 5580 quoniam
1859 5519 1917 5568 ab

360 5579 440 5631 illo
458 5589 562 5630 sunt
591 5595 607 5631 :
631 5581 702 5646 illi
735 5587 892 5628 autent
913 5591 1005 5628 non
1027 5586 1316 5638 comparata,
1340 5586 1447 5646 sunt
1469 5593 1484 5636 ;
1507 5579 1728 5642 quoniam
1754 5581 1812 5629 ab
1836 5581 1916 5630 illo

361 5649 481 5692 sunt.
511 5644 586 5691 Illi
607 5643 732 5691 enim
749 5647 1039 5703 comparata,
1063 5650 1153 5687 non
1170 5647 1306 5699 sunt;
1331 5643 1443 5701 quia
1467 5653 1644 5700 rerum,
1664 5649 1760 5691 etc.

418 5707 443 5770 ξ
465 5713 576 5770 Vox,
600 5704 841 5759 bonorum,
861 5705 1042 5770 ab_Am.
1069 5707 1120 5748 et
1141 5704 1432 5770 ιιεειίιιιεει..
1459 5761 1468 5770 ⁸
1567 5761 1576 5770 ,
1712 5745 1718 5752 .

425 5765 444 5796 ⁸
470 5765 794 5828 Αιὲῳιοιὶιςε.;
823 5773 875 5814 ιιι
898 5763 940 5814 si
957 5762 1390 5824 cmitemplabimur,
1415 5761 1592 5820 idonei,
1616 5771 1709 5814 etc.

1442 310 1835 367 ENARRATIO
1871 313 1937 368 IN
1976 313 2292 376 PSALMUM
2331 322 2606 378 CXXXIV.

3509 342 3644 398 1742

2079 429 2144 482 ad
2174 431 2459 500 hominem,
2489 438 2576 506 qui
2606 455 2706 494 non
2733 455 2919 512 posses
2943 446 3008 498 ad
3041 446 3225 511 Deum,
3259 465 3351 518 per
3379 452 3641 510 hominem

2074 524 2280 580 venires
2303 527 2368 581 ad
2397 528 2559 582 Deum
2583 549 2597 595 ;
2625 541 2678 584 et
2707 532 2874 589 lactus
2893 545 2973 589 est
3002 537 3256 593 mediator
3285 541 3371 594 Dei
3394 554 3448 598 et
3474 544 3642 599 homi-

2073 629 2217 677 num,
2245 615 2404 671 homo
2430 615 2669 673 Christus
2695 621 2849 676 Jesus
2871 624 2913 696 (Ι
2944 623 3072 680 Tim.
3101 643 3157 693 ιι,
3190 629 3267 698 5).
3292 630 3394 685 Sed
3416 633 3458 686 si
3484 637 3640 690 homo

2070 706 2241 761 Solum
2266 720 2427 773 esset,
2458 711 2558 783 hoc
2586 716 2855 784 sequendo
2881 719 3019 788 quod
3049 736 3126 783 es,
3161 739 3422 792 nunquam
3458 742 3640 794 perve-

2069 796 2240 862 nires;
2259 800 2301 852 si
2328 800 2464 856 Deus
2483 803 2650 856 solum
2675 816 2833 866 esset,
2856 825 2958 863 non
2983 813 3478 881 comprehendendo
3499 819 3637 886 quod

2067 900 2174 940 non
2199 903 2276 952 es,
2306 906 2573 961 nunquam
2608 898 2907 963 pervenires
2937 917 2950 951 :
2983 900 3120 956 Deus
3152 902 3319 958 factus
3345 917 3425 959 est
3456 907 3631 974 homo,

2067 989 2125 1032 ut
2156 980 2419 1038 hominem
2447 989 2750 1055 sequendo,
2780 992 2919 1059 quod
2951 1003 3127 1062 potes,
3156 997 3222 1050 ad
3248 997 3414 1053 Deum
3447 1016 3635 1069 perve-

2067 1073 2200 1138 nias,
2223 1077 2362 1146 quod
2387 1096 2489 1133 non
2514 1091 2740 1148 poteras.
2773 1084 2887 1152 Ipse
2912 1095 2993 1140 est
3017 1086 3288 1154 Mediator,
3319 1091 3440 1147 inde
3467 1091 3634 1147 factus

2062 1176 2142 1220 est
2171 1170 2365 1222 suavis.
2397 1170 2528 1235 Quid
2571 1176 2783 1230 suavius
2815 1192 2945 1247 pane
2972 1181 3332 1246 Angelorum?
3357 1184 3634 1248 Quomodo

2063 1276 2166 1314 non
2195 1271 2276 1316 est
2312 1265 2486 1318 suavis
2528 1267 2811 1333 Dominus,
2839 1269 3052 1340 quando
3089 1288 3275 1340 panem
3308 1275 3628 1345 Angelwrnni

2061 1353 2395 1408 manducavit
2422 1355 2577 1409 homo
2602 1357 2769 1426 (Psal.
2798 1377 2997 1424 Lxxvu,
3019 1362 3150 1433 25)?
3171 1363 3283 1417 Non
3307 1367 3444 1418 enim
3469 1368 3631 1420 aliun-

2047 1441 2126 1494 ‘dc
2153 1443 2279 1495 vivit
2311 1444 2467 1499 homo
2486 1488 2500 1510 ,
2526 1457 2582 1522 et
2611 1448 2822 1505 aliunde
2853 1451 2984 1506 vivit
3009 1453 3246 1522 angelus.
3277 1453 3390 1523 Ipsa
3423 1465 3507 1510 est
3536 1473 3630 1511 νεά

2058 1533 2215 1600 ritas,
2258 1535 2366 1603 ipsa
2405 1544 2487 1590 est
2522 1538 2812 1606 sapientia,
2853 1541 2963 1609 ipsa
3002 1552 3086 1597 est
3121 1545 3285 1599 virtus
3327 1545 3455 1600 Dei‘
3489 1563 3502 1598 :
3535 1547 3630 1601 sed

2057 1626 2322 1693 quomodo
2359 1644 2419 1682 ea
2462 1627 2804 1697 perfruuntur
2844 1632 3064 1703 Angeli,
3104 1643 3155 1686 tu
3200 1651 3301 1687 non
3343 1645 3507 1704 potes.
3552 1637 3628 1691 illi

2056 1720 2195 1769 enim
2232 1719 2498 1786 quomodo
2535 1720 2910 1787 perfruuntur?
2947 1724 3111 1778 Sicuti
3138 1735 3248 1788 est,
3283 1725 3346 1779 In
3383 1729 3628 1796 principio

2055 1809 2176 1858 erat
2200 1804 2432 1873 Verbum,
2462 1819 2507 1861 et
2546 1808 2756 1864 Verbum
2781 1822 2887 1865 erat
2915 1813 3050 1883 apud
3077 1811 3259 1878 Deum,
3288 1829 3334 1869 et
3363 1815 3497 1870 Deus
3523 1827 3628 1871 erat

2063 1893 2274 1950 Verbum
2304 1915 2392 1967 per
2421 1899 2556 1966 quod
2591 1903 2725 1972 facta
2746 1911 2862 1955 sunt
2887 1903 3074 1976 omnia.
3105 1903 3180 1958 Tu
3206 1915 3379 1959 autem
3407 1922 3624 1976 quomo-

2052 1985 2122 2040 do
2149 1989 2446 2059 contingis?
2471 1991 2597 2056 Quia
2637 1990 2848 2045 Verbum
2873 2009 2989 2046 caro
3020 1997 3210 2063 factum
3237 2005 3308 2050 est
3325 2036 3342 2062 ,
3365 2006 3413 2050 et
3438 1998 3626 2051 habita-

2052 2077 2119 2130 vit
2156 2079 2208 2132 in
2235 2079 2384 2133 nobis
2415 2080 2606 2149 (Joan.
2637 2099 2674 2148 ι,
2703 2084 2751 2148 1,
2785 2085 2839 2146 5,
2871 2085 2937 2138 M
2957 2083 2996 2154 ).
3026 2084 3095 2140 Ut
3122 2085 3262 2140 enim
3293 2103 3478 2156 panem
3509 2091 3620 2142 An-

2052 2171 2288 2238 gelorum
2312 2172 2651 2228 manducaret
2671 2174 2849 2240 homo,
2872 2174 3091 2230 Creator
3114 2178 3429 2247 Angelorum
3456 2181 3624 2234 lactus
3697 2207 3702 2212 ι

2052 2271 2133 2314 εει
2158 2261 2336 2316 homo.
2366 2261 2576 2316 Psallile
2594 2281 2711 2335 ergo
2733 2266 2923 2319 nomini
2939 2267 3068 2336 ejus,
3090 2270 3326 2338 quoniam
3343 2273 3508 2323 suavis
3528 2281 3620 2324 est.

2051 2352 2103 2406 Si
2129 2355 2402 2422 gustastis,
2431 2355 2666 2423 psallite;
2695 2357 2737 2409 si
2765 2359 3009 2425 gustastis
3029 2374 3186 2429 quam
3217 2363 3394 2416 suavis
3414 2375 3494 2417 est
3522 2365 3621 2418 Do-

2051 2445 2243 2512 minus,
2274 2431 2510 2514 psallite;
2540 2449 2582 2501 si
2611 2449 2744 2502 bene
2767 2449 2902 2517 sapit
2924 2450 3064 2520 quod
3088 2453 3358 2520 gustastis,
3387 2453 3618 2511 laudate.

2050 2534 2182 2600 Quis
2220 2546 2322 2588 tam
2368 2536 2600 2605 ingratus
2643 2547 2724 2591 est
2759 2538 2842 2593 vel
2869 2543 3115 2608 coquenti
3150 2542 3229 2598 vel
3257 2547 3491 2614 pascenti
3514 2588 3528 2610 ,
3563 2560 3622 2601 ut

2049 2640 2168 2678 cum
2205 2625 2357 2680 fuerit
2405 2628 2672 2696 pulmento
2712 2629 2889 2702 aliquo
2930 2631 3254 2700 delectatus,
3290 2651 3393 2689 non
3434 2638 3620 2695 reddat

2045 2719 2266 2786 gratiam
2307 2719 2566 2774 laudando
2605 2722 2742 2790 quod
2783 2722 2995 2792 gustat?
3025 2725 3078 2779 Si
3109 2725 3175 2779 de
3213 2725 3294 2779 his
3333 2743 3435 2780 non
3474 2739 3616 2784 tace-

2047 2825 2163 2862 mus
2182 2851 2197 2876 ,
2225 2811 2291 2864 de
2317 2812 2408 2865 illo
2435 2812 2522 2881 qui
2548 2813 2694 2868 dedit
2721 2815 2898 2868 omnia
2924 2816 3251 2871 tacebimus?
3277 2815 3491 2874 Psallite
3523 2837 3610 2873 no.

2045 2903 2166 2953 mini
2195 2903 2320 2970 ejus,
2348 2903 2582 2968 quoniam
2606 2902 2774 2958 suavis
2797 2913 2888 2957 est.

2114 2979 2166 3048 6.
2200 2995 2261 3047 Et
2290 2994 2466 3049 audite
2495 2995 2604 3065 jam
2638 3011 2798 3065 Opera
2834 2997 2968 3066 ejus.
3003 2998 3319 3054 Tendebatis
3348 3002 3486 3056 enim
3517 3019 3614 3058 vos

2042 3082 2278 3139 fortassis
2316 3085 2494 3140 videre
2530 3085 2724 3140 bonum
2759 3088 2994 3141 omnium
3039 3089 3295 3144 bonorum
3316 3131 3330 3154 ,
3358 3091 3551 3146 bonum
3579 3111 3611 3146 a

2039 3191 2144 3243 quo
2171 3186 2293 3230 sunt
2319 3176 2494 3230 omnia
2525 3175 2660 3230 bona
2682 3215 2699 3242 ,
2729 3177 2923 3232 bonum
2954 3179 3067 3232 sine
3096 3195 3199 3249 quo
3237 3181 3363 3234 nihil
3389 3194 3471 3237 est
3511 3183 3609 3254 bo-

2011 3263 2184 3331 'num,
2215 3277 2267 3320 et
2293 3266 2488 3321 bonum
2513 3268 2650 3336 quod
2680 3268 2796 3324 sine
2824 3270 3030 3324 caeteris
3059 3271 3254 3325 bonum
3281 3283 3397 3340 est;
3428 3275 3612 3329 tende-

2036 3358 2175 3413 batis
2213 3374 2306 3413 vos
2347 3366 2403 3413 ut
2444 3360 2728 3426 videretis,
2770 3370 2823 3413 et
2868 3361 3000 3414 forte
3044 3363 3095 3414 in
3133 3363 3466 3419 extendenda
3496 3367 3609 3421 acie
3658 3363 3663 3370 ’

2035 3432 2226 3506 mentis
2249 3460 2437 3506 vestrae
2464 3451 2811 3506 deliciebatis.
2840 3452 2949 3506 lloc
2975 3454 3115 3508 enim
3142 3471 3207 3509 cx
3237 3472 3321 3510 me
3345 3458 3603 3527 conjicio;

2033 3547 2107 3599 sic
2139 3548 2324 3615 patior.
2363 3545 2466 3600 Sed
2497 3547 2593 3600 etsi
2625 3555 2704 3600 est
2732 3546 2956 3615 aliquis,
2988 3549 3124 3602 sicut
3165 3549 3278 3603 lieri
3320 3561 3526 3618 potest,
3552 3555 3608 3606 et.

2031 3640 2182 3692 valde
2224 3647 2421 3706 potest,
2453 3639 2565 3691 acie
2604 3639 2796 3692 mentis
2840 3639 3023 3691 l'ortior
3067 3655 3184 3704 me,
3223 3650 3276 3694 et
3313 3644 3602 3697 eontuitum

2030 3729 2206 3784 cordis
2231 3729 2310 3781 sui
2340 3729 2426 3782 diu
2459 3728 2570 3797 ﬁgit
2599 3729 2650 3781 in
2680 3744 2744 3781 eo
2773 3728 2911 3797 quod
2941 3739 3056 3792 est;
3084 3729 3260 3783 laudet
3295 3732 3382 3786 ille
3413 3742 3467 3786 ut
3507 3751 3603 3803 po-

2031 3830 2164 3886 test,
2196 3830 2248 3874 et
2273 3819 2536 3889 quomodo
2562 3833 2658 3872 nos
2689 3835 2790 3872 non
2823 3833 3133 3887 possumus,
3168 3822 3360 3879 laudet.
3391 3825 3602 3880 Gratias

2029 3924 2202 3968 tamen
2228 3914 2318 3970 illi.
2343 3913 2429 3981 qui
2454 3913 2503 3964 in
2527 3912 2625 3964 hoc
2648 3911 2849 3981 psalmo
2869 3912 3179 3980 temperavit
3198 3913 3404 3968 laudem
3426 3932 3597 3983 suam,

2029 4015 2160 4058 utet
2195 4007 2461 4056 lirmorum
2497 4012 2639 4058 esset
2674 4013 2729 4056 et
2766 4003 3113 4057 inﬁrmorum.
3159 4004 3288 4059 Nam
3326 4017 3381 4060 et
3417 4008 3466 4060 in
3514 4010 3597 4062 illa

2028 4097 2278 4150 missione
2322 4096 2458 4148 servi
2497 4096 2576 4149 sui
2625 4095 2782 4163 Moysi
2817 4111 2935 4148 cum
2966 4095 3200 4161 diceret,
3233 4097 3344 4168 Ego
3374 4116 3485 4154 sum
3514 4103 3599 4170 qui

2025 4204 2172 4250 sum;
2197 4197 2279 4251 et,
2309 4187 2455 4240 Dices
2485 4188 2605 4255 ﬁliis
2633 4185 2794 4240 Israel
2813 4228 2826 4251 ,
2858 4187 2956 4252 Qui
2993 4197 3063 4240 est
3098 4189 3228 4242 misit
3265 4206 3344 4243 me
3371 4191 3436 4242 ad
3464 4208 3549 4246 vos
3577 4209 3598 4246 :

2026 4281 2144 4348 quia
2176 4294 2343 4347 ipsum
2382 4277 2589 4346 proprie
2618 4291 2737 4331 esse
2775 4279 2933 4330 menti
2976 4277 3216 4331 humanae
3246 4279 3456 4334 dillicile
3482 4293 3599 4338 erat

2025 4387 2233 4440 capere.
2261 4379 2315 4424 ct
2339 4371 2642 4423 mittebatur
2669 4368 2826 4422 homo
2847 4368 2910 4420 ad
2938 4368 3199 4434 homines,
3225 4371 3462 4438 quamvis
3492 4389 3595 4425 non

2025 4463 2092 4516 ab
2119 4462 2362 4527 homine;
2391 4462 2640 4515 continuo
2672 4461 2809 4514 Deus
2840 4461 3148 4527 temperavit
3177 4461 3382 4517 laudem
3409 4479 3556 4518 suam
3577 4507 3592 4528 ,

2025 4564 2078 4608 et
2108 4556 2208 4607 hoc
2231 4553 2296 4607 dc
2325 4567 2382 4607 sc
2411 4553 2543 4606 dixit
2565 4551 2704 4621 quod
2743 4553 2856 4619 capi
2895 4551 3119 4606 dulciter
3158 4563 3367 4620 posset;
3406 4570 3510 4608 non
3545 4557 3593 4608 in

2023 4663 2089 4701 eo
2115 4647 2280 4702 voluit
2309 4661 2582 4701 remanere
2608 4644 2747 4713 quod
2785 4643 3109 4707 laudabatur,
3136 4660 3241 4714 quo
3278 4661 3380 4699 non
3419 4657 3598 4714 posset

2023 4738 2263 4792 laudator
2287 4739 2564 4805 attingere.
2610 4734 2761 4792 Vade.
2795 4735 2977 4802 inquit,
3003 4734 3082 4787 dic
3109 4736 3228 4802 ﬁliis
3248 4734 3430 4800 Israel,
3464 4736 3597 4792 Deus

2023 4829 2274 4881 Abraham
2300 4839 2346 4881 et
2373 4826 2510 4880 Deus
2536 4825 2687 4878 Isaac
2709 4835 2752 4878 el
2786 4825 2916 4876 Deus
2941 4823 3097 4877 Iacob
3122 4827 3252 4879 misit
3280 4844 3358 4880 nte
3381 4828 3448 4880 ad
3473 4842 3555 4880 vos
3575 4842 3597 4882 :

2024 4921 2116 4973 hoc
2144 4919 2264 4972 mihi
2289 4934 2468 4972 nomen
2490 4926 2558 4970 est
2582 4917 2632 4967 in
2657 4926 2914 4968 internum.
2939 4914 3112 4976 Certe.
3140 4917 3376 4982 Domine,
3402 4933 3592 4972 nomen

2022 5013 2148 5066 illud
2177 5012 2371 5075 habes;
2399 5010 2519 5078 quia
2535 5018 2588 5063 et
2615 5019 2667 5060 tu
2685 5006 2881 5071 dixisti,
2911 5005 3019 5078 Ego
3045 5025 3154 5062 sum
3179 5024 3198 5062 .·
3221 5010 3317 5073 Qui
3339 5019 3432 5076 est,
3462 5011 3596 5064 misit

2023 5122 2098 5158 mc
2123 5105 2189 5156 ad
2221 5120 2306 5156 vos
2340 5117 2356 5154 :
2383 5101 2522 5155 unde
2557 5098 2715 5153 modo
2758 5115 2951 5154 nomen
2994 5102 3240 5167 mutasti,
3273 5110 3327 5154 ut
3354 5102 3594 5168 diceres,

2027 5195 2158 5247 Deus
2196 5193 2450 5246 Abraham
2471 5201 2520 5251 et
2549 5189 2686 5244 Deus
2723 5188 2874 5243 Isaac
2913 5200 2958 5244 et
2999 5189 3135 5244 Deus
3173 5190 3374 5245 Jacob?
3410 5193 3594 5249 Nonne

2022 5286 2112 5338 tibi
2155 5284 2361 5337 videtur
2399 5283 2530 5335 ratio
2571 5281 2683 5350 ejus
2723 5282 3076 5350 respondere,
3105 5292 3160 5336 et
3191 5283 3369 5338 dicere
3403 5285 3595 5352 :Quod

2021 5377 2158 5436 dixi,
2192 5374 2300 5444 Ego
2329 5391 2440 5428 sum
2459 5416 2472 5436 ,
2505 5377 2586 5441 qui
2624 5391 2771 5437 sum;
2799 5391 2978 5428 verum
3006 5385 3117 5435 est,
3147 5377 3237 5428 sed
3269 5391 3372 5430 non
3403 5379 3548 5446 capis
3578 5398 3591 5433 :

2021 5468 2158 5538 quod
2181 5479 2354 5519 autem
2379 5465 2506 5527 dixi,
2529 5463 2636 5534 Ego
2658 5481 2768 5516 sum
2792 5462 2929 5516 Deus
2955 5463 3204 5516 Abraham
3225 5474 3269 5517 ει
3291 5465 3422 5520 Deus
3443 5464 3596 5521 Isaac

2024 5571 2066 5612 ει
2093 5558 2228 5610 Deus
2255 5556 2413 5609 Jacob
2448 5553 2635 5624 (Exod.
2667 5571 2738 5618 ιιι,
2777 5556 2860 5618 lit,
2891 5556 2975 5617 lii,
3004 5553 3056 5624 6)
3082 5571 3096 5622 ;
3129 5563 3182 5608 et
3209 5572 3387 5611 verum
3413 5553 3596 5622 estfet

2024 5650 2200 5718 capis?
2231 5647 2377 5714 Quod
2409 5648 2545 5699 enim
2576 5645 2683 5714 Ego
2712 5661 2822 5696 sum
2847 5644 2930 5711 qui
2954 5661 3063 5697 sum
3082 5687 3097 5709 ,
3130 5645 3194 5700 ad
3221 5663 3304 5702 mc
3333 5650 3590 5719 pertinet,

2031 5789 2041 5814 ι,
2092 5763 2112 5796 ί
2138 5763 2209 5811 sic
2232 5769 2328 5809 Am.
2356 5765 2428 5808 Er.
2454 5768 2505 5808 et
2528 5764 2630 5807 Mss.
2659 5767 2712 5808 At
2734 5764 2860 5818 Lov.,
2887 5757 3058 5810 veritas
3094 5757 3193 5808 τιεί.
