4032 6202
471 291 606 348 1745

463 405 603 475 quod
632 414 804 461 autem
832 406 967 464 Deus
992 407 1244 464 Abraham
1269 418 1316 465 et
1343 411 1480 467 Deus
1513 411 1663 468 Isaac
1690 425 1737 467 et
1770 413 1908 469 Deus
1933 413 2031 467 Ia-

465 496 572 561 cob,
603 496 665 551 ad
696 508 745 551 te
771 498 993 568 pertinet
1016 517 1029 552 :
1052 504 1171 555 etsi
1197 501 1382 558 delicis
1411 503 1460 556 in
1487 505 1715 573 ecquod
1744 504 1870 561 mihi
1893 520 2031 571 sum,

468 601 596 656 cape
622 588 760 658 quod
790 588 878 642 tibi
917 605 1054 644 sum.
1085 591 1148 645 Et
1178 607 1243 646 ne
1274 593 1405 647 forte
1429 596 1703 665 quisquam
1735 606 1942 666 putaret
1968 597 2033 651 il-

470 676 556 730 lttd
584 676 719 746 quod
747 677 877 731 dixit
909 679 1074 743 Deus,
1104 680 1213 753 Ego
1246 700 1357 736 sum
1389 686 1475 754 qui
1510 701 1660 748 sum;
1685 695 1772 748 et,
1808 686 1904 754 Qui
1931 698 2031 753 est,

464 767 596 818 misit
621 784 697 819 me
720 769 788 820 ad
815 784 932 835 vos,
966 771 1065 824 hoc
1102 771 1269 825 solum
1301 783 1555 828 a-tcrmun
1582 775 1630 829 ei
1662 792 1851 831 nomen
1875 793 2030 843 esse;

463 857 601 924 quod
642 867 814 910 autem
850 858 1017 927 dixit,
1057 860 1165 933 Ego
1200 879 1311 916 sum
1354 862 1490 917 Deus
1526 864 1778 919 Abraham
1816 877 1861 920 et
1896 867 2034 922 Deus

467 944 611 999 Isaac
635 957 681 999 et
710 947 843 1001 Deus
869 948 1029 1004 Iacob
1047 991 1062 1017 ,
1096 953 1384 1025 temporale
1411 970 1598 1009 nomen
1626 971 1744 1011 esse
1771 975 1786 1011 :
1816 972 1917 1011 non
1942 974 2036 1014 cu-

462 1039 594 1093 ravit
626 1040 792 1106 Deus,
823 1056 940 1095 cum
967 1043 1218 1108 dixisset,
1254 1043 1362 1117 Ego
1395 1063 1506 1099 sum
1536 1048 1622 1117 qui
1646 1065 1794 1114 sum;
1818 1060 1903 1117 et,
1935 1050 2035 1117 Qui

459 1139 531 1183 est
549 1171 564 1196 ,
594 1131 725 1186 misit
751 1150 828 1187 me
850 1134 918 1188 ad
941 1151 1027 1189 vos
1045 1178 1060 1201 ,
1086 1126 1265 1192 dicere
1289 1138 1429 1207 quod
1460 1139 1561 1194 hoc
1586 1141 1637 1196 ei
1665 1156 1856 1197 nomen
1884 1143 1954 1198 sit
1978 1143 2030 1198 in

388 1218 393 1225 ’
459 1228 714 1276 aetermtm
739 1240 755 1290 ;
783 1224 902 1294 quia
933 1226 1030 1281 etsi
1071 1225 1171 1281 hoc
1213 1242 1320 1283 non
1358 1228 1590 1295 diceret,
1632 1231 2026 1304 intelligeretur.

460 1310 558 1366 Est
582 1313 720 1367 enim
742 1356 757 1379 ,
787 1325 840 1369 et
864 1330 988 1372 vere
1012 1324 1092 1370 est
1112 1358 1126 1381 ,
1154 1325 1206 1372 et
1232 1333 1296 1371 eo
1322 1318 1436 1387 ipso
1461 1321 1600 1389 quod
1624 1337 1747 1377 vere
1775 1334 1857 1378 est
1874 1365 1889 1388 ,
1916 1324 2031 1380 sine

458 1401 609 1457 initio
632 1414 679 1458 ct
702 1405 817 1461 sine
841 1407 1064 1460 termino
1085 1417 1183 1462 est.
1209 1408 1357 1476 Quod
1384 1426 1509 1465 vero
1531 1421 1744 1482 propter
1764 1412 2029 1484 hominem

458 1501 559 1561 est,
586 1493 693 1565 Ego
721 1513 832 1549 sum
858 1496 993 1551 Deus
1021 1498 1270 1553 Abraham
1296 1509 1342 1554 et
1364 1500 1504 1555 Deus
1535 1500 1682 1557 Isaac
1708 1512 1752 1557 et
1778 1503 1913 1558 Deus
1936 1504 2030 1557 Ia-

458 1585 576 1651 cob,
612 1604 676 1641 ue
708 1588 775 1642 ibi
811 1588 1138 1645 suboriretur
1164 1591 1389 1646 humana
1417 1593 1748 1662 sollicitudo,
1781 1596 1900 1665 quia
1930 1596 2031 1651 hoc

460 1681 747 1749 temporale
774 1689 884 1748 est,
917 1698 1021 1735 non
1053 1685 1467 1753 sempiternum,
1497 1699 1712 1740 securos
1747 1702 1844 1741 nos
1872 1681 2025 1756 fecit,

455 1772 574 1839 quia
599 1772 665 1825 de
695 1774 1069 1841 temporalibus
1092 1774 1158 1828 ad
1186 1785 1435 1830 aeternam
1460 1776 1619 1830 vitam
1644 1792 1738 1831 nos
1764 1778 2024 1848 perducit.

462 1860 588 1927 Hoc,
616 1862 802 1931 inqttit,
826 1864 949 1915 nti/ti
968 1880 1147 1918 nomen
1167 1874 1236 1919 est
1259 1866 1311 1919 in
1330 1877 1593 1933 wternum,
1617 1883 1719 1921 non
1743 1868 1862 1937 quia
1884 1876 2030 1923 atter-

458 1968 557 2008 uns
585 1953 868 2019 Abraham,
896 1963 949 2009 et
972 1967 1201 2009 :eternus
1231 1955 1372 2010 Isaac
1394 1946 1698 2013 et'mternus
1726 1959 1904 2023 Iacob,
1934 1959 2026 2013 sed

455 2044 574 2112 quia
607 2043 741 2097 Dens
770 2044 885 2097 illos
913 2045 1037 2098 facit
1058 2053 1285 2100 aeternos
1312 2055 1488 2115 postea
1520 2048 1635 2103 sine
1663 2049 1767 2105 ﬁne
1792 2068 1804 2103 :
1830 2049 2028 2106 habue-

456 2146 578 2189 rtmt
601 2136 793 2207 quippe
819 2137 1043 2199 initium,
1072 2138 1165 2192 sed
1194 2137 1349 2192 ﬁnem
1378 2154 1482 2193 non
1506 2138 1792 2195 habebunt.

526 2226 577 2280 7.
610 2227 662 2280 In
693 2227 955 2281 Abraham
983 2236 1037 2282 ct
1076 2229 1217 2284 Isaac
1249 2238 1303 2285 et
1338 2229 1500 2284 Iacob
1538 2241 1698 2285 totam
1738 2232 2026 2287 Ecclesium

453 2333 566 2387 ejus
591 2316 847 2388 cogitate,
874 2334 1034 2374 omne
1070 2335 1249 2375 semen
1275 2320 1434 2375 Israel
1462 2321 1686 2392 cogitate
1714 2339 1726 2374 :
1751 2336 1908 2379 omne
1935 2340 2027 2376 au-

455 2419 558 2464 tem
594 2425 775 2464 semen
805 2409 961 2465 Israel
981 2451 995 2472 ,
1027 2426 1130 2465 non
1158 2412 1328 2467 solum
1353 2410 1494 2481 quod
1522 2422 1689 2467 estex
1716 2428 1900 2479 carne,
1931 2414 2026 2468 sed

452 2501 608 2554 etiam
644 2499 783 2569 quod
817 2509 897 2555 est
929 2516 991 2556 ex
1035 2501 1158 2557 ﬁde.
1188 2502 1471 2572 Apostolus
1499 2503 1641 2557 enim
1665 2504 1923 2559 Gentibus
1949 2504 2029 2559 lo-

452 2589 745 2659 quebatur,
785 2591 973 2659 quibus
1004 2592 1211 2646 dicebat
1244 2609 1259 2645 :
1291 2592 1353 2647 Si
1389 2608 1505 2662 ergo
1545 2608 1629 2647 vos
1660 2591 1877 2658 Christi,
1909 2611 2025 2665 ergo

450 2696 615 2733 semen
640 2679 852 2734 Abrahae
878 2681 1026 2761 estis,
1064 2682 1339 2735 secundum
1382 2683 1758 2753 promissionem
1807 2684 2026 2739 luet-edes

458 2769 652 2839 (Galat.
699 2787 789 2838 tu,
843 2771 955 2843 29).
1009 2771 1377 2828 Beuedieimur
1420 2788 1546 2844 ergo
1590 2789 1776 2830 omnes
1818 2775 1869 2829 in
1916 2776 2025 2831 Deo

452 2861 718 2919 Abraham
747 2871 803 2917 et
829 2863 974 2919 Isaae
1002 2873 1057 2919 ct
1092 2863 1276 2919 Iacob.
1310 2865 1568 2921 Arborem
1598 2867 1811 2937 quidem
1860 2868 2023 2923 bene-

452 2955 583 3010 dixit
610 2954 891 3026 quamdam
911 2998 926 3022 ,
957 2972 1181 3026 eamque
1215 2957 1412 3012 olivam
1455 2960 1684 3024 creavit,
1714 2960 1851 3014 sicut
1893 2959 2026 3015 dixit

451 3048 738 3118 Apostolus
766 3088 781 3113 ,
805 3047 947 3117 ipsos
971 3048 1305 3104 Patriarchas
1348 3059 1560 3104 sanctos
1581 3092 1595 3115 ,
1626 3050 1767 3106 unde
1794 3051 2025 3106 efﬂoruit

451 3139 676 3208 populus
707 3139 796 3194 Dei
826 3158 839 3192 :
873 3139 964 3194 sed
1014 3139 1128 3194 haec
1153 3141 1312 3194 arbor
1340 3141 1493 3194 olivae
1521 3149 1701 3211 pttmta
1752 3157 1833 3195 ρει
1857 3183 1870 3206 ,
1917 3156 2020 3196 non

450 3236 738 3294 amputata,
767 3228 962 3283 etiude
1002 3229 1214 3300 superbi
1254 3229 1381 3305 rami
1415 3227 1565 3283 fracti
1604 3239 1761 3291 sunt;
1796 3231 1909 3298 ipse
1942 3242 2024 3286 est

448 3317 791 3386 blasphemus
820 3328 873 3373 et
903 3318 1098 3386 impius
1124 3318 1348 3387 p0pulus
1376 3317 2024 3375 1ιιὸωοτιιηι.Μειηεοι·ιιιιι

452 3415 628 3460 tamen
658 3408 787 3459 rami
818 3407 938 3460 boui
971 3415 1024 3460 ct
1052 3407 1236 3471 utiles;
1267 3422 1386 3461 nam
1409 3407 2019 3478 inchpostoli.Etcum

452 3500 520 3552 ibi
576 3498 705 3552 rami
745 3498 899 3552 utiles
925 3498 1091 3552 relicti
1120 3508 1297 3553 essent
1318 3540 1332 3562 ,
1363 3513 1459 3567 per
1481 3498 1571 3553 Dei
1600 3500 2015 3555 misericordiam

450 3590 681 3644 insertus
708 3599 789 3643 cst
815 3597 863 3643 et
890 3588 1120 3643 oleaster
1138 3587 1406 3655 Gentium,
1434 3590 1516 3644 cui
1544 3589 1673 3644 dicit
1698 3591 2015 3660 Apostolus:

452 3679 523 3732 Tn
569 3690 732 3732 autem
785 3696 896 3734 cum
945 3696 1072 3735 esses
1119 3679 1350 3746 oleaster,
1401 3681 1615 3736 insertus
1639 3698 1690 3736 es
1736 3684 1786 3736 in
1810 3683 1932 3747 illis,
1972 3691 2019 3738 et

447 3771 694 3841 particeps
747 3771 1062 3841 pingttetlinis
1120 3770 1265 3825 oliva:
1319 3774 1481 3842 factus
1522 3788 1592 3825 es.
1637 3771 1762 3827 Noli
1810 3773 2019 3847 gloriari

448 3861 685 3916 adversus
716 3878 881 3916 ramos
902 3878 920 3916 :
944 3861 1079 3931 quod
1106 3861 1150 3916 si
1178 3862 1429 3933 gloriaris,
1457 3879 1557 3916 non
1582 3875 1633 3917 tu
1654 3863 1872 3917 radicem
1894 3882 2015 3936 por-

450 3964 547 4020 tas,
570 3956 656 4008 sed
676 3956 824 4008 radix
849 3965 894 4007 te
921 3952 1095 4026 (Rom.
1115 3972 1190 4020 χι,
1212 3956 1334 4009 l7et
1360 3954 1468 4026 I8).
1495 3956 1617 4011 Iltrc
1637 3973 1738 4011 una
1762 3958 1920 4013 arbor
1935 3968 2016 4012 est

446 4045 714 4111 pertinens
739 4044 804 4097 ad
834 4044 1097 4099 Abraham
1121 4053 1174 4099 ct
1202 4045 1346 4101 Isaac
1374 4057 1426 4101 et
1450 4046 1645 4111 Jacoh;
1669 4049 1876 4118 etquod
1896 4051 2015 4119 plus

442 4144 542 4199 est,
580 4137 747 4206 magis
766 4135 831 4191 ad
858 4136 1124 4191 Abraham
1153 4146 1207 4191 et
1234 4136 1377 4192 Isaac
1404 4146 1459 4193 et
1484 4138 1646 4193 Iacob
1673 4139 1902 4194 oleaster
1936 4141 2014 4195 in-

437 4238 631 4295 serius,
658 4246 812 4299 quam
844 4233 972 4284 rami
995 4232 1267 4286 confracti.
1287 4230 1361 4285 Illi
1383 4233 1522 4287 enim
1546 4248 1639 4303 per
1658 4233 2009 4304 fragmentum

440 4319 548 4388 jam
582 4336 684 4375 non
708 4322 779 4375 ibi
809 4332 961 4385 sunt;
994 4322 1221 4376 oleaster
1258 4338 1362 4375 non
1404 4323 1472 4377 ibi
1508 4333 1655 4389 erat,
1693 4335 1744 4379 ct
1770 4324 1838 4377 ibi
1881 4334 1961 4380 est
1993 4341 2006 4377 :

436 4411 507 4464 illi
542 4427 636 4478 per
666 4410 964 4479 superbiam
993 4411 1154 4480 frangi
1184 4420 1510 4476 meruerunt,
1544 4414 1641 4467 iste
1671 4429 1766 4483 per
1789 4414 2004 4469 humili-

438 4510 596 4554 tatem
632 4501 789 4555 inseri
819 4501 1042 4566 uwruit;
1077 4503 1145 4554 illi
1173 4501 1465 4555 amiserunt
1494 4504 1722 4557 radicem
1751 4546 1765 4565 ,
1799 4506 1895 4560 istc
1925 4515 2007 4561 te-

434 4591 549 4644 nuit
573 4605 709 4644 eam.
751 4590 881 4644 Cum
911 4606 1036 4661 ergo
1064 4591 1283 4645 audistis
1311 4591 1472 4648 Israel
1503 4593 1592 4647 Dei
1616 4637 1632 4660 ,
1654 4593 1814 4649 Israel
1842 4597 2004 4665 perti-

432 4693 647 4737 nentem
675 4683 691 4714 ¹
720 4682 783 4736 ad
832 4684 1014 4749 Deum,
1053 4684 1173 4738 inde
1225 4685 1385 4739 nolite
1430 4701 1524 4741 vos
1569 4685 1740 4742 facere
1779 4689 1999 4745 alienos.

431 4772 671 4828 Oleaster
698 4773 909 4842 quidem
953 4775 1142 4840 fuistis,
1193 4777 1286 4830 sed
1338 4777 1474 4830 oliva
1520 4778 1670 4845 estis,
1720 4782 2002 4851 participes

430 4866 763 4937 pinguedinis
785 4867 956 4921 olivas.
988 4866 1115 4922 Nam
1154 4852 1309 4923 vultis
1336 4884 1492 4924 nosse
1521 4871 1570 4923 in
1620 4870 1885 4925 Abraham
1940 4880 1997 4927 et

429 4956 575 5011 Isaac
605 4968 656 5013 et
684 4956 848 5012 Iacob
868 4959 1133 5027 quomodo
1157 4960 1226 5013 sit
1248 4959 1479 5014 insertus
1508 4960 1771 5026 oleaster,
1805 4977 1870 5015 ne
1898 4978 1998 5031 pn-

427 5049 549 5103 tetis
566 5064 659 5102 vos
683 5047 748 5102 ad
783 5049 919 5103 hanc
960 5049 1204 5105 arborem
1237 5066 1340 5104 non
1380 5052 1664 5121 pertinere,
1721 5052 1840 5121 quia
1892 5069 1995 5108 non

427 5140 702 5208 pertinetis
737 5139 1016 5195 carnaliter
1039 5139 1104 5193 ad
1153 5156 1334 5195 semen
1387 5142 1693 5196 Abraham?
1744 5142 1997 5198 Dominus

422 5232 633 5300 quando
662 5233 885 5287 miratus
923 5240 1004 5288 est
1043 5231 1198 5287 fidem
1228 5230 1562 5289 Ccnturiouis
1590 5236 1730 5290 illius
1771 5237 1859 5307 qui
1891 5253 1994 5291 non

421 5334 535 5375 erat
564 5323 631 5376 de
660 5322 853 5395 populo
879 5322 1034 5378 Israel
1062 5364 1076 5389 ,
1109 5323 1202 5378 sed
1238 5333 1353 5380 erat
1379 5324 1445 5380 de
1474 5328 1666 5396 populo
1694 5327 1940 5384 Gentium
1977 5349 1988 5384 :

422 5410 716 5482 Propterea,
746 5413 932 5484 inquit,
964 5412 1077 5467 dico
1107 5412 1260 5480 vobis,
1285 5414 1403 5482 quia
1446 5416 1590 5470 multi
1634 5418 1697 5471 ab
1736 5418 1926 5473 oriente
1945 5429 1992 5474 et

484 5606 499 5678 ξ
538 5604 870 5678 Aliquorum"
1121 5610 1289 5678 Israel,
1328 5612 1390 5678 de
1415 5612 1562 5663 Israel
1583 5613 1863 5678 pertinente,
1890 5624 1985 5668 etc.

414 5672 545 5740 sing
555 5725 565 5740 .
804 5668 983 5740 tsrael,
996 5679 1042 5721 et
1078 5673 1230 5724 Israel
1256 5665 1594 5737 6ertinentem,'
1616 5684 1708 5726 etc.
1738 5665 1832 5740 ta,
1849 5665 1986 5731 'et'tle

413 5725 565 5776 Israel
583 5727 914 5788 pertinentem,
943 5725 1035 5783 etc.

1648 298 1706 356 S.
1747 299 2106 359 AUGUSTINI
2144 302 2443 363 E‘PISCOPI

3572 321 3703 379 17ξᾶ

2144 418 2395 474 occidente
2418 422 2629 477 venient.
2672 424 2809 481 Ecce
2826 426 2935 495 jam
2964 427 3192 484 oleaster
3218 428 3271 483 in
3300 444 3457 486 manu
3483 432 3701 489 inserto-

2139 511 2255 565 ris:
2293 512 2442 567 Multi
2490 514 2551 568 ab
2580 518 2768 571 oriente
2808 528 2855 573 et
2896 521 3150 576 occidente
3201 523 3415 578 venient.
3458 525 3703 584 Videmus

2138 603 2261 672 quid
2301 603 2434 661 ferat
2476 608 2862 681 inserendum;
2922 612 3008 668 ubi
3051 614 3251 669 inserat
3293 617 3607 674 videamus:
3641 622 3702 675 Et

2138 695 2437 761 recumbent,
2472 698 2658 769 inquit,
2690 718 2804 754 cunt
2830 702 3104 768 Abraham,
3151 704 3300 760 Isaac
3340 717 3390 762 et
3431 709 3589 764 Iacob
3610 754 3623 777 ,
3653 713 3701 766 in

2136 804 2290 859 regno
2317 790 2578 845 calorum.
2612 793 2862 849 Videmus
2879 797 3079 867 et~quid
3110 798 3351 864 inseruit,
3382 810 3436 856 et
3457 803 3545 857 ubi
3569 805 3705 859 inse-

2136 884 2261 939 ruit.
2291 885 2365 939 De
2393 888 2554 942 ramis
2580 889 2825 959 superbis
2846 892 3172 947 naturalibus
3203 895 3330 965 quid
3377 896 3544 952 dicit?
3583 897 3703 954 Filii

2135 984 2299 1028 autem
2324 977 2463 1047 regni
2490 976 2629 1032 ibunt
2657 980 2709 1034 in
2741 980 2967 1036 tenebras
2993 986 3301 1051 exteriores;
3333 986 3402 1041 ibi
3428 991 3523 1043 erit
3559 992 3704 1059 ﬂetus

2134 1074 2182 1118 et
2206 1067 2391 1120 stridor
2413 1068 2633 1123 dentium
2664 1069 2874 1144 (Matth.
2897 1089 3011 1142 Vttt,
3044 1074 3106 1131 Η
3136 1116 3152 1141 ,
3179 1076 3290 1148 12).
3321 1078 3427 1135 Res
3452 1096 3702 1151 priuauit-

2135 1154 2283 1220 tiala,
2311 1172 2395 1212 res
2422 1158 2658 1227 impleta.

2203 1246 2257 1301 8.
2296 1245 2446 1319 [vers.
2469 1247 2547 1321 4.]
2576 1248 2736 1320 Ergo,
2772 1251 2984 1308 Psallite
3002 1253 3241 1323 Domino,
3268 1260 3506 1326 quoniam
3537 1263 3704 1317 auaris

2132 1347 2225 1392 est.
2259 1324 2323 1392 Et
2347 1339 2602 1395 attendite
2627 1357 2746 1410 quae
2772 1343 2914 1407 circa
2954 1360 3053 1399 nos
3082 1345 3225 1402 fecit.
3256 1324 3508 1417 Quoniam
3544 1351 3702 1407 Iacob

2131 1428 2279 1499 elegit
2302 1428 2394 1482 sibi
2427 1429 2699 1495 Dominus,
2727 1432 2891 1488 Israel
2928 1437 2981 1490 in
3019 1440 3379 1507 possessionem
3417 1443 3531 1497 sibi.
3562 1445 3702 1500 Lau-

2130 1518 2275 1593 date,
2317 1520 2543 1590 psallite,
2591 1525 2839 1592 quoniam
2870 1525 2999 1582 fecit
3048 1531 3168 1583 ista.
3219 1529 3363 1585 Talia
3420 1534 3540 1589 dico
3585 1552 3701 1606 qua:

2131 1625 2323 1680 capere
2354 1613 2586 1669 valeatis.
2628 1616 2859 1673 Casleras
2892 1631 3079 1689 gentes
3121 1622 3221 1677 sub
3251 1625 3463 1692 Angelis
3498 1630 3699 1695 posuit;

2133 1700 2292 1756 Iacob
2316 1703 2459 1774 elegit
2482 1705 2577 1758 sibi
2600 1705 2848 1763 Dominus
2873 1751 2888 1772 ,
2918 1709 3085 1767 Israel
3125 1713 3178 1767 in
3204 1718 3563 1784 possessionem
3589 1720 3703 1775 sibi.

2130 1791 2352 1848 Gentem
2380 1809 2529 1850 suam
2553 1796 2676 1853 fecit
2701 1814 2882 1869 agrum
2907 1841 2921 1864 ,
2952 1800 3109 1872 quem
3139 1807 3339 1861 coleret
3366 1848 3379 1869 ,
3402 1825 3559 1878 quem
3592 1811 3705 1880 ipse

2129 1886 2417 1942 seminaret
2449 1903 2463 1941 :
2502 1890 2744 1958 quamvis
2775 1892 2888 1961 ipse
2928 1909 3116 1951 omnes
3140 1908 3328 1967 gentes
3369 1902 3703 1972 condiderit,

2129 1987 2348 2041 racteras
2375 1981 2587 2052 Angelis
2613 1987 2895 2054 commisit,
2936 1988 3038 2045 sibi
3085 1991 3239 2046 istam
3294 1974 3693 2065 possidendam,

2130 2071 2545 2143 servandamque
2584 2074 2887 2145 deputavit;
2934 2079 3075 2136 hunc
3119 2084 3393 2153 pupulum,
3431 2088 3572 2144 hunc
3612 2089 3704 2145 Ia-

2129 2162 2249 2216 cob.
2281 2162 2465 2220 Merito
2494 2164 2655 2233 illius,
2675 2182 2741 2222 an
2776 2171 2945 2240 gratia
2974 2173 3109 2228 sua?
3154 2175 3229 2229 De
3276 2178 3509 2233 nondum
3565 2184 3702 2237 uatis

2129 2255 2224 2319 ait,
2260 2254 2392 2320 Quia
2419 2258 2586 2330 major
2610 2261 2783 2314 seruiet
2806 2263 2990 2317 minori
3004 2281 3026 2331 ;
3055 2267 3339 2335 Apostolus
3363 2269 3517 2327 dixit.
3547 2274 3699 2340 Quod

2130 2347 2373 2401 meritum
2397 2347 2594 2405 habere
2633 2351 2867 2408 nondum
2915 2356 3021 2409 nati
3062 2367 3366 2428 potuerunt,
3417 2371 3699 2434 antequam

2126 2438 2402 2509 quisquam
2427 2455 2609 2496 eorum
2636 2443 2832 2500 egisset
2858 2446 3056 2517 aliquid
3093 2449 3213 2504 boni
3250 2461 3343 2506 aut
3388 2454 3557 2509 mali?
3585 2456 3701 2510 Non

2128 2544 2255 2598 ergo
2281 2545 2339 2585 se
2364 2533 2583 2587 extollat
2607 2533 2792 2600 Iacob,
2822 2552 2926 2591 non
2954 2539 3246 2608 glorietur,
3297 2559 3401 2596 non
3428 2545 3539 2600 suis
3584 2562 3700 2602 me-

2128 2619 2245 2673 ritis
2273 2621 2484 2676 tribuat.
2519 2625 2657 2680 Ante
2682 2637 2763 2680 est
2784 2630 3154 2700 praecognitus,
3195 2641 3320 2687 ante
3348 2635 3702 2703 praedestina-

2130 2718 2237 2776 tus,
2261 2721 2383 2765 ante
2403 2712 2604 2774 electus
2634 2732 2650 2769 :
2683 2731 2786 2770 nou
2814 2717 2924 2771 suis
2945 2719 3147 2773 meritis
3166 2720 3385 2788 electus,
3415 2725 3507 2780 sed
3532 2730 3698 2794 gratia

2131 2800 2221 2856 Dei
2263 2802 2508 2858 inventus
2533 2815 2589 2859 et
2628 2807 2921 2862 vivilicatus
2950 2807 3123 2876 (Rom.
3158 2826 3207 2865 Ix
3231 2852 3245 2876 ,
3281 2812 3488 2885 liv-15).
3515 2815 3607 2871 Sic
3647 2827 3701 2872 et

2127 2910 2314 2950 omnes
2362 2908 2549 2967 gentes
2597 2916 2611 2953 :
2655 2915 2774 2953 nam
2830 2908 2888 2954 ut
2940 2904 3281 2968 inscreretur,
3336 2906 3460 2976 quid
3507 2910 3701 2963 meruit

2126 2986 2355 3041 oleaster
2378 2989 2726 3044 amaritudine
2767 2992 3049 3048 baccarum
3071 3039 3085 3059 ,
3117 2998 3394 3054 sterilitate
3436 3001 3701 3057 silvestri?

2126 3074 2346 3145 Lignum
2376 3079 2571 3148 quippe
2595 3090 2709 3135 erat
2736 3081 2880 3136 silva:
2899 3124 2914 3149 ,
2951 3101 3054 3139 non
3076 3088 3186 3156 agri
3212 3087 3463 3145 dominici
3490 3107 3507 3151 :
3537 3102 3594 3147 et
3622 3102 3703 3147 ta-

2129 3183 2250 3222 men
2278 3168 2367 3223 illc
2397 3185 2492 3238 per
2527 3171 2944 3230 misericordiam
2969 3190 3118 3231 suam
3155 3187 3210 3232 et
3241 3179 3527 3235 oleastrum
3555 3184 3700 3239 inse-

2126 3260 2228 3314 ruit
2255 3262 2305 3315 in
2329 3262 2547 3317 olivam.
2578 3264 2679 3320 Sed
2705 3265 2879 3322 adhuc
2904 3283 3008 3322 non
3053 3277 3169 3324 erat
3192 3270 3422 3327 insertus
3445 3273 3697 3342 oleaster,

2123 3354 2334 3423 quando
2362 3356 2612 3410 Dominus
2637 3357 2783 3428 elegit
2809 3359 2905 3414 sibi
2931 3358 3091 3415 Iacob
3111 3403 3126 3429 ,
3155 3360 3321 3418 Israel
3341 3364 3394 3418 in
3422 3369 3697 3435 possessio-

2123 3461 2237 3498 nem
2264 3447 2375 3499 sibi.

2193 3538 2247 3591 9.
2281 3536 2423 3610 [vers.
2450 3538 2527 3612 5.]
2555 3540 2622 3595 Et
2641 3542 2767 3610 quid
2792 3543 3090 3615 Propheta?
3117 3548 3366 3614 Quoniam
3395 3565 3487 3619 ego
3512 3567 3697 3622 cogno-

2120 3628 2170 3681 vi
2187 3629 2321 3694 quod
2341 3645 2551 3700 magnus
2564 3641 2636 3685 est
2656 3630 2922 3688 Dominus.
2944 3635 3116 3690 Mente
3137 3638 3348 3692 volante
3362 3638 3426 3692 ad
3439 3652 3693 3706 superna,

2121 3728 2296 3773 erecta
2326 3736 2354 3772 a
2377 3735 2557 3786 carne,
2602 3724 3007 3781 transcendente
3065 3736 3359 3782 creaturam
3382 3770 3398 3795 ,
3448 3733 3697 3802 cognovit

2119 3811 2241 3878 quia
2265 3825 2484 3880 magnus
2507 3821 2588 3865 est
2620 3812 2893 3869 Dominus.
2909 3814 3025 3869 Non
3039 3832 3221 3872 omnes
3234 3820 3695 3886 possuntvidendo

2120 3915 2474 3971 cognoscere;
2517 3902 2733 3957 laudent
2771 3907 2910 3974 quod
2943 3906 3108 3961 fecit:
3145 3900 3327 3963 Suavis
3379 3922 3484 3975 est;
3534 3911 3695 3967 Iacob

2117 3990 2366 4061 elegitsibi
2380 3991 2660 4056 Dominus;
2688 3992 2851 4048 Israel
2869 3996 2923 4050 in
2943 3987 3299 4066 possessionem
3320 4001 3433 4055 sibi.
3468 4003 3535 4056 Et
3567 4004 3691 4059 hinc

2118 4079 2262 4135 illum
2290 4082 2443 4137 lauda
2476 4083 2531 4148 ‘;
2563 4099 2682 4138 nam
2722 4095 2777 4140 et
2822 4103 2911 4158 ego
2955 4090 3162 4160 cognovi
3205 4091 3325 4160 quia
3365 4109 3575 4164 magnus
3618 4105 3692 4149 est

2115 4172 2383 4227 Dominus.
2425 4173 2684 4246 Propheta
2716 4178 3050 4247 loquebatur,
3084 4181 3173 4251 qui
3206 4182 3423 4259 intravit
3465 4185 3519 4240 in
3567 4190 3690 4241 sau-

2115 4264 2373 4318 ctuarium
2401 4263 2514 4332 Dei,
2559 4267 2647 4335 qui
2674 4268 2875 4323 audivit
2913 4270 3049 4325 forte
3078 4271 3358 4328 ineffabilia
3381 4277 3539 4331 verba
3568 4293 3688 4347 qua:

2114 4368 2219 4431 non
2249 4353 2373 4409 licet
2402 4354 2602 4410 homini
2627 4358 2771 4426 loqui
2800 4358 2865 4427 (ll
2892 4358 3009 4415 Cor.
3044 4377 3140 4425 xu,
3172 4361 3258 4433 4);
3287 4366 3374 4434 qui
3396 4364 3687 4436 dixitquod

2114 4455 2293 4514 posset
2329 4444 2632 4517 hominibus
2673 4448 2799 4514 dici,
2822 4460 2876 4505 et
2906 4454 3072 4506 tenuit
3114 4438 3250 4521 apud
3293 4470 3352 4510 se
3386 4458 3526 4525 quod
3550 4470 3683 4515 “non

2112 4547 2293 4607 posset
2316 4539 2440 4593 dici.
2469 4540 2611 4610 Ergo
2639 4551 2695 4600 et
2723 4542 2968 4598 audiatur
3006 4545 3070 4600 ad
3097 4548 3236 4616 quod
3286 4563 3588 4617 possumus,
3631 4561 3678 4607 et

2108 4628 2359 4684 credatur
2381 4629 2447 4685 ad
2472 4630 2610 4700 quod
2638 4646 2741 4685 non
2772 4646 3075 4703 possumus.
3115 4636 3195 4691 Ad
3222 4639 3362 4707 quod
3393 4653 3677 4709 possumus

2107 4718 2368 4784 audiatur,
2399 4720 2649 4788 Quoniam
2666 4721 2825 4777 Iacob
2851 4726 2995 4796 elegit
3020 4726 3114 4781 sibi
3135 4726 3405 4796 Dominus,
3437 4730 3605 4786 Israel
3629 4734 3681 4787 in

2108 4811 2467 4878 possessionem
2486 4810 2615 4875 sibi;
2648 4812 2714 4867 ad
2742 4814 2883 4883 quod
2928 4831 3031 4870 non
3089 4832 3368 4887 possumus
3411 4821 3675 4887 credatur,

2105 4902 2227 4969 quia
2272 4905 2385 4973 ipse
2411 4907 2657 4976 cognovit
2694 4910 2829 4978 quod
2859 4926 3075 4982 magnus
3096 4922 3168 4966 est
3198 4912 3464 4969 Dominus.
3519 4915 3572 4971 Si
3605 4918 3675 4970 illi

2068 5012 2075 5017 ·
2104 4993 2422 5059 diceremus,
2450 4998 2719 5070 Rogamus
2735 5010 2805 5067 te,
2831 5003 3036 5070 explica
3054 4996 3468 5074 magnitudinem
3496 5006 3668 5075 illius;

2105 5099 2281 5140 nonne
2321 5086 2457 5143 forte
2487 5090 2833 5159 responderet
2876 5092 3030 5147 nobis
3061 5108 3073 5145 :
3105 5093 3217 5148 Non
3247 5104 3331 5149 est
3370 5095 3525 5152 valde
3554 5114 3668 5151 ma-

2100 5189 2236 5244 gnus
2268 5192 2422 5246 quem
2464 5179 2637 5244 video,
2670 5181 2714 5234 si
2742 5196 2770 5233 a
2814 5196 2899 5236 me
2924 5184 3116 5248 poterit
3150 5184 3438 5255 explicari?
3475 5187 3672 5242 Redeat

2099 5280 2227 5335 ergo
2259 5267 2325 5321 ad
2364 5282 2523 5338 opera
2553 5270 2701 5340 ejus,
2730 5281 2785 5326 et
2813 5273 2952 5326 dicat
2997 5272 3166 5328 nobis.
3204 5273 3410 5329 Habeat
3454 5277 3567 5346 ipse
3619 5277 3668 5330 in

2097 5356 2418 5412 conscientia
2449 5360 2861 5430 magnitudinem
2892 5362 3119 5427 Domini,
3146 5379 3303 5434 quam
3328 5365 3480 5441 vidit,
3511 5382 3666 5435 quam

2096 5447 2250 5503 nobis
2277 5448 2594 5505 credendam
2628 5454 3047 5520 commendavit;
3091 5472 3194 5524 quo
3232 5466 3446 5512 nostros
3480 5460 3661 5513 oculos

2097 5537 2385 5607 perducere
2411 5558 2515 5596 non
2544 5544 2710 5612 potuit
2744 5563 2757 5598 :
2788 5555 2842 5599 et
2868 5555 3144 5601 enunieret
3168 5548 3408 5617 quaedam
3440 5565 3558 5618 qua:
3584 5549 3665 5603 hic

2096 5627 2349 5685 Dominus
2375 5631 2531 5698 fecit;
2555 5643 2612 5686 ut
2639 5642 2694 5689 et
2728 5635 2903 5702 nobis,
2926 5636 3014 5706 qui
3047 5636 3461 5707 magnitudinem
3500 5638 3658 5706 illius,

2156 5741 2174 5772 ⁸
2199 5741 2272 5790 sic
2293 5740 2513 5807 plerique
2538 5752 2641 5795 Mss.
2674 5751 2720 5795 At
2742 5746 2871 5795 Edd.:
2900 5752 2951 5796 Et
2974 5745 3052 5797 hic
3073 5745 3207 5797 illum
3227 5745 3414 5799 laudas.
