4032 6202
395 396 416 450 1
428 394 526 448 745

386 515 518 566 sicut
538 511 628 565 ille
650 509 846 570 videre,
870 523 974 561 non
993 519 1290 575 pﬂSSlllllllS,
1312 501 1582 554 dulceseat
1603 513 1666 549 ex
1693 492 1943 563 Operibus

385 604 533 664 suis,
585 616 701 668 qua:
739 613 927 666 capere
980 611 1275 667 possumus.
1318 592 1566 658 Quoniam
1608 606 1718 658 ego.
1757 585 1943 654 inquit,

385 692 594 763 cognovi
620 690 751 754 quod
779 705 988 759 magnus
1015 697 1085 740 est
1120 684 1394 742 Dominus,
1432 693 1476 734 et
1506 679 1640 734 Deus
1670 687 1835 730 noster
1861 691 1946 729 stt-

386 800 473 854 per
494 797 662 836 omnes
699 779 836 834 deos.
869 779 1010 846 Quos
1043 776 1210 831 deos?
1253 773 1400 830 Sicut
1447 773 1574 826 dicit
1615 769 1897 838 Apostolus
1929 783 1943 818 :

387 877 496 930 Etsi
522 883 636 929 sunt
657 874 743 941 qui
771 873 1004 926 dicantur
1023 871 1092 924 dii
1114 871 1166 923 in
1195 870 1316 922 calo
1345 878 1390 921 et
1414 868 1466 920 in
1493 876 1662 928 terra;
1683 865 1810 917 sicut
1835 871 1949 915 sunt

385 967 456 1020 dii
477 966 620 1020 multi
637 975 683 1018 et
709 963 898 1017 domini
920 962 1092 1024 multi;
1113 961 1250 1014 nobis
1273 969 1434 1012 tamen
1464 975 1590 1010 unus
1623 956 1773 1016 Deus,
1796 952 1952 1006 Pater

386 1076 448 1112 ea:
471 1075 568 1128 quo
589 1058 756 1110 omnia
781 1099 796 1122 ,
820 1065 863 1109 et
885 1071 974 1108 nos
994 1057 1046 1107 in
1067 1055 1177 1122 ipso
1198 1094 1211 1116 ,
1244 1063 1288 1104 et
1318 1067 1447 1104 unus
1490 1049 1738 1103 Dominus
1787 1054 1952 1098 noster

387 1149 537 1202 Jcsus
591 1147 838 1212 Christus,
882 1163 969 1214 per
1005 1161 1148 1214 quem
1196 1143 1394 1206 onmia,
1433 1153 1478 1194 et
1521 1156 1611 1194 nos
1657 1155 1744 1207 per
1791 1139 1952 1206 ipsum

388 1243 428 1312 (ι
457 1241 576 1296 Cor.
607 1257 719 1302 vut,
747 1239 928 1308 5et6).
963 1238 1211 1292 Dicuntur
1230 1236 1300 1289 dii
1329 1236 1568 1288 homines
1598 1250 1609 1284 :
1637 1232 1831 1285 dictum
1870 1239 1954 1284 est

386 1331 712 1393 enim,Deus
753 1331 884 1384 stetit
923 1331 975 1382 in
1027 1343 1282 1398 synagoga
1323 1325 1568 1388 deorum;
1612 1324 1807 1377 dictum
1849 1330 1950 1388 est,

393 1421 503 1491 Ego
523 1422 650 1485 dixi,
683 1420 768 1475 Dii
793 1421 907 1473 estis
937 1431 982 1473 et
1006 1421 1100 1487 filii
1130 1417 1372 1472 Altissimi
1393 1433 1558 1470 omnes
1579 1414 1750 1485 (Psal.
1770 1429 1952 1479 LXXXI,

391 1514 442 1578 l,
470 1513 526 1582 6)
558 1531 575 1564 :
605 1527 779 1566 nonne
831 1525 990 1580 super
1034 1509 1274 1562 homines
1324 1508 1502 1563 Deus?
1530 1507 1633 1561 Sed
1680 1505 1804 1574 quid
1844 1501 1986 1558 ma-'

387 1621 576 1674 gnum,
624 1606 666 1658 si
695 1619 856 1673 super
912 1603 1154 1656 homines
1204 1601 1374 1654 Deus?
1424 1601 1488 1654 Et
1529 1615 1688 1668 super
1723 1598 1956 1665 Angelos

390 1697 533 1749 Deus
579 1714 592 1748 :
650 1695 770 1764 quia
820 1693 1005 1763 Angeli
1058 1709 1159 1746 non
1205 1689 1444 1746 iecerunt
1501 1691 1683 1752 Deum,
1730 1687 1958 1757 Angelos

390 1787 518 1840 fecit
546 1787 724 1849 “Deus;
751 1795 804 1840 et
826 1799 1057 1839 necesse-
1077 1792 1160 1838 est
1181 1798 1340 1852 super
1365 1782 1540 1838 omnia
1563 1796 1681 1851 qua:
1708 1779 1828 1834 fecit
1844 1820 1860 1845 ,
1891 1778 1960 1833 sit

390 1877 621 1944 ipsequi
648 1875 793 1940 fecit.
818 1874 1154 1944 Cognoscens
1173 1888 1298 1944 ergo
1313 1871 1726 1941 magnitudinem
1755 1868 1959 1924 Domini

394 1971 518 2034 iste,
557 1977 611 2022 et
645 1967 831 2022 videns
856 1982 978 2021 eum
1009 1981 1168 2034 super
1215 1979 1426 2020 omnem
1478 1979 1597 2018 esse
1639 1971 1956 2026 creaturam,

393 2075 503 2112 non
553 2067 752 2113 tantum
803 2057 1170 2126 corporalem,
1221 2056 1316 2110 sed
1359 2055 1516 2110 etiam
1573 2053 1894 2122 spiritualem
1941 2069 1956 2104 :

395 2149 511 2205 Rea:
541 2166 773 2221 magnus,
804 2149 988 2218 inquit,
1017 2165 1166 2217 super
1193 2163 1362 2202 omnes
1388 2146 1525 2200 deos.
1558 2145 1673 2212 Ipse
1699 2152 1781 2199 est
1812 2158 1958 2196 sum-

392 2255 518 2295 mus
548 2241 686 2295 Deus
722 2240 811 2310 qui
843 2254 1001 2308 super
1029 2253 1088 2292 se
1117 2253 1222 2292 non
1253 2237 1411 2291 habet
1443 2236 1620 2290 deum.
1650 2236 1820 2304 Opera
1846 2233 1962 2301 ejus

393 2333 560 2400 dicat,
598 2333 708 2399 ipsa
728 2333 1024 2399 capiuntur.

472 2422 560 2476 10.
589 2420 736 2494 [vers
767 2419 855 2491 6.]
912 2420 1094 2472 Omnia
1131 2435 1449 2488 quiscumque
1495 2418 1668 2480 voluit,
1717 2415 1964 2469 Dominus

394 2514 516 2584 fecit
540 2515 590 2566 in
615 2512 735 2567 cazlo
755 2523 800 2566 et
823 2514 875 2565 in
898 2523 1029 2565 terra
1056 2553 1070 2576 ,
1097 2512 1148 2564 in
1177 2512 1303 2564 mari
1346 2521 1391 2564 et
1418 2511 1471 2563 in
1496 2509 1720 2562 omnibus
1752 2508 1963 2577 abyssis.

392 2607 530 2672 Quis
555 2615 730 2661 autem
757 2604 1171 2673 comprehendat
1196 2603 1345 2658 lucc?
1365 2602 1484 2672 quis
1509 2610 1783 2655 enunieret
1805 2615 1964 2666 opera

397 2699 613 2754 Domini
645 2699 694 2751 in
736 2699 872 2753 ctelo
899 2709 952 2753 et
982 2698 1032 2751 in
1063 2709 1231 2759 terra.
1263 2698 1313 2750 in
1343 2696 1473 2750 mari
1515 2703 1569 2748 et
1624 2694 1675 2747 in
1719 2693 1966 2746 omnibus

392 2790 642 2859 abyssis?
669 2789 866 2844 Tamen
897 2789 942 2845 si
969 2788 1418 2858 comprehendere
1444 2786 1618 2838 omnia
1650 2801 1751 2837 non
1785 2799 1970 2852 possu-

393 2896 536 2945 mus,
567 2881 880 2935 inconcusse
905 2880 1122 2934 credere
1144 2890 1198 2934 et
1228 2889 1410 2933 tenere
1436 2877 1691 2931 debemus
1718 2874 1965 2944 quoniam

393 2973 659 3044 quidquid
707 2981 1068 3027 creaturarum
1116 2971 1169 3024 in
1220 2969 1376 3033 caelo,
1415 2966 1667 3037 quidquid
1699 2966 1749 3019 in
1781 2974 1918 3018 terra
1951 3005 1966 3028 ,

395 3061 658 3133 quidquid
694 3062 746 3116 in
782 3062 912 3116 mari
950 3070 1004 3116 et
1036 3061 1087 3114 in
1119 3061 1364 3115 omnibus
1403 3057 1611 3127 abyssis
1665 3072 1694 3109 a
1745 3053 1970 3110 Domino

395 3154 597 3208 factum
626 3162 741 3217 est;
768 3153 887 3222 quia
916 3152 1084 3205 omnia
1110 3166 1220 3221 qure
1238 3149 1409 3212 voluit,
1433 3148 1548 3218 fecit
1591 3147 1645 3201 in
1682 3147 1806 3201 caelo
1832 3155 1878 3199 et
1915 3145 1972 3198 in

394 3254 559 3309 terra,
588 3245 641 3297 in
666 3246 792 3297 mari
815 3253 860 3298 et
876 3244 927 3297 in
951 3242 1177 3296 omnibus
1192 3241 1402 3312 abyssis,
1423 3240 1560 3294 sicut
1580 3239 1688 3309 jam
1714 3239 1967 3293 diximus.

394 3335 518 3389 Non
545 3335 724 3389 omnia
751 3350 866 3404 qua:
910 3334 1054 3400 fecit,
1100 3342 1319 3388 coactus
1337 3339 1420 3387 est
1448 3332 1621 3386 facere
1645 3372 1660 3396 ,
1684 3330 1776 3384 sed
1803 3329 1972 3383 omnia

391 3441 730 3496 quacumque
774 3425 962 3490 voluit,
1001 3425 1340 3488 fecit:causa
1384 3423 1618 3478 omnium
1663 3437 1781 3492 quae
1825 3421 1969 3485 fecit,

345 3527 354 3574 )
396 3516 655 3570 voluntas
681 3515 798 3585 ejus
821 3526 921 3570 est.
951 3517 1100 3572 Facis
1121 3526 1174 3569 tu
1199 3517 1415 3570 domum
1434 3557 1449 3580 ,
1474 3516 1597 3584 quia
1631 3515 1673 3569 si
1701 3515 1871 3568 nolles
1898 3514 1970 3566 fa-

392 3624 546 3671 cere,
583 3608 699 3663 sine
723 3607 1046 3664 habitatione
1071 3622 1374 3663 remaneres
1398 3622 1411 3660 :
1442 3606 1732 3661 necessitas
1755 3605 1895 3673 cogit
1921 3613 1974 3659 te

396 3699 586 3754 facere
610 3699 854 3764 domum,
884 3714 989 3753 non
1018 3699 1178 3754 libera
1223 3698 1487 3752 voluntas.
1547 3697 1699 3750 Facis
1745 3701 1970 3761 vestem,

391 3795 524 3860 quia
557 3789 603 3845 si
643 3806 747 3845 non
774 3791 993 3852 faceres,
1025 3789 1196 3844 nudus
1211 3788 1516 3843 ambulares
1547 3805 1560 3841 :
1587 3786 1652 3840 ad
1681 3784 1973 3840 faciendam

392 3900 531 3952 ergo
553 3891 754 3937 vestem
779 3883 1094 3937 necessitate
1117 3881 1347 3947 duceris,
1364 3895 1468 3934 non
1499 3879 1660 3933 libera
1681 3879 1970 3932 voluntate.

392 3975 656 4028 Coiiseris
689 3984 919 4028 montem
948 3973 1158 4034 vitibus,
1202 3985 1386 4026 semen
1440 3969 1662 4039 spargis,
1704 3968 1825 4037 quia
1875 3967 1975 4020 nisi

390 4065 618 4126 feceris,
647 4065 895 4118 alimenta
915 4078 1016 4115 non
1043 4062 1256 4116 habebis
1279 4077 1292 4114 :
1315 4061 1492 4116 omnia
1521 4061 1632 4113 inec
1663 4058 1976 4112 necessitate

392 4156 556 4211 facis.
586 4157 725 4210 Deus
757 4156 988 4209 bonitate
1016 4154 1316 4219 fecit,nul|o
1344 4153 1484 4224 quod
1507 4151 1820 4222 feciteguit;
1856 4150 1975 4204 ideo

393 4250 577 4304 omnia
605 4264 923 4317 quantumque
943 4247 1114 4312 voluit,
1144 4246 1278 4316 fecit.

471 4340 566 4393 11.
604 4337 760 4390 Putas
781 4377 796 4400 ,
830 4336 1085 4390 habemus
1121 4344 1175 4389 et
1203 4348 1299 4389 nos
1324 4333 1462 4404 quod
1503 4333 1667 4388 libera
1705 4331 1978 4386 voluntate

393 4431 701 4483 faciamus?
729 4429 800 4481 lia
826 4428 969 4481 enim
994 4442 1112 4496 qua:
1133 4426 1383 4492 diximus,
1406 4440 1467 4478 ex
1498 4424 1812 4479 necessitate
1846 4421 1976 4477 faci-

392 4538 566 4586 mus;
602 4521 725 4589 quia
753 4521 794 4574 si
841 4537 944 4573 non
976 4518 1289 4581 faceremus,
1317 4526 1534 4587 egentes
1574 4525 1628 4571 et
1676 4517 1860 4586 inopes
1896 4532 1981 4570 re-

394 4627 774 4666 maneremus.
800 4611 1102 4666 Invenimus
1127 4609 1320 4678 aliquid
1348 4610 1487 4678 quod
1520 4608 1683 4661 libera
1711 4609 1977 4660 voluntate

395 4703 705 4758 faciamus?
726 4701 1026 4757 Invenimus
1053 4703 1225 4772 plane,
1245 4717 1363 4756 cum
1400 4703 1569 4771 ipsum
1603 4701 1768 4755 Deum
1790 4715 1978 4754 aman-

394 4794 472 4850 do
503 4793 808 4848 laudamus.
837 4793 950 4849 Hoc
971 4795 1112 4848 enim
1147 4793 1310 4846 libera
1331 4793 1604 4846 voluntate
1629 4790 1778 4852 facis,
1809 4805 1980 4859 quan-

395 4886 475 4942 do
501 4901 660 4940 amas
685 4885 824 4955 quod
851 4885 1066 4951 laudas;
1104 4900 1209 4938 non
1236 4885 1374 4937 enim
1414 4900 1475 4937 ex
1503 4884 1840 4944 necessitate,
1885 4883 1979 4937 sed

396 4981 528 5048 quia
568 4979 759 5047 placet.
803 4978 952 5034 Unde
973 4978 1128 5048 justis
1163 4987 1216 5032 et
1243 4977 1440 5032 sanctis
1471 4977 1560 5031 Dei
1585 4977 1777 5045 placuit
1811 4975 1981 5040 Deus,

397 5072 576 5124 etiam
609 5070 879 5140 ﬂagellatis
906 5085 1018 5124 eos.
1047 5069 1267 5137 Quando
1294 5068 1486 5138 iniquis
1515 5069 1764 5124 omnibus
1792 5069 1984 5138 displi-

396 5169 515 5224 cet,
551 5157 752 5228 placuit
777 5160 911 5224 illis;
934 5169 988 5214 et
1011 5160 1109 5214 sub
1134 5160 1343 5229 ﬂagello
1368 5159 1504 5228 ejus,
1535 5161 1586 5216 in
1615 5177 1848 5215 arrumna
1871 5203 1885 5222 ,
1929 5162 1982 5216 in

395 5249 720 5315 laboribus,
750 5253 801 5306 in
832 5252 1166 5318 vulneribus,
1197 5252 1247 5306 in
1285 5261 1518 5321 egestate
1565 5254 1834 5308 constituti
1873 5255 1986 5307 lau-

393 5341 678 5398 darer-unt
707 5344 868 5398 Deum
902 5359 916 5396 :
945 5359 1049 5397 non
1077 5344 1153 5397 eis
1178 5343 1444 5412 displicuit
1469 5359 1566 5397 nec
1582 5353 1852 5413 torquens.
1873 5345 1981 5399 lluc

397 5445 490 5490 est
539 5435 709 5505 gratis
756 5439 975 5499 amare,
1023 5452 1124 5489 non
1172 5436 1322 5505 quasi
1363 5437 1627 5506 proposita
1679 5439 1988 5506 acceptione

395 5525 718 5591 mercedis;
746 5527 865 5596 quia
916 5527 1028 5596 ipsa
1074 5541 1278 5581 merces
1319 5541 1645 5581 tua-summa
1691 5527 1827 5580 Deus
1877 5529 1989 5595 ipse

397 5616 514 5671 erit
539 5655 558 5679 ,
594 5629 748 5683 quem
791 5616 954 5686 gratis
982 5615 1154 5684 diligis
1182 5634 1194 5668 :
1220 5626 1274 5670 et
1299 5617 1374 5669 sic
1399 5631 1579 5671 amare
1603 5615 1769 5669 debes
1790 5657 1803 5677 ,
1833 5627 1884 5669 ut
1913 5618 1992 5685 ip-

397 5722 533 5762 sum
567 5718 666 5774 pro
692 5705 937 5761 mercede
960 5705 1264 5760 desiderare
1301 5720 1406 5758 non
1441 5705 1652 5759 desinas
1675 5745 1691 5771 ,
1723 5706 1808 5774 qui
1846 5707 1992 5759 solus

404 5805 464 5852 te
508 5793 710 5861 satiet;
740 5795 875 5852 sicut
895 5795 1164 5865 Philippus
1199 5794 1564 5862 desiderabat,
1595 5809 1712 5849 cum
1755 5796 1986 5860 diceret,

1390 371 1780 434 ENARRATIO
1820 368 1882 424 IN
1922 363 2245 422 PSALMUM
2283 367 2562 425 CXXXIV.

3479 393 3612 447 1746

2057 484 2276 540 Ostende
2302 488 2441 541 nobis
2469 488 2671 544 Patrem
2692 535 2705 556 ,
2737 505 2781 546 et
2816 496 2993 567 suﬁirit
3020 501 3158 554 nobis
3189 502 3363 569 (Joan.
3404 524 3514 571 xlv,
3537 512 3611 581 8).

2052 580 2257 646 Merito,
2291 585 2412 649 quia
2436 584 2535 637 hoc
2562 585 2628 638 de
2667 587 2828 642 libera
2866 591 3136 646 voluntate
3168 597 3385 651 facimus
3409 640 3422 662 ,
3461 611 3513 655 et
3551 603 3618 657 de

2054 671 2218 726 libera
2249 674 2512 727 voluntate
2545 677 2716 731 facere
2741 678 2996 738 debemus
3016 726 3028 750 ,
3053 686 3176 754 quia
3203 688 3449 744 delectati
3489 693 3620 748 faci-

2053 779 2190 827 mus,
2215 766 2442 820 amando
2485 766 2740 836 facimus;
2769 774 2888 841 quia
2920 777 3019 831 etsi
3057 781 3373 849 corripimur
3407 783 3473 838 ab
3506 786 3617 848 illo,

2054 855 2206 909 nobis
2257 872 2520 927 nunquam
2575 861 2852 930 displicere
2898 866 3096 932 debet,
3147 872 3234 939 qui
3281 889 3492 943 semper
3539 887 3622 932 cst

2050 947 2244 1015 justus.
2277 949 2386 1002 Hoc
2410 950 2541 1005 dixit
2562 954 2646 1008 ille
2671 955 2910 1010 laudator
2937 959 3050 1026 ejus
3079 976 3092 1012 :
3124 960 3186 1014 In
3208 981 3286 1015 me
3300 975 3437 1031 sunt,
3461 967 3619 1033 Deus,

2055 1049 2169 1091 vota
2195 1048 2299 1095 tua.
2320 1057 2430 1109 quo:
2461 1043 2670 1096 reddam
2723 1045 3026 1102 laudationis
3067 1050 3154 1104 tibi
3203 1051 3370 1121 (Psal.
3395 1072 3476 1120 ιν,
3512 1058 3621 1126 12).

2058 1127 2388 1185 Etalioloco
2433 1149 2447 1185 :
2503 1131 2794 1188 Voluntarie
2831 1139 3123 1206 sacriﬁcabo
3170 1144 3258 1195 tibi
3301 1143 3469 1214 (Psal.
3512 1164 3622 1211 Llll,

2057 1221 2132 1289 8).
2165 1221 2300 1288 Quid
2337 1235 2438 1288 est,
2479 1223 2770 1292 Volttntarie
2795 1231 3130 1298 sacriﬁcabo?
3166 1232 3467 1291 Voluntarie
3510 1237 3624 1290 lauo

2057 1312 2194 1368 dabo
2216 1323 2284 1368 te.
2308 1314 2459 1381 Quia,
2502 1315 2820 1386 Sacriﬁcium
2867 1322 3050 1387 laudis,
3093 1326 3282 1396 inquit,
3326 1329 3627 1398 glori/icabit

2058 1423 2136 1459 me
2160 1407 2330 1476 (Psal.
2356 1410 2623 1480 xux,25).
2647 1410 2699 1467 Si
2739 1418 3003 1481 cogereris
3040 1417 3233 1474 offerre
3277 1420 3503 1475 Domino
3536 1433 3625 1477 tuo

2059 1498 2375 1552 sacriﬁcium
2400 1510 2602 1568 gratum
2629 1503 2700 1557 illi
2730 1514 3097 1573 etacceptum,
3121 1511 3255 1563 sicut
3280 1521 3432 1566 antea
3467 1529 3629 1568 vove-

2060 1589 2254 1643 bantur
2279 1592 2538 1646 sacrilieia
2584 1594 2601 1624 ¹
2638 1595 2693 1648 in
2731 1595 2913 1648 umbra
2953 1595 3285 1661 fiiturorum;
3354 1601 3488 1657 forte
3523 1619 3626 1658 non

2060 1681 2326 1736 invenires
2355 1684 2407 1736 in
2429 1699 2588 1753 grege
2612 1693 2700 1739 tuo
2726 1687 2972 1755 placitura
3004 1697 3238 1756 taurum,
3267 1702 3320 1746 et
3358 1694 3409 1748 in
3449 1698 3622 1765 capris

2061 1772 2265 1828 hircum
2294 1790 2401 1830 arte
2434 1776 2640 1831 Domini
2670 1777 2908 1847 dignum,
2941 1795 3038 1834 nec
3065 1782 3115 1834 in
3143 1783 3265 1836 ovili
3295 1795 3380 1838 tuo
3405 1787 3626 1841 arietem

2062 1867 2278 1937 dignum
2306 1869 2374 1923 ad
2401 1871 2667 1925 victimam
2712 1873 2938 1927 Domino
2975 1885 3093 1939 tuo;
3125 1885 3178 1930 et
3211 1892 3316 1932 non
3355 1878 3629 1935 inveniens

2063 1969 2329 2029 satageres
2362 1961 2485 2030 quid
2518 1960 2742 2028 faceres,
2790 1973 2843 2017 et
2881 1965 3086 2020 diceres
3117 1967 3252 2022 forte
3275 1968 3383 2023 Deo
3411 1986 3424 2021 :
3455 1971 3625 2036 Volui,

2063 2059 2116 2106 et
2139 2067 2245 2117 non
2273 2051 2449 2106 habui.
2477 2053 2738 2124 Numquid
2772 2065 2922 2125 potes
2950 2044 3017 2112 de
3034 2058 3188 2112 laude
3215 2059 3414 2126 dicere,
3445 2061 3629 2130 Volui,

2064 2154 2118 2199 et
2143 2160 2248 2200 non
2276 2145 2471 2199 habui?
2500 2145 2675 2216 ipsum
2701 2148 2932 2204 voluisse
2953 2150 3196 2207 laudasse
3220 2162 3320 2208 est.
3351 2153 3467 2209 Non
3489 2157 3633 2210 enim

2065 2241 2227 2294 verba
2251 2255 2278 2293 a
2307 2249 2358 2294 te
2378 2241 2566 2308 quaerit
2593 2241 2728 2295 Deus
2748 2282 2763 2306 ,
2789 2243 2884 2297 sed
2909 2257 3020 2297 cor.
3049 2245 3283 2315 Denique
3307 2256 3460 2316 potes
3485 2248 3634 2305 dicen

2067 2347 2126 2386 re
2154 2335 2173 2364 ¹
2208 2351 2220 2385 :
2255 2333 2319 2387 Et
2349 2334 2576 2403 linguam
2607 2350 2710 2388 non
2735 2334 2914 2389 habui.
2951 2335 3005 2389 Si
3039 2339 3157 2407 quis
3196 2339 3512 2397 obmutescit
3534 2344 3631 2397 ali‘

2067 2439 2168 2492 qua
2191 2424 2522 2488 valetudine,
2555 2425 2784 2494 linguam
2813 2442 2918 2480 non
2948 2426 3150 2496 habuit,
3200 2439 3254 2482 et
3298 2441 3472 2485 tamen
3525 2433 3637 2486 latt-

2067 2517 2187 2572 dcm
2211 2517 2412 2571 habuit.
2447 2517 2503 2572 Si
2525 2518 2666 2572 enim
2695 2518 2834 2572 Deus
2867 2533 3025 2573 aures
3050 2520 3290 2575 carnales
3309 2520 3559 2586 haberet,
3583 2533 3637 2578 et

2069 2621 2202 2662 sono
2245 2608 2319 2660 tui
2365 2607 2606 2676 corporis
2638 2608 2935 2678 indigeret,
2986 2609 3105 2663 ideo
3132 2626 3251 2664 eum
3289 2615 3636 2669 remansisscs

2070 2698 2184 2750 sine
2209 2697 2402 2766 lingua,
2428 2698 2542 2751 sine
2571 2698 2723 2752 laude
2760 2700 2920 2752 etiam
2949 2716 3256 2755 remaneres
3288 2721 3300 2756 :
3335 2719 3472 2757 nunc
3510 2721 3638 2759 vero

2071 2788 2189 2855 quia
2209 2803 2299 2840 eor
2324 2789 2532 2856 quaerit,
2563 2802 2656 2842 cor
2691 2789 2920 2857 inspicit,
2959 2792 3098 2846 intus
3127 2795 3275 2846 testis
3303 2803 3418 2856 est,
3439 2795 3598 2864 judex
3621 2839 3634 2860 ,

2071 2878 2424 2947 approbator,
2456 2878 2667 2947 adjutor
2695 2879 2737 2944 ³,
2775 2890 3092 2947 coronator;
3129 2883 3329 2938 sufficit
3354 2895 3413 2938 ut
3448 2886 3639 2941 offeras

2071 2966 2415 3026 voluntatem.
2441 2970 2572 3025 Cum
2601 2980 2772 3040 potes,
2805 2988 2898 3028 ore
2933 2974 3202 3030 confiteris
3227 2974 3249 3006 "
3269 2976 3336 3030 ad
3375 2977 3637 3042 salutem;

2073 3078 2192 3116 cum
2238 3072 2414 3116 autem
2465 3079 2570 3117 non
2627 3074 2796 3132 potes,
2848 3064 3010 3119 corde
3053 3066 3227 3121 credis
3267 3067 3331 3120 ad
3381 3067 3639 3135 justitiam

2075 3153 2247 3221 (Rom.
2285 3170 2338 3220 ιι,
2381 3153 2472 3223 10)
2498 3173 2510 3207 :
2541 3154 2703 3209 corde
2731 3155 2931 3218 laudas,
2960 3156 3120 3210 corde
3155 3158 3440 3226 benedicis,
3480 3160 3642 3214 corde

2074 3244 2126 3297 in
2151 3245 2669 3320 araurconscientim
2702 3246 2942 3298 victimas
2976 3263 3156 3300 sacras
3179 3248 3438 3316 imponis;
3471 3259 3526 3304 et
3559 3266 3642 3304 re-

2074 3335 2366 3403 spondetur
2396 3335 2486 3388 tibi
2508 3376 2522 3398 ,
2553 3335 2670 3390 Pax
2703 3335 2755 3388 in
2777 3345 2908 3389 terra
2929 3335 3212 3392 hominibus
3239 3338 3382 3394 bona?
3413 3341 3642 3394 rolunta-
3706 3361 3718 3370 -

2074 3424 2138 3478 tis
2159 3423 2305 3495 (Luc.
2335 3440 2390 3488 ιι,
2417 3425 2529 3494 14).

2149 3515 2234 3568 12.
2285 3515 2376 3567 Ille
2406 3515 2563 3584 igitur
2599 3514 2742 3570 Deus
2776 3516 2863 3583 qui
2889 3515 3224 3584 omnipotens
3249 3529 3347 3581 est,
3375 3520 3425 3573 in
3451 3522 3574 3574 caelo
3596 3537 3643 3575 et

2075 3608 2128 3661 in
2153 3617 2284 3660 terra
2307 3607 2475 3659 omnia
2497 3623 2817 3676 quia-cumque
2843 3607 3014 3670 voluit,
3033 3609 3184 3674 ['ecit;
3215 3619 3266 3662 tu
3297 3611 3347 3663 in
3377 3610 3533 3665 domo
3557 3622 3643 3666 tua

2077 3715 2180 3753 non
2211 3699 2336 3753 facis
2365 3699 2540 3751 omnia
2579 3714 2696 3766 qua:
2735 3699 2815 3750 vis
2857 3715 2869 3750 :
2904 3699 2992 3751 ille
3019 3701 3070 3750 in
3097 3699 3219 3751 cmlo
3244 3710 3290 3752 et
3311 3701 3360 3754 in
3383 3711 3515 3756 terra
3538 3720 3644 3757 om-

2077 3791 2162 3844 nia
2189 3806 2508 3859 quwcumque
2528 3789 2702 3852 voluit,
2730 3790 2842 3860 fecit
2864 3805 2883 3854 ;
2914 3797 2966 3842 tu
2989 3787 3070 3842 fac
3098 3790 3176 3844 vel
3201 3790 3398 3860 inagro
3421 3801 3510 3846 tuo
3529 3809 3644 3847 om-

2079 3883 2163 3936 nia
2179 3897 2296 3951 qua:
2319 3880 2418 3935 vis.
2445 3880 2603 3934 Multa
2623 3880 2722 3944 vis,
2749 3889 2800 3934 et
2815 3895 2918 3957 npn
2934 3889 3083 3949 potes
3105 3881 3163 3945 in.
3177 3881 3335 3934 domo
3360 3892 3442 3936 tua
3472 3883 3645 3942 facere

2079 3973 2253 4025 omnia
2293 3986 2411 4041 qua:
2449 3971 2528 4025 vis
2565 3969 2912 4024 :contradicit
2938 3969 3070 4024 forte
3097 3987 3245 4037 uxor,
3277 3975 3647 4032 contradicunt

2071 4054 2191 4123 iilii,
2219 4059 2502 4130 aliquando
2529 4069 2582 4114 et
2608 4059 2850 4114 servulus
2879 4061 3204 4114 contumacia
3230 4063 3561 4132 contradicit,
3593 4076 3648 4121 et

2080 4170 2186 4208 non
2217 4151 2347 4206 facis
2374 4152 2513 4222 quod
2543 4152 2639 4204 vis.
2681 4150 2782 4225 Sed
2811 4151 2946 4205 facio
2976 4192 2991 4216 ,
3033 4151 3205 4221 inquis
3231 4194 3248 4219 ,
3297 4155 3436 4223 quod
3482 4159 3600 4211 volo
3627 4176 3643 4226 ;

2080 4243 2198 4312 quia
2230 4244 2280 4296 in
2309 4257 2411 4296 non
2455 4241 2734 4296 obedicnte
2774 4256 2836 4294 ac
2862 4242 3254 4296 contradicente
3281 4245 3508 4301 vindico.
3540 4248 3648 4304 Nec

2084 4336 2185 4388 hoc
2213 4333 2340 4387 facis
2359 4373 2375 4400 ,
2402 4347 2522 4386 cum
2551 4334 2630 4386 vis
2655 4349 2668 4386 :
2715 4331 2998 4400 aliquando
3029 4333 3295 4389 vindicare
3315 4337 3393 4388 vis
3417 4376 3432 4402 ,
3464 4346 3516 4390 et
3542 4355 3646 4392 non

2082 4435 2268 4498 potes;
2309 4423 2590 4494 aliquando
2632 4424 2870 4487 minaris,
2900 4429 2951 4478 et
3003 4434 3284 4494 antequam
3322 4427 3480 4482 facias
3508 4431 3646 4499 quod

2086 4516 2320 4581 minaris,
2349 4514 2601 4578 moreris,
2634 4516 2913 4578 Putamus,
2947 4515 2997 4566 in
3023 4516 3188 4578 teipse
3217 4516 3344 4569 facis
3369 4520 3508 4585 quod
3539 4521 3650 4574 vis?

2087 4609 2259 4662 frenas
2285 4622 2470 4661 oumes
2492 4605 2804 4674 cupiditates
2826 4605 2980 4658 tuas?
3011 4605 3249 4658 Forsitan
3277 4608 3470 4672 frenas,
3495 4626 3650 4662 nume-

2033 4756 2040 4760 _
2084 4699 2207 4769 quid
2235 4697 2403 4752 efficis
2427 4707 2483 4751 ut
2508 4697 2634 4764 ipsa:
2660 4695 2975 4764 cupiditates
3005 4710 3108 4748 non
3133 4705 3368 4764 surgant,
3397 4715 3525 4767 quas
3553 4700 3654 4754 fre-

2088 4808 2182 4846 nas
2201 4795 2224 4845 ‘!
2244 4791 2395 4845 Certe
2418 4791 2558 4843 enim
2590 4788 2690 4840 hoc
2730 4788 2839 4850 vis,
2870 4801 2974 4839 non
3008 4787 3207 4839 titillari
3237 4788 3475 4841 inolestia
3506 4791 3653 4859 cupi-

2086 4883 2304 4936 ditatum
2338 4891 2576 4940 tuarum;
2617 4886 2669 4929 et
2721 4887 2896 4929 tamen
2935 4892 3052 4928 caro
3082 4869 3386 4944 concupiscit
3415 4878 3651 4932 adversus

2087 4974 2316 5042 spiritum
2346 5013 2359 5033 ,
2401 4980 2444 5022 et
2486 4968 2690 5036 spiritus
2716 4965 2950 5018 adversus
2978 4983 3204 5028 carnem,
3236 4976 3288 5019 ut
3321 4983 3418 5020 non
3444 4984 3502 5020 ea
3533 4985 3646 5037 qua:

2088 5064 2256 5126 vultis,
2287 5060 2484 5131 [iiciatis
2515 5057 2704 5128 (Colat.
2735 5073 2786 5123 ν,
2818 5057 2928 5119 Π).
2987 5057 3063 5110 Tu
3093 5057 3145 5110 in
3177 5058 3343 5126 teipso
3378 5072 3480 5110 non
3521 5060 3651 5114 facis

2089 5152 2227 5222 quod
2271 5153 2382 5211 vis;
2414 5148 2547 5201 Deus
2571 5157 2735 5201 autem
2764 5157 2928 5201 noster
2950 5147 3000 5200 in
3025 5149 3149 5200 coelo
3177 5157 3223 5200 et
3253 5147 3303 5199 in
3330 5157 3462 5200 terra
3487 5151 3655 5203 omnia

2089 5258 2408 5315 quartumque
2443 5239 2595 5293 voluit
2615 5281 2629 5303 ,
2663 5240 2797 5307 fecit.
2831 5240 2944 5308 ipse
2974 5237 3064 5292 tibi
3092 5236 3182 5292 det
3223 5237 3446 5307 gratiam
3474 5280 3489 5305 ,
3520 5249 3577 5294 ut
3604 5242 3653 5295 iu

2093 5337 2260 5403 teipso
2288 5332 2445 5385 facias
2471 5329 2610 5398 quod
2641 5329 2754 5390 vis;
2787 5329 2882 5382 nisi
2911 5328 3051 5383 enim
3085 5329 3198 5396 ipso
3223 5327 3524 5396 adjuvante,
3557 5347 3655 5386 nec

2093 5431 2144 5480 in
2174 5435 2223 5479 te
2253 5423 2380 5476 facis
2408 5420 2547 5490 quod
2578 5420 2674 5474 vis.
2708 5419 2910 5474 Etenim
2937 5433 3056 5472 cum
3105 5417 3192 5471 ille
3236 5431 3340 5471 ιιοιι
3372 5413 3571 5476 faceret
3602 5421 3652 5475 iu

2158 5559 2172 5589 ¹
2195 5556 2359 5605 Plures
2373 5561 2498 5607 Mss,
2516 5549 2773 5613 jubebatur
2798 5546 3103 5613 sacriﬁcium.

2156 5621 2175 5650 ³
2197 5621 2268 5666 sic
2291 5607 2636 5679 plerique'nss.
2664 5621 2718 5660 Al.
2752 5611 2893 5658 cum;
2925 5607 3083 5672 aeque
3121 5614 3267 5672 potest
3296 5607 3544 5673 quisquam
3576 5611 3628 5662 di

2094 5693 2386 5800 “cpitliquot
2417 5746 2541 5791 uss,
2565 5733 2769 5784 auditor.

2160 5805 2180 5835 δ
2203 5805 2272 5852 sic
2289 5791 2387 5849 λιιι.
2415 5806 2585 5848 et
2606 5804 2748 5846 All-1'.
2773 5803 2823 5845 et
2843 5802 2970 5854 Lov.,
2993 5792 3234 5857 conﬁtere;
3268 5803 3321 5845 et
3334 5795 3472 5855 infra,
3491 5791 3648 5843 crede.
