4032 6202
445 376 613 451 ιτιτ¹

443 504 504 542 sc
527 485 668 556 quod
698 483 870 545 vellet,
900 482 984 549 qui
1014 475 1250 542 ait,Cnro
1274 473 1576 542 concupiscit
1604 474 1839 524 adversus
1860 470 2010 540 spiri-

444 585 551 632 tum
570 619 586 640 ,
610 577 816 645 spiritus
855 584 1020 626 autem
1065 569 1300 623 adversus
1332 581 1565 630 carnem,
1598 574 1656 618 ut
1686 578 1787 629 non
1823 581 1881 617 ea
1907 578 2018 631 qua:

440 668 618 726 vultis.
646 664 884 736 faciatis;
910 677 1029 716 cum
1057 659 1126 714 de
1154 673 1212 713 se
1240 658 1354 727 ipse
1378 663 1635 726 gemeret,
1662 655 1866 716 dicens,
1890 653 2015 706 Con-

460 758 668 813 ielector
692 755 790 828 legi
819 753 914 808 Dei
940 752 1211 807 secundum
1240 747 1525 802 interiorem
1563 746 1846 809 hominem;
1878 743 2020 797 video

453 859 614 902 autem
653 846 808 899 aliam
846 844 1004 914 legem
1030 843 1083 895 in
1121 838 1348 893 membris
1387 837 1507 905 mgis
1542 845 1899 906 repugnantem
1924 834 2020 904 legi

446 939 624 992 mentis
649 951 772 1001 mete
791 976 806 1003 ,
843 943 890 987 et
916 933 1165 1003 captivum
1197 947 1275 984 me
1300 929 1557 982 ducentem
1582 928 1635 980 in
1664 927 1769 997 lege
1792 926 1979 997 peccati
2002 967 2017 988 ,

447 1044 560 1098 qua:
577 1038 647 1083 est
667 1030 718 1081 in
735 1026 966 1081 membris
993 1024 1113 1076 meis
1131 1039 1150 1076 :
1175 1022 1293 1092 quia
1318 1036 1421 1074 non
1448 1019 1621 1074 solum
1648 1017 1700 1072 in
1728 1017 1886 1072 domo
1903 1030 2018 1083 sua,

449 1138 547 1177 nec
576 1122 743 1175 solum
777 1120 827 1174 in
856 1132 982 1187 agro
1010 1132 1131 1179 suo,
1150 1114 1245 1170 sed
1282 1114 1332 1166 in
1363 1126 1525 1168 carne
1554 1125 1647 1165 sua
1676 1110 1759 1164 vel
1783 1110 1835 1163 in
1864 1108 2022 1179 spiri-

450 1223 505 1266 tn
555 1227 652 1266 suo
680 1227 785 1264 non
811 1208 1050 1277 implevit
1078 1222 1195 1276 qua:
1220 1203 1448 1268 volebat,
1479 1202 1722 1256 clamavit
1744 1200 1808 1256 ad
1833 1201 2020 1265 Deum,

449 1307 536 1375 qui
569 1305 735 1356 omnia
764 1315 1085 1370 quaecumque
1109 1298 1262 1352 voluit
1286 1338 1303 1362 ,
1331 1283 1444 1366 facil
1472 1296 1525 1349 in
1550 1296 1673 1350 ctelo
1699 1303 1746 1348 et
1773 1294 1827 1347 in
1853 1302 2023 1358 terra;

450 1406 503 1447 et
526 1394 659 1446 dixit
682 1433 696 1456 ,
731 1384 922 1463 l'nfelix
953 1406 1042 1458 ego
1060 1390 1230 1449 homo,
1254 1388 1365 1457 quis
1388 1402 1465 1439 me
1481 1384 1706 1463 liberabit
1731 1384 1793 1440 de
1816 1398 2027 1452 corpore

449 1486 620 1537 mortis
650 1460 837 1551 hujus?
860 1490 915 1535 et
944 1480 1031 1534 ille
1066 1479 1234 1533 bonus
1258 1487 1311 1532 et
1335 1477 1421 1531 ille
1462 1460 1905 1546 suavis‘tanquam
1935 1490 2021 1530 re-

450 1573 736 1641 Spttndchl
765 1571 832 1632 υἱ,
862 1570 1112 1624 continuo
1140 1568 1396 1637 subjecit,
1421 1566 1595 1621 Gratia
1622 1566 1714 1620 Dei
1744 1584 1829 1637 per
1850 1566 2027 1621 Iesum

452 1665 703 1719 Christum
716 1664 986 1719 Dominum
997 1670 1220 1715 nostrum
1238 1660 1407 1730 (Rom.
1424 1659 1727 1729 Ναὶ-25).
1746 1660 1889 1714 Hanc
1900 1674 2027 1729 ergo
2068 1680 2074 1687 ν

451 1759 758 1812 suavitatem
786 1766 981 1821 amate,
1009 1755 1148 1810 hanc
1168 1755 1475 1808 suavitatem
1504 1753 1727 1807 laudate.
1753 1751 2029 1821 lntelligite
2100 1764 2106 1774 ‘

455 1850 617 1904 Deum
646 1848 734 1918 qui
769 1848 938 1902 omnia
969 1862 1288 1918 quacumque
1314 1844 1468 1898 voluit
1489 1886 1504 1910 ,
1543 1845 1657 1915 fecit
1684 1845 1736 1897 in
1757 1844 1879 1899 caelo
1904 1853 1951 1897 et
1975 1844 2029 1897 in

454 1952 621 2004 terra;
655 1942 768 2011 ipse
803 1950 858 1996 et
900 1940 953 1994 in
982 1940 1132 1994 vobis
1178 1938 1333 1993 faciet
1360 1937 1498 2005 quod
1526 1936 1710 2002 vultis,
1741 1937 1856 2005 ipso
1879 1935 2029 2004 adju-

452 2041 610 2087 vante
642 2031 968 2085 voluntatem
996 2038 1225 2084 vestram
1264 2027 1569 2098 implebitis.
1603 2025 1707 2081 Sed
1748 2025 1875 2080 dum
1923 2041 2027 2080 non

453 2124 698 2192 potestis,
727 2120 1081 2183 confitemini;
1113 2136 1231 2173 eum
1258 2112 1514 2188 poteritis,
1550 2117 1744 2186 gratias
1772 2099 2031 2186 agiteEja-

453 2223 668 2277 centes,
707 2210 1178 2279 clamate;erecti,
1228 2207 1504 2278 superbire
1542 2206 1728 2262 nolite.
1774 2207 1866 2262 llle
1904 2221 2030 2277 ergo

451 2307 507 2359 in
532 2306 653 2359 ctelo
690 2314 737 2359 et
782 2304 834 2356 in
876 2313 1006 2357 terra
1044 2302 1212 2355 omnia
1255 2315 1575 2369 quacumque
1612 2298 1766 2353 voluit
1809 2298 1945 2369 fecit,
1975 2298 2030 2352 in

453 2397 580 2450 mari
605 2396 718 2449 etin
739 2393 964 2448 omnibus
1003 2393 1213 2463 abyssis.

523 2486 611 2541 15.
639 2483 784 2558 [νοτε.
818 2482 896 2557 7.]
920 2483 1181 2538 Susrilans
1225 2483 1377 2537 nubes
1410 2482 1471 2534 ab
1501 2491 1723 2536 extremo
1752 2490 1919 2547 terra.
1952 2479 2031 2533 Vi-

453 2574 638 2629 demus
670 2574 771 2628 ista
799 2572 1215 2642 opera.Domini
1263 2572 1316 2626 in
1348 2570 1463 2641 ejus
1512 2579 1786 2626 creatura:
1815 2571 2028 2625 veniunt

443 2666 593 2719 enim
616 2665 785 2719 nubes
808 2664 875 2718 ab
901 2675 1141 2719 extremo
1173 2672 1330 2717 terra:
1356 2661 1424 2716 ad
1449 2661 1703 2724 medium,
1729 2669 1783 2715 et
1812 2660 2025 2730 pluunt;

458 2758 595 2813 unde
619 2756 945 2812 surrexerint
982 2755 1175 2809 nescis.
1199 2754 1340 2824 Ergo
1366 2753 1560 2826 indicat
1581 2753 1710 2808 illud
1726 2752 2022 2822 Propheta:

459 2854 523 2906 ab
552 2862 775 2907 extremo
802 2860 975 2914 terrae,
997 2849 1110 2903 sive
1133 2848 1199 2902 ab
1223 2848 1329 2901 imo
1347 2888 1363 2913 ,
1409 2848 1533 2901 sive.
1560 2861 1590 2900 a
1614 2845 2031 2902 circumdatione

456 2942 636 2997 finium
664 2950 838 3005 terrae,
866 2939 1004 2994 unde
1030 2938 1140 2992 vult
1168 2937 1361 2991 excitat
1391 2937 1577 3000 nubes,
1609 2944 1782 2992 tamen
1808 2951 1837 2989 a
1866 2944 2026 2991 terra.

457 3030 687 3103 Fulgura
721 3032 777 3085 in
815 3030 1035 3101 pluviam
1079 3029 1212 3099 fecit.
1249 3027 1380 3082 Nam
1429 3026 1632 3097 fulgura
1672 3026 1786 3081 sine
1831 3027 2027 3095 pluvia,

456 3135 710 3179 terrerent
738 3133 809 3189 te,
824 3130 876 3178 et
903 3122 1032 3176 nihil
1061 3121 1148 3175 tibi
1177 3119 1366 3175 darent
1391 3120 1429 3171 ¹.
1452 3118 1683 3189 Fulgura
1721 3120 1774 3173 in
1808 3120 2029 3190 pluviam

456 3217 590 3285 fecit.
620 3214 845 3284 Fulgura
873 3220 1017 3279 sunt,
1045 3211 1444 3275 eontremiscis;
1474 3210 1626 3278 pluit,
1654 3209 1870 3287 gaudes.
1896 3208 2027 3262 Ful-

454 3324 582 3377 gut'a
619 3307 672 3359 in
712 3305 930 3375 pluviam
954 3304 1110 3374 fecit;
1148 3302 1234 3372 qui
1264 3301 1480 3367 terruit,
1516 3301 1626 3370 ipse
1648 3304 1738 3355 ἰιι
1772 3300 2029 3370 gauderes

455 3397 597 3452 fecit.
621 3396 719 3464 Qui
744 3396 906 3450 educit
936 3404 1103 3448 ventos
1122 3394 1185 3446 de
1213 3392 1458 3446 thesauris
1486 3392 1591 3446 suis
1612 3407 1631 3444 :
1660 3391 1881 3446 occultis
1910 3407 2029 3445 catt“

454 3492 528 3547 sis
555 3532 569 3556 ,
599 3489 738 3544 unde
767 3488 954 3543 nescis.
996 3485 1133 3555 Quia.
1154 3487 1295 3540 enim
1325 3484 1417 3539 ﬂat
1441 3493 1631 3540 ventus
1654 3524 1669 3548 ,
1705 3484 1903 3548 sentis;
1925 3499 2027 3553 qua

455 3599 613 3638 causa
644 3581 736 3636 ﬂat
758 3623 772 3644 ,
808 3581 885 3635 vel
913 3580 979 3636 de
1006 3594 1112 3649 quo
1144 3580 1393 3634 thesauro
1421 3578 1639 3634 rationis
1679 3577 1899 3633 eductus
1923 3579 2024 3642 sit,

454 3674 659 3731 nescis:
688 3672 851 3728 debes
878 3682 1049 3726 tamen
1078 3670 1188 3725 Deo
1211 3670 1460 3740 pietatem
1482 3667 1748 3734 credendi,
1777 3668 1895 3738 quia
1922 3685 2027 3724 non

459 3764 608 3820 flaret
636 3765 734 3820 nisi
760 3763 1005 3834 jussisset
1033 3761 1117 3816 ille
1139 3762 1227 3832 qui
1255 3759 1379 3816 fecit
1398 3802 1412 3827 ,
1441 3759 1541 3814 nisi
1574 3760 1911 3830 produxisset
1938 3760 2026 3815 ille

453 3855 540 3925 qui
568 3869 688 3908 crea
698 3854 788 3907 vit.

524 3946 611 4000 14.
640 3944 787 4017 [τετε.
817 3940 983 4014 8-12.]
1002 3938 1398 4011 Videmus‘ergo
1419 3940 1533 3995 lia-c
1560 3939 1611 3994 in
1641 3950 1882 3994 creatura
1904 3940 2021 4007 ista;

468 4038 733 4092 laudamus
759 4078 772 4100 ,
817 4036 1097 4096 miramur,
1130 4032 1491 4088 benedieimns
1527 4033 1722 4086 Deum:
1755 4032 2043 4111 videamus.

457 4143 572 4197 apta:
614 4128 735 4183 fecit
770 4127 822 4181 in
873 4125 1170 4179 hominibus
1204 4132 1415 4194 propter
1445 4116 1692 4193 populum
1722 4138 1894 4177 suum.
1926 4122 2026 4191 Qui

454 4219 692 4287 percussit
717 4217 1044 4289 primogenita
1064 4213 1299 4287 diggpti.
1335 4214 1539 4270 Etenim
1575 4214 1659 4269 illa
1684 4213 1855 4268 divina
1884 4213 2022 4269 dicta

452 4320 577 4364 sunt
623 4324 740 4379 qum
786 4321 1024 4373 amares,
1073 4316 1124 4361 et
1175 4321 1280 4361 non
1340 4314 1492 4359 erant
1531 4304 1669 4359 dicta
1709 4320 1825 4373 quae
1874 4305 2025 4360 time-

452 4415 571 4454 res:
595 4396 826 4459 attende,
847 4396 965 4467 quia
990 4405 1044 4451 et
1068 4395 1277 4465 quando
1298 4395 1562 4459 irascitur,
1577 4393 1702 4448 facit
1728 4395 1866 4463 quod
1889 4395 2016 4449 vult.

455 4491 707 4546 Percussit
733 4488 1061 4560 primogenita
1080 4485 1319 4556 JEgypli.
1348 4484 1409 4538 ab
1432 4485 1636 4538 homine
1663 4502 1816 4553 usque
1839 4486 1907 4539 ad
1931 4504 2022 4557 pe-

451 4599 561 4636 cus.
606 4579 823 4634 Immisit
865 4580 1009 4649 signa
1035 4587 1080 4630 ct
1109 4577 1338 4647 prodigia
1374 4576 1425 4649 in
1463 4575 1625 4627 medio
1646 4575 1750 4639 tui,
1775 4574 2018 4646 ﬁgi/ple.

453 4671 630 4727 Nostis
651 4713 668 4738 ,
699 4670 899 4741 legistis
917 4659 1121 4739 quanta
1144 4682 1238 4737 per
1265 4665 1480 4737 Moysen
1511 4664 1692 4719 fecerit
1717 4680 1901 4718 manus
1928 4666 2022 4719 Do-

451 4762 581 4817 mini
608 4762 658 4816 in
688 4760 919 4832 Egypto
956 4758 1033 4814 ad
1060 4755 1367 4819 terrendos,
1409 4753 1476 4810 ad
1502 4753 1923 4819 contundendos,
1954 4755 2018 4809 ad

453 4849 778 4922 dejiciendos
820 4848 1075 4919 superbos
1119 4846 1413 4918 Egyptios.
1471 4843 1534 4898 In
1574 4842 1844 4898 Pharaone
1883 4855 1927 4897 et
1968 4846 2018 4899 in

449 4944 676 4998 omnibus
706 4941 857 4997 servis
883 4940 1009 5011 ejus.
1041 4939 1231 4993 Parum
1257 4947 1337 4992 est
1363 4937 1416 4991 in
1443 4935 1700 5007 Egypto;
1733 4935 1856 5005 quid
1885 4944 2020 5005 post-

448 5050 669 5106 eaquam
699 5032 920 5089 eductus
964 5039 1047 5086 est
1075 5029 1198 5084 inde
1228 5028 1487 5098 populus?
1517 5026 1617 5093 Qui
1643 5028 1882 5097 percussit
1906 5044 2019 5096 gen-

448 5135 520 5180 tes
575 5124 939 5195 multas:qu:e
987 5120 1324 5192 possidebant
1366 5127 1558 5174 terram
1605 5134 1763 5188 quam
1809 5118 2018 5173 volebat

447 5219 586 5275 Deus
618 5218 746 5274 dare
786 5215 982 5288 populo
1019 5229 1134 5269 suo.
1178 5211 1244 5265 Et
1272 5211 1451 5265 occidit
1491 5204 1628 5280 reges
1657 5214 1850 5280 fortes;
1879 5210 2014 5265 Seon

446 5329 609 5382 regem
637 5310 1042 5366 Aman/urorum
1065 5347 1082 5374 ,
1120 5315 1166 5360 et
1206 5303 1283 5377 0g
1320 5320 1481 5375 regem
1507 5301 1711 5366 Busan,
1761 5314 1806 5355 et
1847 5305 2014 5356 omnia

445 5421 597 5476 regna
640 5404 903 5460 Chanaan.
946 5400 1133 5457 Omnia
1188 5398 1284 5452 ista
1329 5394 1593 5466 quomodo
1635 5403 2013 5449 commemorat

445 5495 677 5552 breviter
702 5496 942 5550 Psalmus
962 5536 977 5559 ,
997 5493 1074 5547 sic
1098 5506 1159 5546 ea
1189 5489 1409 5560 legimus
1437 5488 1489 5540 in
1515 5486 1628 5539 aliis
1653 5484 1825 5541 Libris
1850 5484 2011 5539 dmni-

446 5580 598 5652 iﬁcis,
639 5597 693 5642 et
713 5603 899 5659 magna
927 5586 996 5641 ibi
1048 5598 1235 5639 manus
1265 5578 1490 5635 Domini.
1520 5577 1741 5648 Quando
1786 5588 1837 5633 tu
1866 5577 2009 5632 vides

510 5747 524 5775 ί
552 5740 773 5800 Plerique
796 5747 923 5795 Mss,
942 5734 1063 5786 nihil
1211 5738 1397 5785 darent.

509 5805 530 5837 ³
553 5799 720 5852 Plures
740 5808 865 5858 uss.,
901 5800 1000 5858 ipse
1024 5799 1185 5859 refecit

1660 358 1715 415 S.
1758 356 2113 414 AUGUSTINI
2151 357 2447 415 EPISCOPI

3556 369 3685 426 1743

2122 486 2239 539 qua:
2268 470 2399 526 facta
2418 482 2547 535 sunt
2570 471 2623 528 in
2653 473 2871 543 impios,
2914 492 3044 533 cave
3069 494 3138 534 ne
3159 478 3285 535 (iant
3314 482 3368 537 in
3396 492 3477 538 te:
3502 486 3569 540 ad
3595 494 3690 545 hoc
3714 494 3724 505 ‘

2121 562 2260 616 enim
2292 563 2344 616 in
2386 563 2503 617 illos
2534 565 2665 619 facta
2691 575 2813 620 sunt
2836 607 2852 634 ,
2884 578 2943 623 ut
2970 578 3024 624 tu
3062 573 3349 640 trausires,
3383 586 3438 630 et
3468 593 3561 633 eos
3587 596 3690 635 non

2123 652 2435 720 imitareris,
2476 663 2530 708 et
2565 655 2685 710 talia
2721 671 2827 711 non
2867 662 3141 727 patereris.
3189 663 3388 721 Tamen
3427 668 3546 725 vide
3571 673 3693 742 quia

2123 742 2383 812 ﬂagellum
2416 745 2622 801 Domini
2649 757 2731 800 est
2757 762 2916 818 super
2943 766 3151 808 omnem
3181 770 3416 813 carnem.
3443 760 3520 817 Ne
3545 774 3694 833 putes

2127 843 2178 889 te
2206 849 2308 887 non
2336 835 2502 890 videri
2526 838 2737 907 quando
2762 855 2948 908 peccas
2978 884 2992 907 ,
3034 860 3100 899 ne
3125 855 3277 913 putes
3306 858 3357 904 te
3404 857 3689 924 contemni,

2125 940 2194 979 ne
2226 934 2378 995 putes
2422 927 2700 983 Dominum
2726 931 2957 988 dormire
2982 952 2995 989 :
3033 938 3248 994 attende
3275 944 3514 1013 exempla
3535 946 3682 1002 bene-

2126 1016 2363 1073 liciorum
2394 1020 2519 1086 Dei,
2559 1036 2679 1076 cum
2724 1040 2785 1078 ea
2818 1027 3035 1094 recolis;
3068 1039 3267 1087 etcum
3293 1028 3575 1092 vindictam
3604 1039 3697 1096 Del

2126 1108 2317 1163 recolis
2339 1150 2355 1174 ,
2386 1107 2529 1164 time.
2552 1110 2895 1183 Omnipotens
2916 1128 3015 1181 est,
3042 1128 3097 1175 et
3124 1121 3189 1176 ad
3216 1126 3616 1197 consolandum,
3642 1141 3698 1188 et

2127 1197 2192 1251 ad
2218 1199 2599 1269 castigandum.
2638 1203 2760 1259 Ideo
2797 1216 2921 1262 sunt
2953 1209 3052 1264 ista
3082 1212 3227 1268 utilia
3272 1229 3393 1271 cum
3431 1218 3695 1290 leguntur.

2127 1288 2349 1357 Quando
2372 1304 2554 1385 autem
2583 1296 2699 1365 pius
2716 1297 2857 1354 videt
2880 1303 3016 1370 quod
3036 1318 3223 1372 passus
3245 1317 3328 1363 est
3345 1288 3556 1381 impius,
3575 1331 3701 1385 pur-

2127 1392 2217 1453 gat
2244 1399 2304 1439 se
2331 1384 2399 1438 ab
2423 1388 2566 1441 omni
2598 1388 2867 1457 impietate
2889 1433 2903 1457 ,
2930 1409 2998 1448 ne
3026 1399 3203 1453 veniat
3227 1409 3283 1455 et
3313 1401 3424 1471 ipse
3453 1403 3506 1460 in
3541 1384 3696 1463 talem

2131 1490 2339 1568 poenam
2383 1477 2646 1549 talemque
2675 1482 2977 1545 vindictam.
3016 1486 3156 1544 Bene
3202 1506 3330 1562 ergo
3355 1493 3469 1549 hmc
3495 1499 3699 1568 accepi-

2129 1567 2246 1620 stis.
2268 1566 2403 1633 Quid
2419 1569 2611 1626 deinde
2637 1571 2760 1627 fecit
2776 1574 2952 1630 Deus?
2979 1577 3189 1648 Expulit
3217 1582 3409 1651 impios
3434 1603 3445 1637 ε
3477 1586 3543 1640 Ει
3563 1566 3700 1644 dedit

2130 1669 2312 1711 terram
2327 1675 2497 1713 eorum
2521 1660 2877 1732 hwreditatem,
2906 1666 3243 1724 htereditatem
3262 1671 3427 1729 Israel
3434 1693 3573 1733 servo
3586 1696 3697 1734 suo.

2204 1748 2289 1801 15.
2323 1746 2468 1820 [vers.
2501 1748 2612 1822 15.]
2640 1751 2837 1827 Deinde
2856 1758 3139 1812 exsultatio
3159 1760 3329 1817 laudis
3348 1765 3491 1834 ejus:
3522 1767 3700 1824 Domi-

2132 1854 2193 1892 ne
2218 1881 2230 1898 .
2256 1856 2440 1895 nomen
2484 1851 2625 1896 tuum
2668 1845 2721 1898 in
2765 1848 3044 1914 steculum;
3084 1865 3200 1921 post
3236 1856 3533 1919 ista,omnia
3577 1880 3701 1932 quae

2130 1932 2466 2003 fecisti.Quid
2476 1934 2614 1990 enim
2627 1936 2782 1991 video
2802 1954 2919 2008 qua:
2943 1940 3139 1999 fecisti?
3160 1947 3384 2018 lnspicio
3403 1966 3701 2013 creaturam

2133 2030 2274 2076 tuam
2292 2038 2447 2093 quam
2471 2023 2636 2080 fecisti
2664 2027 2715 2081 in
2742 2029 2899 2095 coelo,
2929 2032 3149 2104 inspicio
3169 2037 3304 2096 hanc
3319 2043 3474 2098 imam
3497 2057 3701 2115 partem

2135 2112 2219 2166 ubi
2245 2112 2571 2182 habitamus;
2595 2125 2650 2172 et
2668 2116 2792 2174 hinc
2818 2120 2974 2177 video
3014 2124 3268 2184 beneﬁcia
3314 2143 3418 2199 tua,
3453 2112 3700 2205 nubium,

2133 2213 2427 2271 ventorum,
2448 2208 2757 2277 pluviarum.
2776 2216 3033 2286 Populum
3055 2229 3199 2274 tuum
3210 2226 3425 2277 attendo
3442 2245 3456 2282 :
3472 2228 3701 2286 eduxisti

2132 2310 2226 2350 eos
2253 2297 2320 2351 de
2359 2299 2517 2355 domo
2539 2306 2806 2362 servitutis
2833 2350 2849 2375 ,
2901 2318 2955 2364 et
2978 2311 3124 2381 signa
3167 2324 3220 2368 et
3264 2317 3500 2388 prodigia
3534 2320 3701 2378 fecisti

2133 2389 2269 2442 inter
2291 2389 2531 2447 inimicos
2555 2408 2761 2464 eorum,
2777 2402 2967 2469 punisti
2989 2417 3083 2458 eos
3101 2420 3235 2474 quos
3255 2408 3507 2465 molestos
3531 2414 3702 2480 patie-

2133 2479 2343 2548 bantur,
2369 2483 2558 2553 impios
2576 2487 2642 2542 de
2664 2497 2800 2546 terra
2812 2508 2904 2547 sua
2929 2494 3152 2564 ejecisti,
3175 2514 3325 2569 reges
3349 2479 3543 2558 eorum
3555 2508 3702 2562 occi—

2133 2570 2275 2638 disti,
2299 2581 2491 2631 terram
2518 2593 2699 2650 eorum
2722 2585 2914 2653 populo
2936 2595 3025 2643 tuo
3043 2587 3263 2655 dedisti;
3295 2593 3398 2648 vidi
3428 2601 3627 2660 omnia,
3652 2610 3705 2656 et

2134 2664 2378 2735 impletus
2403 2668 2556 2726 laude
2582 2671 2728 2727 dixi:
2753 2672 2987 2739 Domine.
3010 2696 3184 2735 nomen
3207 2693 3349 2737 tuum
3368 2687 3420 2739 in
3437 2688 3700 2744 stecnlum.

2372 2761 2700 2830 Superiorum
2728 2784 2954 2823 versuum
2979 2775 3219 2842 expositio
3243 2779 3471 2847 mystica.

2208 2851 2292 2906 16.
2324 2850 2471 2923 [rers.
2499 2853 2576 2928 6.]
2631 2857 2755 2913 Hinc
2799 2860 3012 2929 quidem
3059 2863 3126 2918 ad
3168 2864 3398 2922 litteram
3435 2872 3702 2939 quomodo

2133 2943 2324 3011 scripta
2352 2951 2475 2998 sunt
2501 2946 2740 3003 videmus
2761 2988 2777 3015 ,
2809 2950 3051 3023 novimus
3073 2993 3088 3017 ,
3111 2954 3407 3013 laudamus.
3447 2960 3503 3016 Si
3521 2972 3699 3019 autem

2133 3031 2327 3100 aliquid
2356 3034 2669 3104 significant,
2697 3052 2800 3092 non
2829 3040 2926 3095 sim
2954 3057 3231 3107 onerosus.
3258 3048 3383 3103 dum
3409 3053 3617 3121 explica
3648 3063 3725 3110 ut'

2135 3132 2336 3191 potero.
2385 3125 2522 3182 Ecce
2564 3129 2618 3183 in
2652 3129 2779 3198 ipsis
2823 3132 3124 3191 hominibus
3172 3154 3383 3207 possum
3411 3158 3704 3214 agnoscere

2133 3214 2253 3284 quia
2277 3216 2328 3270 in
2353 3219 2476 3273 ctelo
2503 3221 2627 3277 etin
2652 3231 2788 3277 terra
2823 3226 2991 3279 omnia
3018 3244 3338 3301 quaeautque
3358 3236 3530 3301 voluit,
3559 3240 3701 3308 fecit.

2137 3308 2344 3365 Caelum
2374 3311 2515 3369 enim
2556 3315 2866 3384 aethereum,
2891 3320 3190 3388 spirituales
3216 3325 3450 3394 accipio;
3481 3340 3699 3395 terram,

2131 3403 2369 3457 carnales
2404 3420 2417 3455 :
2446 3419 2511 3458 ex
2538 3404 2619 3460 his
2653 3406 2857 3464 duobus
2882 3420 3125 3480 tanquam
3165 3414 3303 3470 cmlo
3330 3428 3382 3471 et
3406 3427 3543 3474 terra
3571 3436 3703 3476 con-

2132 3501 2236 3548 stat
2261 3493 2491 3550 Ecclesia
2510 3496 2621 3561 Dei;
2641 3506 2694 3552 et
2714 3498 2779 3553 ad
2804 3501 3099 3569 spirituales
3123 3507 3345 3573 pertinet
3373 3511 3701 3579 prmdieatio,

2130 3585 2195 3639 ad
2218 3586 2457 3641 carnales
2478 3588 2703 3656 pertinet
2716 3590 3112 3648 obsecundatio.
3130 3595 3257 3651 Nam
3275 3608 3327 3652 et
3342 3601 3703 3658 caelicnarrant

2130 3678 2345 3747 gloriam
2373 3679 2488 3745 Dei,
2520 3690 2566 3735 et
2590 3681 2726 3753 facta
2766 3700 3004 3739 manuum
3044 3688 3153 3758 ejus
3205 3693 3472 3746 annuntiat
3516 3695 3702 3763 [inna-

2129 3786 2347 3827 mentum
2372 3773 2547 3844 (Psal.
2578 3793 2716 3840 xvnt,
2740 3779 2820 3847 2).
2851 3778 2906 3834 Si
2934 3790 3108 3835 autem
3136 3793 3271 3837 terra
3300 3784 3394 3839 Dei
3427 3802 3529 3840 non
3551 3763 3702 3846 esset

2131 3864 2278 3933 plebs
2309 3866 2422 3931 Dei,
2453 3882 2558 3921 non
2587 3866 2788 3922 diceret
2814 3871 3097 3937 Apostolus
3121 3914 3135 3936 ,
3168 3873 3262 3928 Dei
3286 3875 3574 3944 aediﬁcatio,
3604 3879 3705 3935 Dei

2129 3954 2438 4024 agricultura
2465 3958 2582 4011 estis
2605 3973 2625 4011 :
2670 3959 2799 4011 sicut
2824 3952 3024 4026 sapiens
3060 3961 3360 4017 architectus
3391 3966 3704 4035 fundamen-

2127 4055 2234 4098 tum
2274 4047 2456 4115 posui;
2507 4049 2637 4101 alius
2678 4049 3068 4119 superwdiﬁcat.
3135 4052 3274 4124 Ergo
3298 4055 3571 4111 aedilicium
3609 4060 3702 4115 Dei

2127 4151 2331 4197 sumus.
2362 4146 2414 4191 et
2440 4153 2564 4208 ager
2593 4138 2685 4192 Dei
2719 4155 2919 4194 sumus.
2956 4141 3079 4207 Quis
3098 4185 3114 4207 ,
3165 4143 3332 4213 inquit
3363 4186 3377 4212 ,
3409 4146 3607 4215 plantat
3629 4150 3705 4202 vi-

2128 4242 2293 4292 neam,
2321 4236 2367 4281 el
2387 4229 2449 4282 de
2474 4231 2639 4300 fructu
2666 4231 2773 4301 ejus
2797 4248 2895 4285 non
2922 4234 3129 4302 percipit
3147 4235 3187 4305 (l
3216 4235 3333 4290 Cor.
3369 4254 3440 4303 Ix,
3463 4238 3558 4308 7)?
3586 4239 3702 4309 Ego

2130 4319 2353 4388 plantavi
2374 4362 2388 4382 ,
2429 4319 2610 4386 Apollo
2636 4322 2851 4390 rigavit,
2894 4323 2983 4377 sed
3029 4323 3161 4379 Deus
3188 4326 3539 4384 incrementum
3558 4332 3702 4387 dedit

2128 4406 2237 4479 (Id.
2267 4425 2341 4467 ιιι.
2371 4408 2423 4475 9,
2454 4410 2539 4473 10,
2567 4409 2644 4479 6).
2673 4412 2811 4481 Eigo
2855 4420 2909 4465 et
2933 4412 2986 4468 in
3012 4414 3244 4472 Ecclesia
3264 4431 3376 4485 sua,
3406 4428 3459 4473 et
3483 4420 3536 4473 in
3560 4438 3706 4490 prse-

2125 4499 2449 4555 dieatoribus
2469 4502 2598 4567 suis,
2627 4511 2680 4555 et
2705 4502 2758 4556 in
2788 4504 3026 4572 plebibus
3052 4506 3184 4573 suis,
3218 4515 3462 4579 tanquam
3485 4510 3537 4564 in
3555 4514 3703 4568 caelo

2125 4600 2178 4646 et
2198 4590 2248 4645 in
2272 4584 2429 4655 terra,
2457 4593 2633 4646 omnia
2657 4610 3002 4665 quaecumque
3022 4597 3204 4662 voluit,
3230 4599 3369 4654 fecit.
3394 4601 3585 4655 Parum
3612 4613 3703 4659 est

2125 4683 2178 4737 in
2208 4682 2321 4740 eis:
2377 4682 2442 4737 In
2485 4687 2612 4737 mari
2639 4695 2684 4738 et
2708 4685 2760 4738 in
2783 4687 3008 4741 omnibus
3035 4689 3226 4759 abyssis
3253 4692 3419 4746 omnia
3443 4710 3702 4764 quacum-

2123 4790 2217 4845 que
2242 4776 2429 4843 voluit,
2454 4777 2591 4847 fecit.
2620 4776 2762 4833 Mare
2801 4791 2925 4833 sunt
2959 4794 3145 4836 omnes
3187 4782 3425 4840 inﬁdeles
3450 4825 3465 4846 ,
3504 4800 3699 4842 omnes

2124 4867 2354 4923 nondum
2376 4868 2653 4924 credentes
2671 4911 2686 4933 ,
2714 4880 2770 4925 et
2795 4870 2846 4923 in
2876 4871 2954 4925 eis
2977 4873 3145 4928 omnia
3166 4890 3486 4946 quiscumque
3513 4879 3695 4946 voluit,

2123 4960 2257 5030 fecit.
2294 4960 2404 5015 Non
2432 4960 2574 5014 enim
2604 4960 2824 5015 saeviunt
2850 4959 3086 5017 inﬁdeles
3110 5002 3125 5028 ,
3154 4964 3255 5019 nisi
3282 4966 3693 5034 permittantur;

2122 5060 2211 5104 aut
2230 5050 2525 5106 vindicatur
2552 5050 2602 5106 in
2624 5066 2737 5115 eos,
2767 5051 2980 5121 quando
3004 5055 3239 5122 perversi
3266 5065 3426 5123 sunt,
3454 5058 3553 5112 nisi
3577 5057 3696 5128 jus.

2120 5141 2249 5195 serit
2273 5140 2357 5194 ille
2382 5140 2468 5210 qui
2499 5142 2618 5196 fecit
2646 5156 2833 5196 omnes
2855 5152 3059 5212 gentes.
3091 5144 3222 5199 Puta
3247 5147 3370 5215 quia
3397 5164 3542 5203 mare
3566 5158 3652 5203 est
3672 5190 3692 5217 ,

2119 5240 2174 5285 et
2202 5245 2305 5285 non
2324 5239 2498 5296 terra;
2527 5232 2778 5301 numquid
2810 5232 2929 5287 ideo
2956 5250 2986 5288 a
3015 5243 3278 5316 potestate
3305 5237 3398 5292 Dei
3445 5238 3692 5309 omnipoo
3782 5277 3790 5286 -

2118 5322 2278 5376 tentis
2305 5322 2532 5376 alienum
2563 5323 2685 5377 est?
2713 5322 2778 5376 Et
2803 5324 2856 5379 in
2891 5326 3021 5378 mari
3046 5336 3092 5379 et
3127 5326 3178 5380 in
3221 5327 3445 5382 omnibus
3494 5329 3694 5398 abyssis

2115 5428 2228 5484 qua:
2254 5413 2443 5477 voluit,
2474 5412 2608 5480 fecit.
2657 5413 2754 5480 Qui
2801 5423 2927 5469 sunt
2961 5415 3229 5485 abyssus?
3260 5417 3494 5472 Latentia
3524 5420 3689 5473 corda

2115 5499 2413 5559 mortalium
2436 5544 2452 5569 ,
2485 5503 2758 5572 profunda:
2811 5507 3157 5576 cogitationes
3196 5505 3491 5562 hominum.
3537 5508 3687 5574 Quo-

2114 5596 2274 5651 modo
2293 5605 2347 5652 et
2362 5596 2431 5650 ibi
2454 5595 2578 5650 facit
2602 5597 2739 5652 Deus
2761 5598 2901 5667 quod
2924 5599 3070 5657 vult?
3093 5599 3226 5666 Quia
3253 5597 3685 5661 Dominusjnter-

2113 5697 2257 5758 rogat
2272 5688 2471 5757 justum
2495 5698 2541 5741 et
2561 5688 2771 5757 impium
2796 5704 2815 5742 :
2837 5690 2924 5759 qui
2943 5699 3112 5743 autem
3137 5691 3301 5762 diligit
3328 5691 3638 5762 iniquitatem
3660 5731 3679 5755 ,

2118 5781 2220 5836 odit
2247 5781 2469 5837 animam
2487 5798 2629 5836 suam
2663 5780 2828 5852 (Psal.
2863 5798 2914 5850 x,
2947 5784 3025 5854 ti).
3068 5784 3134 5838 Et
3160 5783 3247 5840 ubi
3274 5784 3421 5840 illum
3450 5784 3681 5839 interro-
