4032 6202
420 355 553 411 1749

416 467 544 537 gat?
585 465 722 520 Alibi
765 467 1010 534 scriptum
1036 475 1152 519 est:
1200 462 1266 516 In
1296 461 1673 533 cogitationibus
1699 459 1839 525 impii
1884 459 1966 510 in-

416 551 682 618 terrogatio
731 549 822 601 erit
866 548 1014 616 (Sap.
1044 563 1079 610 t,
1103 547 1178 616 9).
1210 547 1366 614 Ergo.
1395 555 1440 598 et
1461 547 1510 597 in
1532 542 1753 596 omnibus
1781 542 1969 611 abyssis

414 639 582 691 omnia
611 655 924 708 quintumque
942 639 1116 698 voluit,
1142 638 1273 706 fecit.
1303 636 1455 690 Latet
1484 651 1576 690 cor
1605 635 1818 698 bonum,
1843 634 1970 686 latet

411 745 508 783 cor
538 730 727 782 malum
753 746 765 793 ;
795 729 1015 798 abySsus
1043 739 1121 781 est
1147 737 1200 781 et
1220 728 1270 780 in
1294 727 1452 781 corde
1477 727 1634 788 b0no,
1663 737 1715 778 ct
1737 727 1785 778 in
1807 723 1970 777 Corde

412 820 591 872 malo:
620 819 709 874 sed
738 819 847 874 hare
877 820 1011 872 nuda
1029 830 1148 871 sunt
1176 821 1301 880 Deo,
1329 835 1482 888 quem
1511 817 1639 871 nihil
1667 817 1808 870 latet.
1833 812 1971 868 Con-

413 914 620 968 solatur
661 928 752 967 cor
781 913 998 978 bonum,
1034 923 1242 980 torquet
1269 928 1363 966 cor
1391 913 1603 966 malum.
1636 910 1817 964 Omnia
1844 925 1970 978 ergo

410 1024 524 1076 qua:
550 1008 722 1071 coluit,
747 1006 861 1075 fecit
883 1007 933 1059 in
962 1008 1083 1060 cado
1112 1017 1154 1059 et
1180 1007 1232 1060 in
1254 1015 1405 1070 terra,
1434 1007 1487 1061 in
1515 1005 1643 1058 mari
1661 1015 1704 1058 et
1727 1005 1778 1057 in
1805 1003 1966 1056 omni-

410 1097 502 1150 bus
526 1095 732 1167 abyssis.

483 1188 567 1240 17.
622 1186 768 1258 [vers.
801 1187 878 1258 7.]
924 1187 1184 1242 Suscitans
1237 1187 1388 1240 nubes
1435 1185 1496 1240 ab
1534 1197 1750 1240 extremo
1805 1194 1967 1239 terrai.

411 1283 551 1345 Quas
597 1280 801 1333 nubes?
841 1280 1212 1334 Praedicatores
1251 1279 1399 1333 verbi
1440 1277 1677 1344 veritatis
1719 1293 1848 1331 sum.
1896 1277 1969 1330 De

410 1373 601 1441 quilms
648 1373 872 1426 nubibus
917 1373 1020 1426 alio
1061 1373 1188 1440 loco,
1219 1373 1451 1426 irascens
1474 1371 1640 1424 vinea:
1666 1386 1774 1422 sum
1800 1369 1964 1431 dicit,

413 1465 667 1518 Mandabo
717 1465 922 1517 nubibus
958 1465 1080 1516 meis
1124 1481 1184 1516 ne
1209 1465 1382 1534 pluunt
1409 1479 1556 1529 super
1588 1461 1728 1514 illam
1763 1460 1968 1512 imbrem

412 1555 562 1620 (Isai.
596 1571 649 1620 ν,
675 1555 750 1623 6).
787 1555 846 1608 Et
877 1572 1056 1622 parum
1082 1564 1162 1607 est
1184 1554 1440 1608 excitasse
1475 1553 1638 1605 nubes
1664 1552 1729 1606 dc
1752 1551 1967 1604 Jerusa-
2022 1573 2030 1590 κ

411 1646 512 1700 lem
539 1646 621 1699 vel
652 1646 716 1698 de
759 1645 912 1698 lsrael
939 1685 953 1710 ,
997 1660 1125 1710 quas
1153 1645 1292 1697 misit
1319 1644 1600 1712 prmdieare
1628 1641 1966 1707 Evangeliuut

411 1752 564 1790 suum
596 1738 644 1790 in
682 1747 791 1791 toto
817 1737 944 1789 orbe
974 1745 1262 1798 terrarum;
1297 1734 1361 1788 de
1399 1735 1587 1803 quibus
1624 1733 1846 1786 nubibus
1891 1732 1969 1784 di-

412 1837 552 1880 ctum
584 1837 684 1891 est,
735 1826 798 1879 In
828 1843 1021 1880 omnem
1052 1836 1233 1878 terram
1259 1826 1403 1878 exivit
1429 1841 1580 1878 sonus
1610 1840 1777 1878 eorum
1804 1864 1818 1888 ,
1847 1833 1891 1874 et
1917 1823 1966 1875 in

411 1919 534 1986 ﬁnes
561 1919 690 1971 orbis
718 1928 864 1972 teme
905 1899 1050 1971 verbd
1066 1933 1240 1988 ,eorum
1274 1917 1439 1987 (Psal.
1471 1932 1594 1969 xvnt
1616 1957 1631 1980 ,
1663 1915 1716 1987 5)
1745 1931 1758 1978 ;
1785 1891 1966 1984 paium

409 2018 491 2061 est
520 2008 617 2063 hoc
642 2027 653 2062 τ
685 2009 774 2062 sed
796 2009 911 2078 quia
939 2008 1052 2077 ipse
1079 2007 1331 2060 Dominus
1355 2007 1460 2069 ait,
1492 2005 1852 2060 Prwdicabitur
1877 2005 1969 2058 hoc

410 2097 734 2167 Evangelium
760 2099 897 2167 regni
926 2099 975 2150 in
1005 2107 1106 2150 toto
1127 2096 1243 2149 orbe
1271 2107 1542 2158 terrarum,
1561 2098 1611 2148 in
1638 2097 1969 2148 testimonium

410 2191 634 2243 omnibus
652 2189 894 2259 gentibus,
913 2199 956 2242 et
975 2201 1091 2242 tunc
1112 2190 1267 2241 veniet
1283 2188 1399 2256 [inis
1417 2187 1625 2256 (Matth.
1645 2203 1795 2250 xxw,
1828 2188 1917 2255 14)
1951 2204 1966 2254 ;

406 2281 600 2334 excitat
622 2281 785 2334 nubes
809 2282 874 2334 ab
902 2289 1140 2334 extremo
1159 2290 1331 2333 teme.
1349 2279 1478 2332 Nam
1499 2287 1768 2333 crescente
1794 2278 1968 2331 Evan-

407 2373 547 2439 gelio
576 2413 590 2436 ,
643 2371 783 2425 unde
817 2381 971 2424 erunt
1002 2370 1372 2437 pra'dicatores
1404 2371 1664 2439 Evangelii
1696 2370 1746 2422 in
1779 2369 1968 2430 finibus

409 2473 564 2516 terra:
587 2504 601 2525 ,
637 2462 733 2515 ttisi
763 2463 832 2514 ibi
861 2463 1059 2515 excitet
1086 2464 1253 2516 nubes
1282 2462 1348 2515 ab
1377 2471 1612 2514 extremo
1650 2461 1847 2515 terra)?
1897 2462 1969 2516 De

410 2553 535 2620 ipsis
564 2561 734 2605 autem
765 2553 988 2606 nubibus
1017 2553 1140 2622 quid
1183 2551 1479 2620 operatur?
1528 2551 1751 2622 Fulgura
1770 2553 1821 2604 in
1852 2553 1969 2620 plu-

406 2645 536 2696 viam
567 2645 681 2713 fecit
706 2662 724 2698 :
749 2646 914 2699 minas
940 2645 1004 2698 ad
1037 2645 1450 2700 misericordiam
1477 2643 1638 2709 ﬂexit,
1661 2643 1729 2698 de
1757 2644 1969 2699 terrori-

405 2735 505 2789 bus
522 2736 772 2807 irrigavit.
789 2737 1062 2804 Quomodo
1077 2736 1108 2790 d
1121 2753 1151 2791 e
1167 2736 1455 2791 terroribus
1473 2737 1701 2803 irrigavit
1715 2735 1737 2789 ?
1750 2735 1972 2803 Quando

407 2826 498 2880 tibi
530 2827 755 2880 minatur
794 2827 931 2885 Deus
969 2841 1063 2896 per
1089 2827 1400 2895 prophetam
1433 2835 1484 2879 et
1510 2841 1603 2894 per
1629 2827 1921 2894 apostolum
1952 2867 1966 2890 ,

404 2927 461 2970 et
489 2917 639 2970 times
666 2934 680 2980 ;
715 2933 887 2971 nonne
924 2919 1216 2971 coruscatio
1245 2917 1432 2970 terruit
1460 2917 1546 2971 te?
1575 2916 1678 2971 Sed
1705 2932 1822 2971 cum
1853 2931 1968 2984 pa:-

406 3007 620 3060 nitendo
646 3008 944 3077 corrigcris,
972 3017 1025 3061 et
1051 3008 1294 3077 agnoscis
1322 3007 1422 3060 hoc
1447 3006 1806 3062 misericordia
1834 3005 1965 3071 fieri,

411 3097 464 3150 iu
505 3097 730 3167 pluviam
763 3099 982 3151 vertitur
1012 3097 1230 3168 fulguris
1273 3106 1462 3152 terror.
1493 3097 1588 3164 Qui
1611 3098 1775 3151 educit
1805 3109 1969 3151 ventos

405 3189 470 3241 de
497 3190 738 3243 thesauris
767 3191 888 3244 suis.
924 3189 1145 3245 Eosdem
1178 3199 1305 3261 puto
1327 3191 1694 3259 prmdicatores
1719 3201 1772 3245 et
1801 3191 1968 3243 nubes

404 3291 460 3333 et
501 3291 719 3334 ventos:
769 3282 935 3336 nubes
957 3325 970 3348 ,
1004 3291 1217 3351 propter
1248 3298 1496 3345 carnem;
1538 3291 1722 3336 ventos
1756 3291 1969 3350 propter

404 3379 664 3445 spiritum.
689 3378 865 3432 Nubes
903 3381 1039 3432 enim
1077 3379 1359 3444 videntur,
1411 3379 1548 3433 venti
1594 3380 1888 3433 sentiuntur
1915 3388 1968 3431 et

406 3487 508 3522 non
538 3472 793 3524 videntur.
823 3471 1052 3540 Denique
1079 3472 1326 3541 quoniam
1356 3486 1565 3525 carnem
1585 3470 1824 3524 videmus
1849 3484 1966 3524 esse

403 3559 471 3613 de
502 3571 656 3614 terra.
687 3559 884 3626 Nubes,
923 3561 1109 3629 inquit,
1133 3563 1315 3614 excitat
1343 3563 1404 3612 ab
1433 3571 1646 3614 extremo
1669 3570 1829 3613 terrte.
1855 3561 1963 3614 Ett-

402 3662 667 3722 prcsserat
707 3653 842 3707 unde
881 3653 1071 3707 excitet
1101 3653 1270 3708 nubes
1298 3672 1310 3707 :
1338 3655 1480 3706 venit
1503 3653 1566 3705 ad
1596 3661 1782 3704 ventos
1801 3693 1815 3712 ,
1846 3651 1964 3720 quia

401 3744 615 3810 spiritus
655 3743 879 3796 hominis
908 3743 1174 3811 ignoratur
1221 3744 1358 3796 unde
1387 3744 1598 3796 veniat:
1633 3741 1924 3795 Producens
1948 3784 1963 3805 ,

403 3835 570 3902 inquit
595 3876 610 3898 ,
659 3843 825 3886 ventos
868 3835 929 3886 de
972 3836 1218 3888 thesauris
1243 3837 1364 3889 suis.
1395 3834 1667 3888 Paululum
1690 3833 1961 3900 attendite,

400 3936 456 3980 et
484 3935 669 3980 cartera
702 3927 990 3980 videamus.

477 4018 556 4072 l8.
589 4015 737 4089 [vers.
767 4016 843 4089 8.]
891 4016 991 4082 Qui
1036 4019 1276 4086 percussit
1314 4018 1635 4089 primogenita
1664 4017 1879 4088 .Egypti
1903 4002 1965 4071 ab

401 4109 600 4161 homine
632 4125 786 4178 usque
809 4107 876 4160 ad
911 4125 1080 4179 pecus.
1110 4109 1460 4178 Primogenita
1487 4119 1662 4163 nostra
1691 4110 1832 4162 salva
1859 4109 1963 4163 sint

401 4199 646 4261 Domino,
680 4200 925 4269 quoniam
955 4201 1068 4267 ipse
1095 4216 1154 4253 ea
1180 4200 1321 4254 dedit
1344 4201 1516 4254 nobis.
1546 4201 1760 4254 Molesta
1787 4210 1961 4255 autem

401 4304 554 4358 mana
594 4299 698 4356 est,
733 4299 786 4343 ct
824 4290 1040 4342 nimium
1069 4291 1315 4344 terribilis
1341 4291 1509 4360 plaga,
1539 4307 1680 4344 mors
1703 4292 1964 4360 primoge-

400 4387 649 4435 nitorum.
698 4382 825 4449 Quae
869 4391 993 4434 sunt
1038 4379 1376 4451 primogenita
1425 4384 1639 4437 nOSIra?
1681 4385 1848 4437 Mores
1879 4385 1964 4438 isti

398 4471 587 4532 nostri,
610 4471 796 4540 quibus
823 4486 964 4524 nunc
993 4473 1250 4526 servimus
1277 4473 1401 4536 Deo,
1427 4472 1534 4542 ipsa
1563 4483 1683 4526 sunt
1705 4473 1964 4543 primoge-

400 4561 507 4616 nita
555 4573 752 4615 nostra.
795 4562 1057 4615 Primitias
1095 4563 1233 4615 enim
1278 4563 1528 4616 habemus
1572 4564 1736 4632 ipsam
1786 4564 1961 4629 fidem,

399 4655 541 4721 unde
581 4653 876 4720 incipimus.
912 4653 1161 4706 Ecclesia:
1193 4654 1382 4722 quippe
1407 4654 1600 4707 dictum
1629 4663 1725 4718 cst,
1763 4653 1960 4718 Venies,

400 4753 446 4797 et
469 4743 769 4812 pertransies
798 4741 857 4794 ab
893 4743 1032 4795 initio
1062 4743 1180 4811 ﬁdei
1209 4741 1390 4813 (Cant.
1420 4758 1494 4808 tv,
1521 4744 1574 4808 8,
1601 4759 1698 4796 sec.
1730 4743 1908 4813 LXX.)
1946 4761 1959 4797 :

399 4844 454 4889 et
492 4853 645 4889 nemo
687 4835 882 4904 incipit.
913 4835 1044 4889 bene
1085 4834 1279 4894 vivere.
1311 4834 1410 4888 nisi
1435 4851 1464 4888 a
1491 4835 1611 4889 ﬁde.
1652 4835 1810 4889 Fides
1838 4851 1964 4905 ergo

399 4937 578 4983 nostra
603 4927 652 4979 in
685 4926 1045 4996 primogenitis
1068 4927 1258 4979 nostris
1282 4934 1382 4979 est.
1421 4926 1640 4993 Quando
1671 4926 1965 4981 custoditur

401 5019 531 5073 fides
553 5027 752 5083 nostra,
778 5029 964 5072 caetera
988 5019 1233 5087 subsequi
1263 5029 1497 5085 possunt.
1527 5017 1656 5070 Nam
1683 5017 1820 5086 quod
1845 5033 1964 5086 pur-

399 5121 588 5176 gantur
624 5108 862 5160 homines
886 5106 1117 5175 quotidie
1147 5105 1464 5174 protieiendo
1493 5107 1542 5158 in
1581 5107 1765 5160 melius
1787 5147 1800 5171 ,
1848 5123 1962 5161 me-

400 5201 604 5265 liusque
637 5197 876 5262 vivendo,
912 5199 1025 5266 ipso
1066 5197 1313 5252 interiore
1353 5197 1564 5251 homine
1609 5209 1860 5252 renovato
1896 5199 1964 5253 de

398 5289 484 5342 die
508 5289 559 5341 in
587 5287 746 5352 diem,
778 5288 914 5342 sicut
933 5287 1061 5341 dicit
1080 5287 1381 5355 Apostolus,
1405 5285 1471 5339 Et
1500 5288 1544 5340 si
1564 5288 1776 5341 exterior
1801 5299 1965 5342 noster
2003 5306 2006 5310 '

399 5381 545 5431 homo
574 5377 930 5445 corrumpitur,
955 5377 1040 5430 sed
1061 5377 1263 5430 interior
1288 5387 1551 5429 renovatur
1571 5377 1632 5430 de
1656 5377 1736 5430 die
1755 5379 1804 5430 in
1833 5379 1963 5430 diem

399 5471 461 5537 (ll
486 5470 602 5522 Cor.
629 5484 701 5534 tv,
721 5469 840 5538 lli);
870 5469 987 5522 ideo
1014 5467 1200 5538 fitquia
1219 5468 1558 5538 primogenita
1579 5467 1708 5522 ﬁdes
1731 5469 1875 5533 vivit,
1900 5471 1964 5522 de

397 5575 498 5630 qua
527 5558 875 5629 primogenita
903 5558 1004 5612 fide
1036 5568 1089 5612 et
1118 5558 1398 5626 Apostolus
1420 5563 1510 5622 ait,
1543 5557 1660 5610 Non
1683 5559 1841 5612 soluat
1867 5576 1962 5611 au-

399 5663 515 5714 tem,
546 5649 634 5704 sed
659 5658 706 5702 et
733 5651 823 5704 nos
850 5650 947 5719 ipsi
973 5651 1218 5719 primitias
1245 5651 1448 5718 spiritus
1474 5651 1737 5716 habentes;
1781 5651 1829 5704 id
1859 5662 1960 5714 est,

397 5743 586 5798 dantes
632 5743 736 5812 jam
782 5743 891 5798 Deo
935 5744 1187 5812 primitias
1222 5743 1434 5812 spiritus
1472 5744 1656 5810 nostri,
1703 5744 1802 5798 hoc
1845 5752 1958 5808 est,

1425 347 1813 402 ENARRATIO
1850 345 1913 398 IN
1953 345 2266 404 PSALMUM
2305 349 2584 405 CXXXIV.

3509 357 3660 414 1⁵750·

2079 459 2241 527 ipsam
2281 461 2432 516 iidem
2465 445 2712 533 tanquam
2751 463 3090 534 primogenita
3130 474 3341 530 nostra;
3386 477 3553 524 union
3588 477 3644 528 in

2078 551 2436 620 nobismetipsis
2481 555 2877 622 ingemiscimus,
2915 555 3236 624 adoptionem
3276 567 3641 629 exspectantes,

2074 643 2461 712 redemptionem
2485 646 2704 713 corporis
2730 646 2887 698 nostri
2917 643 3100 712 (Rom.
3125 662 3236 714 vttt,
3265 648 3336 702 25
3358 649 3396 718 ).
3437 649 3641 722 Sivergo

2075 749 2259 801 magna
2305 735 2393 788 Dei
2437 737 2602 805 gratia
2642 745 2725 790 est
2769 745 2828 792 ut
2870 749 3211 793 conservetur
3252 740 3382 796 fides
3419 754 3637 808 nostra;

2077 840 2260 894 magna
2293 840 2444 893 pcena
2472 835 2550 879 est
2570 827 2808 882 occidere
2833 831 3193 900 primogenita,
3224 832 3438 910 quandp
3468 833 3640 889 homi-

2075 931 2169 971 nes
2205 918 2253 970 in
2283 917 2565 972 afflictione
2603 920 2849 974 Ecclesiae
2888 923 3156 976 constituti
3199 923 3431 991 perdunt
3457 925 3635 980 fidem.

2073 1007 2324 1076 Alﬂigunt
2360 1010 2496 1063 enim
2537 1010 2844 1074 Ecclesium,
2872 1023 2926 1066 ut
2958 1013 3178 1080 perdant
3206 1013 3360 1069 fidem
3390 1036 3403 1069 :
3434 1033 3557 1072 nam
3583 1031 3639 1073 et

2072 1103 2184 1170 ipsa
2213 1101 2473 1174 Egyptus
2491 1102 2704 1158 afﬂictio
2731 1106 3124 1174 interpretatur.
3161 1106 3490 1178 Quicumque
3509 1127 3634 1181 ergo

2072 1193 2306 1262 afﬂigunt
2351 1195 2670 1258 Ecclesium,
2721 1196 3036 1266 quicumque
3091 1199 3332 1253 scandala
3380 1200 3632 1256 Ecclesia:

2073 1284 2378 1351 immittunt,
2409 1287 2505 1339 etsi
2528 1286 2792 1340 christiani
2821 1289 3169 1356 appellentur,
3202 1291 3499 1346 moriuntur
3524 1295 3630 1362 pri-

2073 1376 2330 1444 mogeuita
2374 1384 2575 1429 eorum.
2621 1376 2787 1431 Erunt
2830 1367 3086 1444 illﬁdl'iCS,
3118 1390 3272 1434 erunt
3308 1382 3510 1449 inanes,
3545 1385 3636 1437 ha-

2072 1468 2255 1522 bentes
2299 1485 2485 1521 nomen
2534 1480 2727 1522 tantunt
2776 1480 2828 1523 et
2871 1473 3076 1539 signum
3111 1490 3123 1525 :
3159 1473 3208 1524 iu
3253 1473 3411 1528 corde
3456 1484 3632 1530 autent

2075 1560 2470 1628 primogenitum
2523 1577 2671 1613 suum
2725 1562 3086 1628 sepelierunt;
3144 1579 3307 1632 usque
3355 1564 3530 1630 adeov,
3576 1574 3634 1620 ut

2072 1652 2280 1719 qu-undo
2306 1652 2351 1703 ei
2383 1651 2573 1718 aliquid
2601 1652 2814 1716 dixeris,
2845 1662 3056 1720 propter
3080 1653 3268 1706 bonam
3297 1653 3474 1719 vitam,
3513 1673 3633 1725 pro-

2075 1756 2188 1812 pter
2233 1759 2378 1812 Spem
2421 1744 2541 1797 vita:
2585 1752 2816 1816 aeterna),
2863 1753 2916 1797 et
2960 1755 3171 1812 propter
3215 1746 3453 1800 timorem
3498 1748 3628 1817 ignis

2072 1835 2274 1894 asterni,
2305 1833 2442 1902 apud
2483 1849 2541 1887 se
2568 1833 2883 1894 subsannet;
2917 1844 3007 1887 aut
3036 1836 3078 1888 si
3113 1835 3229 1888 talis
3253 1845 3335 1889 est
3357 1845 3412 1890 ut
3439 1838 3630 1892 audeat

2072 1941 2247 1980 curam
2276 1934 2344 1987 te,
2375 1940 2434 1978 os
2466 1935 2703 1994 torqueat
2729 1935 2780 1978 et
2803 1924 2944 1977 dicat
2972 1943 2984 1976 :
3014 1925 3141 1992 Quis
3171 1925 3270 1980 huc
3303 1927 3423 1981 inde
3450 1944 3632 1983 rever-

2072 2034 2160 2072 sus
2177 2020 2291 2071 est?
2313 2018 2487 2071 dicunt
2520 2017 2617 2070 sibi
2647 2019 2885 2071 homines
2905 2019 3044 2087 quod
3068 2019 3264 2072 volunt.
3296 2019 3360 2073 Et
3384 2020 3627 2074 christia-

2073 2125 2170 2162 nus
2191 2119 2306 2172 est;
2353 2109 2443 2161 sed
2479 2108 2597 2176 quia
2632 2107 2887 2178 afﬂigens,
2914 2109 3118 2163 occisus
3147 2119 3226 2164 est
3252 2110 3633 2182 primogenitus
3715 2173 3720 2178 ,

2071 2201 2204 2268 ejus,
2230 2209 2431 2253 mortua
2455 2209 2536 2254 est
2563 2200 2691 2252 fides
2713 2198 2825 2268 ejus
2853 2217 2864 2251 :
2889 2210 2939 2252 et
2965 2199 3065 2253 huc
3087 2200 3148 2253 ab
3174 2201 3371 2254 homine
3390 2217 3544 2271 usque
3563 2202 3630 2253 ad

2073 2308 2238 2358 pecus.
2272 2291 2471 2352 Dicam,
2506 2289 2712 2353 fratres,
2736 2290 2872 2358 quod
2900 2291 3088 2342 sentio.
3123 2291 3374 2344 Homines
3396 2293 3628 2359 intelligo

2071 2383 2409 2452 spiritualiter
2433 2382 2710 2451 significari
2740 2392 2983 2450 tanquam
3008 2383 3209 2444 doctus,
3243 2393 3454 2451 propter
3474 2385 3634 2438 ratio-

2073 2476 2242 2528 nalem
2278 2473 2526 2534 animam,
2557 2473 2694 2540 quod
2735 2483 2815 2526 est
2859 2472 3017 2525 homo
3047 2490 3057 2523 :
3086 2488 3273 2541 peoora
3306 2466 3451 2538 vero,
3480 2474 3632 2528 indo-

2071 2576 2215 2628 ctos;
2253 2564 2342 2619 sed
2384 2572 2553 2617 tamen
2598 2562 2850 2616 habentes
2873 2563 3052 2624 ﬁdem,
3088 2580 3205 2616 nam
3237 2579 3338 2616 nou
3379 2565 3633 2618 haberent

2074 2657 2435 2728 prin'iogcnita.
2464 2657 2596 2711 Sunt
2617 2655 2753 2709 ducti
2784 2656 2869 2724 qui
2892 2655 3128 2725 afﬂigunt
3152 2654 3460 2717 Ecclesium,
3490 2655 3630 2709 Schi-

2071 2762 2236 2804 smata
2273 2760 2326 2804 et
2353 2748 2579 2802 haereses
2602 2746 2862 2802 faciendo.
2898 2747 3123 2800 Proinde
3154 2763 3249 2800 nec
3277 2746 3328 2799 in
3357 2748 3458 2800 illis
3481 2747 3632 2800 inve-

2071 2842 2152 2894 nis
2191 2841 2366 2905 ﬁdem,
2394 2839 2638 2910 quoniam
2669 2838 2787 2892 facti
2817 2849 2941 2892 sunt
2964 2837 3243 2908 Egyptus,
3276 2839 3328 2892 id
3367 2847 3446 2892 est
3493 2838 3631 2892 aﬂli-

2069 2933 2174 2985 ctio
2219 2931 2411 3000 populo
2459 2930 2571 2984 Dei.
2617 2930 2798 2985 Occisa
2837 2939 2961 2984 sunt
3011 2931 3355 3000 primogenita
3399 2946 3625 2984 eorum:

2071 3023 2280 3077 trahunt
2307 3033 2423 3092 post
2441 3038 2500 3078 se
2527 3023 2707 3078 turbas
2729 3022 2996 3088 indoclas;
3039 3003 3154 3091 ipsa
3185 3033 3307 3076 sunt
3335 3039 3542 3092 pecora.
3575 3023 3628 3078 In

2071 3116 2168 3169 hac
2192 3130 2318 3183 ergo
2341 3113 2622 3179 afﬂictione
2648 3129 2746 3184 qua
2777 3114 3009 3168 Ecclesia
3030 3113 3297 3184 afﬂigitur,
3327 3115 3547 3168 moritur
3574 3116 3626 3168 in

2068 3205 2420 3275 :tmigentibus
2447 3205 2576 3260 fides
2604 3223 2616 3258 :
2643 3205 2938 3260 moriuntur
2980 3205 3324 3274 primogenita
3346 3215 3397 3258 et
3425 3206 3475 3258 in
3504 3205 3631 3274 ipsis

2068 3295 2236 3350 doctis
2287 3305 2340 3350 et
2385 3296 2636 3362 indoctis;
2685 3298 2804 3365 quia
2851 3297 3044 3351 occidit
3097 3298 3234 3352 Deus
3288 3298 3629 3368 primogenita

2068 3385 2434 3456 Egyptiorum
2465 3386 2526 3439 ab
2550 3387 2749 3440 homine
2767 3403 2918 3455 usque
2941 3387 3009 3440 ad
3035 3403 3203 3457 pecus.

2140 3479 2224 3532 i9.
2255 3477 2402 3550 [vers.
2434 3477 2512 3551 9.]
2537 3477 2755 3532 Inunisit
2780 3479 2926 3549 signa
2951 3488 2996 3531 et
3018 3479 3250 3550 prodigia
3276 3479 3328 3531 in
3355 3479 3516 3532 medio
3537 3481 3626 3543 tui,

2067 3569 2314 3641 .Egypte,
2338 3571 2387 3623 in
2416 3569 2683 3624 Pharaone
2704 3571 2818 3624 etin
2845 3571 3071 3623 omnibus
3094 3571 3246 3624 servis
3269 3573 3396 3639 ejus.
3430 3551 3635 3624 Pharao

2067 3677 2158 3714 rex
2188 3660 2572 3730 1Egyptiorum.
2599 3659 2801 3716 Nomen
2839 3659 3112 3721 attendite,
3159 3668 3212 3712 et
3246 3660 3418 3712 videte
3447 3675 3636 3727 quem-

2065 3751 2347 3804 admodum
2388 3752 2483 3804 ista
2521 3749 2673 3803 faciat
2715 3751 2871 3803 Deus.
2914 3750 3024 3803 Rex
3055 3751 3105 3802 in
3136 3751 3278 3803 omni
3305 3761 3459 3819 gente
3492 3752 3634 3814 prior

2065 3855 2177 3910 est;
2202 3844 2461 3916 Egyptus
2481 3844 2709 3898 Afﬂictio
2731 3853 2830 3908 est,
2852 3843 3055 3896 Pharao
3077 3843 3380 3911 Dissipatio.
3398 3842 3631 3896 Atilii-tio

2065 3951 2191 4006 ergo
2231 3951 2406 4005 regem
2452 3934 2607 3988 habet
2649 3934 3076 4002 dissipationem;
3121 3933 3242 4002 quia
3272 3932 3342 3985 illi
3371 3935 3458 4000 qui
3493 3932 3632 3984 afﬂi-

2066 4034 2194 4095 gunt
2221 4024 2530 4088 Ecclesium,
2558 4023 2794 4093 dissipati
2825 4023 3080 4092 afﬂigunt.
3110 4022 3180 4078 Ut
3200 4023 3340 4076 enim
3369 4022 3627 4091 adﬂigant,

2066 4117 2385 4186 dissipantur
2420 4115 2706 4184 :quoniam
2751 4130 2844 4168 rex
2884 4114 3046 4175 ducit,
3091 4114 3312 4183 populus
3357 4113 3629 4181 sequitur;

2069 4208 2316 4278 praecedit
2342 4205 2634 4274 dissipatio,
2663 4205 2902 4275 sequitur
2927 4204 3160 4266 afflictio,
3189 4204 3381 4258 Audite
3401 4244 3415 4268 ,
3458 4203 3634 4257 audite

2067 4301 2275 4354 nomina
2298 4299 2427 4361 lucc,
2454 4297 2886 4366 interpretatione
2912 4297 3084 4366 typica
3106 4297 3122 4326 ί
3138 4305 3208 4367 κ(ει
3231 4294 3488 4364 sapientia
3517 4294 3631 4362 ple-

2067 4407 2130 4445 na
2162 4409 2174 4444 :
2205 4405 2301 4444 nec
2336 4405 2498 4443 unum
2536 4387 2740 4442 invenis
2760 4404 2824 4441 ex
2851 4387 2963 4442 istis
2992 4387 3310 4452 nominibus,
3338 4385 3476 4456 quod
3505 4386 3629 4438 boni

2065 4481 2261 4552 aliquid
2301 4482 2693 4550 interpretetur,
2721 4479 2808 4534 ubi
2851 4478 3088 4534 exercuit
3129 4479 3267 4531 Deus
3301 4478 3430 4530 iram
3459 4491 3628 4531 suam.

2134 4575 2223 4630 20.
2253 4573 2400 4646 [vers.
2428 4575 2514 4640 lO,
2539 4571 2651 4645 1L]
2683 4571 2937 4626 Percussit
2961 4581 3127 4643 gentes
3148 4570 3348 4634 multas,
3379 4580 3423 4623 et
3454 4570 3632 4623 occidit

2064 4683 2202 4738 reges
2231 4672 2403 4737 fortes.
2452 4665 2544 4719 Dic
2567 4679 2700 4734 quos
2726 4678 2877 4735 reges
2901 4673 2952 4716 et
2982 4677 3112 4733 quas
3140 4663 3357 4731 gentes?
3391 4660 3524 4714 Seou
3550 4677 3629 4713 re-

2065 4777 2175 4830 gem
2201 4761 2622 4813 Amorrlueorum.
2653 4757 2842 4810 Audite
2868 4755 3075 4809 nomina
3099 4752 3311 4822 gravida
3332 4766 3631 4805 sacramen-

2068 4852 2153 4904 tis.
2185 4850 2321 4904 Seon
2347 4865 2532 4919 regem,
2563 4847 2749 4916 inquit,
2768 4844 3171 4900 Amorrhworum
3195 4842 3405 4897 occidit.
3430 4841 3632 4896 Occidit
3685 4887 3715 4907 λ

2069 4942 2255 5010 plane;
2288 4952 2340 4993 et
2366 4954 2505 4993 nunc
2525 4937 2730 4992 occidat
2755 4953 2783 4990 a
2813 4935 3060 4996 cordibus
3089 4949 3361 4988 servorum
3393 4948 3632 4999 suorum,
3681 4957 3684 4964 ι
3746 4935 3753 4954 ‘

2066 5043 2119 5086 et
2145 5049 2173 5086 a
2205 5030 2580 5086 tentationibus
2627 5028 2878 5082 Ecclesim
2914 5041 3054 5090 sum,
3093 5041 3191 5079 nec
3233 5033 3404 5079 cesset
3446 5039 3635 5077 manus

2065 5125 2181 5192 ejus
2221 5124 2271 5176 in
2315 5120 2620 5175 occidendis
2656 5119 2848 5172 talibus
2894 5117 3107 5187 regibus
3145 5125 3199 5172 et
3241 5116 3432 5170 talibus
3462 5131 3630 5183 pupu-

2067 5217 2130 5270 lis
2163 5233 2176 5268 :
2208 5217 2583 5283 interpretatur
2615 5215 2753 5268 enim
2795 5211 2932 5268 Seou
2955 5253 2969 5277 ,
3010 5211 3250 5264 Tentatio
3283 5209 3553 5262 oculorum
3575 5210 3634 5270 ’ς

2067 5306 2364 5362 Αηιοιτιιωί
2394 5306 2827 5374 interpretantur,
2860 5303 3244 5357 Amaricantes.
3287 5299 3400 5354 Jam
3444 5297 3530 5351 hic
3554 5298 3636 5350 vi—

2067 5403 2188 5457 dete
2230 5401 2275 5455 si
2313 5399 2604 5469 intelligere
2648 5411 2930 5468 possumus
2982 5394 3244 5463 quomodo
3287 5391 3637 5445 amaricantes

2133 5567 2146 5597 ¹
2180 5564 2362 5627 Aliquot
2379 5561 2750 5627 Μεεηπιμειίςα.
2869 5621 2878 5627 .
2921 5619 2939 5627 -
3133 5626 3138 5627 γ
3350 5624 3357 5627 -
3430 5624 3438 5627 Α
3481 5616 3510 5627 -·

2133 5630 2154 5659 ³
2177 5619 2356 5676 Omnes
2378 5619 2527 5687 prope
2557 5619 2660 5672 ti’ss.
2687 5623 2764 5670 hic
2799 5627 2848 5669 et
2869 5619 2988 5667 infra
3009 5626 3310 5687 constanter,
3343 5619 3540 5687 tentatio
3561 5629 3640 5666 ω-

2074 5689 2249 5749 torum.
2273 5680 2430 5746 Porro,
2459 5680 2587 5734 idem
2620 5698 2795 5749 nomen
2819 5691 2983 5749 postea
3007 5681 3053 5727 in
3073 5680 3196 5748 _Psa|.
3224 5681 3330 5749 135i,
3351 5694 3398 5727 n.
3417 5680 3467 5734 9,
3491 5681 3639 5729 inter-

2077 5745 2255 5813 pretari
2273 5749 2406 5808 dicit,
2419 5740 2618 5811 germen
2642 5743 2803 5795 inutile
2819 5740 2895 5792 vel
2919 5740 3216 5792 tentationem
3240 5741 3482 5792 calentem.
