4032 6202
472 352 604 408 1751

471 480 649 537 regem
680 464 906 523 habeant
927 466 1268 523 tentationem
1305 468 1599 527 oculorum.
1632 469 1878 526 Tentatio
1903 485 2029 525 ocu-

468 556 641 613 lorum
670 574 774 614 non
793 567 877 615 est
898 557 997 613 nisi
1021 558 1352 615 mendacium
1378 578 1393 614 :
1418 561 1648 616 colorem
1683 562 1861 628 habet,
1889 563 2030 617 veri~

469 660 627 705 tatem
657 666 761 705 non
788 649 967 706 habet.
995 650 1111 708 Jam
1136 652 1260 722 quid
1287 654 1481 725 .mirum
1511 665 1591 709 est
1616 656 1659 710 si
1680 658 2030 713 amaricantes

467 741 624 796 talem
662 739 890 796 habeant
926 757 1107 813 regem
1128 783 1143 806 ,
1178 743 1486 799 mendacem
1515 748 1726 816 regem?
1748 745 1860 801 Nisi
1887 748 2027 802 enim

428 828 433 837 ’
466 831 793 889 mendacium
813 841 868 889 et
885 834 1149 889 simulatio
1168 836 1452 904 praecedat,
1471 851 1576 891 non
1599 847 1721 892 sunt
1744 825 2028 894 amarican-

464 933 541 976 tes
569 923 619 975 in
649 922 919 990 Ecclesia;
950 924 1073 980 inde
1099 926 1242 981 enim
1278 927 1568 981 amaricant
1589 968 1605 989 .
1645 928 1763 998 quia
1802 927 2023 999 fingunt.

460 1012 720 1069 PaL-cedit
751 1016 973 1072 tentatio
1009 1017 1305 1083 oculorum,
1334 1018 1637 1073 amaricatio
1667 1020 1905 1089 sequitur
1934 1038 1947 1074 :
1972 1029 2027 1076 et

458 1107 510 1161 in
536 1108 652 1177 ipso
675 1108 887 1163 diabolo
911 1110 1212 1180 prtecessit;
1249 1126 1367 1165 nam
1398 1112 1621 1168 tentatio
1649 1113 1921 1168 oculorum
1942 1122 2025 1169 est

455 1198 598 1268 quod
620 1200 1013 1271 transﬁgurat‘se
1029 1202 1160 1256 velut
1175 1202 1406 1274 angelum
1418 1202 1572 1258 lucis‘
1593 1203 1656 1275 (ll
1675 1201 1791 1259 Cor.
1816 1222 1885 1270 xt,
1909 1206 2018 1275 M).

455 1289 674 1345 Occidat
718 1306 905 1346 manus
945 1292 1153 1348 Domini
1196 1302 1250 1348 et
1290 1294 1438 1349 illum
1490 1304 1543 1349 et
1574 1297 1721 1362 illos;
1752 1297 1917 1364 illum,
1952 1314 2020 1352 ne

454 1381 696 1448 inducat;
741 1382 879 1448 illos,
904 1392 958 1437 ut
984 1385 1331 1454 corrigantur.
1374 1368 1577 1440 Etenim
1616 1386 1667 1440 in
1705 1403 2019 1457 utioqmiqtte

452 1470 672 1527 homine
697 1472 951 1528 occiditur
979 1474 1068 1529 ille
1089 1490 1202 1538 rex,
1236 1476 1445 1544 quando
1471 1476 1685 1532 damnat
1720 1478 2016 1532 simulatio-

452 1579 597 1629 nem,
628 1573 682 1619 et
709 1564 877 1635 diligit
905 1565 1196 1620 veritatem.
1236 1566 1420 1622 Manus
1445 1568 1538 1624 Dei
1565 1583 1670 1623 non
1697 1568 1923 1639 quiescit
1963 1569 2015 1624 id

450 1671 627 1725 agere.
651 1655 783 1711 Nam
812 1656 1250 1727 quemadmodum
1281 1658 1387 1729 egit
1410 1658 1477 1713 ad
1502 1658 1725 1714 litteram
1750 1669 1874 1717 tunc
1897 1701 1912 1726 ,
1939 1660 2017 1716 sic

449 1748 557 1818 agit
580 1764 718 1804 nunc
742 1748 1103 1819 spiritualiler,
1134 1760 1190 1804 ut
1214 1750 1429 1821 impleat
1451 1751 1587 1822 quod
1628 1763 1751 1807 tunc
1787 1751 2015 1822 prophe-

448 1839 552 1896 tice
577 1840 965 1910 praenuntiavit.
993 1841 1195 1897 Occidit
1215 1842 1372 1897 etiam
1398 1842 1555 1896 alium
1578 1857 1753 1912 regem
1777 1849 1831 1898 et
1849 1841 2009 1897 alium

444 1931 699 2002 pepulum
720 1930 835 2000 ejus
862 1949 876 1983 :
905 1930 971 1984 Et
1004 1928 1081 2003 0g
1102 1948 1266 2002 regem
1294 1931 1485 1987 Busan.
1508 1933 1573 1986 Et
1597 1932 1681 1987 hic
1706 1947 1861 2003 quam
1890 1948 2005 1986 ma-

444 2024 558 2080 lus!
590 2024 667 2095 0g
703 2025 1110 2093 interpretatur,
1138 2023 1422 2078 Conclusio
1452 2040 1465 2076 :
1496 2023 1663 2078 Basan
1699 2024 2010 2092 interpreta-

443 2125 551 2184 tur,
578 2114 847 2170 Confusio.
890 2115 1055 2169 Malus
1079 2124 1162 2170 est
1187 2130 1279 2170 rex
1310 2114 1399 2170 ille
1424 2115 1508 2184 qui
1540 2113 1844 2169 intercludit
1868 2113 2005 2168 viam

441 2208 507 2262 ad
536 2208 720 2263 Deum.
748 2207 861 2263 Hoc
878 2207 1017 2263 enim
1038 2208 1146 2278 agit
1163 2206 1435 2272 diabolus;
1464 2221 1677 2274 semper
1694 2204 2006 2275 opponendo

441 2299 690 2368 ﬁgmenta
731 2314 857 2365 sua,
904 2297 1218 2369 opponendo
1261 2298 1395 2352 idola
1438 2312 1565 2361 sua,
1598 2296 1911 2367 opponendo
1948 2311 2007 2352 se

440 2389 794 2444 necessarium
843 2404 937 2459 per
975 2390 1272 2459 arreptitios
1291 2389 1334 2451 ⁸,
1384 2388 1699 2458 sortilegos,
1725 2401 2001 2467 augures,

437 2480 745 2549 aruspices,
795 2495 1013 2550 magos,
1063 2494 1211 2533 sacra
1271 2479 1689 2544 dasmouiorum,
1739 2477 2005 2533 concludit

436 2574 591 2627 viam.
637 2572 915 2640 Quomodo
955 2587 1050 2641 per
1088 2571 1355 2627 Christum
1408 2571 1459 2626 id
1498 2572 1687 2642 agitur,
1729 2579 1789 2625 ut
1827 2578 2003 2640 pateat

434 2664 539 2729 via,
567 2679 685 2734 qua:
704 2663 872 2718 fuerat
900 2663 1217 2728 interclusa;
1247 2676 1368 2716 nam
1407 2676 1502 2732 per
1536 2676 1657 2716 eum
1696 2661 2001 2730 redemptus

433 2756 644 2825 quidam
665 2753 811 2820 dicit,
835 2753 904 2808 Et
919 2739 975 2808 in.
991 2753 1099 2820 Deo
1114 2771 1223 2808 meo
1245 2753 1585 2824 transgredior
1601 2770 1799 2807 murum
1825 2753 1845 2824 (
1855 2752 1997 2811 Psal.

434 2860 561 2906 xvu,
586 2842 679 2917 50)
706 2862 720 2899 :
747 2845 823 2899 sic
851 2845 1092 2901 diabolus
1128 2843 1256 2900 nihil
1289 2844 1428 2899 aliud
1458 2845 1584 2914 agit,
1620 2846 1721 2900 nisi
1746 2851 1807 2900 ‘ut
1831 2845 1997 2901 inter-

430 2937 608 2994 cludat
642 2936 802 3003 viam,
836 2953 901 2992 ue
928 2937 1175 2992 credatur
1204 2938 1255 2992 in
1288 2938 1470 2992 Deum.
1510 2937 1564 2992 Si
1599 2938 1740 2992 enim
1766 2937 1998 2993 creditur

430 3030 483 3083 in
533 3030 728 3091 Deum,
763 3037 905 3099 patet
930 3029 1045 3095 via;
1086 3037 1140 3084 et
1168 3028 1280 3098 ipse
1306 3027 1549 3083 Christus
1585 3039 1669 3084 est
1696 3029 1779 3084 via
1804 3028 1992 3099 (Joan.

429 3122 540 3185 xt‘v,
568 3112 641 3191 6)
668 3137 683 3174 :
711 3118 754 3173 si
795 3128 971 3174 autem
1013 3134 1118 3172 non
1147 3117 1381 3173 creditur
1410 3118 1470 3171 in.
1495 3119 1681 3184 Deum,
1708 3119 1991 3175 interclusa

426 3222 511 3266 est
561 3210 663 3265 via.
704 3208 760 3264 Si
802 3218 978 3264 autem
1029 3208 1313 3263 interclusa
1366 3208 1554 3271 fuerit,
1587 3208 1707 3277 quia
1737 3223 1841 3262 non
1870 3223 1992 3264 crc-

425 3302 603 3366 ditur;
626 3301 751 3370 quid
777 3308 958 3365 restat,
989 3301 1167 3354 nisiut
1192 3312 1314 3353 cum
1338 3300 1541 3353 venerit
1559 3299 1646 3368 qui
1674 3314 1778 3353 non
1807 3298 1994 3355 crede-

424 3390 603 3455 batur,
647 3389 1035 3444 confundantur
1073 3388 1163 3459 qui
1214 3402 1318 3442 non
1361 3388 1735 3443 crediderunt?
1777 3387 1992 3457 Quare?

423 3481 555 3548 Quia
577 3481 846 3536 conclusio
867 3480 1133 3551 praecedit,
1157 3488 1213 3535 et
1231 3478 1466 3550 sequitur
1481 3478 1720 3535 confusio
1740 3480 1991 3537 :conclu-

422 3571 504 3626 sio
531 3571 779 3641 praecedit
806 3581 861 3625 ut
886 3587 1000 3634 rex.
1030 3571 1268 3643 sequitur
1289 3572 1528 3627 confusio
1553 3580 1796 3642 tanquam
1818 3571 1987 3642 plebs.

421 3664 569 3732 Quos
603 3664 762 3719 modo
801 3662 1088 3729 concludit,
1121 3672 1178 3718 ut
1210 3677 1316 3719 non
1356 3662 1573 3718 credant
1608 3662 1660 3718 in
1697 3662 1985 3729 Christum,

420 3756 632 3829 quando
659 3756 962 3827 apparuerit
998 3754 1262 3822 Christus,
1289 3770 1476 3812 omnes
1504 3755 1908 3823 confundentur,
1934 3766 1989 3813 et

420 3850 695 3905 traducem
718 3865 811 3904 eos
836 3864 899 3903 ex
926 3847 1152 3903 adverso
1179 3847 1476 3917 iniquitates
1500 3862 1702 3903 eorum.
1735 3847 1884 3903 Tunc
1908 3848 1989 3901 di-

420 3950 545 3995 cent
569 3939 715 4010 impii
741 3938 945 3995 confusi
970 3957 983 3992 :
1016 3937 1151 4004 Quid
1170 3938 1311 3992 nobis
1336 3939 1526 4009 profuit
1551 3938 1782 4008 Superbia
1810 3937 1829 4009 (
1854 3937 1983 4008 Sap.

417 4048 471 4096 γ,
502 4032 600 4099 8)?
639 4032 822 4101 Magna
869 4031 1141 4101 mysteria,
1180 4029 1374 4085 fratres
1417 4029 1541 4085 mei.
1584 4029 1864 4099 Dissipatio
1892 4045 1982 4085 rex

415 4122 717 4179 amictionis
737 4123 789 4187 ’ς
813 4122 1136 4191 dissipantur
1161 4131 1218 4176 ut
1244 4120 1563 4191 afﬂigantur.
1588 4120 1770 4189 Magna
1796 4129 1986 4191 myste-

414 4215 513 4271 ria.
536 4214 780 4269 Teutatio
806 4214 1102 4280 oculorum,
1132 4212 1182 4267 id
1206 4221 1287 4268 est
1313 4211 1541 4277 fallacia,
1568 4227 1662 4267 rex
1686 4210 1981 4267 amaricau-

412 4308 577 4367 tium;
611 4306 797 4362 fallunt
823 4306 965 4360 enim
988 4314 1045 4359 ut
1067 4306 1372 4359 amarican
1419 4304 1702 4359 Conclusio
1733 4319 1828 4359 rex
1854 4318 1983 4357 con-

410 4398 666 4463 fusionis;
706 4396 1091 4451 concluduntur
1116 4397 1255 4451 enim
1298 4410 1366 4449 ne
1404 4404 1671 4450 transeant
1696 4396 1765 4450 ad
1791 4395 1978 4463 ﬁdem,

410 4501 466 4546 et
489 4505 609 4545 cum
636 4489 837 4544 venerit
870 4488 923 4542 in
950 4503 1105 4557 quem
1134 4486 1398 4541 credimus
1420 4526 1436 4551 ,
1479 4484 1885 4542 confundentur.
1916 4488 1981 4565 Et

409 4582 579 4639 omnia
606 4598 761 4653 regna
789 4566 1030 4635 Chanaan
1049 4577 1240 4633 occidit
1268 4577 1424 4630 Deus.
1451 4575 1699 4631 Chanaan
1722 4578 1982 4649 interpre-

407 4684 570 4740 tatur,
601 4674 821 4729 Paratus
848 4670 1149 4727 humilitati.
1177 4669 1456 4726 Humilitas
1478 4671 1630 4740 quasi
1659 4671 1854 4727 bonum
1883 4675 1980 4728 ali.

406 4766 547 4838 quod
578 4764 870 4836 signiﬁcat,
898 4762 991 4818 sed
1024 4762 1067 4816 si
1098 4762 1167 4818 sit
1186 4761 1326 4817 utilis
1349 4758 1616 4815 humilitas
1649 4779 1664 4816 :
1690 4777 1810 4816 nam
1840 4765 1975 4818 mala

405 4858 701 4915 humiliatio
728 4855 950 4928 poenalis
977 4864 1077 4912 est.
1106 4854 1162 4911 Si
1188 4850 1327 4910 enim
1356 4854 1648 4909 humiliatio
1675 4854 1741 4910 ad
1765 4868 1976 4925 pmnam

405 4969 512 5009 non
544 4954 850 5025 pertineret,
875 4966 978 5006 non
1010 4949 1293 5015 diceretur,
1324 4949 1425 5017 Qui
1444 4964 1496 5003 se
1522 4949 1709 5004 exultat
1734 4951 1973 5005 humilia-

404 5045 537 5100 bilur
578 5042 726 5115 (Luc.
764 5058 870 5106 xtv,
897 5042 991 5106 H;
1036 5050 1082 5095 et
1117 5056 1261 5103 xvnt,
1295 5039 1379 5110 14)
1410 5057 1424 5092 :
1457 5056 1559 5094 non
1598 5041 1737 5096 enim
1768 5041 1972 5096 beneﬁ-

403 5135 543 5191 cium
588 5134 661 5189 illi
705 5132 1010 5204 prtestatur,
1048 5130 1259 5202 quando
1302 5130 1515 5199 punitur
1556 5140 1613 5184 ut
1647 5131 1971 5188 humilietur.

402 5225 653 5281 Chanaan
695 5239 822 5296 ergo
866 5223 1025 5278 modo
1066 5221 1324 5290 superbus
1368 5231 1467 5276 est.
1515 5220 1696 5278 Omnis
1744 5223 1968 5292 impius,

402 5320 575 5374 omnis
600 5316 827 5373 inlidclis
852 5314 1047 5372 exaltat
1073 5330 1166 5370 cor
1193 5328 1381 5377 suum;
1410 5329 1512 5368 non
1537 5313 1646 5367 vult
1678 5314 1896 5370 credere
1918 5315 1968 5369 in

465 5433 478 5466 ³
506 5432 578 5482 sic
601 5439 702 5482 Mss.
720 5437 777 5491 at
798 5429 930 5480 Edd.:
951 5436 1071 5491 Nam
1091 5425 1346 5491 sitentatio
1365 5425 1608 5491 oculorum
1630 5440 1725 5477 non
1738 5434 1824 5489 est,
1851 5441 1967 5491 quo-

402 5504 484 5541 mo
494 5490 877 5556 iotransﬁgurat
899 5503 958 5556 se
982 5489 1105 5540 velut
1120 5488 1175 5556 in
1190 5488 1420 5556 angelum
1442 5486 1602 5539 lucis?

466 5556 485 5585 ³
510 5548 830 5622 Λίὶίιιιρῑξλῷξη
852 5552 984 5604 idola
997 5561 1085 5622 sua
1105 5548 1340 5622 faciendo,
1363 5548 1643 5622 opponendo
1654 5564 1727 5622 se,
1746 5559 1841 5601 etc.
1862 5550 1965 5610 Alii,

401 5611 678 5683 oppqneiulo
694 5611 824 5664 idola
851 5629 966 5683 sua,
1103 5611 1361 5683 cessatione
1381 5611 1467 5683 per
1481 5611 1771 5683 arreptitios,
1795 5622 1889 5664 etc.
1916 5622 1968 5664 Et

400 5673 597 5746 quidam
607 5688 629 5746 ,ε
655 5676 928 5746 opponendo
948 5674 1079 5726 idola
1097 5689 1202 5735 sua,
1242 5673 1461 5737 faciendo
1480 5673 1581 5724 sine
1598 5673 1857 5727 testatione
1879 5689 1965 5738 per

396 5735 801 5801 ᾰηρριίιίοεέειε.
1202 5796 1214 5806 .
1244 5735 1279 5806 ⁷.

467 5803 486 5834 ³
611 5806 713 5846 Mss.
739 5796 849 5844 Edd.
874 5810 1011 5858 vero,
1031 5810 1095 5848 ea:
1115 5797 1385 5863 anhelante.

1696 359 1753 414 s.
1793 354 2154 414 mensum
2194 348 2505 421 Episcopi

3565 387 3698 444 i152

2144 473 2325 531 Deum.
2376 479 2478 534 Sed
2526 481 2639 538 lucc
2679 485 2923 542 exaltatio
2969 499 3145 560 parata
3187 494 3278 548 'cst
3324 494 3602 556 humilitati
3645 504 3693 558 in

2133 566 2271 622 diem
2310 570 2521 639 judicii;
2574 584 2698 631 tunc
2734 577 3113 649 humiliahitur,
3145 587 3356 655 quando
3393 606 3499 646 non
3541 596 3647 650 vult
3678 615 3690 651 :

2133 666 2414 720 suntenim
2436 683 2556 722 vasa
2584 669 2698 735 iraa,
2725 688 2841 742 qua:
2863 674 3095 743 perfecta
3107 689 3232 734 sunt
3255 681 3320 735 ad
3346 684 3692 752 perditionem

2133 753 2303 818 (Rom.
2328 773 2399 820 ιχ,
2426 757 2542 829 22).
2566 760 2718 817 Modo
2744 765 2997 820 extollant
3025 783 3103 832 se,
3129 772 3379 838 garriant,
3406 775 3693 832 extendant

2110 850 2189 899 ‘se
2240 859 2400 915 super
2462 850 2681 918 fideles,
2728 853 2981 910 irrideant
3047 857 3263 925 fideles,
3330 864 3695 936 lilasphemcnt

2128 932 2487 1002 Christianos;
2519 940 2692 997 dicant
2710 984 2725 1005 ,
2765 946 3063 1002 Anicularia
3087 959 3210 1005 sunt
3238 938 3334 1006 ista
3363 932 3481 1024 qua:
3509 956 3693 1014 dicunt

2126 1024 2194 1080 dc
2220 1025 2305 1082 die
2324 1027 2524 1098 judicii.
2555 1030 2654 1086 Ista
2679 1034 2835 1089 elatio
2855 1051 3037 1092 eorum
3067 1050 3242 1107 parata
3272 1053 3353 1098 est
3384 1045 3687 1102 humilitati.

2126 1116 2345 1183 Quando
2371 1123 2573 1176 venerit
2594 1123 2776 1193 judes,
2804 1128 2892 1197 qui
2937 1129 3092 1184 modo
3129 1135 3469 1190 annuntiatus
3505 1137 3694 1194 irride-

2126 1216 2241 1273 tur;
2289 1220 2413 1266 tunc
2454 1213 2540 1268 ille
2576 1215 2665 1284 qui
2705 1216 2861 1272 modo
2903 1220 3162 1289 superbit,
3201 1238 3306 1278 non
3348 1225 3565 1291 utiliter,
3591 1230 3689 1286 sed

2123 1301 2400 1369 pteualiter
2427 1303 2799 1363 lnuniliabilur.
2826 1309 2981 1366 Modo
3012 1320 3186 1367 autem
3217 1331 3320 1369 non
3348 1316 3684 1388 humiliatur,

2121 1395 2216 1447 sed
2259 1408 2471 1463 paratur
2509 1396 2807 1469 humilitati,
2848 1402 2898 1457 id
2941 1413 3042 1469 est,
3089 1416 3302 1475 paratur
3337 1409 3683 1477 damnationi,

2120 1495 2332 1553 paratur
2357 1488 2600 1545 victima}.

2186 1572 2278 1629 2|.
2323 1573 2469 1646 [νει-ε.
2500 1577 2609 1651 15.]
2638 1578 2823 1635 Omnia
2859 1597 2985 1654 ergo
3012 1584 3109 1639 ista
3139 1587 3330 1642 evertit
3354 1589 3527 1655 Deus;
3557 1606 3685 1647 cor-

2117 1664 2370 1734 poraliter
2409 1675 2551 1732 tunc,
2594 1670 2804 1739 quando
2848 1684 3022 1742 patres
3059 1679 3225 1731 nostri
3268 1677 3441 1733 educti
3469 1692 3590 1734 sunt
3615 1682 3686 1740 de

2116 1765 2257 1826 terra
2281 1757 2529 1831 Egypti;
2572 1765 2763 1818 evortit
2800 1765 3143 1834 Spiritualiter
3183 1785 3345 1835 nunc,
3383 1788 3482 1829 nec
3508 1787 3686 1830 cessat

2068 1883 2075 1890 ι
2115 1864 2304 1904 manus
2330 1850 2442 1921 ejus
2469 1866 2634 1923 usque
2674 1855 2727 1908 in
2770 1855 2948 1912 linem.
2990 1857 3113 1914 ldeo
3156 1876 3225 1916 ne
3265 1862 3392 1918 istas
3419 1867 3685 1934 potentias

2113 1938 2205 1994 Dei
2250 1948 2375 1996 tunc
2421 1950 2572 2011 putes
2622 1956 2861 2013 peractas
2905 1963 3179 2006 cessasse:
3207 1951 3425 2008 Domine
3441 1970 3463 2019 ,'
3500 1973 3684 2012 nomen

2111 2038 2269 2096 tuum,
2298 2031 2482 2102 inquit,
2509 2034 2561 2087 in
2586 2036 2844 2089 saxulum.
2892 2037 2947 2091 ld
2988 2048 3086 2099 est,
3131 2056 3235 2094 nou
3266 2054 3438 2098 cessat
3465 2047 3681 2100 miseri-

2111 2123 2287 2179 cordia
2329 2134 2435 2192 tua,
2477 2141 2579 2194 non
2614 2139 2786 2182 cessat
2812 2144 3000 2185 manus
3028 2141 3114 2186 tua
3144 2133 3194 2187 in
3225 2136 3475 2192 sarculum
3500 2136 3681 2195 facere

2110 2212 2232 2279 ista,
2253 2232 2370 2285 qum
2396 2225 2521 2271 tunc
2543 2221 2905 2288 praznuntiasti
2934 2220 3206 2292 ﬁgurando
3226 2242 3241 2280 :
3260 2244 3291 2276 -‹
3318 2227 3503 2282 Omnia
3529 2229 3677 2283 enim

2107 2303 2196 2359 illa
2222 2306 2273 2359 in
2298 2307 2457 2376 figura
2478 2310 2851 2380 contingebant
2875 2312 3011 2378 illis;
3039 2315 3233 2385 scripta
3260 2326 3385 2371 sunt
3406 2329 3578 2374 autem
3602 2320 3675 2375 ad

2106 2400 2489 2467 correptionem
2513 2411 2765 2469 nostram,
2784 2404 2836 2458 in
2857 2420 2990 2475 quos
3018 2401 3139 2462 finis
3165 2408 3479 2465 saeculorum
3507 2412 3677 2468 obve-

2105 2488 2211 2542 nit»
2246 2489 2287 2557 (ι
2315 2486 2432 2545 Cor.
2461 2506 2515 2557 ι,
2545 2491 2653 2565 tl).
2691 2493 2961 2562 «Domine,
2987 2499 3294 2554 memoriale
3323 2511 3470 2555 tuum
3497 2501 3548 2556 in
3578 2518 3678 2572 ge-

2105 2579 2429 2635 nerationem
2470 2591 2523 2635 et
2554 2584 2947 2653 generationem
2976 2604 3021 2641 ι.
3068 2575 3350 2656 Generatio
3379 2589 3478 2645 ista
3504 2600 3558 2645 et
3578 2607 3678 2662 ge-

2104 2672 2307 2726 neratio
2329 2673 2493 2728 altera
2518 2692 2530 2727 :
2554 2676 2826 2745 generatio
2847 2693 2949 2749 qua
2977 2679 3163 2736 fideles
3186 2680 3469 2750 efﬁcimur,
3498 2694 3555 2740 et
3574 2701 3675 2754 per

2101 2759 2424 2832 Baptismum
2454 2766 2807 2833 renascimur;
2846 2769 3117 2838 generatio
3145 2786 3246 2842 qua
3274 2787 3304 2826 a
3332 2775 3554 2829 mortuis
3577 2791 3670 2831 re-

2101 2866 2395 2923 surgemus,
2422 2864 2477 2910 et
2505 2857 2719 2927 Angelis
2748 2859 3013 2929 conjuncti
3038 2862 3277 2919 vivemus
3301 2864 3354 2918 in
3386 2874 3664 2922 aeternum.

2099 2942 2401 3000 Memoriale
2446 2955 2591 3001 tuum
2616 2989 2632 3014 ,
2685 2949 2923 3017 Domine,
2964 2961 3020 3007 et
3063 2967 3224 3023 super
3267 2960 3664 3027 generationem

2098 3034 2275 3102 istam,
2299 3046 2353 3091 et
2393 3053 2552 3108 super
2590 3040 2731 3094 illam
2768 3043 3159 3112 generationem
3190 3062 3203 3098 :
3234 3047 3355 3117 quia
3386 3063 3485 3103 nec.
3522 3065 3668 3105 nunc

2099 3142 2196 3182 nos
2224 3129 2417 3183 oblitus
2436 3116 2542 3200 est,
2573 3142 2629 3185 ut
2653 3143 2894 3200 Vocaret;
2942 3151 3040 3191 nec
3069 3145 3195 3192 tunc
3220 3116 3579 3208 obliviscetur,
3604 3152 3669 3197 ut

2097 3230 2333 3275 coronet.
2367 3220 2657 3279 Memoriale
2684 3236 2856 3296 tuum,
2883 3226 3122 3297 Domine,
3146 3230 3199 3285 in
3224 3233 3593 3303 generationem
3617 3244 3668 3289 et

2096 3315 2481 3383 generationem.

2165 3402 2254 3457 22.
2284 3403 2429 3476 [uers.
2450 3405 2563 3480 14.]
2614 3408 2862 3476 Quoniam
2890 3411 3136 3478 judicavit
3153 3414 3168 3445 ⁸
3194 3413 3445 3485 Dominus
3468 3417 3664 3487 plebem

2094 3508 2257 3547 suam.
2284 3487 2575 3565 Complevit
2605 3508 2748 3554 certe
2776 3502 2954 3556 omnia
2992 3501 3077 3557 illa
3115 3502 3167 3557 in
3211 3506 3406 3575 popqu
3441 3506 3661 3562 Iudaeo-

2095 3597 2230 3638 rum.
2258 3583 2518 3655 Numquid
2532 3587 2639 3657 jam
2662 3600 3027 3645 remanserunt
3048 3605 3207 3661 opera
3224 3593 3359 3663 ejus.
3379 3604 3662 3666 postquam

2093 3673 2300 3730 induxit
2333 3676 2540 3746 plebem
2565 3693 2712 3732 suam
2745 3680 2796 3734 in
2826 3690 3017 3736 terram
3053 3685 3518 3752 repromissionis?
3540 3688 3661 3744 Ad-

2094 3766 2198 3822 huc
2220 3768 2371 3839 plane
2388 3769 2644 3840 judicabit
2673 3790 2685 3827 :
2712 3771 2972 3827 Judicavit
2999 3773 3247 3831 Dominus
3274 3778 3464 3848 plebem
3485 3797 3655 3848 suam,

2091 3872 2136 3915 et
2165 3861 2217 3915 in
2241 3862 2393 3916 servis
2422 3864 2526 3918 suis
2552 3864 2890 3919 advocabitur.
2928 3865 3042 3920 Jam
3068 3866 3322 3936 judicavit
3340 3870 3507 3940 ipsam
3537 3875 3656 3942 ple-

2089 3950 2243 4016 bem;
2284 3963 2507 4023 excepto
2539 3953 2737 4025 judicio
2778 3954 2975 4024 futuro,
2997 3957 3227 4027 judicata
3265 3968 3349 4016 est
3384 3963 3533 4031 plebs
3557 3964 3660 4020 Ju-

2088 4044 2346 4099 daeorum.
2369 4040 2503 4111 Quid
2529 4057 2627 4110 est,
2652 4042 2922 4113 judicata?
2950 4048 3185 4119 Separati
3214 4052 3334 4109 inde
3361 4064 3486 4109 sunt
3499 4056 3658 4126 justi,

2089 4144 2142 4188 et
2170 4146 2537 4191 remanserunt
2560 4137 2757 4207 iujusti.
2786 4138 2842 4194 Si
2870 4149 3047 4196 autem
3073 4143 3301 4198 mentior
3327 4154 3419 4199 ant
3442 4149 3661 4204 mentiri

2088 4224 2382 4292 existimor,
2410 4228 2531 4297 quia
2571 4227 2703 4282 dixi.
2745 4229 2861 4284 lam
2896 4231 3127 4300 judicata
3157 4243 3266 4299 est;
3307 4234 3429 4289 audi
3470 4236 3661 4305 Domi-

2088 4332 2212 4370 num
2240 4317 2502 4373 dicentem
2537 4336 2549 4370 :
2582 4317 2644 4372 lu
2663 4320 3054 4389 judiciunweni
3078 4322 3129 4377 in
3150 4323 3284 4378 [tunc
3311 4327 3575 4393 mundum,
3600 4340 3659 4383 ut

2085 4410 2171 4478 qui
2198 4426 2294 4463 non
2315 4410 2498 4477 vident,
2527 4411 2751 4476 videant;
2774 4424 2820 4466 et
2847 4414 2934 4484 qui
2961 4415 3126 4469 vident
3153 4417 3272 4471 cruci
3299 4417 3425 4487 [iant
3451 4419 3473 4489 (
3489 4418 3655 4478 Joan.

2084 4517 2158 4567 rx,
2182 4502 2293 4577 '59).
2325 4503 2582 4559 Excmcati
2606 4515 2729 4561 sunt
2751 4507 2984 4575 superbi,
3014 4507 3292 4564 illuminati
3322 4521 3444 4565 sunt
3473 4513 3659 4568 humi—

2084 4595 2185 4650 les.
2240 4594 2491 4651 Judicavit
2541 4611 2667 4666 ergo
2721 4598 2908 4665 plebem
2956 4614 3122 4653 suam.
3178 4601 3348 4670 Ipsum
3393 4601 3657 4671 judicium

2083 4688 2215 4742 dixit
2242 4688 2398 4742 Isaias
2422 4708 2434 4744 :
2464 4687 2532 4742 Et
2562 4706 2692 4743 nunc
2719 4701 2771 4742 tu
2797 4690 2975 4745 domus
3000 4689 3181 4758 Iacob,
3205 4692 3395 4759 venite,
3421 4697 3656 4750 ambula-

2082 4799 2194 4836 mus
2238 4783 2291 4835 in
2329 4782 2517 4837 lumine
2558 4782 2780 4836 Domini.
2825 4783 3013 4838 Parum
3040 4793 3123 4839 est
3149 4782 3268 4849 hoc,
3297 4784 3388 4840 sed
3414 4785 3538 4855 quid
3562 4801 3657 4843 et»

2080 4876 2289 4946 quitur?
2320 4874 2517 4929 Dimisit
2536 4875 2665 4928 enim
2685 4876 2874 4945 plebem
2894 4892 3058 4942 suam,
3078 4870 3281 4931 domum
3302 4877 3466 4933 Israel
3490 4877 3650 4951 (leni.

2080 4984 2138 5033 ιι,
2161 4969 2214 5030 5.
2232 4967 2306 5038 6).
2341 4967 2454 5037 Ipsa
2483 4978 2561 5021 est
2588 4967 2775 5023 domus
2791 4968 2973 5034 Iacob,
2992 4984 3111 5039 qua:
3130 4969 3424 5027 estdomus
3447 4971 3653 5039 Israel;

3712 4964 3753 5009 ri

2079 5062 2165 5131 qui
2193 5060 2331 5115 enim
2355 5059 2538 5124 Jacoh,
2568 5059 2679 5128 ipse
2706 5067 2787 5114 est
2812 5057 2991 5114 Israel.
3033 5059 3211 5116 Nostis
3242 5072 3456 5126 sanctas
3479 5060 3655 5119 Litte-

2078 5168 2165 5208 ras
2188 5193 2204 5219 ,
2247 5163 2299 5208 et
2335 5160 2458 5222 puto
2484 5150 2623 5223 quod
2650 5150 2803 5205 vobis
2838 5151 3016 5205 veniat
3041 5151 3093 5205 in
3124 5160 3353 5208 mentem
3379 5152 3501 5223 quia
3534 5152 3656 5222 ipse
3734 5150 3739 5151 ί

2076 5243 2242 5300 Jacob
2279 5242 2489 5314 quando
2519 5242 2645 5296 vidit
2682 5242 2924 5311 angelum
2956 5257 3135 5298 secum
3166 5243 3376 5310 luctari,
3400 5253 3525 5299 tunc
3550 5259 3653 5300 ac-

2076 5339 2217 5405 cepit
2246 5307 2438 5391 nomen
2465 5345 2521 5389 ut
2554 5337 2905 5405 appellaretur
2934 5336 3090 5390 Israel
3124 5334 3144 5407 (
3165 5335 3292 5392 Gen.
3319 5353 3484 5403 xxxn,
3508 5336 3578 5393 28
3598 5338 3646 5410 ).

2076 5427 2223 5483 Unus
2263 5426 2421 5482 homo
2455 5435 2539 5481 est
2575 5427 2684 5481 sive
2713 5426 2897 5490 Jacoh,
2926 5427 3036 5481 sive
3059 5426 3254 5492 Israel;
3284 5444 3387 5484 una
3416 5444 3644 5499 persons

2075 5531 2156 5576 est
2189 5539 2200 5574 :
2233 5520 2422 5575 domus
2448 5518 2641 5584 lacob,
2684 5530 2737 5573 et
2769 5519 2958 5574 domus
2993 5519 3182 5585 Israel,
3219 5535 3319 5573 una
3356 5535 3506 5591 gens,
3539 5536 3644 5576 una

2137 5671 2291 5736 *AEdd.
2311 5672 2449 5733 juxta
2471 5679 2616 5722 arae.
2644 5679 2781 5732 va,
2814 5672 3073 5736 judicabat.
3108 5683 3164 5724 At
3203 5683 3308 5725 Mss.
3343 5683 3638 5736 constanter,

2061 5734 2304 5846 jtldicaglx
2320 5742 2408 5845 et
2422 5736 2493 5785 sic
2508 5734 2823 5799 Augustinum
2845 5734 3026 5799 legisse
3049 5746 3251 5799 apparet
3274 5751 3338 5789 ex
3360 5740 3544 5789 ratione
3566 5734 3644 5789 in—

2074 5808 2239 5861 terprc
2306 5814 2320 5845 ι
2353 5809 2384 5845 ι.
