3984 6200
447 336 584 393 1755

450 453 612 519 gitur,
652 449 730 505 sic
775 447 1019 505 videtur?
1048 445 1114 500 Et
1162 444 1235 499 illi
1264 443 1352 514 qui
1395 449 1794 505 remanserunt,
1824 437 2009 492 oculos

450 546 673 607 habent,
706 550 761 596 et
788 555 891 594 non
922 538 1101 592 vident
1123 554 1151 603 ;_
1181 552 1339 591 nares
1365 536 1590 600 habent,
1639 543 1692 588 et
1732 546 1841 586 non
1882 528 2012 584 odo-

452 644 591 693 rant.
631 633 746 688 Non
775 631 1008 686 sentiunt
1032 630 1176 684 illum
1206 628 1427 682 odorem
1457 644 1471 680 ε
1501 624 1684 680 Christi
1707 622 1866 677 bonus
1889 619 2014 674 odor

453 742 643 788 sumus,
671 724 808 779 sicut
830 722 959 789 dicit
988 720 1295 790 Apostolus,
1313 720 1365 772 in
1395 718 1529 773 omni
1550 716 1659 771 loco
1691 713 1775 786 (ιι
1806 713 1923 768 Cor.
1952 727 2011 765 tt.

458 818 571 888 15).
594 816 728 883 Quid
759 814 998 885 prodest,
1018 813 1139 883 quia
1170 828 1325 867 nares
1349 811 1565 872 habent,
1592 819 1648 864 et
1673 824 1774 862 non
1793 805 2017 861 odorant

456 920 562 965 tam
584 924 796 979 suavem
826 902 1041 963 odorem
1059 906 1290 961 Christi?
1322 905 1459 959 Vere
1484 904 1533 956 in
1564 903 1666 957 illis
1695 900 1887 955 factum
1912 906 2015 961 est,

455 1010 510 1054 et
540 1014 665 1055 vere
689 1000 756 1055 de
779 1000 882 1054 illis
910 999 1107 1054 dictum
1132 1008 1213 1052 est
1238 1039 1253 1061 ,
1279 996 1481 1051 Similes
1501 995 1602 1049 illis
1622 994 1721 1049 sint
1750 1005 1917 1045 omnes
1935 986 2020 1058 qui

454 1091 649 1160 faciunt
672 1107 750 1155 ea,
782 1101 829 1145 et
858 1106 1027 1144 omnes
1051 1105 1135 1155 qut
1167 1088 1429 1157 confidunt
1454 1088 1507 1140 in
1530 1087 1618 1140 eis.

529 1180 621 1259 25.
665 1177 812 1251 [vers.
837 1180 923 1244 l9,
941 1176 1057 1251 20.]
1086 1177 1191 1232 Sed
1230 1177 1464 1259 quotidie
1490 1176 1713 1232 credunt
1737 1193 1832 1247 per
1858 1178 2021 1234 mira-

462 1254 589 1325 cula
609 1266 805 1324 Christi
833 1269 1043 1325 Domini
1074 1310 1090 1335 ,
1137 1254 1390 1339 quotidie.
1412 1269 1723 1338 aperiuntur
1757 1271 1891 1325 oculi
1918 1286 2023 1326 cat-

460 1352 657 1416 corum'
675 1371 730 1416 et
766 1376 922 1416 aures
960 1361 1272 1427 surdorum,
1304 1360 1625 1430 inspirentur
1654 1350 1808 1416 nares
1837 1362 2020 1417 insen-

466 1462 727 1525 satorum,
749 1452 1109 1507 dissolvuntur
1138 1468 1229 1506 ora
1258 1462 1522 1506 mutorum
1552 1494 1564 1516 ,
1595 1454 2026 1524 constringuntur
2069 1512 2077 1520 ,

465 1560 655 1599 manus
682 1544 1115 1616 paralyticorum,
1133 1544 1468 1615 corriguntur
1492 1543 1657 1617 pedes
1673 1544 1977 1599 claudorum
2005 1586 2021 1610 ,

458 1636 527 1692 de
553 1637 811 1706 lapidibus
853 1637 970 1692 istis
996 1637 1292 1692 excitantur
1321 1634 1413 1690 ﬁlii
1439 1634 1666 1690 Abrahae
1691 1633 1711 1707 (
1743 1635 1924 1689 Matth.
1944 1653 2023 1703 ut,

464 1727 554 1796 9):
587 1728 780 1797 quibus
809 1727 1054 1782 omnibus
1088 1726 1199 1796 jam
1238 1726 1459 1790 dicatur,
1492 1724 1685 1781 Domus
1707 1724 1907 1791 Israel,
1937 1725 2024 1781 be-

463 1818 679 1871 nedicite
703 1817 998 1872 Dominum.
1020 1815 1219 1872 Omnes
1252 1815 1347 1869 ﬁlii
1374 1815 1600 1870 Abrahae
1625 1833 1639 1881 ;
1668 1825 1722 1870 et
1747 1815 1791 1869 si
1811 1814 1878 1870 de
1895 1815 2028 1886 lapi-

467 1909 625 1965 dibus
672 1910 788 1964 istis
825 1911 1144 1964 suscitantur
1170 1908 1260 1962 ﬁlii
1305 1907 1550 1972 Abrahae,
1576 1905 1914 1961 manifestum
1943 1915 2027 1963 est

461 2001 583 2070 quia
615 2000 705 2054 illi.
739 2009 862 2054 sunt
907 1999 1072 2068 magis
1097 1997 1286 2052 domus
1312 1996 1491 2062 lsrael,
1521 1997 1608 2067 qui
1655 1998 1920 2066 pertinent
1956 1996 2024 2050 ad

467 2088 682 2143 domum
708 2088 890 2156 Israel,
922 2090 1011 2159 qui
1042 2089 1306 2158 pertinent
1329 2087 1395 2141 ad
1432 2101 1612 2141 semen
1650 2086 1896 2151 Abrahae,
1920 2101 2027 2141 non

462 2194 623 2233 carne
653 2220 669 2247 ,
696 2179 790 2235 sed
816 2177 922 2234 ﬁde
949 2195 962 2231 :
1001 2178 1189 2232 Domus
1215 2176 1401 2244 Israel,
1434 2177 1704 2231 benedicite
1732 2175 2023 2232 Dominum.

460 2273 564 2328 Sed
593 2272 675 2327 l'ac
702 2271 770 2328 de
796 2271 955 2327 domo
986 2272 1072 2326 illa
1100 2271 1205 2326 di'ci
1233 2312 1249 2333 ,
1275 2278 1330 2325 et
1356 2271 1603 2340 populum
1636 2269 1795 2325 lsrael
1824 2268 2023 2334 vocari;

460 2364 796 2420 crediderunt
834 2364 959 2418 inde
993 2363 1234 2433 Apostoli
1265 2371 1319 2418 et
1361 2363 1521 2416 millia
1561 2361 2016 2416 circumcisornm.

460 2454 657 2510 Domus
680 2453 868 2519 Israel,
893 2454 1163 2509 benedicite
1187 2452 1486 2518 Dominum;
1507 2450 1701 2506 Domus
1728 2451 1921 2517 Aaron,
1942 2451 2028 2506 be-

460 2546 674 2600 nedicite
688 2544 987 2611 Dominum;
1013 2543 1210 2598 Domus
1241 2542 1363 2597 Levi
1384 2585 1399 2609 ,
1427 2542 1698 2597 benedicite
1733 2541 2024 2596 Dominum.

463 2640 767 2696 Benedicite
808 2639 986 2709 p0puli
1035 2637 1314 2691 Dominum
1337 2677 1353 2702 ,
1389 2635 1490 2690 hoc
1513 2643 1595 2689 est
1614 2676 1628 2700 ,
1653 2635 1834 2689 domus
1862 2632 2024 2688 Israel

461 2731 798 2802 generaliter;
817 2727 1112 2785 benedicite
1137 2726 1428 2797 przepositi,
1457 2726 1557 2780 hoc
1581 2733 1683 2787 est,
1715 2723 1893 2779 domus
1920 2723 2027 2778 Aa-

466 2838 558 2876 ron
579 2837 600 2886 ;
624 2820 918 2877 benedicite
945 2820 1192 2885 ministri,
1211 2819 1311 2873 hoc
1335 2827 1436 2879 est,
1452 2818 1629 2872 domus
1648 2816 1786 2872 Levi.
1808 2816 1942 2882 Quid
1963 2816 2030 2873 de

463 2913 673 2969 caeteris
719 2912 1056 2968 nationibus?
1098 2912 1197 2979 Qui
1220 2911 1400 2965 timetis
1422 2910 1695 2965 Dominum
1719 2951 1733 2974 ,
1762 2910 2032 2965 benedicite

464 3003 755 3058 Dominum.

535 3096 623 3151 26.
659 3094 808 3169 [vers.
828 3092 1156 3168 21.]0mnes
1181 3109 1311 3165 ergo
1342 3110 1444 3148 una
1474 3109 1605 3149 voce
1633 3093 1867 3148 dicamus
1887 3091 2029 3164 quod

463 3190 701 3258 sequitur
726 3206 741 3242 :
782 3186 1083 3243 Benedictus
1102 3186 1351 3242 Dominus
1374 3204 1438 3242 ea:
1464 3186 1590 3242 Sion
1607 3228 1622 3247 ,
1646 3187 1731 3255 qui
1760 3184 1948 3240 habitat
1974 3186 2028 3239 in

464 3276 766 3331 Jerusalem.
786 3278 860 3332 Ex
882 3276 1008 3332 Sion
1038 3284 1095 3331 et
1115 3276 1429 3331 Jerusalem.
1456 3276 1580 3331 Sion
1603 3274 1922 3346 Speculatio,
1941 3275 2029 3330 Je-

467 3367 696 3420 rusalem
715 3365 860 3419 Visio
878 3365 1040 3435 pacis.
1059 3365 1113 3419 In
1125 3380 1225 3441 qua
1237 3363 1526 3419 Jerusalem
1545 3379 1685 3419 nunc
1701 3364 2030 3419 habitaturus

474 3465 556 3509 est
579 3456 602 3508 ?
630 3457 683 3510 In
712 3456 798 3510 illa
824 3472 941 3526 qua:
967 3456 1199 3511 cecidit?
1225 3455 1364 3523 Non,
1395 3455 1509 3518 sed,
1528 3456 1580 3509 in
1613 3456 1697 3509 illa
1724 3465 1894 3511 matre
1930 3472 2030 3509 nn-

474 3536 604 3619 stra,
635 3564 755 3619 quae
797 3558 880 3603 est
901 3548 952 3602 in
980 3548 1151 3613 coelis,
1181 3547 1248 3604 de
1271 3562 1372 3618 qua
1400 3546 1598 3602 dictum
1628 3559 1729 3612 est,
1757 3545 1908 3600 Multi
1936 3546 2032 3616 lilii

468 3629 695 3705 deserni,
724 3641 883 3711 magis
906 3657 1057 3710 quam
1085 3642 1193 3713 ejus
1207 3656 1321 3712 qua:
1345 3641 1489 3695 habet
1509 3642 1671 3693 virum
1692 3639 1841 3713 (Isai.
1868 3640 2029 3706 Ltv,l;

472 3729 644 3785 Galat.
684 3747 756 3797 tv,
777 3730 998 3802 26,27).
1030 3730 1178 3786 Nunc
1205 3746 1332 3801 ergo
1362 3730 1615 3803 Dominus
1642 3743 1706 3783 ex
1726 3728 1895 3791 Sion,
1912 3729 2031 3799 quia

473 3821 811 3891 speculamur
836 3821 1008 3892 quoad
1041 3822 1220 3877 veniat
1242 3823 1294 3874 ιε
1324 3836 1465 3875 nunc
1491 3833 1664 3874 tamen
1703 3819 1951 3889 quamdiu
1979 3820 2032 3873 in

469 3927 567 3981 spe
596 3914 820 3968 vivimus
845 3956 861 3981 ,
894 3915 945 3968 in
971 3913 1098 3969 Sion
1144 3928 1345 3968 sumus.
1376 3912 1545 3967 Finita
1571 3912 1656 3966 via
1682 3910 2035 3966 habitabimus

425 4028 431 4033 -
472 4003 524 4057 in
558 4003 642 4057 illa
673 4004 917 4071 civitate,
962 4020 1079 4074 quae
1119 4019 1385 4073 nunquam
1438 4003 1638 4057 ruitura
1677 4011 1791 4060 est:
1822 4002 1943 4072 quia
1981 4011 2036 4056 ct

470 4094 724 4151 Dominus
752 4095 951 4149 habitat
978 4095 1029 4149 in
1050 4110 1133 4161 ea,
1160 4106 1213 4149 et
1235 4093 1594 4150 custodit-eam
1615 4110 1630 4146 :
1652 4098 1769 4163 qua:
1794 4101 1878 4147 est
1903 4092 2036 4147 visio

470 4187 617 4257 pacis
635 4196 829 4241 aeterna
854 4186 1174 4251 Jerusalem,
1203 4188 1346 4255 pacis
1378 4186 1539 4247 illius,
1569 4184 1761 4239 fratres
1785 4184 1887 4239 mei
1913 4225 1927 4249 ,
1950 4184 2036 4238 cui

472 4278 746 4334 laudanda:
769 4278 943 4350 lingua
971 4294 1074 4333 non
1107 4278 1320 4344 sufﬁcit,
1352 4278 1439 4333 ubi
1471 4279 1672 4333 nullum
1698 4276 1904 4332 hostem
1924 4276 2035 4347 jam

473 4368 762 4423 sentiemus
793 4383 891 4423 nec
913 4369 964 4421 in
991 4368 1224 4422 Ecclesia
1252 4409 1266 4429 ,
1296 4384 1392 4422 nec
1413 4378 1561 4422 extra
1586 4368 1878 4422 Ecclesiam
1899 4408 1915 4435 ,
1939 4381 2036 4422 nec

475 4458 529 4512 in
555 4473 715 4512 carne
745 4467 922 4511 nostra
941 4497 957 4521 ,
986 4472 1084 4511 nec
1112 4458 1164 4511 in
1190 4457 1508 4526 cogitatione
1540 4468 1740 4511 nostra.
1772 4457 2039 4529 Absorbe-

474 4547 619 4601 hitur
642 4563 784 4601 mors
812 4548 864 4601 in
892 4548 1165 4601 victoriam
1188 4547 1233 4618 (l
1252 4547 1368 4617 Cor.
1392 4563 1481 4613 xv,
1506 4546 1619 4615 54),
1650 4557 1702 4601 et
1724 4547 2036 4601 vacabimus

475 4638 542 4692 ad
568 4637 851 4692 videndum
892 4638 1056 4693 Deum
1079 4638 1129 4692 in
1152 4653 1282 4709 pace
1305 4648 1500 4693 aeterna
1525 4677 1540 4703 ,
1571 4636 1713 4692 cives
1739 4637 2033 4692 Jerusalem

477 4729 598 4785 fami
628 4731 852 4785 civitatis
875 4730 986 4785 Dei.

1706 330 1765 382 s.
1806 319 2162 403 AUGUSTINI
2203 320 2500 380 EPISCOPI

3549 322 3687 379 i756

2121 437 2321 493 nullum
2369 452 2579 493 versum
2633 437 2804 492 claudi
2851 437 3053 503 voluit,
3110 452 3206 507 per
3255 453 3413 507 quem
3458 437 3684 507 Spiritus

2119 538 2333 584 sanctus
2388 526 2624 584 condidit
2677 528 2968 583 Psalmum.
3002 527 3220 584 Memini
3273 537 3453 582 autem
3502 544 3588 582 me
3632 531 3691 584 in

2121 621 2320 690 psalmo
2344 621 2635 676 centesimo
2673 621 2884 689 quinto,
2906 621 2993 690 qui
3024 619 3267 674 similiter
3294 619 3480 689 incipit
3498 662 3517 681 ,
3541 636 3676 690 quo-

2122 714 2262 768 niam
2297 714 2467 769 eodex
2489 729 2643 782 quem
2676 713 2934 778 intuebar,
2970 729 3072 765 non
3104 712 3302 776 habet,
3329 712 3384 766 in
3410 722 3654 766 teternum
3674 753 3695 776 ,

2122 804 2237 870 sed,
2269 807 2320 858 in
2345 804 2579 858 saeculum
2610 803 2949 857 misericordia
2972 803 3113 872 ejus;
3147 804 3400 873 quasisse
3429 802 3555 872 quid
3587 817 3695 872 po.

2124 897 2228 949 tius
2262 894 2553 964 intelligere
2590 893 2941 948 deberemus:
2987 894 3037 947 in
3064 909 3238 963 graeco
3272 894 3413 948 enim
3442 908 3701 948 sermone

2123 982 2375 1056 Scriptum
2402 995 2503 1048 est,
2533 996 2597 1048 εἰς
2621 990 2699 1039 τὸν
2722 994 2875 1040 αἰῶνα
2899 985 3037 1055 quod
3063 993 3119 1040 et
3148 987 3200 1040 in
3220 987 3459 1040 saeculum
3487 1027 3504 1052 ,
3534 996 3590 1041 et
3629 987 3687 1041 in

2124 1089 2366 1134 wternum
2393 1081 2727 1151 interpretari
2760 1088 2953 1150 potest.
2979 1078 3083 1134 Sed
3107 1078 3232 1150 quid
3257 1080 3363 1134 illic
3386 1122 3401 1145 ,
3425 1091 3484 1135 ut
3503 1062 3654 1150 potui
3680 1122 3699 1145 ,

2126 1172 2464 1228 disseruerim
2494 1214 2510 1239 ,
2537 1173 2694 1227 etiam
2726 1172 2812 1227 hic
2836 1181 3077 1251 retexere
3120 1173 3335 1241 longum
3362 1183 3465 1228 est.
3496 1172 3551 1225 In
3593 1173 3703 1226 isto

2127 1274 2302 1319 autem
2330 1265 2533 1333 psalmo
2569 1265 2727 1317 etiam
2758 1264 2898 1318 idem
2931 1266 3044 1333 ipse
3070 1264 3236 1319 codex
3267 1279 3369 1317 non
3413 1264 3572 1317 habet
3597 1305 3613 1326 ,
3645 1265 3703 1316 in

2135 1356 2374 1408 sa‘culum
2397 1397 2411 1417 ,
2437 1354 2577 1424 quod
2604 1354 2839 1426 plerique
2865 1354 3100 1419 habent;
3123 1353 3238 1419 sed,
3256 1355 3309 1407 in
3332 1363 3579 1408 teternum
3603 1355 3703 1405 mi-

2126 1446 2398 1501 sericordia
2426 1447 2557 1516 ejus.
2599 1445 2752 1513 Quod
2779 1445 2878 1500 etsi
2907 1454 3028 1514 post
3048 1444 3305 1515 judicium
3336 1485 3351 1509 ,
3374 1459 3481 1513 quo
3511 1444 3561 1496 in
3592 1444 3703 1498 ﬁne

2128 1543 2302 1597 samnli
2332 1539 2433 1594 vivi
2460 1550 2513 1595 et
2538 1540 2729 1593 mortui
2755 1537 3024 1609 judicandi
3053 1546 3177 1593 sunt
3203 1580 3219 1603 ,
3255 1538 3433 1592 missis
3458 1536 3617 1606 justis
3649 1537 3703 1590 in

2126 1636 2288 1690 vitam
2312 1644 2588 1697 aeternam,
2628 1632 2822 1703 iniquis
2850 1640 3026 1686 autem
3049 1631 3103 1685 in
3129 1630 3515 1685 antbustionem
3538 1637 3705 1684 teter-

2128 1743 2271 1789 nam,
2295 1743 2401 1799 non
2426 1726 2532 1782 sint
2550 1726 2799 1794 deinceps
2824 1723 2983 1779 futuri
3010 1738 3233 1794 quorum
3251 1721 3424 1777 adhuc
3451 1723 3704 1777 miserea-

2130 1832 2213 1877 tur
2236 1826 2412 1889 Deus;
2442 1833 2585 1878 recte
2615 1833 2788 1877 tamen
2816 1820 3039 1891 intelligi
3068 1830 3243 1891 potest
3267 1819 3318 1872 in
3346 1829 3606 1873 :eternum
3631 1818 3708 1870 fn-

2133 1928 2244 1971 tura
2277 1917 2634 1972 misericordia
2649 1916 2784 1986 ejus,
2804 1930 2959 1984 quam
2990 1917 3100 1967 suis
3123 1912 3321 1965 sanctis
3348 1909 3707 1978 ﬁdelibusque

2128 2009 2384 2078 largitur:
2417 2023 2522 2062 non
2546 2008 2667 2077 quia
2697 2007 2747 2060 in
2773 2014 3029 2060 aeternum
3060 2003 3238 2057 miseri
3265 2012 3424 2056 erunt
3450 2044 3465 2067 ,
3492 2012 3547 2055 et
3570 2001 3703 2054 idco

2130 2101 2182 2157 in
2212 2111 2467 2155 aeternum
2518 2097 2887 2154 misericordia
2911 2096 3027 2165 ejus
3064 2095 3407 2166 indigebunt;
3436 2093 3530 2148 sed
3571 2094 3706 2163 quia

2130 2193 2240 2267 ipsa
2267 2191 2534 2247 beatitudo
2555 2208 2712 2262 quam
2747 2187 3165 2245 misericorditer
3205 2186 3413 2241 miseris
3440 2192 3664 2254 prastat
3684 2225 3705 2250 ,

2130 2295 2188 2336 ut
2213 2298 2331 2337 esse
2352 2283 2529 2337 miseri
2555 2283 2801 2337 desinant
2828 2322 2843 2344 ,
2869 2289 2924 2335 et
2947 2280 3087 2334 beati
3116 2277 3237 2334 css'e
3272 2278 3563 2348 incipiant,
3588 2292 3704 2331 non

2131 2374 2346 2430 habebit
2362 2374 2542 2438 linem,
2562 2374 2679 2429 ideo
2702 2373 2753 2426 in
2771 2384 2923 2426 wtern
2932 2388 3014 2426 um
3034 2370 3375 2425 misericordia
3399 2371 3525 2439 ejus.
3544 2368 3703 2436 Quod

2131 2469 2271 2522 enim
2299 2466 2427 2535 justi
2457 2467 2658 2522 erimus
2700 2480 2763 2520 ex
2794 2464 2987 2535 iniquis
3011 2504 3026 2527 ,
3055 2464 3166 2517 sani
3196 2477 3262 2518 ex
3290 2461 3518 2517 inﬁrmis
3543 2505 3558 2528 ,
3586 2461 3705 2516 vivi

2130 2570 2197 2614 ex
2223 2559 2445 2612 mortuis
2478 2600 2492 2623 ,
2515 2557 2838 2611 immortales
2867 2570 2931 2611 ex
2972 2553 3314 2617 mortalibus,
3344 2552 3483 2607 beati
3521 2568 3584 2607 ex
3609 2553 3705 2607 ιιιὶο

2131 2650 2264 2706 seris
2286 2690 2303 2715 ,
2330 2648 2687 2703 misericordia
2712 2648 2828 2717 ejus
2847 2654 2947 2702 est.
2976 2645 3089 2700 Hoc
3110 2654 3285 2698 autem
3321 2643 3463 2711 quod
3494 2643 3566 2697 ita
3586 2643 3704 2697 eri-

2131 2757 2273 2809 mus,
2301 2741 2353 2794 in
2383 2751 2640 2794 teternum
2682 2739 2784 2794 erit
2811 2756 2824 2792 :
2850 2751 2977 2807 ergo
3004 2737 3060 2789 in
3081 2746 3324 2790 talentum
3348 2734 3706 2791 misericordia

2132 2833 2264 2902 ejus.
2296 2830 2542 2892 Proinde,
2567 2827 2887 2897 Conﬁtemini
2909 2824 3149 2890 Domino,
3176 2824 3224 2878 id
3252 2834 3364 2889 est,
3392 2823 3706 2878 conﬁtendo

2133 2905 2342 2975 laudate
2372 2920 2680 2982 Dominum;
2711 2918 2947 2987 quoniam
2974 2916 3153 2971 bonus.
3179 2914 3286 2969 Nec
3319 2931 3414 2984 pro
3436 2914 3537 2969 hac
3561 2928 3705 2968 con-

2135 3012 2362 3067 fossione
2401 3009 2596 3080 aliquid
2641 3010 2769 3063 estis
2812 3008 3101 3078 temporale
3138 3007 3436 3076 sumpturi;
3464 3006 3707 3075 quoniam

2132 3106 2185 3159 in
2210 3114 2451 3160 telernum
2478 3103 2815 3159 misericordia
2840 3102 2949 3172 ejus
2974 3143 2990 3167 ,
3015 3101 3067 3155 itl
3096 3110 3198 3165 est,
3227 3100 3541 3156 beneﬁcium
3559 3099 3706 3171 quod

2134 3197 2285 3251 vobis
2309 3194 2723 3251 misericorditer
2751 3203 2983 3262 praestat,
3014 3203 3270 3248 aeternum
3296 3202 3396 3248 est.
3422 3193 3578 3260 Quod
3602 3209 3705 3247 au-

2134 3298 2239 3343 tem
2269 3288 2445 3352 habet,
2477 3287 2725 3353 Quoniam
2745 3287 2922 3351 bonus,
2948 3300 3153 3355 gra'cns
3175 3284 3332 3338 habet
3354 3287 3526 3351 ἀγαθὸς
3554 3302 3567 3335 :
3596 3300 3706 3339 non

2135 3380 2274 3434 sicut
2315 3380 2368 3433 in
2401 3378 2601 3448 psalmo
2645 3377 2935 3431 centesimo
2960 3386 3014 3430 et
3042 3376 3260 3446 quinto;
3291 3375 3430 3445 quod
3476 3376 3550 3429 ibi
3580 3386 3668 3428 est
3690 3417 3703 3437 ,

2138 3470 2388 3538 Quoniam
2426 3470 2604 3535 bonus,
2630 3482 2834 3538 graecus
2870 3466 3028 3521 habet
3065 3474 3282 3537 χρηστὸς.
3314 3466 3436 3519 Ideo
3460 3466 3707 3520 nonnulli

2136 3564 2260 3619 illud
2281 3562 2607 3633 interpretati
2631 3569 2773 3627 sunt,
2797 3559 3055 3628 Quoniam
3081 3559 3257 3613 suavis
3284 3569 3384 3613 est.
3414 3563 3592 3624 Δγαθὸς
3612 3574 3710 3611 au-

2136 3664 2243 3712 tem
2273 3672 2380 3711 non
2403 3665 2688 3725 utcumque
2720 3654 2909 3721 bonus,
2940 3653 3033 3709 scd
3055 3652 3499 3707 excellentissime
3534 3652 3709 3707 boans

2136 3761 2238 3805 εει.
2432 3738 2435 3743 ’

2205 3839 2259 3894 2.
2299 3837 2467 3912 [vers
2492 3837 2557 3899 2,
2583 3835 2674 3910 5.]
2714 3836 2910 3892 Deinde
2946 3836 3185 3905 sequitur
3212 3852 3226 3890 :
3255 3834 3573 3903 Con/itemini
3596 3832 3710 3888 Deo

2138 3931 2381 3994 deorum;
2421 3928 2654 3999 quoniam
2681 3928 2735 3981 in
2761 3936 3003 3982 aeternum
3032 3926 3374 3982 misericordia
3409 3926 3543 3995 ejus.
3576 3924 3710 3980 Con-

2139 4022 2348 4091 ﬁtentini
2373 4019 2590 4073 Domino
2617 4019 2974 4084 dominorum;
3001 4019 3235 4089 quoniam
3260 4018 3313 4071 in
3342 4027 3585 4071 aeternum
3612 4018 3710 4070 mi.

2137 4110 2406 4167 sericordia
2443 4112 2569 4181 ejus.
2611 4110 2832 4175 Quinam
2871 4109 2979 4163 sint
3015 4108 3088 4163 dii
3119 4118 3171 4162 et
3197 4107 3435 4175 domini,
3479 4123 3709 4181 quorum

2139 4204 2357 4260 deorum
2387 4213 2442 4258 et
2469 4202 2800 4258 dominorum
2841 4201 2910 4256 sit
2943 4202 3082 4257 Deus
3109 4210 3163 4255 et
3194 4199 3481 4263 Dominus,
3510 4200 3607 4269 qui
3630 4208 3714 4254 est

2139 4310 2295 4351 verus
2330 4294 2508 4357 Deus;
2556 4294 2746 4346 merito
2773 4292 2935 4389 (μιαιδί
2975 4291 3133 4347 solet.
3178 4290 3247 4345 Et
3271 4290 3526 4360 scriptum
3561 4291 3713 4344 inve-

2140 4385 2314 4440 nimus
2340 4385 2391 4437 in
2411 4383 2516 4438 alio
2538 4383 2759 4452 psalmo,
2787 4380 2917 4436 deo's
2942 4381 3100 4436 etiam
3127 4380 3366 4436 homines
3390 4380 3711 4450 appellatos,

2136 4476 2293 4533 sicuti
2319 4489 2431 4540 est,
2455 4475 2592 4530 Deus
2628 4476 2758 4531 stetit
2801 4475 2856 4528 in
2896 4491 3152 4545 synagoga
3191 4473 3433 4535 deorum;
3461 4473 3515 4527 in
3546 4474 3712 4527 medio

2118 4580 2308 4629 ,autem
2332 4572 2451 4623 deos
2477 4570 2751 4624 discernit:
2771 4577 2820 4622 et
2849 4567 3005 4637 paulo
3031 4574 3166 4635 post,
3198 4564 3306 4636 Ego
3331 4566 3458 4629 dixi,
3488 4565 3579 4618 Dii
3598 4567 3714 4619 estis

2141 4672 2190 4716 et
2211 4660 2307 4730 lilii
2328 4659 2529 4716 Emeisi
2555 4674 2766 4722 omnes;
2792 4675 2877 4712 vos
2903 4667 3067 4711 autem
3087 4667 3142 4710 ut
3162 4656 3384 4711 homines
3404 4657 3709 4720 moriemini,

2140 4764 2189 4808 et
2212 4753 2340 4808 sicut
2367 4768 2497 4806 unus
2521 4767 2584 4804 ea:
2604 4748 2910 4819 principibus
2930 4748 3138 4823 cadetis.
3167 4746 3318 4814 Quod
3349 4747 3709 4802 testimonium

2022 4860 2057 4913 1
2142 4845 2299 4899 etiam
2344 4841 2596 4897 Dominus
2642 4840 2694 4894 in
2737 4839 3019 4909 Evangelia
3060 4848 3443 4892 commemorat
3484 4837 3712 4893 dicens:

760 4994 778 5007 ,
817 4944 900 5006 IN
940 4942 1317 5006 PSALMUM
1383 4939 1682 5003 CXXXV

1052 5065 1466 5123 ENARRATIO.

552 5186 602 5237 1.
631 5181 795 5255 [vers.
825 5181 876 5237 1.
905 5180 927 5254 ]
959 5178 1275 5248 Con/itemini
1315 5178 1533 5232 Domino
1575 5176 1808 5250 quoniam
1847 5176 2033 5241 bonus,

474 5275 713 5343 quoniam
756 5274 809 5327 in
852 5273 1091 5328 steculum
1130 5268 1471 5329 misericordia
1497 5271 1623 5339 ejus.
1656 5268 1894 5323 Psalmus
1939 5268 2040 5322 iste

476 5365 684 5419 laudem
711 5363 947 5419 continet
975 5363 1087 5428 Dei,
1112 5371 1165 5417 et
1187 5361 1372 5416 eodem
1403 5360 1558 5415 modo
1587 5360 1637 5413 in
1665 5360 1907 5412 omnibus
1931 5357 2040 5412 suis

477 5455 717 5510 versibus
738 5455 1069 5513 terminatur.
1102 5451 1347 5517 Proinde,
1380 5449 1619 5520 quamvis
1645 5449 1729 5503 hic
1752 5449 1803 5501 in
1834 5447 2039 5502 Iaudem

486 5545 578 5600 Dei
609 5547 771 5600 multa
800 5546 1060 5611 dicantur,
1081 5544 1310 5599 maxime
1331 5552 1506 5597 tamen
1538 5540 1652 5612 ejus
1683 5536 2039 5593 misericordia

488 5639 907 5704 commendatur,
926 5638 1042 5692 sine
1057 5637 1208 5706 cujus
1224 5634 1681 5690 commendatione
1707 5630 2039 5701 apertissima

542 5769 558 5802 ι
581 5777 681 5819 sm.
707 5776 756 5820 et
778 5775 905 5830 Mss,
923 5769 1047 5831 quod
1063 5769 1216 5820 veniat

2143 4932 2330 4988 Nonne
2357 4933 2597 5000 scriptum
2621 4939 2693 4984 est
2718 4931 2770 4983 in
2795 4928 2928 5000 Lege
2954 4937 3134 4994 vestra,
3162 4928 3301 4998 quia,
3329 4925 3441 4995 Ego
3468 4928 3598 4993 dixi,
3630 4928 3714 4981 Dii

2144 5027 2261 5081 estis
2280 5026 2307 5081 Ρ
2334 5025 2395 5080 Si
2418 5025 2532 5078 illos
2557 5023 2684 5077 dixit
2713 5026 2851 5086 deos,
2880 5021 2947 5074 ad
2975 5037 3098 5089 quos
3122 5036 3283 5073 sermo
3306 5018 3402 5073 Dei
3429 5023 3594 5090 [actus
3619 5031 3711 5085 est,

2144 5127 2190 5172 et
2218 5133 2316 5171 non
2342 5124 2500 5186 potest
2528 5114 2651 5168 solvi
2681 5112 2976 5182 Scriptura;
3006 5127 3151 5179 quem
3177 5109 3331 5165 Pater
3357 5112 3710 5179 sanctiﬁcavit,

2144 5218 2193 5261 et
2218 5206 2352 5261 misit
2379 5206 2431 5259 in
2456 5203 2720 5268 mundum,
2750 5218 2835 5257 vos
2860 5201 3022 5255 dicitis
3051 5201 3191 5271 quia,
3217 5200 3569 5271 Blaspltemas,
3597 5203 3714 5269 quia

2146 5298 2271 5361 dixi,
2298 5295 2463 5351 Filius
2490 5294 2584 5349 Dei
2612 5310 2724 5348 sum
2746 5291 2926 5361 (Joau.
2950 5308 3004 5357 χ,
3031 5290 3268 5362 35-56)?
3294 5291 3408 5349 Non
3437 5307 3563 5361 ergo
3590 5292 3711 5361 quia

2145 5389 2268 5444 boni
2298 5397 2420 5442 sunt
2447 5400 2663 5449 omnes,
2697 5384 2792 5439 sed
2817 5384 2938 5453 quia
2967 5398 3144 5438 sermo
3173 5383 3268 5437 Dei
3306 5383 3374 5437 ad
3402 5384 3518 5439 illos
3546 5382 3713 5438 factus

2145 5489 2261 5543 est,
2291 5477 2535 5548 appellati
2573 5485 2696 5530 sunt
2733 5474 2825 5528 dii.
2872 5472 3001 5529 Nam
3044 5474 3088 5528 si
3119 5482 3395 5543 propterea
3438 5474 3561 5544 quia
3591 5474 3710 5529 boni

2146 5578 2327 5625 essent
2363 5584 2574 5632 omnes,
2621 5583 2725 5620 non
2768 5567 2846 5620 sic
2890 5582 2983 5621 eos
3025 5565 3354 5635 dijudicaret.
3399 5566 3534 5622 Cum
3571 5567 3709 5620 enim

2146 5661 2403 5723 dixisset,
2434 5658 2572 5712 Deus
2601 5659 2731 5711 stetit
2767 5659 2818 5711 in
2845 5675 3102 5727 synagoga
3128 5658 3371 5725 deorum;
3403 5674 3506 5713 non
3537 5660 3625 5722 ait,
3654 5658 3708 5711 In

2160 5751 2337 5808 mcdio
2360 5752 2492 5807 deos
2516 5760 2571 5807 et
2596 5751 2835 5805 homines
2863 5731 3134 5815 discernit,
3165 5761 3409 5823 tanquam
3437 5751 3718 5807 ostendens
