4032 6202
343 315 368 369 1
379 315 484 372 757

351 437 479 502 quid
523 437 729 491 intersit
769 439 905 494 inter
935 441 1064 496 deos
1094 452 1144 495 et
1174 441 1412 497 homines
1441 461 1452 495 :
1485 444 1575 496 sed
1609 487 1622 507 ,
1658 443 1722 497 1η
1752 444 1912 497 medio

338 527 531 596 inquit.
559 525 676 582 d‘eos
702 531 953 585 discernit.
979 533 1177 588 Deinde
1203 535 1458 604 sequitur,
1488 535 1753 605 Usquequo
1769 538 1916 608 judi-

335 622 466 673 catis
497 621 806 686 iniquitatem
833 623 1002 692 (Psal.
1037 641 1218 691 LxxXI,
1248 627 1297 685 l,
1325 626 1375 688 2,
1402 629 1453 691 6,
1482 626 1576 694 7)?
1605 637 1657 681 et
1682 639 1908 683 caetera:

339 726 460 780 qua:
491 713 666 782 utique
711 730 813 768 non
844 717 1088 770 omnibus
1116 718 1209 772 sed
1249 719 1562 786 quibusdam
1592 721 1756 787 dicit,
1787 721 1910 789 quia

338 803 652 859 discernens
685 806 811 861 dicit
837 825 852 872 ;
885 819 938 861 et
969 819 1141 863 tamen
1173 812 1222 863 in
1248 813 1410 864 medio
1441 811 1558 865 deos
1585 812 1835 864 discernit.

415 897 468 950 5.
505 896 608 953 Sed
646 902 920 968 quaeritur,
964 903 1008 957 si
1048 903 1287 958 homines
1325 904 1388 958 ad
1428 920 1561 976 quos
1600 921 1778 960 sermo
1817 907 1907 961 Dei

335 983 514 1040 factus
541 997 637 1047 est.
665 989 735 1043 dii
760 1002 1034 1058 vocantur,
1063 1004 1236 1048 utrum
1265 1004 1316 1050 et
1336 997 1519 1065 Angeli
1543 997 1762 1050 vocandi
1788 1006 1910 1051 sunt

336 1079 414 1131 dii
438 1095 452 1140 ;
495 1097 612 1132 cum
647 1081 946 1138 hominibus
970 1085 1128 1154 justis
1156 1095 1209 1140 et
1233 1088 1430 1140 sanctis
1456 1090 1741 1142 maximum
1770 1106 1904 1156 pra:-

335 1167 505 1222 mium
537 1172 875 1239 promittatur
903 1176 1173 1242 aiqnalitas
1203 1178 1543 1241 Angelorum.
1591 1180 1653 1232 Et
1681 1181 1731 1234 in
1763 1180 1907 1235 Scri-

334 1261 514 1329 pturis
539 1261 748 1329 quidem
780 1264 960 1318 nescio
986 1273 1158 1319 utrum
1179 1267 1264 1320 vel
1287 1269 1473 1337 possit,
1502 1269 1582 1323 vel
1607 1269 1758 1325 facile
1786 1287 1906 1340 pos-

333 1351 410 1401 sit
438 1351 680 1418 reperiri,
711 1362 892 1420 aperte
919 1353 1086 1408 dictos
1108 1356 1334 1425 Angelos
1363 1357 1526 1422 deos;
1567 1359 1658 1412 sed
1690 1375 1808 1414 cum
1839 1361 1906 1415 de

339 1439 569 1495 Domino
596 1443 700 1496 Deo
722 1443 915 1498 dictum
942 1454 1103 1509 esset,
1129 1445 1383 1500 Terribilis
1405 1465 1555 1518 super
1575 1466 1743 1503 omnes
1765 1453 1901 1517 deos,

333 1545 438 1584 cur
467 1531 562 1584 hoc
588 1531 805 1596 dixerit,
835 1536 1084 1589 continuo
1109 1537 1252 1590 velut
1276 1539 1585 1606 exponendo
1609 1543 1900 1610 conjunxit,

337 1621 594 1687 Quoniam
615 1625 687 1677 dii
707 1623 937 1678 Gentium
960 1629 1206 1682 daemonia
1232 1627 1398 1699 (Psal.
1421 1646 1542 1697 xcv,
1557 1633 1610 1698 4,
1629 1632 1705 1702 5).
1734 1633 1904 1701 Super

335 1713 475 1768 t‘ales
500 1713 628 1769 deos
655 1715 787 1770 dixit
815 1717 1092 1772 Dominum
1124 1721 1410 1775 terribilem
1445 1722 1494 1776 in
1534 1723 1731 1776 sanctis
1768 1725 1898 1788 suis,

330 1820 472 1874 quos
501 1807 664 1862 cmlos
689 1807 846 1873 fecit,
875 1826 904 1864 a
929 1812 1120 1881 quibus
1149 1813 1404 1880 daemonia
1437 1825 1778 1871 terrerentur.
1814 1817 1902 1874 Sic

330 1897 480 1952 enim
507 1899 741 1970 sequitur
760 1943 774 1966 ,
805 1901 1052 1958 Dominus
1081 1914 1242 1959 autem
1269 1908 1417 1960 caelos
1444 1909 1578 1980 fecit.
1609 1908 1723 1962 Non
1752 1925 1898 1978 ergo,

332 1987 419 2042 Dii
459 1991 572 2046 sine
614 1992 1007 2061 additamento;
1057 1997 1149 2050 sed
1170 2040 1182 2059 .
1214 1999 1290 2051 Dii
1319 1997 1565 2054 Gentium
1594 2000 1851 2057 daemonia
1883 2020 1896 2056 :

329 2083 579 2149 superius
608 2093 801 2150 tamen,
834 2086 1087 2142 Terribilis
1106 2131 1120 2155 ,
1149 2089 1349 2160 inquit,
1377 2107 1526 2162 super
1552 2109 1721 2148 omnes
1749 2095 1898 2160 deos;

332 2187 447 2225 non
478 2174 583 2240 ait,
617 2191 774 2243 super
801 2192 985 2233 onmes
1013 2179 1141 2233 deos
1171 2181 1414 2235 Gentium
1436 2225 1449 2244 ,
1477 2186 1713 2252 quamvis
1743 2186 1895 2239 intel-
1919 2201 1932 2208 ‘

327 2263 425 2333 ligi
468 2265 565 2319 hoc
605 2269 859 2335 voluerit,
891 2272 1132 2327 addendo
1173 2275 1312 2343 quod
1343 2278 1613 2346 sequitur,
1650 2278 1898 2344 Quoniam

321 2355 404 2407 dii
434 2355 662 2410 Gentium
683 2360 951 2413 dtvmonia.
981 2363 1131 2427 Quod
1157 2365 1367 2433 quidem
1395 2367 1446 2420 in
1470 2367 1684 2422 hebrieo
1708 2369 1899 2424 dicitur

318 2462 437 2499 non
469 2449 534 2500 ita
570 2463 686 2502 esse
717 2451 1007 2518 scriptum;
1051 2453 1143 2508 sed
1165 2496 1179 2519 ,
1213 2454 1297 2508 Dii
1335 2455 1564 2511 Gentium
1605 2461 1893 2538 simulacra.

317 2539 480 2607 Quod
507 2541 551 2594 si
570 2557 748 2596 verum
775 2551 874 2612 est,
898 2545 1064 2600 multo
1085 2547 1252 2618 magis
1271 2550 1518 2604 credendi
1545 2561 1667 2605 sunt
1683 2552 1898 2622 Septua-

316 2644 469 2700 ginta
501 2637 676 2686 tll\'illt)
709 2638 902 2703 Spiritu
947 2639 1293 2706 interpretati,
1324 2658 1428 2711 quo
1469 2644 1667 2711 Spiritu
1710 2655 1761 2698 et
1805 2646 1890 2699 illa

319 2721 465 2776 dicta
497 2733 621 2777 sunt
647 2741 762 2794 qua:
794 2726 843 2779 iu
876 2728 1100 2782 hebraeis
1131 2730 1321 2786 litteris
1350 2743 1488 2788 sunt.
1523 2735 1717 2790 Eodem
1747 2753 1894 2790 nam-

318 2828 430 2883 que
467 2825 718 2885 operante
755 2816 987 2886 Spiritu,
1014 2820 1171 2874 etiam
1203 2821 1302 2878 hoc
1341 2824 1443 2879 diei
1489 2829 1721 2894 Oportuit
1751 2829 1891 2898 quod

319 2905 521 2961 dictum
549 2918 628 2963 est
648 2948 662 2972 ,
688 2907 776 2988 Dii
815 2908 1044 2964 Gentium
1071 2912 1318 2968 dtemonia
1345 2931 1363 2969 :
1395 2927 1449 2969 ut
1479 2917 1890 2988 intelligeremus

321 2997 583 3053 sicetiam
611 2999 660 3052 in
692 2987 904 3055 hebrch
931 3003 1182 3070 positum,
1207 3003 1295 3057 Dii
1325 3003 1558 3059 Gentium
1583 3008 1888 3075 simulacra;

320 3102 388 3148 ut
412 3092 667 3148 dannonia
697 3078 872 3163 potius
896 3111 1013 3166 quae
1045 3106 1167 3151 sunt
1194 3097 1245 3151 in
1276 3098 1596 3165 simulacris,
1625 3101 1889 3171 signiﬁca-

319 3193 529 3240 rentur.
575 3184 703 3239 Nam
747 3185 889 3255 quod
933 3188 1120 3242 attinet
1159 3188 1225 3242 ad
1269 3188 1378 3258 ipsa
1426 3189 1738 3257 simulacra,
1770 3209 1888 3262 quae

318 3290 493 3346 graece
519 3277 850 3345 appellantur
876 3277 1035 3342 idola,
1068 3295 1170 3348 quo
1200 3280 1411 3334 nomine
1433 3281 1541 3350 jam
1572 3283 1767 3336 utimur
1794 3299 1887 3352 pro

315 3369 516 3436 latino,
546 3369 727 3424 oculos
755 3371 951 3425 habent
989 3382 1042 3426 et
1070 3387 1175 3425 non
1201 3372 1411 3436 vident;
1457 3383 1510 3428 et
1549 3382 1738 3428 ezetera
1767 3391 1885 3442 quae

314 3461 391 3516 de
416 3461 498 3517 his
533 3461 650 3516 ideo
675 3461 954 3529 dicuntur,
987 3463 1106 3531 quia
1134 3460 1276 3516 omni
1305 3457 1466 3519 sensu
1495 3475 1676 3519 carent
1706 3484 1718 3520 :
1750 3482 1882 3536 quo-

313 3536 462 3608 circa
491 3569 588 3608 nec
615 3554 802 3608 terreri
844 3563 1088 3624 possunt,
1119 3557 1237 3625 quia
1268 3556 1368 3610 nisi
1394 3571 1456 3610 ea
1482 3573 1598 3626 qua:
1629 3559 1880 3623 sentiunt,

315 3645 504 3699 terreri
555 3646 735 3714 utique
776 3662 880 3701 non
916 3657 1157 3716 possunt.
1199 3648 1473 3715 Quomodo
1513 3665 1639 3718 ergo
1683 3650 1881 3704 dictum

313 3744 403 3791 est
429 3735 494 3791 de
522 3720 746 3790 Domino
765 3779 778 3801 ,
806 3735 1066 3792 Terribilis
1091 3747 1162 3791 est
1197 3753 1347 3806 super
1373 3754 1542 3790 omnes
1575 3739 1695 3792 deos
1714 3782 1728 3804 ,
1756 3757 1884 3810 quo-

313 3827 453 3880 niam
481 3827 554 3881 dii
579 3826 810 3882 Gentium
835 3825 1131 3893 simulacra,
1163 3827 1263 3882 nisi
1289 3843 1385 3896 per
1409 3829 1688 3883 simulacra
1717 3830 1880 3886 intel-

215 3982 234 3990 κ
315 3918 544 3989 ligantur
572 3919 851 3983 daemonia,
883 3933 1001 3989 quae
1030 3920 1216 3974 terreri
1242 3920 1507 3988 possunt?
1548 3919 1700 3976 Unde
1726 3921 1796 3975 ait
1828 3930 1881 3976 et

312 4011 633 4079 Apostolus,
664 4010 862 4066 Scimus
899 4012 1016 4083 quia
1055 4010 1181 4064 nihil
1209 4021 1276 4065 est
1304 4011 1494 4064 idolum
1533 4028 1551 4065 :
1594 4012 1693 4066 hoc
1735 4013 1876 4067 enim

313 4101 496 4155 retulit
522 4101 586 4155 ad
627 4103 899 4157 materiam
931 4112 1194 4156 terrenam
1237 4117 1396 4157 sensu
1423 4112 1711 4156 carentem.
1747 4103 1874 4158 Item

311 4206 382 4246 ne
433 4192 709 4262 quisquam
758 4200 966 4261 putaret
1012 4207 1115 4246 non
1165 4207 1283 4246 esse
1337 4192 1562 4262 aliquam
1613 4194 1878 4248 viventem

308 4283 730 4353 sentientemque
771 4293 1032 4351 naturam,
1062 4301 1178 4355 qua:
1202 4285 1447 4340 Gentium
1488 4285 1760 4340 sacriﬁciis
1785 4285 1880 4340 de-

309 4376 557 4439 lcetetur,
588 4376 826 4445 adjunxit
857 4395 869 4430 :
902 4377 1006 4431 Sed
1033 4393 1144 4445 quae
1171 4377 1430 4431 immolant
1457 4375 1658 4439 Gentes,
1691 4376 1880 4432 dorma-

309 4465 410 4518 niis
438 4465 717 4529 immolant,
749 4475 794 4518 et
822 4483 924 4519 non
949 4465 1078 4519 Deo.
1110 4466 1244 4520 Nolo
1265 4483 1348 4520 vos
1369 4467 1527 4520 socios
1549 4467 1659 4534 ﬁeri
1685 4467 1875 4521 dtemo~

306 4558 510 4622 niorum
547 4557 602 4627 (Ι
625 4556 739 4611 Cor.
763 4573 826 4622 x,
849 4557 975 4629 ς20).
1016 4557 1069 4613 Si
1099 4573 1223 4626 ergo
1270 4575 1523 4628 nusquam
1571 4560 1619 4612 in
1651 4559 1876 4628 eloquiis

305 4647 502 4702 divinis
533 4649 793 4716 reperitur
819 4656 1031 4701 sanctos
1052 4648 1283 4718 Angelos
1311 4651 1604 4717 appellatos
1633 4649 1781 4714 deos,
1810 4665 1873 4704 ea

307 4737 437 4794 mihi
464 4754 619 4794 causa
647 4739 978 4808 potiSsimum
1014 4739 1273 4804 occurrit,
1300 4755 1364 4792 ne
1396 4740 1495 4794 isto
1537 4742 1748 4794 nomine
1774 4740 1873 4793 ho-

305 4832 477 4886 mines
506 4832 571 4886 ad
601 4831 701 4886 hoc
737 4831 1124 4886 aediﬁcarentur
1144 4874 1158 4896 ,
1190 4843 1246 4885 ut
1270 4834 1620 4885 ministerium
1651 4835 1730 4887 vel
1762 4849 1874 4887 ser-

303 4923 487 4977 vitium
516 4923 782 4993 religionis
802 4965 816 4988 ,
844 4938 960 4992 quae
987 4937 1159 4992 graece
1188 4923 1390 4992 liturgia
1411 4963 1426 4988 ,
1455 4924 1535 4977 vel
1567 4923 1714 4978 latria
1742 4919 1874 4979 dici-

306 5023 412 5078 tur,
445 5013 644 5066 sanctis
669 5013 883 5082 Angelis
909 5011 1226 5066 exhiberent
1249 5029 1262 5076 ;
1303 5005 1571 5082 quod-nec
1599 5013 1697 5082 ipsi
1723 5015 1872 5068 exhi-

301 5105 415 5158 beri
445 5106 511 5157 ab
537 5105 839 5158 hominibus
865 5104 1068 5166 volunt,
1095 5106 1190 5157 nisi
1217 5104 1286 5157 illi
1312 5106 1418 5159 Deo
1439 5107 1525 5174 qui
1553 5114 1606 5159 et
1636 5107 1866 5176 ipsorum

298 5209 356 5251 et
407 5199 678 5252 hominum
724 5199 863 5252 Deus
909 5209 1007 5252 est.
1059 5198 1208 5254 Unde
1251 5199 1416 5252 multo
1464 5200 1642 5255 utilius
1683 5202 1866 5270 Angeli

297 5299 598 5355 vocantur,
647 5291 735 5360 qui
783 5290 943 5346 latine
989 5291 1152 5344 nuntii
1203 5301 1614 5360 nuncupantur;
1671 5303 1728 5346 ut
1771 5311 1867 5363 per

296 5397 496 5437 nomen
529 5397 632 5436 non
660 5383 985 5446 substantiae,
1019 5383 1110 5437 sed
1141 5381 1322 5447 ofﬁcii,
1355 5384 1482 5439 satis
1515 5385 1864 5453 intelligamus

298 5476 448 5529 illum
485 5475 651 5529 Deum
677 5489 706 5528 a
739 5475 890 5528 nobis
931 5490 1024 5528 eos
1063 5475 1164 5529 coli
1204 5475 1372 5537 velle,
1403 5491 1556 5544 quem
1599 5478 1859 5530 nuntiant.

295 5564 486 5620 Totam
537 5580 664 5634 ergo
708 5565 860 5619 istam
908 5567 1252 5635 quaestionem
1301 5566 1530 5620 breviter
1576 5567 1862 5636 Apostolus

293 5658 475 5723 solvit,
509 5656 593 5709 ubi
620 5656 693 5708 ait
725 5673 739 5708 :
769 5654 908 5708 Nam
932 5656 1022 5708 etsi
1049 5667 1163 5709 sunt
1192 5657 1277 5726 qui
1305 5657 1536 5710 dicantur
1561 5659 1654 5726 dii,
1684 5661 1785 5714 sive
1809 5661 1860 5713 in

292 5763 452 5821 ιαιο,
485 5753 587 5804 sive.
627 5751 679 5804 in
719 5762 886 5816 terra;
927 5753 1346 5811 quemadmodum
1371 5764 1484 5808 sunt
1522 5755 1593 5806 dii
1635 5756 1780 5809 multi
1808 5768 1853 5811 et

1413 317 1804 382 ENARRATIO
1842 325 1906 382 IN
1944 326 2259 388 PSALMUM
2297 335 2554 394 CXXXV.

3442 363 3578 418 1733

2018 444 2206 499 domini
2250 451 2432 516 multi;
2478 456 2565 506 sed
2604 457 2742 511 nobis
2784 476 2912 516 unus
2941 461 3110 531 Deus,
3155 465 3303 521 Pater
3327 511 3340 535 ,
3384 490 3445 526 ea:
3471 459 3577 537 quo

2016 539 2202 600 omnia,
2231 549 2275 591 et
2301 557 2390 594 nos
2416 543 2467 595 in
2495 544 2627 612 ipso,
2656 559 2702 600 et
2733 567 2859 603 unus
2886 552 3128 608 Dominus
3151 557 3302 612 Iesus
3323 561 3571 633 Christus,

2015 645 2104 694 per
2130 647 2275 698 quem
2303 635 2489 699 omnia,
2517 646 2562 688 et
2585 655 2674 692 nos
2704 659 2791 709 per
2817 644 2980 712 ipsum
3009 648 3050 717 (Ι
3073 647 3189 702 Cor.
3222 667 3329 715 vtu,
3360 656 3500 726 4-6).

2084 724 2135 776 4.
2178 721 2326 796 [vers.
2353 726 2432 800 4.]
2461 727 2820 787 Conﬁteamur
2843 752 2966 808 ergo
2997 740 3105 794 Deo
3133 745 3365 810 deorum,
3397 759 3441 800 et
3462 721 3573 802 ⁷ὓσ-

2012 813 2146 867 mino
2175 817 2527 884 dominorum;
2573 826 2805 890 quoniam
2847 829 2898 880 in
2943 841 3181 886 a’ternam
3229 837 3574 894 misericordia

2012 907 2137 975 ejus.
2169 907 2267 973 Qui
2287 910 2400 978 fecit
2421 913 2671 968 mirabilia
2692 934 2873 988 magna
2893 921 3048 975 solus.
3078 925 3226 981 Sicut
3254 930 3305 983 in
3333 935 3569 987 omnium

2011 1010 2256 1051 versuum
2300 1002 2600 1060 novissimis
2637 1009 2874 1076 partibus
2916 1014 3141 1080 positum
3172 1028 3284 1083 est,
3322 1021 3572 1088 Quoniam

2010 1088 2061 1139 in
2085 1099 2327 1144 cateruam
2352 1095 2688 1151 misericordia
2713 1100 2856 1169 ejus;
2886 1103 2962 1157 sic
2985 1105 3033 1158 in
3058 1111 3290 1162 omnium
3313 1116 3572 1181 capitibus

2009 1183 2247 1246 quamvis
2279 1199 2381 1237 non
2421 1187 2487 1238 sit
2525 1189 2789 1256 positum,
2819 1195 3236 1254 subaudiendum
3267 1215 3366 1269 est,
3397 1205 3571 1274 Con/i-

2011 1273 2197 1327 temini.
2229 1275 2376 1342 Quod
2413 1278 2464 1330 in
2495 1295 2667 1348 graeco
2692 1286 2986 1343 evidentius
3013 1304 3248 1360 apparet.
3278 1273 3574 1365 Appareret

2008 1373 2186 1420 autem
2218 1378 2268 1422 et
2296 1370 2348 1422 in
2375 1371 2564 1436 latino,
2595 1376 2638 1428 si
2668 1379 2907 1432 eamdem
2941 1382 3256 1440 locutionem
3289 1391 3572 1447 transferre

2009 1457 2302 1523 potuissent
2344 1461 2658 1532 interpretes
2695 1469 2882 1524 nostri.
2918 1472 3076 1538 ‘Quod
3120 1477 3328 1545 quidem
3372 1481 3444 1535 in'
3472 1483 3572 1536 isto

2011 1562 2161 1602 versu
2203 1547 2451 1618 possent,
2493 1554 2535 1608 si
2561 1555 2795 1612 dicerent
2816 1601 2828 1621 ,
2878 1563 3082 1630 facienti
3111 1568 3357 1623 mirabilia
3384 1588 3402 1624 :
3429 1574 3568 1641 quod

2008 1639 2147 1691 enim
2175 1655 2269 1693 nos
2295 1641 2568 1709 habemus,
2597 1647 2696 1712 Qui
2723 1651 2836 1719 fecit
2857 1652 3140 1718 mirabilia;
3162 1672 3364 1726 graecus
3390 1639 3566 1729 habet,

2006 1729 2207 1798 facienti
2243 1735 2490 1789 mirabilia
2520 1737 2626 1809 (a);
2661 1741 2744 1794 ubi
2776 1745 3074 1798 necessario
3100 1746 3417 1818 Con/itemini
3443 1756 3567 1810 sub-

2005 1822 2232 1876 auditur.
2265 1827 2434 1895 Atque
2481 1829 2677 1884 utinam
2720 1831 2801 1886 vel
2851 1849 3139 1902 pronomen
3185 1840 3477 1909 adderent,
3514 1856 3569 1899 ut

2005 1912 2259 1981 dicerent,
2295 1917 2352 1971 Ei
2391 1920 2477 1988 qui
2513 1923 2675 1992 facit;
2720 1923 2836 1991 vel,
2867 1925 2913 1980 ei
2949 1929 3034 1996 qui
3061 1931 3212 1998 fecit;
3255 1933 3334 1988 vel
3361 1975 3374 1995 ,
3408 1936 3453 1989 ei
3477 1937 3569 2006 qui

2003 2005 2249 2072 ﬁrmavit:
2265 2010 2382 2078 quia
2406 2011 2562 2066 etiam
2585 2015 2660 2068 sic
2682 2013 2834 2072 facile
2856 2018 3234 2090 intelligeretur
3249 2023 3568 2094 Conﬁtemini

2004 2112 2120 2151 esse
2158 2101 2594 2160 subaudiendum.
2623 2107 2776 2163 Nunc
2802 2127 2924 2164 vero
2955 2112 3022 2165 ita
3063 2114 3342 2171 obscurum
3372 2118 3565 2174 factum

2002 2198 2102 2254 est,
2134 2198 2191 2243 ut
2219 2194 2304 2260 qui
2333 2195 2568 2250 codicem
2595 2214 2824 2268 graecum
2849 2202 2959 2256 sive
2998 2207 3246 2261 nescierit
3285 2208 3563 2278 inspicere.

2001 2280 2112 2334 sive
2143 2286 2434 2352 nrglexcrit
2456 2330 2470 2351 ,
2507 2291 2669 2354 possit
2711 2300 2930 2358 putare,
2966 2294 3066 2360 Qui
3105 2298 3221 2366 fecit
3250 2301 3431 2367 ctelos,
3467 2300 3565 2366 Qui

2001 2375 2217 2441 firmavit
2243 2387 2443 2440 terram,
2477 2379 2575 2444 Qui
2608 2383 2724 2452 fecit
2757 2382 3047 2450 luminaria,
3075 2390 3313 2458 quoniam
3341 2391 3393 2444 in
3418 2403 3565 2446 ceter-

2000 2481 2118 2517 num
2148 2467 2487 2523 misericordia
2513 2472 2656 2540 ejus,
2687 2473 2804 2526 ideo
2833 2474 3030 2530 dictum
3055 2518 3070 2541 ,
3103 2479 3252 2546 quasi
3284 2491 3562 2550 propterea

2000 2556 2096 2615 ista
2130 2559 2330 2623 fecerit,
2371 2561 2617 2626 Quoniam
2651 2565 2704 2617 in
2748 2575 2987 2621 teternum
3031 2570 3373 2627 misericordia
3401 2576 3511 2645 ejus
3539 2591 3559 2629 :

1998 2662 2117 2703 cum
2145 2651 2210 2704 ad
2255 2651 2368 2721 ejus
2399 2655 2810 2711 misericordiam
2857 2659 2930 2714 illi
2974 2662 3301 2731 pertineant.
3334 2681 3466 2735 quos
3495 2667 3564 2721 de

1998 2741 2206 2796 miseria
2255 2745 2482 2812 liberat;
2541 2764 2644 2800 non
2693 2759 2870 2804 autem
2923 2759 2979 2805 ut
3022 2752 3137 2822 ejus
3183 2755 3562 2812 misericordia:

1997 2828 2157 2887 fuisse
2187 2835 2540 2906 intelligamus
2568 2838 2742 2894 facere
2784 2842 2975 2897 etclam
3019 2852 3072 2898 et
3099 2854 3293 2900 terram
3321 2857 3374 2901 et
3403 2849 3559 2902 lumi—

1996 2927 2138 2979 naria
2161 2967 2176 2992 ,
2205 2943 2322 2981 cum
2363 2929 2485 2983 illud
2512 2927 2580 2984 s'it
2618 2932 2870 2988 bonitatis
2901 2937 3014 3003 ejus
3041 2938 3130 3005 qui
3156 2940 3355 2993 creavit
3381 2941 3556 2994 omnia

1995 3015 2131 3070 bona
2163 3018 2312 3078 valde
2353 3019 2510 3089 (Gen.
2538 3037 2592 3088 ι,
2619 3021 2744 3095 51).
2774 3011 3000 3080 Ἐνθονίι
3029 3038 3204 3083 autem
3227 3071 3241 3094 ,
3285 3041 3342 3084 ut
3381 3043 3560 3087 essent

1993 3110 2168 3162 omnia
2197 3111 2351 3182 (Sap.
2376 3129 2412 3176 ι,
2444 3112 2565 3185 14);
2600 3115 2699 3170 hoe
2718 3133 2844 3172 vero
2871 3120 3270 3189 misericordiae,
3298 3132 3354 3176 ut
3379 3139 3409 3178 a
3436 3139 3559 3194 pec-

1993 3199 2124 3254 catis
2171 3202 2367 3256 nostris
2415 3205 2633 3261 mandet
2679 3222 2796 3274 nos,
2844 3218 2897 3263 et
2940 3224 2968 3264 a
3019 3213 3229 3266 miseria
3275 3214 3463 3268 liberet
3504 3215 3557 3269 in

1991 3300 2269 3344 aeternum.
2305 3292 2379 3347 lta
2409 3304 2534 3364 ergo
2573 3311 2670 3350 nos
2714 3298 2995 3369 alloquitur
3026 3302 3270 3357 Psalmus
3297 3323 3311 3359 :
3336 3305 3556 3374 Conﬁte-

1991 3382 2121 3434 mini
2165 3382 2270 3436 Deo
2309 3385 2550 3453 deorum,
2599 3389 2901 3459 conﬁtemini
2940 3391 3160 3446 Domino
3201 3394 3557 3464 dominorum;

1990 3473 2316 3530 confitemini
2344 3478 2392 3531 ei
2431 3481 2516 3548 qui
2544 3481 2665 3549 facit
2694 3482 2941 3536 mirabilia
2970 3501 3152 3554 magna
3180 3487 3357 3553 solus;
3386 3489 3554 3543 conli-

1993 3567 2172 3619 temini
2202 3567 2249 3621 ei
2289 3570 2372 3636 qui
2401 3571 2517 3636 fecit
2541 3572 2698 3624 'cwlos
2738 3573 2788 3624 in
2829 3575 3120 3639 intellectu;
3150 3577 3473 3632 confitemini
3504 3581 3553 3634 ei

1988 3656 2075 3718 qui
2117 3657 2334 3724 ﬁrmavit
2377 3668 2560 3712 terram
2601 3678 2751 3730 super
2787 3679 2978 3730 aquas;
3021 3666 3340 3720 confitemini
3383 3669 3429 3722 ei
3469 3672 3555 3736 qui

1989 3745 2105 3813 fecit
2132 3747 2398 3800 luminaria
2436 3765 2616 3818 magna
2643 3750 2798 3804 solus.
2842 3751 2947 3805 Cur
2977 3764 3154 3807 autem
3187 3756 3547 3820 conﬁteamur,

1981 3833 2043 3888 'in
2072 3836 2304 3889 omnium
2333 3852 2578 3891 versuum
2609 3839 2799 3894 linibus
2827 3841 2991 3909 ponit,
3030 3841 3276 3908 Quoniam
3319 3847 3370 3898 in
3408 3857 3552 3900 teter-

1987 3942 2106 3979 num
2132 3927 2474 3981 misericordia
2499 3929 2627 3999 ejus.
2741 3920 2750 3923 ’

2056 4017 2109 4071 5.
2153 4016 2315 4088 [rem
2344 4019 2522 4092 5-10.]
2563 4020 2664 4076 Sed
2701 4021 2826 4091 quid
2855 4031 2968 4088 est,
3019 4024 3118 4090 Qui
3160 4026 3274 4096 fecit
3302 4027 3550 4080 mirabilia
3626 4013 3635 4023 ’

1985 4123 2166 4176 magna
2206 4110 2389 4162 solus?
2433 4125 2499 4164 an
2546 4111 2667 4180 quia
2705 4111 2868 4166 multa
2915 4113 3170 4167 mirabilia
3203 4131 3296 4184 per
3320 4119 3548 4182 Angelos

1983 4205 2038 4252 et
2062 4213 2157 4267 per
2179 4199 2418 4254 homines
2445 4200 2608 4254 fecit?
2635 4200 2767 4256 Sunt
2792 4203 3029 4272 quaadam
3053 4219 3236 4274 magna
3261 4223 3379 4275 quae
3403 4209 3548 4262 solus

1960 4273 2123 4342 'Deus
2150 4288 2306 4354 facit,
2333 4298 2385 4344 et
2411 4290 2523 4360 ipsa
2549 4293 2857 4362 exsequitur
2883 4293 3064 4348 dicens
3082 4337 3096 4361 ,
3129 4273 3230 4360 Qui
3259 4273 3374 4368 fecit
3398 4300 3546 4354 cwlos

1981 4379 2034 4433 in
2059 4381 2329 4443 intellectu,
2361 4381 2460 4446 Qui
2482 4383 2700 4452 firmavit
2726 4393 2905 4438 terram
2931 4403 3079 4455 super
3101 4404 3278 4458 aquas,
3309 4388 3406 4453 Qui
3430 4391 3545 4458 fecit

1984 4473 2252 4525 luminaria
2295 4491 2479 4545 magna
2521 4474 2658 4530 solus
2691 4491 2712 4530 :
2750 4475 2869 4531 ideo
2898 4486 2950 4531 et
2992 4477 3076 4531 hic
3120 4478 3339 4544 addidit,
3385 4482 3540 4539 solus.

1980 4565 2101 4632 quia
2129 4572 2318 4618 caetera
2351 4565 2607 4620 mirabilia
2636 4583 2754 4636 qua:
2779 4567 3017 4622 dicturus
3049 4579 3148 4634 est,
3184 4587 3276 4639 per
3303 4570 3542 4628 homines

1981 4653 2123 4707 fecit.
2153 4654 2283 4708 Cum
2315 4656 2454 4710 enim
2485 4657 2740 4724 dixisset,
2770 4656 2872 4722 Qui
2908 4660 3023 4726 fecit
3061 4661 3328 4714 luminaria
3356 4680 3540 4735 magna

1979 4745 2152 4808 solus;
2196 4748 2446 4814 quae-sint
2489 4748 2672 4801 eadem
2723 4747 3030 4811 luminaria,
3073 4761 3284 4805 secutus
3313 4755 3535 4822 aperuit,

1980 4833 2150 4890 Solem
2178 4837 2228 4888 in
2255 4848 2542 4905 potestatem
2563 4839 2680 4902 diei,
2714 4839 2882 4890 lunam
2905 4848 2947 4892 et
2973 4840 3140 4893 stellas
3169 4842 3219 4894 in
3244 4853 3537 4910 potestatem

1976 4928 2150 4980 noctis.
2186 4928 2382 4981 Deinde
2409 4928 2590 4996 incipit
2617 4928 2791 4981 dicere
2818 4945 2933 4996 qua:
2965 4945 3058 4996 per
3075 4931 3302 5000 Angelos
3325 4934 3406 4987 vel
3435 4949 3532 5003 per

1976 5017 2217 5072 homines
2245 5019 2424 5072 fecerit
2454 5038 2465 5070 :
2499 5019 2598 5084 Qui
2627 5020 2865 5086 percussit
2891 5018 3313 5090 IEgyptumcum
3343 5024 3532 5092 primo-

1973 5111 2150 5178 genitis
2171 5125 2340 5161 eorum
2353 5124 2373 5171 ;
2393 5117 2446 5162 et
2469 5119 2680 5162 caetera.
2706 5108 3013 5164 Universam
3042 5113 3196 5180 igitur
3216 5124 3530 5176 creaturam.

1974 5217 2077 5254 non
2111 5202 2286 5270 utique
2329 5201 2466 5256 Deus
2507 5217 2600 5269 per
2637 5201 2865 5271 aliquam
2895 5214 3212 5268 creaturam,
3259 5206 3349 5258 sed
3391 5207 3534 5261 solus

1972 5292 2113 5347 fecit.
2143 5291 2304 5360 Cujus
2341 5304 2598 5346 creatura:
2631 5293 2882 5362 quasdam
2917 5305 3091 5363 partes
3131 5296 3531 5352 excellentiores

1969 5386 2440 5452 commemoravit,
2492 5401 2554 5440 ex
2616 5386 2803 5456 quibus
2859 5387 3097 5442 universa
3154 5389 3527 5458 cogitaremus,

1971 5478 2326 5548 intelligibiles
2367 5472 2532 5532 etelos
2568 5488 2621 5534 et
2649 5476 2909 5535 visibilem
2940 5489 3133 5534 terram
3162 5496 3175 5533 :
3204 5489 3256 5534 et
3280 5483 3524 5552 quoniam
3611 5535 3616 5542 _

1968 5581 2093 5625 sunt
2115 5572 2271 5624 etiam
2297 5570 2418 5624 cceli
2441 5570 2693 5636 visibiles,
2720 5571 3144 5627 commemoratis
3168 5587 3349 5628 eorum
3375 5572 3529 5628 lumi-

2027 5768 2098 5832 (α)
2140 5767 2196 5818 Τῡ
2218 5762 2458 5829 poiésanti.
