4032 6202
513 337 653 398 1759

521 457 739 514 naribus
771 465 934 513 totum
966 453 1184 510 caeleste
1211 467 1518 524 corporeum
1562 463 1615 507 ut
1644 453 1710 508 ab
1739 455 1852 525 ipso
1879 454 2070 509 factum

517 549 899 617 acciperemus,
930 545 1220 600 admonuit.

586 641 638 694 6.
661 639 964 707 Quanquam
995 638 1042 691 id
1065 638 1201 708 quod
1228 639 1321 700 ait,
1352 636 1449 702 Qui
1477 638 1592 706 fecit
1620 637 1767 691 cwlos
1803 639 1851 690 in
1883 639 2070 691 intelle-

514 741 611 793 ctu,
656 731 756 793 vel,
803 732 938 784 sicut
974 731 1060 782 alii
1099 731 1424 799 interpretati
1455 740 1595 796 sunt,
1637 731 1688 783 in
1730 732 2068 799 intelligentia,

512 833 684 876 utrum
716 823 880 877 caelos
909 823 1254 892 intelligibiles
1302 823 1595 892 significare
1643 823 1740 875 hoc
1785 824 1954 876 modo
1984 837 2072 875 v0-

511 912 685 977 luerit,
721 929 784 966 an
826 913 878 966 in
920 929 1014 967 suo
1057 913 1346 975 intellectu,
1385 914 1465 966 vel
1508 914 1557 966 in
1599 929 1690 966 sua
1731 915 2067 983 intelligentia

512 1007 698 1061 fecisse
743 1007 925 1070 caelos,
977 1007 1073 1059 hoc
1118 1014 1198 1059 est
1238 1007 1285 1058 in
1328 1022 1421 1059 sua
1458 1005 1739 1073 Sapientia,
1785 1007 1917 1058 sicut
1947 1006 2068 1059 alibi

509 1099 765 1166 scriptum
785 1108 884 1159 est,
907 1096 1088 1150 Omnia
1112 1097 1161 1148 itt
1187 1096 1444 1166 Sapientia
1461 1097 1618 1165 fecisti
1641 1095 1804 1168 (Psal.
1829 1112 1937 1161 CIII,
1955 1097 2066 1165 ‘24),

509 1203 574 1242 eo
596 1187 752 1240 modo
774 1187 1380 1256 insinuansunigenitum
1408 1186 1654 1251 Verbum,
1684 1188 1844 1254 quaeri
1878 1195 2064 1253 potest.

509 1276 613 1332 Sed
644 1278 687 1331 si
717 1277 786 1329 ita
822 1285 923 1342 est,
959 1287 1014 1329 ut
1041 1277 1092 1329 in
1119 1291 1215 1330 suo
1239 1277 1505 1330 intellectu
1543 1275 1727 1330 fecisse
1753 1275 2068 1344 accipiamus

512 1369 672 1422 Deum
693 1369 876 1432 cmlos,
904 1385 998 1422 cur
1019 1377 1214 1421 tantum
1237 1367 1302 1421 de
1328 1367 1476 1422 caelis
1507 1366 1606 1420 hoc
1627 1368 1716 1430 ait,
1746 1382 1863 1420 cum
1893 1366 2065 1419 omnia

509 1462 560 1512 in
588 1458 770 1512 eadem
793 1459 1056 1526 Sapientia
1082 1457 1263 1512 fecerit
1287 1457 1310 1509 ?
1330 1457 1409 1510 An
1441 1457 1507 1511 ibi
1535 1466 1731 1509 tantum
1768 1457 2066 1524 exprimen-

506 1547 629 1601 dum
660 1547 773 1613 fuit,
798 1557 854 1600 ut
879 1549 932 1600 in
954 1547 1158 1600 CiDlBl‘iS
1184 1547 1340 1600 etiam
1371 1547 1581 1599 tacitum
1616 1555 1790 1613 posset
1817 1547 2026 1614 intelligi
2049 1562 2062 1597 :

508 1648 566 1692 ut
590 1639 687 1693 iste
707 1640 775 1692 sit
801 1653 1006 1699 sensus,
1028 1637 1125 1702 Qui
1148 1638 1262 1707 fecit
1289 1638 1437 1690 ctelos
1459 1638 1510 1688 in
1534 1637 1802 1701 intellectu,
1833 1637 1926 1701 Qui
1945 1636 2064 1704 [un-

506 1728 646 1782 davit
663 1740 842 1782 terram
867 1746 1014 1798 super
1040 1745 1229 1798 aquas;
1258 1737 1312 1782 ut
1335 1737 1389 1782 et
1409 1727 1493 1780 hic
1521 1727 1822 1791 subaudias,
1845 1728 1896 1778 in
1921 1727 2068 1779 intel-

504 1819 629 1872 lectu
655 1836 672 1872 :
703 1819 802 1886 Qui
839 1821 953 1888 fecit
979 1820 1246 1873 luminaria
1271 1835 1451 1888 magna
1474 1818 1631 1882 solus,
1663 1818 1814 1871 solent
1841 1817 1892 1870 in
1923 1828 2063 1887 pote-

503 1921 676 1964 statem
691 1912 808 1973 diei,
829 1911 997 1963 lunam
1021 1922 1064 1965 et
1085 1911 1254 1964 stellas
1270 1911 1321 1963 in
1343 1920 1628 1979 potestatem
1650 1911 1840 1974 noctis;
1864 1911 2061 1979 utique,

501 2007 554 2056 in
578 2005 825 2056 intellectu
852 2004 876 2056 ?
899 2003 1173 2071 Quomodo
1201 2018 1328 2073 ergo
1347 2004 1504 2065 solus,
1536 2003 1580 2055 si
1609 2003 1706 2056 hoc
1733 2003 1887 2057 estin
1913 2003 2058 2055 intel-

502 2099 649 2159 lectu,
681 2097 761 2150 vel
789 2097 838 2148 in
862 2096 1206 2165 intelligentia,
1234 2094 1372 2164 quod
1397 2102 1478 2146 est
1502 2095 1553 2146 in
1576 2093 1855 2163 Sapientia,
1883 2093 1934 2146 ld
1957 2105 2058 2158 cst,

501 2185 553 2238 in
586 2185 757 2240 Verbo
803 2185 1102 2255 unigenito?
1143 2186 1222 2238 An
1251 2185 1371 2253 quia
1402 2184 1630 2238 Trinitas
1657 2201 1758 2236 non
1794 2192 1916 2238 sunt
1937 2182 2062 2238 'tres

499 2277 590 2341 dii,
622 2277 713 2332 sed
745 2293 878 2332 unus
919 2279 1077 2343 Deus,
1121 2277 1186 2330 ad
1216 2277 1268 2331 id
1307 2275 1532 2331 refertur
1568 2277 1703 2345 quod
1745 2277 1886 2329 solus
1917 2276 2062 2331 Deus

499 2369 638 2434 fecit,
661 2372 780 2440 quia
807 2385 912 2424 non
933 2380 1227 2424 creaturam
1261 2383 1354 2437 per
1380 2377 1677 2422 creaturam
1702 2367 1871 2422 fecit?

569 2463 621 2518 7.
649 2462 751 2518 Sed
779 2462 904 2531 quid
938 2470 1037 2525 est,
1077 2445 1178 2528 Qui
1204 2460 1421 2529 ﬁrmavit
1463 2469 1645 2512 terram
1691 2476 1842 2529 super
1865 2459 2062 2528 aquas?

496 2552 728 2608 Obscura
755 2554 896 2606 enim
912 2552 1132 2621 quazstio
1158 2561 1271 2614 est;
1295 2551 1416 2620 quia
1443 2559 1578 2604 terra
1603 2551 1809 2618 gravior
1836 2550 2056 2616 videtur,

496 2653 552 2696 ut
582 2659 683 2696 non
712 2643 906 2712 portari
934 2643 1102 2711 aquis,
1135 2640 1228 2696 sed
1253 2654 1414 2708 aquas
1439 2638 1609 2708 potius
1635 2649 1842 2708 portare
1872 2639 2057 2692 creda-

497 2747 600 2788 tur.
632 2736 702 2788 De
730 2752 829 2804 qua
862 2751 917 2788 re
940 2750 1004 2788 ne
1028 2734 1279 2788 adversus
1308 2748 1399 2786 eos
1419 2732 1506 2801 qui
1525 2746 1584 2786 se
1614 2740 1797 2800 putant
1821 2732 1919 2785 ista
1945 2746 2060 2786 cer-

499 2834 565 2877 t:s
590 2824 876 2878 rationibus
905 2824 1248 2892 comperisse,
1284 2824 1612 2876 contentiose
1636 2821 1932 2890 Scripturas
1961 2837 2055 2886 uo-

498 2925 636 2970 stras
675 2915 959 2972 defendere
985 2915 1283 2980 videamur;
1325 2916 1434 2972 sive
1465 2915 1587 2970 illud
1629 2916 1719 2981 ita,
1759 2915 1870 2970 sive
1904 2916 2083 2997 alitur!

493 3007 582 3071 sit,
620 3006 871 3061 habemus
907 3007 1046 3076 quod
1089 3007 1155 3062 de
1182 3007 1425 3076 proximo
1457 3005 1827 3076 intelligamus,
1865 3016 2056 3061 terram

489 3114 611 3166 qua:
651 3098 916 3153 habitatur
957 3098 1022 3154 ab
1069 3099 1368 3153 hominibus
1412 3105 1467 3153 et
1512 3099 1779 3153 terrestria
1823 3098 2059 3152 continuet

492 3191 757 3255 animalia,
798 3206 913 3260 qua:
938 3190 1040 3243 alio
1067 3190 1223 3244 modo
1256 3190 1308 3243 in
1340 3189 1626 3258 Scriptnris
1664 3189 1808 3242 arida
1838 3188 2051 3255 dicitur,

494 3280 629 3332 sicut
671 3281 920 3348 scriptum
963 3289 1074 3344 est,
1113 3280 1366 3349 Appareat
1409 3279 1570 3343 arida,
1615 3287 1660 3332 et
1697 3279 1885 3331 vocavit
1917 3278 2057 3332 Deus

493 3369 689 3421 aridam
719 3379 902 3422 terram
929 3367 1077 3440 (Gen.
1106 3384 1142 3432 1,
1173 3367 1206 3422 9
1224 3378 1270 3422 et
1292 3368 1402 3436 10),
1425 3383 1584 3437 super
1601 3383 1762 3437 aquas
1789 3383 1907 3423 esse
1935 3368 2056 3422 fun-

493 3458 690 3522 datam,
720 3458 857 3526 quod
879 3459 1028 3527 aquis
1045 3458 1527 3512 circumfluentibus
1543 3459 1921 3527 supereminet.
1941 3460 2052 3513 Non

493 3549 634 3602 enim
661 3565 777 3618 qua:
811 3550 1000 3602 dicitur
1032 3550 1317 3603 littoraria‘
1353 3549 1537 3604 civitas
1578 3563 1736 3618 super
1766 3565 1910 3604 mare
1939 3550 2056 3604 fun-

492 3640 636 3706 data,
664 3642 731 3693 ita
761 3641 859 3693 sub
895 3656 956 3694 ea
984 3656 1128 3694 mare
1155 3651 1256 3706 est,
1300 3639 1741 3710 quemadmodum
1763 3651 1883 3695 sunt
1907 3655 2056 3711 aqua:

495 3732 593 3786 sub
621 3733 985 3802 speluncarum
1021 3733 1261 3796 cameris,
1308 3743 1398 3786 aut
1440 3733 1536 3787 sub
1565 3733 1785 3788 navibus
1808 3748 2058 3803 superna-

496 3824 752 3886 tantibus;
784 3823 874 3876 sed
915 3823 1031 3877 ideo
1061 3838 1218 3892 super
1244 3837 1387 3877 mare
1415 3822 1624 3888 dicitur,
1671 3823 1789 3893 quia
1821 3822 2051 3878 inferiori

496 3917 624 3969 tnari
655 3916 1058 3984 supereminet”.
1088 3914 1174 3971 Sic
1190 3916 1360 3970 dictus
1382 3925 1464 3969 est
1490 3915 1692 3969 Pharao
1713 3917 1883 3970 exisse,
1909 3934 2057 3986 super

494 4023 710 4076 aquam:
744 4007 811 4060 ita
843 4008 982 4059 enim
1024 4006 1179 4060 habet
1212 4005 1435 4076 grajcus,
1472 4005 1609 4074 quod
1643 4006 1852 4074 quidam
1886 4007 2053 4061 Latini

496 4098 711 4163 habent,
730 4099 796 4150 ad
823 4115 1002 4167 aquam
1031 4097 1223 4168 (Exod.
1253 4113 1344 4162 vn,
1373 4098 1459 4167 15)
1479 4114 1494 4162 ;
1517 4097 1594 4150 sic
1631 4086 1880 4151 Dominus
1903 4115 2055 4167 super

497 4199 696 4256 puteum
723 4189 920 4241 sedebat
950 4187 1125 4257 (Joan.
1155 4203 1226 4267 ιν,
1270 4189 1322 4258 6)
1353 4205 1365 4240 :
1396 4189 1532 4257 quod
1575 4188 1730 4242 ambo
1758 4190 2054 4257 superiores

495 4290 674 4333 essent
699 4295 852 4348 quam
885 4281 1079 4333 ﬂumen
1105 4287 1158 4333 et
1183 4287 1368 4348 puteus
1392 4294 1406 4341 ;
1439 4279 1524 4333 ille
1545 4278 1697 4348 juxta
1720 4269 1934 4346 ﬂumen,
1958 4281 2056 4335 iste

493 4369 639 4438 juxta
670 4379 901 4440 puteum.

567 4463 620 4517 8.
649 4463 702 4517 Si
733 4473 908 4516 autem
928 4464 1082 4516 etiam
1105 4462 1297 4531 aliquid
1322 4462 1483 4521 aliud.
1515 4463 1652 4532 quod
1683 4462 1748 4516 ad
1775 4479 1871 4518 nos
1891 4465 2056 4534 magis

498 4555 744 4623 pertinet,
773 4554 868 4607 ista
889 4555 1024 4606 dicta
1052 4553 1347 4622 signiﬁcant
1371 4571 1384 4610 :
1415 4554 1532 4624 fecit
1557 4551 1696 4606 Deus
1724 4554 1872 4608 caelos
1894 4555 1946 4607 in
1971 4555 2054 4607 in-

498 4647 712 4711 tellectu,
745 4647 1043 4716 spirituales
1083 4656 1291 4700 sanctos
1325 4662 1470 4709 suos,
1503 4645 1693 4715 quibus
1724 4660 1827 4699 non
1854 4654 2052 4700 tantum

496 4740 731 4806 credere,
763 4755 942 4795 verum
973 4740 1128 4794 etiam
1155 4738 1442 4809 intelligere
1466 4737 1642 4791 divina
1670 4737 1883 4790 donavit
1909 4755 1924 4790 :
1954 4736 2056 4791 hoc

496 4835 582 4903 qui
608 4832 834 4886 nondum
861 4842 1097 4902 possunt,
1132 4841 1186 4886 et
1216 4832 1382 4886 solam
1421 4830 1577 4886 fidem
1608 4829 1959 4884 firmissimam
1988 4839 2056 4884 te-

497 4935 644 4991 nent,
682 4936 926 4996 tanquam
957 4925 1088 4980 infra
1131 4925 1294 4980 caelos
1325 4934 1478 4978 terrae
1507 4923 1718 4977 nomine
1750 4922 2052 4992 ligurantur.

497 5018 561 5071 Et
580 5017 698 5086 quia
722 5016 772 5071 in
797 5017 1062 5085 Baptismo
1082 5031 1236 5085 quem
1254 5022 1588 5084 acceperunt,
1613 5013 1917 5067 inconcussa
1938 5027 2056 5067 cre-

494 5110 713 5164 dulitate
737 5109 1065 5174 consistunt;
1097 5107 1214 5163 ideo
1243 5106 1439 5162 dictum
1470 5115 1572 5168 est,
1604 5105 1849 5159 Firmavit
1875 5115 2069 5189 tet-ram.

493 5219 642 5271 super
670 5218 840 5269 aquas.
887 5200 1013 5256 Item
1049 5200 1168 5268 quia
1202 5199 1453 5269 scriptum
1493 5208 1572 5252 est
1605 5196 1670 5250 de
1692 5195 1913 5250 Domino
1930 5195 2055 5250 Jesu

495 5295 708 5347 Christo
739 5293 876 5363 quod
914 5294 963 5345 in
1002 5292 1088 5345 illo
1125 5291 1229 5344 sint
1267 5307 1435 5343 omnes
1477 5287 1694 5342 thesauri
1729 5287 1985 5356 sapientia:
2010 5295 2057 5339 et

493 5389 710 5442 scientia:
745 5386 1018 5441 absconditt'
1044 5383 1258 5458 (Coloss.
1289 5399 1344 5450 ιι,
1375 5383 1467 5452 5);
1515 5381 1628 5435 haec
1653 5390 1824 5433 autem
1849 5378 1974 5445 duo,
2004 5379 2053 5431 id

498 5487 579 5531 est
601 5480 911 5548 sapientiam
939 5489 992 5534 et
1026 5478 1318 5542 scientiam,
1362 5476 1557 5530 distare
1586 5473 1722 5528 inter
1752 5488 1810 5527 se
1835 5471 2052 5541 aliquid,

568 5614 581 5641 ι
609 5613 773 5662 Plures
796 5622 918 5670 MSS,
945 5611 1199 5662 littorialis.
1436 5669 1446 5674 _
1679 5664 1689 5674 ,
1770 5662 1794 5674 ,,
1969 5660 1980 5670 .

565 5675 585 5701 ¹
603 5676 674 5735 sic
697 5685 792 5720 sm.
815 5682 866 5721 et
888 5662 1067 5735 aliquot
1107 5681 1209 5721 Mss.
1239 5677 1292 5720 At
1312 5669 1635 5735 _negius_tts..
1759 5662 1879 5733 ﬁl?“
1903 5662 2058 5735 1”ij

505 5733 628 5782 muti
653 5721 982 5799 superem:th
1000 5721 1071 5782 Er.
1091 5744 1142 5784 et
1159 5742 1288 5791 t.ov.,
1305 5721 1522 5793 inferiori
1537 5725 1661 5778 mari
1677 5726 1724 5776 in
1743 5721 1922 5787 primos
1937 5721 2056 5785 fines

505 5802 832 5858 supereminet.

1730 339 1785 393 S.
1828 340 2183 397 AUGUSTlNl
2225 341 2520 398 EPISCOPI

3507 371 3520 380 υ
3606 347 3744 402 I700

2183 455 2284 510 alia
2312 471 2519 526 quoque
2551 455 2936 524 Scripturarum
2967 463 3224 511 testantur
3252 456 3475 524 eloquia,
3507 460 3771 527 maxime

2179 545 2425 615 loquente
2453 556 2635 600 sancto
2662 546 2781 613 Job,
2823 547 2908 600 ubi
2945 545 3336 616 quodammodo
3378 547 3579 616 singula
3607 549 3743 602 deli-

2178 639 2422 702 niunlur;
2464 638 2535 690 ait
2573 637 2746 699 enim,
2781 635 2918 691 Dixit
2957 647 3123 691 autem
3159 638 3366 700 homini,
3413 637 3543 692 Ecce
3583 640 3745 708 pietas

2174 738 2246 782 est
2271 730 2548 798 sapientia,
2581 730 2825 784 abstinere
2853 738 3016 782 autem
3056 747 3088 782 α
3120 731 3252 783 malo
3280 731 3484 783 scientia
3509 742 3580 784 est
3620 732 3745 799 (Job

2174 833 2355 882 xxvnt,
2387 818 2520 890 9.8):
2559 835 2660 872 non
2698 819 3107 888 incongruentet'
3145 821 3482 888 intelligimus
3525 823 3742 889 Sttpit‘n-

2177 903 2299 955 tiam
2330 904 2378 955 in
2405 903 2703 971 cognitione
2729 916 2781 955 et
2810 905 3090 958 dilectione
3110 905 3222 974 ejus
3240 904 3378 972 quod
3401 921 3613 973 semper
3635 916 3741 967 est,

2175 1005 2330 1064 atque
2365 995 2859 1050 incommutabiliter
2881 1005 3072 1059 manet,
3119 995 3256 1063 quod
3290 997 3426 1048 Deus
3455 1006 3554 1048 est.
3606 995 3738 1049 Nam

2173 1094 2226 1138 et
2254 1085 2391 1154 quod
2411 1086 2500 1148 ait,
2527 1085 2655 1140 Ecce
2679 1087 2834 1155 pietas
2855 1097 2926 1140 est
2950 1087 3211 1154 sapientia,
3236 1095 3465 1139 θεοσέϐεια
3488 1086 3625 1138 diota
3658 1098 3740 1140 est

2175 1176 2224 1229 in
2245 1191 2418 1246 grmco
2442 1195 2454 1230 :
2479 1177 2687 1247 quodut
2711 1187 2872 1231 totum
2896 1177 3055 1231 latine
3075 1177 3416 1245 exprimatur,
3450 1177 3539 1229 Dei
3562 1177 3739 1230 cultus

2171 1266 2272 1321 dici
2295 1276 2482 1336 potest.
2529 1269 2784 1322 Abstinere
2820 1279 2985 1324 autem
3015 1285 3047 1322 a
3075 1269 3227 1332 malo,
3270 1269 3406 1337 quod
3451 1268 3582 1322 dixit
3617 1283 3737 1323 esse

2171 1358 2463 1420 scientiam,
2513 1359 2635 1427 quid
2679 1372 2761 1413 est
2799 1355 2962 1424 aliud,
3005 1359 3250 1428 quam‘iu
3293 1360 3466 1412 medio
3508 1359 3734 1413 nationis

2174 1458 2422 1502 tortuosa:
2451 1459 2504 1502 et
2525 1463 2806 1517 perversae,
2825 1458 3068 1518 tanquam
3097 1450 3146 1501 in
3171 1459 3323 1503 nocte
3345 1449 3502 1516 hujus
3531 1450 3731 1513 sa'culi,

2171 1548 2320 1592 caute
2367 1539 2753 1610 prudenterque
2779 1542 2974 1594 versari
3007 1540 3257 1611 (Philipp.
3291 1557 3348 1606 ιι,
3380 1539 3501 1612 15);
3533 1542 3730 1594 utabs-

2173 1629 2384 1682 tinendo
2426 1633 2644 1700 quisque
2683 1633 2749 1687 ab
2779 1632 3049 1701 iniquitate
3077 1649 3179 1686 non
3211 1632 3560 1686 confundatur
3582 1644 3732 1688 tene-

2170 1719 2296 1785 bris,
2324 1722 2519 1790 proprii
2550 1724 2781 1777 muneris
2803 1724 2919 1778 luce
2947 1723 3248 1777 discretus?
3281 1722 3410 1776 Cum
3441 1739 3569 1792 ergo
3596 1741 3732 1792 quo-

2169 1811 2288 1868 dam
2311 1813 2426 1868 loco
2458 1816 2738 1883 Apostolus
2761 1815 3078 1870 concordem
3109 1815 3394 1884 gratiarum
3424 1819 3731 1870 varietatem

2168 1905 2219 1959 in
2266 1907 2563 1962 hominibus
2605 1908 2699 1962 Dei
2744 1908 2901 1962 vellet
2946 1909 3245 1970 ostendere,
3291 1909 3402 1964 haec
3451 1910 3499 1961 in
3547 1911 3732 1978 primis

2167 1995 2271 2050 duo
2307 1998 2478 2065 posuit
2513 1998 2728 2062 dicens,
2782 1998 2881 2052 Alii
2916 1999 3116 2069 quidem
3156 2001 3306 2052 datur
3347 2017 3434 2068 per
3479 1999 3730 2070 Spiritum

2166 2105 2325 2141 sermo
2353 2090 2643 2158 sapientiae;
2684 2089 2782 2144 hoc
2814 2105 2931 2144 eSSe
2955 2090 3200 2152 arbitror,
3244 2090 3416 2144 Solem
3438 2092 3487 2142 in
3514 2101 3732 2157 potesta-

2166 2189 2262 2232 tem
2285 2181 2384 2234 diei
2411 2197 2430 2234 :
2450 2181 2551 2234 Alii
2577 2198 2740 2234 sermo
2767 2182 2985 2237 scientiae
3004 2182 3275 2235 secundum
3301 2183 3525 2235 eumdem
3554 2182 3729 2248 Spiri-

2165 2282 2304 2336 tum;
2349 2272 2449 2327 hoc
2493 2283 2594 2336 est,
2639 2275 2829 2326 lunam.
2886 2273 3080 2328 Deinde
3121 2275 3508 2341 quodammodo
3555 2273 3729 2326 stellas

2162 2365 2558 2418 commemorari
2600 2373 2727 2433 puto
2769 2365 2818 2418 in
2857 2380 2920 2417 eo
2951 2364 3089 2434 quod
3121 2365 3330 2428 dicitur,
3368 2365 3469 2417 Alii
3511 2366 3638 2433 ﬁdes
3674 2367 3727 2417 in

2163 2455 2332 2510 eodem
2360 2456 2576 2525 Spiritu,
2606 2458 2696 2510 alii
2720 2458 3034 2510 curationum
3063 2457 3267 2509 donatio
3292 2458 3344 2509 in
3372 2474 3471 2510 uno
3501 2456 3724 2522 Spiritu,

2161 2549 2248 2601 alii
2274 2550 2583 2620 Operationes
2612 2550 2867 2614 virtutum,
2900 2550 2988 2602 alii
3007 2549 3288 2619 prophetia,
3315 2549 3405 2601 alii
3429 2549 3726 2618 dijudicatio
3809 2547 3816 2552 ’

2159 2641 2444 2708 spirituum,
2476 2642 2564 2694 alii
2591 2659 2770 2711 genera
2795 2643 3094 2712 linguarum,
3126 2642 3211 2694 alii
3251 2642 3586 2708 interpretatio
3613 2658 3723 2694 ser-

2159 2749 2359 2786 monum
2386 2732 2433 2804 (Ι
2463 2730 2580 2786 Cor.
2607 2748 2698 2796 xu,
2724 2732 2902 2800 8-10).
2927 2731 3064 2785 Nihil
3093 2732 3232 2786 enim
3261 2731 3446 2784 horum
3485 2730 3724 2798 estquod

2161 2825 2212 2878 iu
2240 2824 2392 2892 hujus
2417 2824 2592 2876 διηειιιί
2621 2833 2772 2877 nocte
2801 2840 2901 2875 non
2925 2823 2992 2876 sit
3018 2823 3373 2876 necessarium
3403 2839 3416 2874 :
3464 2838 3578 2890 qua!
3599 2839 3721 2874 cum

2162 2917 2443 2982 transierit,
2465 2917 2757 2970 necessaria
2786 2917 2882 2969 ista
2909 2932 3009 2970 non
3041 2925 3227 2969 erunt:
3257 2915 3394 2979 ideo,
3424 2916 3474 2968 in
3501 2924 3724 2982 ιιοιεεια-

2159 3019 2253 3062 teut
2276 3008 2448 3061 noctis.
2474 3006 2500 3060 Ι
2509 3025 2540 3060 ιι
2565 3016 2854 3076 potestatem
2871 3006 3062 3075 quippe
3087 3007 3176 3068 ait,
3206 3006 3289 3060 vel
3315 3006 3414 3059 diei
3433 3005 3512 3058 vel
3539 3007 3722 3071 noctis,

2158 3110 2216 3156 ut
2241 3109 2471 3171 potestas
2495 3108 2634 3154 esset
2661 3099 2744 3154 die
2770 3098 2949 3153 lucere
2978 3098 3058 3152 vel
3089 3099 3276 3152 nocte‘
3302 3114 3317 3161 ;
3358 3095 3497 3166 quod
3533 3096 3584 3148 in
3609 3097 3724 3164 spi-

2159 3193 2433 3248 ritualibus
2459 3191 2610 3245 donis
2627 3191 2704 3244 sic
2733 3181 3054 3260 intelligitur,
3090 3188 3212 3258 quia
3233 3187 3377 3242 dedit
3407 3195 3724 3256 potestatem

2161 3285 2294 3338 filios
2320 3282 2412 3337 Dei
2441 3282 2550 3336 fieri
2590 3281 2769 3352 (Joan.
2796 3298 2832 3345 ι,
2863 3281 2974 3350 12).
3019 3279 3117 3343 Qui
3147 3279 3386 3349 percussit
3412 3276 3720 3347 /Egyptum,

2158 3391 2270 3428 cum
2294 3374 2632 3445 primogenitis
2658 3389 2850 3427 eorum.
2894 3371 3158 3426 Percussit
3196 3378 3252 3423 et
3282 3369 3555 3432 sarculum,
3598 3382 3724 3422 cum

2161 3464 2241 3519 his
2264 3481 2382 3534 qum.
2407 3465 2668 3533 praecipua
2697 3471 2946 3532 putantur
2971 3462 3020 3514 in
3045 3460 3262 3516 saeculo.

2226 3557 2279 3612 9.
2309 3555 2458 3629 [vers.
2492 3552 2705 3628 11-26.]
2743 3554 2840 3621 Qui
2865 3554 3033 3607 eduxit
3059 3551 3222 3605 Israel
3250 3551 3313 3604 de
3337 3551 3498 3604 medio
3523 3566 3722 3608 eorum.

2159 3648 2350 3704 Eduxit
2374 3649 2534 3704 etiam
2561 3657 2774 3702 sanctos
2797 3661 2860 3700 ac
2889 3647 3070 3700 ﬁdeles
3093 3661 3219 3700 suos
3251 3645 3320 3700 de
3354 3645 3527 3699 medio
3549 3645 3722 3698 malo-

2157 3755 2295 3794 rum.
2335 3737 2401 3792 Ῑη
2425 3755 2578 3792 manu
2600 3737 2786 3808 potenti
2817 3745 2863 3790 et
2890 3735 3090 3789 brachio
3114 3735 3323 3788 excelso.
3367 3733 3502 3801 Quid
3531 3742 3722 3802 poten-

2158 3831 2282 3895 tius,
2305 3829 2428 3900 quid
2454 3829 2715 3883 excelsius
2737 3841 2802 3882 eo
2815 3827 2882 3880 de
2901 3842 3005 3896 quo
3020 3825 3215 3879 dictum
3237 3833 3317 3879 est
3341 3843 3355 3878 :
3385 3823 3448 3876 Et
3466 3825 3724 3876 brachium

2157 3921 2489 3994 Domini‘cui
2529 3919 2796 3974 revelatum
2835 3926 2905 3972 est
2945 3915 3099 3988 (lsai.
3144 3932 3250 3979 LIII,
3287 3915 3383 3985 1)?
3431 3915 3529 3978 Qui
3555 3914 3724 3966 divisit

2158 4028 2294 4064 mare
2336 4009 2561 4064 Rubrum
2604 4010 2657 4062 in
2703 4009 2986 4062 divisiones.
3036 4007 3228 4062 Dividit
3254 4008 3433 4071 etiam,
3485 4016 3539 4058 ut
3584 4020 3722 4058 unus

2157 4113 2314 4172 atque
2351 4102 2487 4156 idem
2519 4101 2810 4169 Baptismus
2839 4100 2953 4152 aliis
2999 4099 3066 4152 sit
3095 4097 3148 4151 in
3185 4097 3364 4161 vitam,
3413 4096 3528 4149 aliis
3562 4097 3629 4148 sit
3667 4096 3718 4148 in

2159 4205 2403 4250 mortem.
2446 4191 2513 4246 Et
2551 4194 2720 4246 eduxit
2772 4191 2932 4244 Israel
2977 4207 3063 4261 per
3099 4190 3316 4242 mediunt
3355 4190 3484 4260 ejus.
3529 4187 3726 4241 Educit

2157 4287 2313 4340 etiam
2353 4286 2655 4339 innovatum
2689 4284 2933 4352 populum
2971 4296 3122 4335 suum
3149 4295 3244 4349 per
3269 4279 3532 4332 lavacrum
3561 4293 3721 4346 rege-

2158 4379 2460 4432 nerationis.
2500 4375 2568 4430 Et
2593 4377 2804 4430 excussit
2832 4363 3149 4445 Pharaonem
3179 4383 3225 4426 et
3253 4374 3480 4426 virtutem
3519 4371 3626 4440 ejus
3669 4371 3722 4423 in

2157 4473 2285 4524 mari
2311 4453 2790 4524 Rubrateleriter
2811 4467 3062 4521 interimit
3083 4473 3138 4519 et
3159 4474 3428 4533 peccatum
3459 4479 3676 4519 suorum
3701 4465 3721 4494 ²

2158 4571 2467 4631 reatumque
2491 4561 2606 4629 ejus
2629 4575 2720 4628 per
2742 4560 3084 4627 Baptismum.
3119 4557 3216 4624 Qui
3232 4555 3452 4607 traduxit
3476 4555 3723 4624 populum

2156 4669 2300 4706 suum
2320 4653 2372 4707 in
2400 4653 2609 4707 deserto.
2641 4647 2971 4706 Traducit'et
2996 4663 3092 4703 nos
3131 4649 3184 4702 in
3220 4647 3374 4717 hujus
3411 4645 3589 4700 saeculi
3615 4646 3752 4702 ari--

2157 4745 2320 4800 ditate
2352 4753 2407 4800 et
2430 4745 2723 4810 sterilitate,
2755 4758 2820 4797 ne
2840 4743 2892 4796 in
2921 4757 2982 4811 ea
3008 4754 3306 4809 pereamus.
3350 4737 3450 4808 Qui
3478 4728 3723 4807 percussit

2157 4853 2296 4907 reges
2337 4853 2560 4904 magnos,
2606 4845 2651 4888 et
2684 4834 2863 4888 occidit
2898 4848 3036 4903 reges
3070 4834 3241 4903 fortes.
3294 4829 3524 4885 Perculit
3560 4837 3726 4900 atque

2158 4927 2349 4982 occidit
2378 4927 2533 4980 etiam
2565 4942 2594 4979 a
2635 4927 2784 4980 nobis
2808 4913 3093 4986 diabolicas
3117 4933 3172 4977 et
3201 4922 3386 4976 noxias
3406 4929 3722 4992 potestates.

2162 5018 2295 5074 Scott
2316 5031 2478 5088 regem
2503 5017 2923 5069 Amorrlueorum.
2953 5011 3180 5069 Germen
3211 5011 3394 5066 inutile
3413 5011 3500 5066 vel
3517 5010 3724 5065 Tenta-

2161 5111 2355 5164 tionem
2389 5107 2684 5170 calentem,
2726 5105 2866 5174 quod
2901 5105 3274 5173 interpretatur
3309 5103 3482 5168 Seon;
3537 5116 3723 5172 regem

2161 5201 2588 5263 Amaricantium,
2612 5197 2749 5268 quod
2777 5197 3147 5264 interpretatur
3175 5193 3628 5248 Amorrhzeorum.
3655 5192 3725 5247 Et

2163 5293 2240 5366 Og
2274 5309 2437 5364 regem
2470 5291 2659 5345 Basan.
2708 5290 3135 5350 Coacervantem,
3177 5286 3317 5356 quod
3347 5286 3727 5352 interpretatur

2160 5385 2235 5456 0g
2260 5403 2274 5450 ;
2304 5394 2352 5440 et
2382 5398 2557 5453 regem
2584 5380 2935 5445 Coufusionis,
2958 5377 3097 5448 quod
3118 5378 3489 5445 interpretatur
3516 5374 3722 5456 Busan:

2160 5453 2282 5548 quid
2313 5477 2450 5531 enim
2479 5483 2754 5530 coacervat
2781 5471 3041 5538 diabolus,
3081 5470 3179 5524 nisi
3205 5467 3562 5524 confusionem
3583 5453 3616 5517 ’Ϊ
3657 5463 3726 5517 Et

2225 5659 2240 5689 ι
2269 5664 2366 5703 Am.
2392 5661 2444 5703 et
2475 5650 2640 5715 plures
2669 5657 2808 5709 uss,
2843 5654 2892 5698 ut
2914 5653 3117 5711 potestas
3152 5653 3270 5696 esset
3313 5642 3410 5694 dici
3448 5641 3611 5690 lucere
3649 5642 3728 5691 vel

2163 5726 2460 5829 noglgicutss.
2481 5783 2536 5826 Αι
2563 5773 2693 5834 ωι,
2711 5785 2864 5824 suum.
