4032 6202
287 366 415 422 i761

289 482 421 533 dedit
463 487 647 532 terram
692 495 860 532 eorum
895 477 1263 542 hereditatem,
1316 477 1654 531 [nereditatem
1693 475 1856 529 lsrucl

284 586 422 624 servo
449 587 560 622 suo.
607 570 703 623 Dat
728 570 887 624 etiam
918 583 1048 638 quos
1073 567 1312 622 diabolus
1340 567 1658 635 possidebat,
1689 566 1858 620 hzerc-

284 646 499 716 ditatem
527 661 715 715 semini
750 659 992 725 Abrabzr,
1035 659 1175 726 quod
1212 670 1290 712 est
1325 659 1588 712 Christus.
1638 659 1766 723 Quia
1804 659 1857 711 in

284 754 564 808 humilitate
589 762 758 807 nostra
793 769 980 805 menter
1009 752 1102 830 fuit
1133 751 1307 804 nostri.
1335 751 1400 804 Et
1431 751 1634 803 redemit
1671 767 1759 802 nos
1794 749 1856 830 ab

280 846 499 899 inimicis
527 845 707 897 nostris
730 859 747 896 :
775 843 1027 912 sanguine
1047 825 1311 911 Uuigcniti
1329 841 1428 895 sui.
1462 841 1557 905 Qui
1583 843 1667 892 dat
1690 825 1852 894 escam

278 939 419 992 omni
438 938 614 1000 carni;
641 937 741 991 hoc
765 945 866 1000 est,
899 937 1043 988 omni
1078 934 1347 987 hominum
1381 934 1580 1001 generi,
1615 949 1718 987 non
1744 941 1856 986 tau-

278 1039 392 1084 tum
426 1029 799 1091 lsraclitarum,
835 1028 927 1082 sed
955 1038 1008 1081 et
1033 1026 1278 1082 Gentium
1314 1045 1326 1079 :
1359 1025 1424 1080 de
1453 1041 1553 1094 qua
1581 1041 1700 1079 esca
1727 1025 1881 1081 dici-.

279 1131 390 1183 tur,
414 1119 544 1174 Caro
572 1135 682 1172 mea
709 1135 819 1172 vere
847 1128 919 1172 est
946 1134 1058 1171 esca
1087 1115 1264 1188 (Joan.
1295 1133 1368 1178 vt.
1396 1117 1510 1187 56).
1538 1115 1855 1181 Con/itemini

280 1211 392 1266 Deo
416 1211 544 1269 cwli.
578 1210 814 1280 quoniam
840 1210 890 1262 in
910 1219 1146 1262 tetanum
1175 1209 1512 1262 misericordia
1535 1210 1662 1279 ejus.
1687 1209 1857 1276 Conﬁ-

276 1305 454 1358 temini
486 1303 696 1356 Domino
736 1304 1067 1363 dominorum,
1095 1303 1328 1371 quoniam
1364 1302 1414 1353 in
1439 1311 1677 1355 aeternum
1704 1301 1854 1354 mise-

277 1394 504 1450 ricordia
547 1396 673 1462 ejus.
729 1394 877 1462 Quod
925 1395 1010 1447 hic
1055 1395 1147 1452 ait.
1195 1393 1301 1445 Deo
1340 1393 1470 1456 cuzli,
1507 1393 1667 1446 credo
1703 1393 1856 1445 aliter

276 1487 460 1542 dicere
493 1487 656 1540 voluit
693 1485 831 1556 quod
870 1500 1024 1554 supra
1065 1485 1173 1552 jam
1202 1485 1427 1548 dixerat,
1474 1482 1580 1537 Deo
1607 1484 1808 1536 deorum
1835 1499 1855 1536 :

277 1593 404 1631 nam
437 1576 574 1644 qbod
606 1577 674 1631 ibi
701 1575 892 1630 deinde
920 1575 1207 1643 sulijunxit,
1243 1575 1341 1629 hoc
1364 1574 1520 1627 etiam
1553 1574 1635 1626 hic
1659 1575 1852 1643 repeti-

274 1671 377 1731 vit,
422 1666 738 1737 Canﬁtemini
768 1667 981 1721 Domino
1011 1667 1348 1719 dominorum.
1379 1665 1481 1720 Sed
1513 1666 1600 1718 etsi
1629 1676 1740 1718 sunt
1770 1665 1856 1734 qui

273 1763 518 1815 dicuntur
542 1762 631 1823 dii,
654 1764 755 1816 sive
781 1762 832 1814 in
863 1762 1003 1823 caelo,
1044 1761 1144 1813 sive
1167 1761 1216 1812 in
1239 1770 1371 1812 terra
1393 1774 1411 1822 ;
1437 1758 1853 1830 quemadmodum

271 1863 396 1905 sunt
425 1853 497 1904 dii
521 1853 666 1906 ηιαέιὶ
685 1862 730 1904 et
756 1853 944 1904 domini
969 1851 1112 1904 nmlti
1126 1868 1144 1915 ;
1171 1850 1257 1904 sed
1283 1850 1422 1903 nobis
1445 1867 1572 1904 unus
1597 1860 1668 1903 est
1697 1849 1848 1913 Deus,

273 1945 458 2007 Pater,
484 1961 544 1998 ex
567 1961 662 2014 qua
691 1944 878 2007 omnia,
907 1953 953 1996 et
979 1960 1067 1996 nos
1091 1944 1139 1996 in
1163 1943 1346 2011 ipsum,
1383 1952 1428 1995 et
1454 1958 1581 1996 unus
1606 1941 1853 1994 Dominus

265 2034 428 2090 Iesus
474 2033 722 2094 Christus,
770 2049 859 2104 per
903 2050 1045 2103 quem
1100 2035 1284 2094 omnia,
1333 2042 1378 2084 et
1417 2048 1509 2084 nos
1562 2048 1649 2100 per
1688 2032 1853 2098 ipsum

268 2129 290 2195 (
301 2128 318 2180 I
351 2127 464 2180 Cor.
485 2143 593 2190 vttt,
618 2126 708 2180 Set
726 2123 778 2197 6)
802 2142 816 2190 ;
841 2127 921 2179 cui
939 2125 1268 2186 confitemur,
1289 2123 1523 2188 quoniam
1543 2123 1593 2175 in
1615 2132 1852 2175 trternum

266 2221 617 2274 misericordia
638 2223 765 2290 ejus.

553 2419 562 2425 -
637 2385 717 2444 IN
762 2381 1137 2443 PSALMUM
1181 2381 1504 2442 CXXXVI

873 2480 1285 2534 EN.\RRATlO.

834 2588 1003 2626 SERMO
1033 2588 1099 2624 ΑΙ)
1128 2588 1326 2625 ιιιεῐιεδι
1337 2611 1348 2622 .

349 2668 374 2720 1
389 2707 402 2719 .
428 2664 578 2738 [vers.
607 2663 681 2737 1.]
705 2663 906 2719 Oblitos
926 2678 1020 2716 vos
1040 2677 1158 2716 esse
1183 2677 1285 2714 non
1308 2661 1554 2725 arbitror,
1573 2674 1844 2716 commen-

263 2760 433 2814 dasse
487 2773 582 2810 nos
635 2756 804 2818 vobis,
871 2755 976 2809 imo
1019 2750 1467 2808 commemorasse
1515 2751 1666 2816 vos‘,
1710 2749 1848 2819 quod

265 2851 452 2907 omnis
489 2848 722 2903 eruditus
754 2850 803 2901 iu
834 2858 1010 2900 sancta
1055 2846 1286 2900 Ecclesia
1333 2860 1491 2900 nosse
1524 2845 1680 2898 debet
1711 2844 1850 2898 unde

264 2945 423 2999 cives
449 2944 634 3007 simus,
671 2951 722 2996 et
751 2941 837 2994 ubi
866 2940 1280 3010 peregrinemur,
1318 2947 1370 2992 et
1408 2937 1848 3007 peregrinationis

268 3045 472 3092 nostra:
501 3048 712 3090 causam
733 3047 848 3088 esse
875 3041 1166 3102 peccatum,
1193 3030 1511 3085 reversionis
1534 3040 1704 3083 autem
1728 3044 1850 3081 mu-

267 3144 378 3183 nus
407 3127 766 3182 remissionem
787 3134 1118 3194 peccatorum
1141 3131 1195 3178 et
1218 3122 1642 3190 justiticationem
1667 3122 1847 3191 gratias

268 3219 395 3274 Dei.
427 3219 561 3272 Duas
584 3219 822 3273 civitates
851 3216 1136 3286 permixtas
1162 3215 1258 3268 sibi
1292 3215 1500 3269 interim
1526 3230 1766 3282 corpore,
1794 3223 1850 3269 et

269 3309 438 3366 corde
463 3319 752 3378 separatas,
777 3323 987 3362 currere
1008 3322 1100 3375 per
1117 3307 1213 3360 ista
1243 3306 1508 3362 volumina
1530 3305 1845 3359 saeculorum

269 3417 443 3470 usque
471 3402 520 3454 in
552 3401 730 3460 ﬁnem,
762 3398 981 3452 audistis
1005 3407 1059 3452 et
1095 3398 1295 3462 nostis;
1331 3412 1485 3451 unam
1513 3397 1594 3450 cui
1622 3395 1740 3450 linis
1764 3405 1848 3452 est.

267 3507 377 3562 pax
415 3502 630 3556 :eterua,
675 3501 726 3544 et
753 3498 968 3548 vocatur
993 3487 1281 3543 Jerusalem
1309 3505 1322 3550 ;
1361 3477 1576 3540 alteram
1605 3486 1688 3541 cui
1719 3501 1848 3557 gau-

268 3586 423 3639 dium
463 3594 545 3640 est
569 3600 670 3654 pax
708 3583 1030 3653 temporalis,
1073 3594 1125 3636 et
1166 3590 1382 3636 vocatur
1413 3580 1718 3652 Babylonia.
1756 3581 1844 3634 lu-

270 3679 679 3747 terpretationes
699 3677 852 3729 etiam
883 3675 1174 3737 nominum,
1203 3673 1246 3726 si
1271 3688 1373 3726 non
1401 3671 1571 3732 fallor,
1611 3672 1800 3725 tenetis
1829 3689 1843 3725 :

268 3770 570 3826 Jerusalem
600 3769 956 3838 interpretari,
985 3766 1254 3820 Visionem
1277 3765 1451 3832 pacis;
1482 3764 1844 3834 Babyloniam,

269 3863 666 3921 Coul’usionem.
700 3860 992 3916 Jerusalem
1022 3859 1070 3910 in
1101 3856 1384 3927 Babylonia
1407 3855 1610 3923 captiva
1640 3855 1850 3908 teneba-

273 3968 363 4011 tur
400 3971 502 4010 non
545 3964 686 4020 tota;
728 3954 869 4007 cives
909 3951 1048 4006 enim
1084 3949 1198 4017 ejus
1240 3956 1294 4000 et
1332 3947 1513 4014 Angeli
1555 3954 1695 3999 sunt.
1742 3945 1846 3999 Sed

269 4047 414 4112 quod
463 4047 651 4099 attinet
691 4043 756 4097 ad
797 4042 1044 4094 homines
1089 4037 1487 4106 prmlestinatos
1527 4037 1575 4090 in
1626 4038 1844 4105 gloriam

272 4141 392 4205 Dei,
426 4141 622 4193 futuros
651 4151 742 4206 per
770 4134 1104 4204 adoptionem
1136 4129 1438 4185 cohaeredes
1467 4127 1681 4189 Christi,
1713 4144 1846 4198 quos

270 4232 342 4285 de
370 4232 480 4301 ipsa
501 4229 802 4297 captivitate
831 4225 1050 4280 redemit
1081 4222 1335 4291 sanguine
1360 4235 1456 4274 suo
1493 4237 1505 4272 :
1541 4220 1844 4288 particulam

272 4337 403 4388 ergo
434 4320 585 4374 istam
620 4317 846 4372 civitatis
867 4313 1158 4368 Jerusalem
1186 4312 1442 4380 captivam
1472 4311 1636 4364 teneri
1675 4311 1724 4362 in
1752 4309 1851 4363 Ba-

271 4413 490 4484 bylonia
523 4426 614 4479 pro
646 4416 877 4478 peccato,
906 4405 1135 4473 incipere
1164 4412 1340 4456 autem
1378 4402 1499 4455 inde
1529 4401 1674 4455 exire
1704 4401 1849 4468 prius

271 4504 434 4558 corde
476 4517 570 4571 per
598 4497 986 4553 confessionem
1017 4494 1302 4564 iniquitatis
1328 4502 1381 4547 et
1411 4492 1723 4547 cbaritatem
1758 4493 1849 4560 ju-

273 4599 453 4659 stiti-.e,
484 4592 676 4649 deinde
709 4601 886 4658 postea
921 4590 970 4642 in
995 4588 1097 4642 ﬁne
1124 4587 1300 4641 smculi
1333 4587 1490 4641 etiam
1517 4602 1741 4655 corpore
1768 4602 1852 4641 se-

277 4690 582 4760 parandam,
603 4683 1088 4741 commendavimus
1105 4682 1156 4733 in
1178 4696 1240 4733 eo
1263 4681 1485 4748 psalmo,
1504 4696 1658 4748 quem
1681 4680 1849 4748 primo

280 4782 365 4834 hic
388 4797 506 4834 cum
531 4788 700 4831 vestra
731 4775 1021 4829 Dilectione
1050 4771 1403 4831 tractavimus,
1428 4771 1514 4839 qui
1545 4772 1611 4824 ita
1646 4771 1846 4834 incipit,

278 4873 351 4926 Te
375 4873 509 4925 decet
537 4872 767 4940 hymnus,
800 4867 958 4928 Deus,
993 4867 1042 4918 in
1065 4864 1188 4917 Sion
1213 4879 1231 4924 ,'
1261 4873 1305 4916 et
1333 4864 1417 4915 tibi
1437 4862 1668 4915 reddetur
1686 4873 1851 4917 votum

277 4966 330 5017 in
356 4962 640 5017 Jerusalem
663 4959 828 5030 (Psal.
860 4973 1002 5017 Lstv.
1032 4957 1109 5025 εὶ).
1145 4955 1402 5008 l'lodierna
1434 4963 1606 5007 autem
1636 4954 1720 5008 die
1753 4953 1850 5008 de-

284 5056 618 5109 cantavimus
649 5094 660 5104 .
692 5050 858 5117 Super
885 5049 1096 5119 ﬂumina
1123 5044 1415 5114 Babylonis,
1459 5045 1524 5097 ibi
1550 5045 1765 5098 sedimus
1807 5053 1851 5097 et

285 5149 532 5216 fleuimus,
573 5159 684 5194 cum
713 5140 1090 5194 recordaremur
1114 5134 1260 5190 Sion.
1305 5134 1488 5188 Videte
1515 5135 1635 5204 quia
1681 5136 1730 5187 in
1765 5135 1852 5189 illo

283 5238 479 5291 dictum
497 5245 598 5295 est,
617 5231 689 5285 Te
703 5233 839 5284 decet
860 5229 1094 5299 hymnus,
1113 5227 1269 5290 Deus,
1292 5226 1343 5277 in
1368 5225 1493 5279 Sion
1513 5241 1530 5289 ;
1551 5227 1634 5280 hic
1653 5235 1848 5291 autem,

285 5327 454 5394 Super
490 5324 700 5394 [lumina
720 5320 990 5390 Babylonis
1009 5362 1023 5384 ,
1052 5319 1117 5371 ibi
1143 5318 1358 5372 sedimus
1384 5326 1429 5368 et
1456 5317 1701 5385 ﬂeuimus,
1742 5333 1854 5369 cum

283 5419 657 5474 recordaremur
675 5412 799 5468 Sion
814 5429 831 5466 :
844 5411 988 5465 illam
1003 5409 1149 5473 Sion,
1171 5409 1252 5461 ubi
1267 5408 1416 5461 decet
1429 5407 1653 5478 hymnus
1670 5407 1850 5461 Deum.

355 5511 410 5563 εὶ.
447 5509 576 5573 Quae
617 5516 740 5560 sunt
781 5519 906 5573 ergo
937 5499 1149 5555 ﬂumina
1183 5499 1497 5571 Babylonis,
1538 5508 1591 5553 et
1623 5498 1744 5566 quid
1777 5505 1856 5552 est

284 5612 528 5657 nostrum
548 5597 732 5652 sedere
760 5603 813 5649 et
836 5593 965 5648 ﬂere
987 5593 1037 5646 in
1058 5589 1424 5646 recordatione
1441 5589 1604 5645 Sion?
1633 5588 1689 5643 Si
1714 5589 1854 5644 enim

283 5695 432 5752 cives
461 5690 582 5744 inde
620 5702 820 5747 sumus,
854 5700 956 5739 non
989 5692 1188 5738 tantum
1232 5681 1335 5738 hoc
1359 5691 1654 5749 cantamus,
1682 5681 1773 5738 sed
1806 5688 1858 5736 et

356 5810 373 5838 ³
399 5806 472 5854 sic
496 5812 599 5853 ais.
623 5809 676 5851 At
694 5808 823 5861 tcv.,
845 5811 942 5848 nos.
989 5861 995 5866 ἡ

1291 362 1681 418 ΕΝᾹΒῐὶΛΊῚΟ
1702 360 1783 415 ἸΝ
1823 361 2143 445 ΡὸᾼΙΛΙυΜ
2182 361 2464 419 CXXXVI.

3397 377 3454 429 17
3464 376 3534 430 62

1965 476 2186 543 agimus.
2215 477 2269 532 Si
2297 479 2439 532 cives
2464 495 2645 546 sumus
2669 479 2735 535 de
2759 480 3074 548 JeruSalcm,
3111 485 3158 539 id
3185 499 3262 541 est
3289 487 3353 542 de
3379 490 3530 552 Sion.

1962 576 2014 620 et
2039 566 2087 619 iu
2115 568 2210 621 ista
2239 569 2361 630 vita,
2399 569 2450 622 in
2478 569 2576 624 ista
2603 571 2910 627 confusione
2939 575 3112 628 saeculi
3148 577 3318 642 hujus,
3353 576 3408 630 iu
3430 583 3528 635 ista

1962 659 2245 731 Babylonia
2279 679 2380 716 non
2413 664 2559 717 cives
2591 664 2907 727 habitamus,
2958 668 3048 721 sed
3090 671 3280 737 captivi
3319 672 3528 727 detme-

1961 765 2112 816 mur;
2135 763 2340 822 oportet
2358 763 2412 807 ut
2427 771 2530 808 non
2551 765 2749 809 tantum
2774 757 2868 810 ista
2884 758 3243 826 decantemus,
3264 764 3354 816 sed
3380 773 3434 818 et
3458 767 3532 817 fa-

1960 846 2160 901 ciamus
2185 847 2371 902 alTectu
2394 851 2569 903 cordis
2603 851 2708 919 pio,
2747 854 2994 923 religioso
3032 856 3292 910 desiderio
3318 870 3532 914 aeternae

1959 937 2202 991 civitatis.
2231 938 2398 994 Habet
2433 950 2486 993 et
2517 942 2627 995 hare
2648 942 2832 998 civitas
2862 961 2978 1014 quae.
3007 949 3287 1020 Babyl0aia
3317 950 3529 1017 dicitur,

1959 1039 2222 1085 amatores
2265 1047 2390 1087 suos
2429 1036 2768 1090 consulentes
2811 1039 2923 1106 paci
2971 1043 3263 1109 temporali,
3303 1055 3355 1097 et
3399 1045 3531 1100 nihil

1960 1124 2094 1177 ultra
2121 1135 2412 1194 sperantes,
2448 1137 2718 1197 totmuque
2738 1131 2986 1199 gaudium
3009 1147 3160 1185 suum
3194 1135 3261 1187 ibi
3286 1135 3524 1204 figentes,

1959 1214 2028 1267 ibi
2057 1215 2315 1279 finientes,
2366 1227 2419 1272 et
2467 1219 2704 1274 videmus
2749 1236 2842 1275 eos
2883 1237 2976 1290 pro
3014 1225 3276 1291 republica
3323 1237 3528 1282 terrena

1961 1304 2240 1373 plurimum
2267 1306 2508 1362 laborare
2537 1326 2551 1362 :
2584 1310 2676 1364 sed
2703 1321 2753 1364 et
2785 1311 2835 1364 in
2864 1327 2921 1366 ea
2954 1314 3270 1384 quit-umque
3309 1317 3532 1373 fideliter

1960 1405 2250 1462 versantur,
2277 1397 2321 1452 si
2348 1414 2450 1452 non
2475 1399 2540 1452 ibi
2569 1411 2816 1469 appetant
2845 1406 3143 1472 superbiam
3167 1417 3218 1459 et
3243 1409 3527 1474 perituram

1957 1487 2236 1542 elationem
2265 1490 2638 1561 odiosamque‘
2668 1493 3008 1562 jactantiam;
3043 1497 3134 1551 sed
3164 1514 3338 1552 veram
3371 1501 3528 1556 fidem

1957 1577 2258 1646 exhibeant,
2301 1598 2456 1648 quam
2488 1595 2724 1652 possunt,
2769 1586 3015 1654 quamdiu
3057 1600 3291 1655 possunt,
3341 1594 3531 1660 quibus

1959 1680 2196 1736 possunt,
2227 1672 2291 1725 ad
2323 1683 2573 1742 quantum
2602 1676 2780 1729 vident
2809 1687 3038 1744 terrena,
3083 1692 3135 1734 et
3178 1683 3241 1734 ad
3271 1696 3524 1750 quantum

1957 1759 2250 1831 intelligunt
2271 1765 2497 1831 speciem
2520 1765 2771 1828 civitatis;
2798 1783 2900 1821 nou
2928 1785 3020 1822 eos
3046 1770 3168 1824 sinit
3192 1771 3330 1826 Deus
3356 1777 3530 1841 perire

1958 1851 2009 1904 in
2037 1853 2318 1923 Babylonia
2349 1872 2363 1907 :
2413 1856 2799 1924 prmdestiuavit
2832 1861 2973 1913 enim
3019 1877 3112 1915 eos
3138 1863 3279 1917 cives
3303 1865 3526 1920 Jerusa-

1957 1941 2081 1996 lem.
2125 1943 2368 2014 Intelligit
2408 1949 2763 2016 captivitatem
2801 1967 2983 2004 eorum
3018 1953 3172 2016 Deus,
3223 1965 3276 2009 et
3298 1961 3529 2014 ostendit
3594 1967 3596 1972 '

1958 2033 2060 2086 illis
2083 2035 2235 2088 aliam
2276 2037 2562 2103 civitatem,
2594 2041 2676 2093 cui
2707 2055 2832 2096 vere
2859 2042 3084 2096 debeant
3111 2047 3398 2114 suspirare,
3433 2065 3529 2117 pro

1955 2141 2056 2192 qua
2086 2124 2313 2180 debeant
2355 2140 2541 2183 cuncta
2587 2131 2789 2196 conari,
2837 2131 2900 2185 ad
2949 2149 3103 2202 quam
3150 2139 3526 2205 capessendam

1955 2215 2185 2272 debeant
2222 2220 2369 2274 cives
2394 2236 2520 2276 suos
2562 2238 2740 2277 secum
2770 2227 3096 2294 peregrinos,
3150 2239 3402 2297 quantum
3435 2247 3524 2284 va-

1956 2310 2167 2376 luerint,
2217 2311 2504 2368 adhortari.
2560 2315 2841 2383 Propterea
2886 2317 3014 2372 dicit
3070 2319 3317 2374 Dominus
3369 2322 3526 2377 Jesus

1954 2399 2214 2464 (Zbristus,
2247 2403 2344 2467 Qui
2366 2406 2415 2456 in
2443 2405 2634 2458 modico
2669 2407 2832 2473 ﬁdelis
2861 2418 2952 2472 est,
2997 2419 3042 2459 et
3066 2409 3117 2461 in
3157 2428 3335 2480 magno
3361 2409 3525 2480 ﬁde/is

1955 2502 2067 2545 est:
2105 2502 2156 2547 et
2196 2510 2399 2547 rorsmu
2440 2495 2584 2561 dicit,
2620 2496 2678 2550 Si
2705 2497 2757 2550 in
2795 2496 2958 2551 alieno
2994 2500 3166 2565 ﬁdeles
3201 2518 3299 2554 non
3335 2505 3520 2578 fuistis,

1926 2598 2166 2662 vestrum
2192 2590 2302 2659 quis
2329 2589 2464 2641 dabit
2485 2590 2617 2643 vobis
2648 2590 2795 2659 (Luc.
2826 2607 2933 2656 xw,
2967 2592 3048 2655 10,
3080 2592 3208 2663 12)?

2025 2680 2074 2733 5.
2118 2678 2339 2742 Tamen,
2363 2680 2678 2745 charissimi,
2705 2683 2960 2737 attendite
2982 2683 3193 2738 llun'iiua
3217 2685 3519 2757 Babylonis.

1954 2767 2192 2822 Fltuuina
2227 2769 2526 2840 Babylonis,
2556 2780 2679 2825 sunt
2717 2773 2889 2824 omnia
2928 2790 3044 2842 quae
3085 2773 3168 2828 hic
3198 2787 3440 2831 amantur
3469 2788 3521 2831 ιιι

1954 2867 2246 2913 transeunt.
2280 2859 2468 2915 Nescio
2511 2862 2627 2930 quis
2655 2863 2867 2925 amavit,
2913 2863 3054 2917 verbi
3085 2865 3272 2933 gratia,
3303 2869 3522 2935 agricul-

1955 2960 2126 3004 turam
2167 2950 2333 3019 ipsam
2380 2968 2649 3019 exerccre,
2685 2953 2804 3008 inde
2839 2955 3116 3017 ditescere,
3152 2957 3219 3010 ibi
3265 2973 3522 3029 occupare

1951 3041 2202 3106 animum,
2231 3043 2351 3096 inde
2375 3045 2645 3112 percipere
2662 3045 2981 3114 voluptatem
3005 3064 3017 3112 ;
3042 3049 3278 3102 attendat
3299 3051 3518 3118 exitum,

1953 3143 2006 3188 et
2036 3134 2208 3188 videat
2239 3135 2362 3189 illud
2393 3136 2530 3206 quod
2572 3139 2763 3190 amavit
2810 3154 2914 3192 non
2960 3155 3079 3193 esse
3120 3139 3521 3197 fundatnentum

1950 3225 2264 3292 Jerusalem,
2299 3227 2390 3282 sed
2418 3228 2635 3282 ﬂuvium
2682 3229 2985 3301 Babylonis.
3037 3231 3186 3286 Alius
3213 3233 3375 3286 dixit:
3409 3236 3520 3288 Ma-

1949 3332 2050 3386 gna
2095 3331 2179 3370 res
2208 3327 2288 3371 est
2329 3319 2585 3381 militare;
2629 3335 2813 3374 omnes
2847 3322 3091 3389 agricolae
3119 3321 3401 3378 formidant
3427 3341 3520 3379 eos

1951 3405 2036 3477 qui
2070 3407 2312 3471 militant,
2341 3411 2703 3479 obsequuntur
2744 3411 2837 3476 eis,
2871 3421 3104 3466 tremunt
3144 3429 3268 3468 eos:
3301 3417 3343 3469 si
3374 3416 3522 3472 fuero

1950 3499 2430 3568 agricola,.timebo
2457 3501 2767 3565 militarem;
2799 3503 2841 3554 si
2875 3503 3020 3556 fuero
3050 3504 3314 3568 militaris,
3361 3507 3518 3561 time-

1951 3588 2048 3642 bor
2075 3589 2142 3642 ab
2171 3591 2422 3659 agricola.
2452 3591 2495 3644 Ο
2525 3593 2727 3657 insane,
2759 3593 2812 3645 in
2838 3593 2998 3646 alium
3031 3602 3080 3648 te
3109 3595 3393 3666 Babylonis
3421 3599 3521 3651 llu-

1953 3680 2092 3733 vium
2118 3681 2473 3747 praecipitasti,
2507 3691 2558 3736 et
2587 3696 2705 3733 eum
2737 3682 3171 3736 turbulentiorem
3205 3696 3267 3738 et'
3287 3691 3523 3754 rapacio-

1951 3788 2084 3826 rem.
2125 3771 2320 3826 Timeri
2366 3772 2444 3824 vis
2483 3786 2514 3824 a
2556 3772 2778 3833 minore,
2811 3773 2936 3825 time
2962 3773 3443 3843 majorem:potcst
3472 3787 3522 3832 te

1953 3863 2067 3932 ipso
2093 3862 2258 3931 major
2279 3862 2390 3914 fieri
2418 3860 2609 3925 subito,
2640 3862 2727 3930 qui
2761 3872 2809 3916 te
2839 3863 3017 3928 timet;
3048 3881 3310 3933 nunquam
3346 3880 3520 3922 autem

1953 3955 2054 4008 crit
2080 3954 2267 4017 minor,
2299 3968 2454 4022 quem
2483 3952 2644 4007 debes
2671 3953 2877 4007 timere.
2909 3953 3233 4010 Advocatum
3263 3972 3400 4023 esse,
3435 3959 3515 4010 iu-

1952 4047 2084 4115 quit,
2119 4061 2303 4114 magna
2333 4061 2416 4099 res
2443 4053 2543 4109 est,
2569 4045 2933 4114 potentissima
2960 4045 3292 4116 eloquentia;
3328 4049 3377 4102 in
3403 4066 3520 4101 om-

1953 4139 2106 4192 nibus
2145 4137 2340 4192 habere
2379 4145 2650 4205 susceptos
2682 4137 2969 4205 pendentes
3015 4153 3081 4191 ex
3127 4139 3300 4208 lingua
3338 4140 3521 4194 diserti

1954 4231 2158 4300 patroni
2189 4231 2290 4294 sui,
2319 4239 2370 4284 et
2396 4245 2459 4284 ex
2494 4229 2608 4297 ejus
2647 4243 2742 4283 ore
2788 4238 3063 4298 sperantes
3089 4231 3169 4284 vel
3198 4230 3409 4296 damna,
3441 4233 3522 4286 vel

1954 4324 2116 4385 lucra,
2146 4322 2225 4376 vel
2249 4329 2497 4384 mortem,
2526 4320 2606 4374 vel
2630 4320 2813 4386 vitam,
2836 4320 2918 4374 vel
2953 4321 3256 4389 perniciem,
3279 4321 3362 4375 vel
3390 4324 3525 4375 satu-

1954 4425 2079 4472 tem.
2098 4413 2280 4468 Nescis
2307 4429 2411 4482 quo
2437 4423 2486 4466 te
2513 4412 2753 4467 miseris:
2776 4413 2909 4467 alius
2938 4422 2992 4466 et
3020 4413 3116 4467 iste
3142 4413 3330 4468 ﬂuvius
3353 4416 3523 4484 Baby-

1953 4507 2088 4562 lonis
2114 4515 2223 4569 est;
2247 4516 2300 4560 et
2326 4504 2464 4574 quod
2491 4504 2713 4558 multum
2741 4514 2910 4567 sonat,
2946 4505 3196 4572 strepitus
3223 4520 3372 4575 aqum
3397 4521 3522 4559 saxa

1955 4598 2198 4669 percutit.
2230 4599 2458 4651 Attende
2483 4596 2606 4666 quia
2633 4595 2765 4661 ﬂuit,
2796 4596 3008 4649 attende
3029 4597 3150 4666 quia
3173 4597 3389 4661 labitur;
3412 4599 3522 4652 etsi

1954 4689 2182 4743 attendis
2209 4690 2327 4758 quia
2360 4689 2471 4741 [hut
2498 4698 2551 4742 et
2583 4686 2794 4752 labitur,
2829 4703 2956 4740 eave
2985 4689 3102 4755 quia
3147 4686 3322 4740 trahit.
3365 4687 3523 4742 Navi-

1954 4796 2100 4850 gare,
2144 4781 2312 4850 inquit
2350 4781 2503 4844 alius,
2554 4788 2608 4833 et
2653 4779 2906 4847 negotiari
2955 4794 3198 4847 maguum
3247 4788 3355 4844 est;
3388 4782 3524 4835 scire

1956 4873 2148 4926 multas
2179 4870 2495 4940 provincias,
2530 4870 2671 4923 lucra
2713 4869 2941 4937 undique
2986 4883 3193 4936 capere,
3251 4887 3355 4924 non
3403 4885 3524 4925 esse

1955 4963 2239 5018 obnoxium
2266 4963 2318 5016 in
2347 4961 2558 5016 civitate
2595 4959 2750 5012 alicui
2792 4961 3012 5027 potenti,
3057 4975 3266 5029 semper
3293 4965 3526 5030 peregri-

1958 5056 2092 5120 nari,
2121 5062 2174 5108 et
2196 5053 2500 5106 diversitate
2526 5052 2852 5118 negotiorum
2882 5051 2968 5103 et'
2995 5053 3262 5104 nationum
3290 5053 3521 5105 animum

1959 5159 2192 5215 pascere,
2215 5141 2574 5212 etaugmentis
2601 5141 2862 5194 lucrorum
2886 5141 3098 5195 divitem
3123 5156 3380 5196 remeare.
3400 5139 3524 5195 Flu-

1960 5239 2074 5292 vius
2098 5247 2179 5292 est
2203 5245 2254 5289 et
2285 5236 2382 5288 iste
2411 5233 2712 5304 Babylonis.
2746 5233 2912 5286 Lucra
2939 5243 3020 5285 tua
3045 5232 3254 5302 quando
3274 5234 3524 5287 stabunt?

1959 5329 2169 5402 quando
2197 5335 2632 5397 priesumpturus,
2677 5325 2887 5394 quando
2926 5338 3143 5379 securus
3185 5325 3289 5378 eris
3332 5338 3397 5378 ex
3443 5325 3526 5379 his

1960 5437 2076 5491 qua:
2104 5417 2369 5488 acquiris?
2390 5416 2598 5483 Quanto
2625 5417 2731 5471 eris
2758 5415 2934 5477 ditior,
2968 5424 3111 5468 tanto
3141 5414 3390 5469 timidior.
3409 5415 3527 5470 Uno

1963 5511 2232 5582 naufragio
2259 5509 2429 5564 nudus
2455 5509 2642 5575 exibis,
2671 5517 2724 5563 et
2749 5517 2890 5563 recte
2917 5518 2968 5562 te
2994 5508 3206 5578 planges
3236 5509 3286 5562 in
3313 5505 3529 5567 ﬂumine

2027 5686 2044 5719 ί
2069 5685 2142 5734 sic
2161 5683 2383 5746 plerique
2407 5690 2513 5733 Mss.
2535 5682 2646 5732 Edd.
2674 5695 2814 5741 vero,
2843 5681 3144 5741 otiosumque.

2029 5772 2051 5804 ³
2073 5768 2292 5831 Plerique
2320 5776 2424 5818 Mss.
2443 5769 2684 5830 omittunt,
2708 5765 2997 5830 negotiorum
3018 5775 3079 5819 et.
