3984 6200
439 5230 471 5252 Ι

547 293 682 347 1765

549 410 850 482 llabyloois,
872 408 1001 478 quia
1025 402 1235 460 noluisti
1263 400 1447 456 sedere
1483 408 1534 452 et
1557 397 1682 452 ﬂere
1719 411 1877 464 super
1899 393 2112 448 ﬂumina

552 504 848 576 Bab'ylonis.
1484 488 1492 497 ’

620 607 672 652 εὖ.
713 596 810 650 Alii
861 608 987 661 ergo
1030 591 1172 644 cives
1215 597 1410 656 sancta:
1439 583 1729 640 Jerusalem
1757 580 2113 648 intelligentes

549 686 904 754 captivitatem
927 698 1094 742 suam.
1115 680 1390 735 attendunt
1419 677 1640 729 humana
1663 685 1781 726 vota
1803 684 1856 726 ct
1875 671 2113 724 diversas

552 779 819 831 hominum
851 773 1162 844 cupiditates
1195 772 1292 825 hac
1320 781 1475 838 atque
1522 767 1642 821 illac
1686 765 1967 834 rapientes,
2003 773 2110 816 tra-

551 871 755 927 Itenles,
789 867 1120 934 inipellentes
1151 864 1201 917 in
1231 877 1405 916 mare:
1432 860 1610 913 vident
1653 857 1785 923 ltazc,
1831 864 1884 910 et
1912 871 2014 909 non
2057 870 2115 908 se

549 960 761 1012 mittunt
807 958 856 1008 iu
890 957 1103 1010 ﬂumina
1136 953 1450 1022 Babylonis;
1481 951 1572 1005 sed
1601 949 1790 1004 sedent
1830 963 1987 1016 super
2013 946 2114 1000 ﬂu-

548 1052 687 1104 mina
719 1050 1020 1120 Babylonis,
1044 1059 1097 1102 et
1122 1047 1249 1101 ﬂent
1272 1060 1429 1114 super
1458 1043 1671 1097 ﬂumina
1706 1041 2007 1112 Babylonis,
2031 1038 2114 1091 vel

549 1142 666 1196 illos
688 1141 774 1211 qui
806 1140 1100 1207 rapiuntur,
1132 1137 1216 1190 vel
1257 1137 1457 1204 seipsos
1480 1134 1568 1202 qui
1601 1133 1654 1186 in
1681 1131 1964 1202 Babylonia
1997 1145 2116 1183 esse

549 1241 894 1287 meruerunt:
933 1230 1176 1284 sedentes
1217 1237 1412 1288 tamen,
1443 1226 1544 1280 hoc
1565 1235 1645 1279 cst
1671 1225 1982 1278 humiliati‘.
2009 1222 2116 1279 Su-

550 1343 640 1396 per
658 1325 870 1394 ﬂumina
889 1339 1014 1392 ergo
1036 1321 1324 1392 Babylonis,
1347 1321 1413 1372 ibi
1428 1319 1643 1373 sedimus
1665 1328 1710 1371 et
1735 1319 1981 1388 ﬂeuimus,
2003 1334 2116 1370 cum

551 1421 929 1472 recordaremur
958 1416 1104 1469 Sion.
1137 1412 1181 1469 Ο
1208 1423 1387 1468 sancta
1413 1412 1559 1474 Sion,
1585 1411 1668 1464 ubi
1703 1420 1866 1464 totum
1908 1419 2032 1473 stat,
2065 1418 2118 1463 et

554 1512 685 1566 nihil
713 1510 853 1564 ﬂuit!
885 1509 1003 1577 quis
1032 1523 1126 1564 nos
1155 1507 1208 1560 in
1236 1507 1330 1560 ista
1356 1503 1732 1574 pr:ccipitavit?
1753 1518 1918 1571 quare
1955 1502 2113 1555 dimi-

552 1601 716 1654 simus
756 1598 1091 1653 Conditorem
1142 1606 1286 1650 tunm
1327 1606 1379 1649 et
1422 1595 1722 1648 societatem
1775 1592 1951 1646 tuam?
1983 1593 2118 1646 Ecce

555 1691 690 1745 inter
715 1690 928 1744 ﬂuentia
955 1697 1006 1742 et
1037 1687 1261 1742 labentia
1287 1684 1579 1749 constituti,
1611 1685 1693 1737 vix
1719 1683 1995 1752 quisquam
2030 1697 2118 1735 ra-

553 1793 673 1853 ptus
695 1798 721 1834 a
746 1782 979 1846 ﬂumine,
1005 1783 1048 1834 si
1076 1788 1254 1834 tenere
1277 1779 1469 1848 lignum
1496 1777 1742 1847 potuerit,
1765 1775 1972 1831 evadet.
2008 1774 2117 1828 llu-

554 1876 738 1930 tniliati
767 1890 892 1943 ergo
920 1875 968 1926 in
991 1871 1288 1940 captivitate
1314 1878 1490 1924 nostra
1520 1867 1798 1924 sedeamus
1823 1881 1981 1934 super
2015 1863 2116 1919 ﬂu-

552 1969 692 2020 mina
723 1965 1024 2036 Babylonis.
1051 1980 1153 2017 non
1178 1977 1272 2016 nos
1301 1961 1590 2016 audeamus
1613 1961 1663 2014 in
1693 1960 1795 2013 illis
1814 1958 2119 2012 ﬂuminibus

551 2057 912 2126 prmcipitare;
943 2070 1040 2108 nec
1070 2068 1166 2107 nos
1192 2051 1479 2107 audeamus
1503 2052 1552 2104 in
1580 2061 1773 2105 nostrre
1802 2050 2119 2119 captivitatis

555 2149 692 2199 malo
714 2158 868 2216 atque
900 2145 1105 2198 tristitia
1137 2145 1362 2213 superbe
1388 2144 1613 2212 erigere,
1640 2141 1729 2196 sed
1751 2141 2048 2206 sedeamus,
2067 2149 2121 2194 et

553 2241 631 2294 sic
661 2239 898 2293 ﬂeamus.
931 2238 1222 2292 Sedeamus
1252 2251 1410 2304 super
1440 2235 1652 2289 ﬂumina
1685 2235 1984 2306 Babylonis,
2013 2250 2116 2288 non

553 2332 684 2385 infra
729 2329 940 2383 ﬂumina
984 2327 1444 2398 Babylonisztalis
1488 2329 1560 2382 sit
1606 2327 1871 2380 humilitas
1918 2335 2118 2389 nostra,

553 2429 610 2476 ut
641 2438 737 2475 nos
763 2437 864 2476 non
896 2431 1115 2490 mergat.
1139 2420 1276 2475 Sede
1301 2435 1460 2489 super
1489 2420 1702 2484 ﬂumen,
1732 2420 1837 2473 noli
1871 2419 1922 2472 in
1950 2418 2124 2472 ﬂumi-

554 2534 641 2581 ne,
668 2517 772 2570 noli
796 2516 892 2570 sub
914 2515 1163 2570 ﬂumine:
1186 2514 1279 2570 sed
1303 2523 1475 2568 tamen
1503 2515 1628 2569 sede
1651 2513 2120 2580 humilis,‘loquere

557 2625 661 2662 non
686 2605 950 2676 quomodo
980 2607 1033 2660 in
1059 2605 1373 2681 Jerusalem.
1401 2604 1472 2658 lbi
1503 2606 1644 2660 enim
1682 2605 1874 2668 stabis;
1905 2604 2024 2673 quia
2053 2603 2121 2658 de

555 2697 666 2764 ipsa
697 2711 789 2764 spe
831 2695 1062 2764 loquitur
1103 2695 1236 2748 alius
1279 2694 1532 2762 psalmus,
1585 2702 1638 2748 et
1685 2701 1862 2747 cantat
1900 2693 2116 2747 dicens:

555 2787 759 2841 Stuntes
801 2795 942 2839 erant
980 2785 1126 2855 pedes
1163 2785 1319 2839 nostri
1351 2786 1402 2838 in
1441 2786 1583 2838 atriis
1619 2783 1902 2838 Jerusalem
1947 2783 2117 2849 (Psal.

550 2894 698 2942 cxxt,
724 2877 798 2951 2).
827 2877 896 2930 lbi
924 2878 1161 2946 erigeris,
1197 2877 1239 2930 si
1270 2886 1320 2932 te
1352 2876 1435 2931 hic
1462 2875 1762 2945 pmoitendo
1792 2885 1846 2931 et
1865 2874 2121 2930 conﬁten-

555 2968 624 3023 do
650 2968 1024 3022 humiliaveris.
1055 2967 1120 3022 In
1141 2969 1282 3022 atriis
1303 2983 1427 3038 ergo
1459 2967 1736 3022 Jerusalem
1765 2977 1950 3021 stantes
1976 2975 2118 3021 erant

556 3062 704 3131 pedes
729 3062 917 3125 nostri;
943 3061 1108 3132 Super
1134 3061 1345 3130 ﬂumina
1369 3075 1492 3115 vero
1518 3058 1792 3130 Babylonis
1829 3059 2047 3115 sedimus
2071 3069 2118 3112 et

553 3153 795 3223 ﬂeuimus,
820 3169 932 3205 cum
958 3152 1334 3206 recordarsmur
1360 3151 1504 3206 Sion.
1528 3151 1651 3206 Inde
1667 3160 1875 3221 oportet
1895 3159 1952 3205 ut
1967 3151 2114 3217 ﬂeas,

551 3242 879 3296 recordando
898 3241 1044 3296 Sion.

623 3339 674 3392 5.
718 3336 862 3389 Multi
892 3336 1030 3388 enim
1079 3334 1205 3388 ﬂent
1254 3335 1376 3387 ﬂetu
1425 3333 1730 3404 Babylonio,
1759 3335 1879 3402 quia
1907 3344 1960 3388 et
1985 3351 2114 3404 gan-

553 3427 682 3481 dent
717 3426 908 3494 gaudio
937 3425 1246 3496 Babylonio.
1291 3425 1386 3488 Qui
1431 3423 1659 3492 gaudent
1699 3423 1856 3476 lucris
1900 3434 1954 3478 et
1991 3426 2118 3479 ﬂent

553 3516 781 3582 damnis,
825 3526 1104 3584 utrumque
1148 3515 1213 3568 de
1257 3513 1540 3585 Babylonia
1585 3523 1685 3568 est.
1734 3513 1885 3568 Flere
1931 3514 2114 3580 debes,

553 3607 648 3662 sed
696 3606 1023 3662 recordando
1065 3605 1214 3660 Sion.
1266 3603 1321 3660 Si
1368 3605 1695 3659 recordando
1737 3606 1863 3659 Sion
1895 3604 2010 3669 ﬂes,
2064 3614 2118 3660 et

554 3701 764 3774 quando
800 3700 893 3754 tibi
932 3697 1218 3754 secundum
1265 3698 1604 3768 Babyloniam
1638 3699 1772 3752 bene
1799 3709 1880 3752 est
1909 3707 2118 3767 oportet

553 3803 608 3847 ut
632 3792 778 3847 ﬂeas.
807 3791 1092 3859 Pr0pterea
1119 3789 1311 3843 dicitur
1339 3789 1390 3842 in
1420 3789 1645 3858 quodam
1675 3791 1906 3858 psalmo:
1940 3789 2119 3843 Tribuo

554 3886 792 3940 lationem
821 3892 865 3934 et
890 3881 1110 3934 dolorem
1137 3880 1320 3944 inveni,
1364 3891 1410 3932 et
1440 3897 1614 3933 nomen
1661 3879 1864 3934 Domini
1898 3883 2118 3936 invocavi

553 3975 724 4046 (Psnl.
743 3989 885 4037 cxrv,
909 3971 1087 4044 δειιι).
1115 3971 1249 4038 Quid
1271 3971 1508 4046 estquod
1528 3971 1672 4038 dicit,
1691 3971 1717 4024 1
1726 3973 1905 4026 nveni?
1928 3973 2118 4028 Neseio

553 4085 710 4141 quam
740 4066 1129 4122 tribulationem
1174 4065 1320 4133 quasi
1366 4064 1724 4132 quarrendam.
1772 4067 1970 4120 invenit
1997 4076 2115 4120 tan-

552 4175 711 4229 quam
742 4158 1037 4228 quiesitam.
1067 4157 1132 4210 Et
1160 4171 1278 4209 cum
1306 4155 1614 4217 invenisset,
1645 4171 1748 4225 quo
1786 4156 1932 4210 lucro
1971 4158 2118 4212 inve-

556 4251 669 4306 nit?
688 4251 887 4305 Nomen
914 4247 1117 4302 Domini
1146 4247 1427 4302 invocavit.
1457 4246 1674 4300 Multum
1703 4247 1920 4300 interest
1939 4255 2115 4302 utrum

554 4343 792 4396 invenias
821 4338 1230 4404 tribulationem,
1261 4352 1326 4390 an
1358 4336 1645 4390 iuveniaris
1683 4354 1711 4392 a
1759 4337 2113 4393 tribulatione.

553 4434 689 4488 Dicit
713 4431 853 4487 enim
901 4431 1007 4484 alio
1054 4429 1203 4484 loco:
1235 4427 1444 4482 Dolores
1483 4430 1665 4500 inferni
1711 4429 1996 4484 invenerunt
2040 4447 2118 4482 me

556 4522 725 4595 (Psal.
749 4537 873 4588 xvu,
897 4520 973 4590 6).
996 4520 1129 4586 Quid
1151 4531 1249 4583 est,
1280 4517 1576 4572 Invenerunt
1595 4537 1672 4572 me
1697 4520 1888 4574 dolores
1907 4521 2118 4593 inferni?

554 4615 687 4684 Quid
718 4624 818 4681 est,
849 4613 1235 4666 Tribulationem
1263 4621 1308 4663 et
1336 4611 1556 4664 dolorem
1595 4612 1793 4665 inveni?
1820 4614 2041 4679 Quando
2067 4623 2116 4667 te

553 4717 772 4776 repente
793 4714 1013 4774 occupat
1039 4703 1265 4764 tristitia,
1302 4701 1616 4770 perturbatis
1648 4702 1737 4754 tibi
1765 4703 1922 4757 rebus
1948 4719 2114 4758 saecu-

556 4797 755 4851 laribus
799 4796 988 4865 quibus
1025 4793 1408 4849 oblectabaris’
1444 4811 1456 4845 :
1489 4791 1699 4861 quando
1747 4802 1799 4846 te
1841 4797 2114 4864 repentina

555 4888 667 4958 ipsa
698 4885 896 4939 invenit
926 4886 1156 4946 tristitia,
1184 4883 1322 4938 unde
1350 4891 1399 4938 te
1427 4897 1530 4935 non
1576 4882 1794 4950 putabas
1823 4897 1977 4951 posse
2001 4885 2112 4938 lieri

556 4979 784 5041 tristem,
827 4977 1037 5040 accidit,
1076 4984 1130 5030 et
1170 4975 1330 5029 tristis
1357 4974 1616 5038 efliceris;
1660 4975 1861 5028 invenit
1891 4985 1941 5029 te
1964 4975 2116 5052 dolor

556 5072 770 5130 inferni.
791 5071 868 5126 Te
892 5071 1031 5124 enim
1060 5085 1266 5124 sursum
1291 5068 1539 5138 putabas;
1569 5077 1930 5122 verumtamen
1955 5067 2112 5123 deor-

551 5182 668 5219 sum
712 5178 832 5219 eras
862 5181 872 5214 :
904 5172 958 5216 et
984 5176 1103 5215 cum
1137 5169 1186 5213 te
1215 5159 1365 5213 dolor
1407 5157 1595 5213 inferni
1639 5158 1918 5223 inveniret,
1953 5159 2021 5213 ibi
2064 5170 2114 5217 te

558 5257 800 5312 invenisti
847 5253 1114 5318 deorsum,
1147 5251 1234 5320 qui
1279 5260 1330 5304 te
1357 5266 1564 5304 sursum
1593 5250 1832 5320 putabas.
1864 5250 2110 5307 Invenisti

557 5350 698 5402 enim
731 5357 780 5402 te
821 5345 1004 5398 dolore
1045 5341 1289 5396 aﬂ‘ectum
1332 5341 1581 5410 graviter,
1637 5342 1846 5396 tristitia
1891 5343 2148 5416 alicujus_

563 5438 706 5501 mali,
739 5436 878 5491 unde
905 5435 1038 5489 forte
1067 5447 1477 5504 pra-sumpseras
1509 5443 1559 5487 te
1603 5449 1705 5486 non
1734 5432 1845 5488 fore
1872 5434 2108 5499 tristem;

623 5596 639 5625 ι
667 5594 798 5652 Edd.,
823 5592 1086 5643 humilitate
1110 5589 1359 5652 Ιιιιηιὶιὶαιὶἲ
1385 5590 1548 5652 Abest,
1567 5589 1848 5650 humilitate,
1871 5605 1899 5640 a
1922 5600 2026 5644 Mss.

561 5657 646 5763 us:
659 5655 769 5763 malit).
794 5655 992 5764 atddunt,
1016 5661 1060 5704 et
1084 5653 1251 5716 quibus
1277 5651 1587 5703 delectabaris
1611 5665 1628 5702 :
1651 5653 1779 5715 quod
1807 5667 1834 5702 a
1875 5656 2112 5705 nonnullis

625 5731 645 5745 "
755 5730 808 5763 εδ
833 5749 846 5761 .

1769 281 1823 334 S.
1863 282 1902 330 Α
1911 275 2220 333 UGUSTINI
2259 277 2554 336 EPISCOPI

3647 291 3791 345 I763

2221 393 2420 448 invenit
2451 405 2500 450 te
2525 396 2675 451 dolor
2706 397 2912 452 inferni.
2946 399 3074 454 Cum
3097 410 3272 454 autem
3302 400 3438 454 bene
3462 413 3547 457 est
3571 403 3680 465 tibi,
3702 421 3794 459 ar-

2221 484 2392 538 rident
2419 489 2594 540 omnia
2624 489 2913 550 siccularia,
2947 490 3123 545 nullus
3154 500 3360 546 tuorum
3390 493 3541 557 obiit,
3570 496 3700 549 niliil
3725 493 3791 549 in

2222 573 2372 636 vinea
2415 584 2498 629 tua
2540 575 2674 631 forte
2714 579 2794 632 vel
2826 581 2982 643 aruit,
3028 581 3110 634 vel
3154 583 3524 651 graudinatum
3555 594 3666 654 est,
3707 590 3794 641 vel

2221 668 2403 723 sterile
2443 672 2704 739 apparuit,
2751 686 2856 725 non
2904 672 3046 726 acuit
3093 689 3225 741 cupa
3266 683 3373 740 tua,
3408 692 3514 730 non
3543 677 3794 732 abortum

2223 768 2432 828 passum
2453 772 2534 815 est
2554 777 2714 832 pecus
2739 771 2904 829 tuum,
2935 781 3036 818 non
3062 764 3421 820 exhonoratus
3447 784 3506 823 es
3530 769 3582 821 in
3613 769 3795 838 aliqua

2221 853 2472 924 dignitate
2517 856 2806 912 secundum
2860 859 3108 912 saaculnm
3153 861 3504 925 constitutus,
3557 863 3798 934 undique

2221 946 2376 1000 amici
2403 947 2476 1000 tui
2505 957 2558 1001 et
2584 949 2764 1002 vivunt
2790 958 2842 1003 et
2870 960 3080 1004 servant
3112 951 3202 1004 tibi
3228 950 3533 1018 amicitiam,
3564 954 3796 1009 clientes

2223 1056 2325 1094 non
2355 1041 2565 1106 desunt,
2611 1043 2700 1095 lilii
2746 1043 3126 1110 obsequuntur,
3174 1045 3313 1098 servi
3351 1047 3795 1113 contremiscunt,

2221 1133 2413 1202 conjux
2433 1149 2676 1200 concors,
2711 1133 2831 1188 felix
2856 1135 3047 1189 dicitur
3070 1133 3289 1200 domus;
3319 1137 3387 1190 ibi
3419 1138 3594 1191 inveni
3623 1138 3795 1193 tribu-

2222 1227 2472 1281 lationem
2495 1228 2530 1291 ⁸,
2572 1227 2616 1280 si
2661 1227 2854 1297 aliquid
2897 1237 3064 1297 potes,
3115 1238 3172 1282 ut
3208 1229 3418 1282 inventa
3449 1229 3797 1285 tribulatione

2223 1320 2434 1374 invoces
2463 1336 2653 1374 nomen
2707 1321 2937 1378 Domini.
2985 1321 3299 1376 Perversum
3345 1322 3541 1392 aliquid
3582 1323 3800 1378 videtur

2223 1411 2414 1468 docere
2443 1427 2622 1467 sermo
2657 1413 2886 1475 divinus,
2933 1414 3058 1467 ﬂere
3090 1414 3141 1467 in
3169 1415 3368 1476 lznlilia,
3395 1425 3448 1468 et
3479 1417 3530 1467 in
3561 1431 3798 1470 mmmre

2223 1501 2409 1556 laetari.
2441 1503 2574 1557 Audi
2603 1503 2654 1556 in
2679 1518 2908 1558 maerore
2937 1504 3232 1558 balantem:
3263 1503 3568 1579 Qioriamnr,
3596 1506 3795 1575 inquit,

2223 1596 2275 1650 in
2302 1596 2698 1649 tribulationibus
2731 1597 2902 1664 (Rom.
2926 1613 2978 1654 v.
3012 1597 3086 1666 5).
3113 1597 3350 1651 Flentem
3380 1608 3555 1650 autem
3582 1599 3637 1650 in
3669 1599 3803 1652 licti-

2225 1688 2317 1754 tia,
2363 1687 2482 1741 vide
2523 1689 2568 1741 si
2611 1689 2810 1742 invenit
2853 1687 3268 1742 tribulationem.
3298 1688 3544 1742 Attendat
3568 1690 3799 1758 quisque

2225 1779 2390 1848 ipsam
2421 1777 2726 1832 felicitatem
2757 1793 2928 1840 suam,
2955 1794 3057 1848 qua
3083 1779 3364 1832 exsultavit
3386 1780 3558 1831 anima
3581 1780 3729 1848 ejus,
3749 1789 3801 1833 et

2225 1871 2414 1924 tumuit
2437 1869 2822 1938 quodammodo
2850 1870 3059 1940 gaudio,
3101 1878 3155 1924 et
3179 1870 3368 1924 extulit
3410 1885 3488 1936 se,
3534 1880 3588 1924 et
3642 1871 3798 1936 dixit,

2225 1958 2370 2014 Felix
2401 1976 2552 2014 sum:
2579 1959 2816 2014 attendat
2853 1961 2898 2012 si
2927 1975 3029 2013 non
3061 1960 3176 2014 ﬂuit
3207 1961 3290 2013 illa
3332 1959 3576 2026 felicitas,
3624 1962 3672 2014 si
3707 1977 3798 2030 po-

2227 2060 2329 2108 test
2367 2062 2544 2107 certus
2569 2066 2689 2106 esse
2715 2051 2781 2106 de
2809 2051 2897 2106 illa
2929 2051 3049 2121 quia
3098 2063 3274 2106 manet
3320 2054 3373 2106 in
3418 2062 3704 2107 teter-num.
3746 2055 3797 2110 Si

2224 2154 2400 2199 autem
2427 2160 2530 2197 non
2564 2153 2646 2199 est
2671 2155 2866 2205 certus,
2909 2156 2963 2200 et
3005 2146 3146 2200 videt
3193 2146 3357 2200 ﬂuere
3396 2147 3536 2200 unde
3563 2149 3796 2216 gaudet;

2223 2233 2416 2288 ﬂuvius
2439 2233 2724 2305 Babylonis
2751 2243 2866 2290 est:
2891 2234 3076 2289 sedeat
3103 2251 3284 2304 supra,
3315 2245 3370 2291 et
3408 2238 3547 2292 ﬂeat.
3577 2239 3800 2292 Sedebit

2224 2336 2397 2382 autem
2427 2335 2482 2381 et
2509 2327 2758 2396 plorabit,
2802 2327 2846 2382 si
2893 2327 3201 2382 recordatus
3243 2329 3402 2383 fuerit
3445 2329 3592 2384 Sion.
3623 2330 3673 2386 Ο
3701 2347 3798 2398 pax

2227 2417 2310 2472 illa
2339 2433 2495 2487 quam
2520 2416 2818 2472 videbimus
2837 2417 2976 2484 apud
3001 2418 3194 2472 Deum!
3223 2433 3256 2472 ο
3293 2419 3379 2472 illa
3406 2429 3586 2473 sancta
3613 2436 3796 2489 :rqua-

2225 2509 2346 2563 litas
2388 2509 2734 2578 Angelorum!
2785 2524 2818 2560 ο
2865 2509 2949 2561 illa
2999 2509 3134 2563 visio
3181 2518 3236 2562 et
3281 2513 3645 2578 spectaculum
3679 2512 3795 2580 pul-

2223 2601 2440 2654 chrum!
2475 2601 2608 2655 Ecce
2638 2600 2690 2654 in
2721 2599 3003 2672 Babylonia
3036 2601 3251 2671 pulchra
3279 2613 3401 2655 sunt
3425 2619 3544 2672 qua:
3571 2613 3790 2658 tenent:

2227 2709 2331 2747 non
2359 2703 2592 2757 teneant,
2622 2708 2726 2746 non
2753 2693 3036 2761 decipiant.
3068 2693 3222 2747 Aliud
3253 2705 3333 2748 est
3361 2694 3606 2749 solatium
3630 2697 3793 2764 capti-

2224 2801 2430 2848 vorum,
2463 2784 2604 2837 aliud
2634 2784 2880 2852 gaudium
2911 2785 3227 2840 liberorum.
3262 2785 3430 2854 Super
3455 2786 3672 2854 ﬂumina
3695 2786 3792 2839 Ba-

2223 2875 2436 2946 bylonis,
2460 2876 2524 2928 ibi
2542 2875 2758 2929 sedimus
2778 2885 2822 2928 et
2841 2875 3088 2944 ﬂeuimus,
3110 2893 3222 2929 cum
3241 2876 3626 2930 recordaremur
3645 2877 3792 2936 Sion.

2294 2968 2346 3020 6.
2388 2964 2532 3038 [υστδ.
2581 2963 2661 3039 2.]
2701 2963 2766 3018 In
2791 2965 3028 3019 salicibus
3053 2967 3105 3019 in
3130 2969 3291 3020 medio
3316 2969 3424 3036 ejus
3444 2971 3792 3035 suspendintus

2222 3074 2411 3127 organa
2440 3066 2627 3117 nostra.
2675 3056 2881 3111 Habent
2909 3072 3103 3126 organa
3151 3073 3243 3112 sua
3287 3060 3434 3113 cives
3471 3058 3787 3127 Jerusalem,

2221 3148 2520 3217 Scripturas
2547 3147 2658 3214 Dei,
2685 3156 2948 3218 praecepta
2977 3149 3087 3212 Dei,
3121 3149 3376 3218 promissa
3405 3150 3517 3216 Dei,
3553 3152 3780 3206 medita-

2224 3240 2418 3292 tionem
2439 3238 2719 3308 quamdam
2745 3239 2903 3292 futuri
2929 3239 3139 3305 saeculi;
3163 3239 3252 3294 sed
3275 3255 3394 3294 cum
3419 3253 3580 3310 agunt
3607 3243 3663 3295 in
3687 3258 3791 3296 me-

2220 3333 2310 3387 dio
2335 3332 2657 3403 Babyloniae,
2689 3347 2882 3402 organa
2925 3346 3021 3387 sua
3048 3331 3098 3385 in
3130 3333 3380 3386 salicibus
3419 3334 3537 3403 ejus
3567 3350 3790 3404 suspen-

2221 3423 2370 3478 dunt.
2398 3423 2598 3479 Salices
2621 3423 2760 3493 ligna
2790 3433 2915 3478 sunt
2956 3421 3306 3490 infructuosa;
3339 3434 3391 3479 et
3431 3424 3533 3480 hoc
3575 3427 3786 3480 locoita

2222 3516 2414 3585 posita,
2432 3523 2491 3569 ut
2506 3530 2609 3568 non
2631 3514 2827 3585 aliquid
2855 3515 2976 3569 boni
2999 3515 3163 3583 possit
3187 3515 3401 3584 intelligi
3422 3516 3488 3570 de
3516 3517 3782 3580 Salicibus;

2220 3607 2342 3661 alibi
2367 3615 2542 3662 autem
2571 3606 2790 3661 forsitan
2824 3615 3016 3676 potest.
3039 3605 3194 3661 Modo
3217 3609 3352 3676 ligna
3383 3608 3655 3676 intelligite
3683 3619 3786 3665 ste-

2197 3697 2356 3763 .rilia,
2381 3699 2650 3752 nascentia
2675 3712 2834 3767 super
2848 3697 3065 3752 ﬂumina
3087 3697 3388 3768 Babylonis.
3406 3697 3667 3768 Bigantur
3682 3699 3785 3752 hJ'C

2222 3789 2358 3858 ligna
2387 3789 2453 3843 de
2478 3789 2779 3843 ﬂuminibus
2803 3789 3109 3860 Babylonis,
3143 3798 3198 3842 et
3227 3790 3423 3843 nullum
3457 3791 3687 3845 fructum
3717 3794 3785 3844 te-

2221 3889 2362 3934 runt.
2411 3881 2558 3934 Sicut
2600 3889 2722 3934 sunt
2767 3881 3008 3936 homines
3053 3881 3249 3950 cupidi,
3298 3883 3464 3945 avari,
3501 3885 3714 3938 steriles
3737 3885 3781 3936 in

2221 3987 2382 4041 Opere
2410 3972 2580 4036 bono;
2611 3971 2680 4024 ita
2709 3971 2851 4026 cives
2894 3971 3216 4042 Babyloniae,
3251 3982 3307 4025 ut
3332 3973 3490 4026 etiam
3524 3975 3668 4044 ligna
3689 3975 3784 4028 sint

2221 4065 2360 4118 illius
2383 4065 2630 4134 regionis,
2666 4063 2871 4118 existis
2897 4063 3250 4133 voluptatibus
3290 4080 3463 4119 rerum
3507 4075 3783 4120 transeun-

2221 4157 2351 4210 tium
2380 4165 2683 4224 pascuntur,
2713 4163 2959 4224 tanquam
2990 4155 3154 4225 rigata
3182 4171 3211 4208 a
3233 4155 3537 4211 ﬂuminibus
3561 4157 3786 4230 Babylo-

2221 4249 2571 4318 nianquzuris
2609 4247 2856 4312 fructum,
2901 4259 2955 4303 et
3004 4265 3260 4319 nusquam
3311 4249 3532 4304 invenis.
3565 4250 3786 4318 Quando

2219 4342 2350 4396 tales
2381 4341 2622 4409 patimur,
2655 4354 2928 4394 versamur
2952 4354 3070 4393 cum
3116 4341 3193 4394 eis
3220 4341 3308 4410 qui
3343 4350 3466 4395 sunt
3511 4342 3566 4396 in
3613 4342 3786 4397 medio

2219 4433 2520 4504 Babylonis.
2546 4432 2760 4487 Multum
2787 4433 2926 4486 enim
2960 4433 3178 4488 interest
3203 4433 3340 4488 inter
3361 4435 3594 4488 medium
3624 4437 3786 4508 Baby-

2222 4525 2378 4588 loiiis,
2406 4534 2458 4579 et
2484 4525 2742 4579 exteriora
2787 4523 3108 4595 Babyloni:e.
3139 4525 3273 4579 Sunt
3314 4527 3398 4595 qui
3445 4541 3550 4580 non
3583 4539 3707 4582 sunt
3735 4529 3781 4582 in

2221 4616 2393 4670 medio
2419 4615 2552 4685 ejus,
2584 4615 2634 4669 id
2662 4623 2762 4678 est,
2795 4629 2897 4668 non
2927 4624 3067 4668 tanta
3087 4616 3106 4644 ²
3145 4615 3570 4683 concupiscentia
3612 4619 3780 4672 Surculi

2219 4716 2271 4761 et
2287 4705 2720 4762 delectationibus
2740 4705 3052 4758 obruuntur.
3077 4705 3177 4772 Qui
3198 4721 3344 4768 vero,
3366 4715 3421 4758 ut
3435 4718 3621 4776 aperte
3636 4709 3776 4762 dixe-

2220 4801 2316 4852 rim
2343 4810 2393 4852 et
2421 4798 2670 4858 breviter,
2699 4796 2920 4850 multum
2951 4797 3074 4850 mali
3103 4807 3244 4861 sunt,
3279 4797 3328 4849 in
3357 4797 3528 4850 medio
3557 4797 3779 4869 Babylo-

2219 4892 2300 4944 nis
2324 4902 2463 4954 sunt,
2495 4899 2549 4943 et
2573 4889 2708 4958 ligna
2730 4888 2951 4952 sterilia,
2978 4896 3225 4958 tanquam
3259 4888 3446 4942 salices
3478 4888 3778 4960 Babylonis.

2217 4983 2436 5049 Quando
2466 4983 2584 5036 illos
2612 4981 2868 5045 videmus,
2897 4989 2951 5035 et
2975 4991 3080 5055 tam
3109 4981 3316 5035 steriles
3335 4996 3425 5034 eos
3463 4981 3778 5044 invenimus,

2218 5084 2275 5128 ut
2293 5073 2506 5128 difﬁcile
2545 5072 2696 5127 nobis
2720 5082 2968 5141 appareat
2991 5073 3042 5126 in
3067 5073 3145 5126 eis
3182 5073 3379 5141 aliquid
3411 5072 3548 5127 unde
3583 5076 3779 5142 possint

2218 5163 2337 5218 duci
2361 5163 2424 5217 ad
2455 5163 2609 5217 fidem
2639 5171 2856 5227 rectam,
2881 5161 2962 5215 vel
2980 5162 3046 5216 ad
3074 5163 3206 5215 bona
3233 5178 3411 5232 opera.
3438 5165 3518 5217 vel
3538 5165 3606 5218 ad
3635 5180 3778 5234 spem

2219 5255 2376 5309 futuri
2419 5255 2615 5319 surculi,
2647 5254 2728 5308 vel
2771 5255 2836 5306 ad
2880 5255 3355 5324 concupiscentiam
3398 5256 3722 5311 liberationis
3750 5272 3775 5309 a

2217 5346 2514 5416 captivitate
2535 5345 2891 5408 mortalitatis;
2919 5345 3216 5415 Scripturas
3250 5348 3512 5410 novimus,
3543 5364 3674 5418 quas
3702 5349 3774 5401 eis

2216 5441 2485 5494 dicamus:
2514 5437 2606 5492 sed
2644 5439 2764 5507 quia
2806 5437 3006 5492 nullum
3046 5437 3268 5493 fructum
3295 5439 3346 5493 in
3381 5440 3460 5494 eis
3485 5439 3773 5496 invenimus

2281 5599 2294 5628 ί
2321 5597 2393 5644 sic
2415 5594 2520 5644 fere
2543 5606 2713 5642 omnes
2731 5600 2837 5644 Mss.
2885 5601 2940 5644 At
2961 5593 3092 5650 ωτι,
3116 5591 3296 5642 invenis
3325 5592 3686 5646 tribtdationern.
3724 5599 3773 5642 ει

2215 5671 2325 5707 mox
2346 5664 2414 5705 Er.
2444 5665 2494 5704 et
2510 5656 2689 5717 aliquot
2715 5663 2834 5716 Mss,
2859 5653 2902 5704 si
2923 5654 3177 5718 aliquando
3200 5665 3346 5716 potes.

2283 5723 2302 5750 τι
2327 5726 2443 5768 Tres
2458 5724 2584 5776 uss,
2607 5722 2717 5765 tota.
