3984 6200
313 305 446 359 1765

313 416 448 469 unde
479 416 810 482 incipiamus,
838 416 1118 470 avertimus
1146 416 1212 470 ab
1256 415 1384 483 ipsis
1421 414 1628 480 faciem,
1661 424 1708 468 et
1739 413 1870 466 dici-

311 531 448 579 mus,
481 515 665 602 Adhuc
693 515 773 568 isti
807 529 908 567 non
940 513 1168 581 sapiunt,
1202 527 1307 566 non
1350 513 1592 582 capiunt;
1621 509 1870 578 quidquid

309 609 412 662 illis
431 608 737 666 dixerimus,
763 609 1027 660 sinistrum
1054 616 1105 659 et
1125 607 1402 660 adversum
1427 605 1708 659 habebunt.
1737 602 1872 670 Ergo

308 699 600 755 diderendo
640 700 776 754 circa
809 714 900 753 eos
925 698 1245 768 Scripturas,
1277 697 1646 764 StISpenditnus
1676 710 1868 764 organa

308 800 488 845 nostra
518 791 567 843 in
591 790 867 844 salicibus:
893 805 993 843 non
1018 790 1156 843 enim
1178 789 1362 858 dignos
1379 787 1652 850 habemus,
1676 785 1871 854 quior-

215 873 222 878 ’
305 899 442 954 gana
474 891 649 936 nostra
683 891 906 950 portent.
951 880 1065 934 Non
1100 895 1226 947 ergo
1256 881 1330 933 eis
1361 893 1554 948 organa
1583 886 1756 930 nostra
1786 877 1867 928 in-

307 974 534 1028 serendo
553 975 843 1042 alligamus,
874 973 964 1027 sed
989 971 1279 1026 differendo
1308 971 1696 1040 suspendimus.
1732 969 1870 1023 Sali-

306 1079 399 1117 ces
441 1065 578 1117 enim
628 1073 749 1116 sunt
798 1063 1094 1133 Babyloniae
1138 1063 1274 1130 ligna
1323 1060 1675 1125 infruetuosa,
1726 1069 1870 1129 pasta

307 1155 686 1225 temporalibus
724 1155 1094 1224 voluptatibus,
1141 1165 1383 1223 tauquam
1423 1151 1725 1206 ﬂuminibus
1765 1151 1870 1204 Ba-

305 1247 550 1317 hyloniae.

379 1337 430 1390 7.
471 1335 616 1406 iners.
647 1333 722 1406 5.}
763 1336 828 1388 Et
855 1336 1026 1388 videte
1043 1334 1085 1388 si
1107 1350 1206 1387 non
1227 1334 1326 1388 hoc
1350 1334 1586 1403 sequitur
1610 1333 1866 1386 Psalmus:

307 1425 374 1480 In
395 1425 645 1487 salicibus,
680 1426 866 1492 inquit,
897 1427 949 1478 in
979 1425 1139 1478 medio
1169 1427 1276 1495 ejus
1304 1425 1651 1495 suspendimus
1681 1440 1871 1492 organa

306 1531 496 1572 nostra.
537 1519 782 1583 Quoniam
829 1519 897 1571 ibi
937 1519 1364 1588 interrogaverunt
1407 1534 1495 1571 nos
1541 1518 1627 1587 qui
1654 1517 1870 1584 captivos

305 1611 556 1662 duxerunt
584 1627 690 1670 nos,
722 1609 865 1663 verba
890 1610 1230 1672 canticorum;
1252 1619 1296 1663 et
1317 1610 1401 1678 qui
1426 1609 1735 1662 abduxerunt
1755 1623 1866 1671 nos,

295 1701 584 1770 Jtymnum:
609 1701 873 1764 subaudis,
904 1703 1324 1771 interrogaverunt
1354 1719 1463 1755 nos.
1502 1700 1670 1754 Verba
1700 1699 1870 1753 canti-

305 1807 489 1844 corum
517 1799 569 1844 et
600 1790 848 1862 hymnum
882 1793 1338 1860 interrogaverunt
1363 1807 1478 1857 nos,
1506 1792 1592 1860 qui
1635 1790 1870 1858 captivos

305 1881 570 1935 duxerunt
587 1897 699 1936 nos.
719 1882 815 1949 Qui
841 1898 935 1934 nos
954 1881 1209 1935 duxerunt
1234 1882 1486 1950 captivos,
1506 1881 1723 1933 fratres?
1737 1893 1869 1949 quos

300 1972 570 2026 sensimus
599 1973 878 2042 aliquando
901 1974 1252 2042 captivatores
1277 1972 1520 2028 nostros?
1545 1972 1719 2046 Sensit
1752 1972 1868 2042 qui-

304 2063 428 2117 dem
457 2063 544 2118 illa
573 2064 863 2118 Jerusalem
894 2064 1230 2132 Babylonios,
1260 2064 1464 2127 Persas,
1494 2064 1791 2127 Chaldaeos,
1817 2070 1871 2115 et

302 2156 514 2210 illarum
559 2157 792 2224 gentium
837 2165 891 2210 et
935 2157 1206 2226 regionum
1238 2155 1476 2210 homines
1519 2155 1869 2223 captivatores

302 2263 467 2309 suos;
500 2256 552 2301 et
579 2248 675 2300 hoc
717 2258 917 2317 postea,
950 2263 1053 2302 non
1083 2249 1291 2328 quando
1331 2250 1414 2303 isti
1455 2250 1640 2324 psalmi
1684 2257 1868 2302 canta-

300 2340 517 2394 bantur.
545 2339 648 2395 Sed
670 2341 776 2407 jam
803 2340 1030 2395 diximus
1053 2341 1305 2395 Charitati
1340 2352 1528 2397 vestrae
1555 2343 1726 2394 omnia
1753 2356 1870 2410 quae

297 2430 593 2483 secundum
622 2430 848 2483 litteram
877 2430 928 2483 in
960 2431 1043 2484 illa
1079 2432 1287 2484 civitate
1313 2433 1702 2501 contingebant,
1740 2433 1869 2500 ligu-

298 2536 395 2575 ras
416 2529 624 2574 nostras
651 2520 811 2574 fuisse
831 2537 844 2574 :
867 2529 921 2575 et
948 2520 1099 2575 facile
1128 2531 1301 2592 potest
1328 2523 1676 2576 demonstrari
1706 2523 1871 2592 capti-

294 2626 401 2665 vos
426 2627 524 2665 nos
552 2626 686 2666 esse.
710 2611 823 2665 Non
855 2611 993 2666 enim
1015 2613 1335 2680 respiramus
1350 2613 1457 2681 jam
1481 2613 1531 2666 in
1553 2630 1706 2667 auras
1730 2614 1868 2668 illius

297 2704 590 2768 libertatis;
617 2720 720 2757 non
741 2705 879 2758 enim
921 2703 1144 2757 fruimur
1167 2705 1390 2772 puritate
1417 2704 1672 2768 veritatis,
1699 2713 1752 2759 et
1781 2705 1868 2758 illa

295 2797 557 2864 sapientia
588 2812 704 2865 quae
736 2797 786 2848 in
817 2798 989 2865 seipsa
1017 2811 1234 2851 manens
1261 2797 1474 2850 innovat
1511 2798 1683 2852 omnia
1711 2796 1863 2870 (Sap.

294 2905 397 2951 vn,
427 2889 538 2958 27).
583 2888 1024 2943 Delectationihus
1056 2889 1426 2957 temporalium
1469 2903 1645 2943 rerum
1691 2898 1866 2944 tenui-

297 2996 442 3042 mnr,
471 2990 524 3035 et
548 2980 896 3034 eolluctamur
922 2980 1153 3048 quotidie
1173 2995 1290 3033 cum
1319 2980 1740 3050 suggestionibtts
1767 2979 1869 3033 llli-

297 3071 526 3125 citarem
557 3071 913 3141 voluptatum:
939 3070 1021 3122 vix
1052 3073 1370 3138 reSpiramus
1397 3072 1478 3124 vel
1503 3069 1556 3124 in
1585 3073 1824 3125 oratione
1848 3086 1862 3134 ;

298 3166 540 3235 captivos
581 3179 679 3218 nos
705 3179 823 3218 esse
867 3164 1224 3232 intelligimus.
1257 3163 1360 3218 Sed
1396 3165 1481 3233 qtti
1516 3179 1611 3217 nos
1632 3163 1865 3231 captivos

298 3257 598 3311 duxerunt?
625 3257 711 3325 qui
760 3256 1031 3310 homines?
1057 3273 1173 3326 quae
1199 3257 1363 3326 gens?
1388 3256 1473 3324 qui
1505 3255 1630 3310 rex?
1658 3254 1710 3310 Si
1744 3255 1865 3308 red-

252 3411 268 3429 .
301 3349 536 3412 imimur,
569 3348 758 3416 captivi
789 3362 1019 3400 eramus.
1047 3346 1175 3414 Quis
1205 3361 1298 3400 nos
1319 3346 1575 3401 redemit?
1604 3347 1861 3400 Christus.

298 3440 346 3492 A
375 3453 477 3507 quo
517 3453 611 3491 nos
639 3438 896 3492 redemit?
923 3439 962 3491 A
994 3437 1221 3492 diabolo.
1257 3439 1504 3492 Diabolus
1529 3453 1657 3507 ergo
1684 3445 1740 3492 et
1762 3453 1862 3492 an-

297 3530 403 3600 geli
433 3529 546 3597 ejus
575 3530 810 3598 captivos
857 3543 954 3582 nos
999 3528 1290 3598 duxerunt;
1337 3545 1435 3582 nec
1476 3529 1726 3583 ducerent
1765 3529 1862 3582 nisi

295 3621 712 3675 consentientes.
743 3619 847 3674 Nos
874 3620 1012 3673 ducti
1045 3635 1226 3673 sumus
1252 3622 1460 3689 captivi.
1505 3619 1862 3688 Captivatores

300 3711 467 3766 nostri
495 3711 599 3764 dixi
627 3712 712 3781 qui
742 3711 862 3764 sint.
886 3709 987 3778 Ipsi
1015 3719 1137 3764 sunt
1158 3711 1311 3763 etiam
1337 3711 1565 3762 latrones
1587 3711 1864 3763 vulneran-

299 3811 381 3854 tes
412 3801 554 3854 illum
582 3802 834 3854 viatorem
867 3799 955 3869 qui
981 3799 1248 3854 descendit
1287 3799 1352 3851 ab
1376 3799 1664 3852 Jerusalem
1696 3799 1746 3851 in
1776 3799 1865 3853 .lc-

297 3893 479 3957 rieho;
510 3907 664 3962 quem
694 3892 980 3945 sauciatum
1009 3891 1315 3944 semivivum
1343 3889 1681 3958 reliquerunt.
1715 3889 1862 3944 Hunc

297 3985 389 4038 ille
413 3993 591 4038 custos
632 3992 832 4045 noster,
876 3982 924 4034 id
965 3991 1046 4035 est
1083 3981 1442 4033 Samaritanus
1481 3980 1861 4049 (Samaritanus

293 4078 441 4130 enim
472 4077 660 4130 Custos
684 4073 1102 4143 interpretatur),
1127 4073 1206 4124 cui
1226 4072 1486 4141 obiectum
1510 4081 1589 4126 est
1610 4087 1636 4124 a
1667 4072 1861 4127 Judaais

295 4179 352 4222 et
381 4167 597 4230 dictum,
624 4165 806 4220 Nonne
833 4181 998 4217 verum
1040 4164 1248 4216 dicimus
1271 4164 1386 4231 quia
1414 4162 1764 4218 Samaritanus
1789 4180 1855 4228 es,

293 4267 348 4310 et
372 4258 671 4310 dwmonium
695 4256 878 4309 habes?
898 4265 951 4307 et
980 4255 1068 4306 ille
1097 4253 1419 4321 obiectorum
1449 4253 1667 4306 duorum
1698 4269 1858 4306 unum
1899 4287 1904 4293 -

297 4351 518 4419 respuit,
545 4359 596 4403 et
623 4365 780 4402 unum
828 4347 1026 4401 tenuit:
1055 4345 1180 4417 Ego,
1212 4345 1398 4414 inquit,
1431 4344 1731 4398 dtemont’um
1760 4363 1858 4399 non

297 4442 455 4495 habeo
485 4439 658 4511 (Joan.
687 4457 798 4503 vni,
831 4440 918 4504 48,
949 4439 1070 4510 49);
1103 4455 1206 4492 non
1235 4447 1407 4491 autem
1437 4437 1586 4500 dixit,
1618 4437 1726 4507 Ego
1756 4454 1859 4492 non

295 4547 416 4584 sum
441 4531 834 4585 Samaritanus:
859 4531 899 4582 si
928 4531 1066 4583 enim
1099 4528 1184 4581 ille
1229 4527 1588 4581 Samaritanus
1619 4543 1722 4581 non
1763 4543 1860 4581 cu-

296 4621 559 4686 stodierit,
585 4621 762 4689 utique
785 4620 1047 4689 perimus:
1076 4618 1434 4671 Samaritanus
1461 4630 1582 4686 ergo
1605 4618 1860 4672 transiens

296 4713 429 4766 vidit
456 4714 689 4766 saucium
718 4721 769 4764 et
797 4711 1124 4764 vulneratum
1155 4709 1466 4764 derelictum
1491 4726 1517 4761 a
1550 4709 1856 4774 latronibus,
1910 4780 1912 4782 ν

295 4814 356 4859 et
381 4805 513 4858 sicut.
542 4804 727 4866 nostis,
772 4803 986 4872 collegit
1029 4801 1174 4874 (Luc.
1221 4819 1271 4862 x,
1325 4802 1536 4872 50—55).
1583 4802 1730 4857 Sicut
1765 4804 1861 4857 ali-

295 4897 509 4964 quando
550 4897 808 4950 latronum
853 4897 1387 4963 nominepouuutur,
1432 4894 1521 4963 qui
1566 4893 1716 4947 nobis
1744 4895 1858 4963 pla-

295 5003 390 5056 gas
435 4999 768 5056 peccatorum
815 4986 1135 5047 inliixeruut,
1176 4987 1282 5055 jam
1326 5003 1417 5055 per
1460 4987 1857 5041 consensionem

299 5089 497 5134 nostra:
544 5080 898 5150 captivitatis;
948 5080 1024 5132 sic
1067 5089 1118 5131 ct
1161 5079 1510 5148 captivatores
1553 5081 1716 5145 nostri
1763 5081 1858 5148 ipsi

292 5171 559 5225 dicuntur.

367 5257 419 5316 8.
453 5261 540 5316 isti
571 5276 696 5328 ergo
737 5262 822 5330 qui
849 5261 1066 5328 captivos
1093 5260 1340 5314 duxerunt
1381 5277 1490 5326 nos,
1537 5259 1773 5314 diabolus
1804 5267 1863 5316 et'

293 5351 467 5424 angeli
499 5353 634 5422 ejus,
668 5353 876 5424 quando
902 5353 1053 5406 nobis
1075 5352 1340 5416 dixerunt,
1367 5361 1420 5406 et
1441 5352 1652 5420 quando
1673 5369 1760 5406 nos
1783 5353 1858 5405 in-

292 5453 668 5514 terrogaverunt
709 5444 856 5497 verba
898 5442 1244 5496 canticorum?
1281 5442 1418 5509 Quid
1462 5458 1587 5511 ergo
1617 5443 1861 5512 intelligi-

295 5538 459 5590 mus?
490 5537 619 5602 Quia
648 5553 766 5590 cum
795 5536 925 5590 tales
953 5551 1049 5589 nos
1079 5535 1421 5604 interrogant,
1452 5535 1501 5588 in
1533 5535 1720 5605 quibus
1745 5535 1858 5589 dia-

298 5628 450 5682 bolus
475 5636 740 5696 operatur,
761 5625 1131 5696 intelligendus
1150 5634 1231 5679 cst
1258 5627 1368 5695 ipse
1395 5641 1490 5680 nos
1513 5627 1855 5695 interrogare,

295 5723 384 5792 qui
414 5723 463 5776 in
491 5723 566 5776 eis
594 5731 862 5791 cperatur.
881 5718 1308 5789 Apostolusdicit
1334 5736 1348 5773 :
1381 5716 1447 5772 Et
1470 5734 1555 5774 vos
1578 5735 1690 5772 cum
1717 5733 1849 5772 esse-

1320 296 1707 358 ENARRATIO
1747 293 1810 348 IN
1849 293 2171 353 PSALMU‘M
2211 299 2491 356 CXXXVI.

3410 319 3540 376 3766

1981 415 2042 465 tis
2072 419 2253 469 mortui
2281 419 2330 470 in
2361 421 2553 474 delictis
2573 430 2616 474 et
2647 425 2859 491 peccatis
2888 430 3078 494 vestris,
3107 445 3218 482 cum
3240 433 3533 489 cireretism

1975 506 2076 559 illis
2100 511 2370 564 secundant
2399 515 2635 567 sceculum
2667 520 2839 571 mundi
2881 521 3050 586 hujus,
3080 524 3352 578 secundant
3383 525 3524 589 prin-

1977 598 2135 666 cipem
2159 604 2413 669 potestatis
2438 606 2566 657 aeris
2596 607 2762 674 huius,
2787 612 2993 676 spiritus
3019 615 3102 679 qui
3133 631 3262 667 nunc
3289 627 3528 682 operatur

1975 689 2027 738 in
2055 689 2171 753 ﬁliis
2192 690 2493 759 difﬁdentia,
2528 695 2580 746 in
2605 697 2780 764 quibus
2809 709 2852 752 et
2881 718 2989 759 nos,
3023 703 3188 771 inquit
3213 746 3226 767 ,
3257 705 3532 773 aliquando

1976 782 2248 833 conversati
2270 798 2442 836 sumus
2467 783 2679 853 (Ep/tes.
2710 803 2765 851 ιι,
2799 791 2938 860 1-5).
2969 792 3208 846 Ostendit
3236 809 3293 847 se
3323 794 3536 849 redem-

1977 877 2120 936 ptum
2175 872 2240 925 de
2289 873 2568 946 Babylonia
2609 881 2832 948 coepisse
2871 884 2976 948 jam
3023 887 3186 938 exire.
3231 887 3333 939 Sed
3365 882 3538 941 taiiieo

1976 960 2147 1014 adhuc
2178 963 2298 1030 quid
2327 964 2453 1019 dicit
2477 967 2500 1018 ?
2523 967 2652 1036 Quia
2695 987 2814 1024 cum
2863 973 3098 1029 hostibus
3135 978 3330 1030 nostris
3357 980 3539 1032 conlli-

1976 1051 2161 1118 gimus.
2197 1051 2266 1106 Et
2309 1069 2374 1108 ne
2405 1057 2690 1112 irascamur
2737 1061 3034 1117 hominibus
3058 1066 3145 1134 qui
3190 1069 3340 1120 nobis
3383 1068 3538 1136 inge-

1977 1152 2100 1194 runt
2151 1147 2564 1214 persecutiones,
2611 1151 2729 1204 tulit
2760 1153 3100 1215 iutentionem
3130 1169 3361 1211 nostram
3390 1161 3538 1225 Apoc

1976 1233 2144 1286 stolus
2166 1236 2231 1287 ab
2247 1236 2678 1299 odiohominum,
2709 1253 2759 1296 et
2780 1243 2976 1297 direxit
2996 1244 3045 1298 in
3073 1245 3263 1300 luctam
3291 1263 3537 1316 quorum-

1977 1324 2096 1376 dam
2123 1327 2420 1395 spiritnum,
2451 1346 2583 1398 quos
2606 1348 2706 1384 non
2741 1334 2998 1401 videmus,
3022 1346 3074 1390 et
3104 1353 3219 1389 cum
3249 1338 3376 1406 ipsis
3399 1355 3535 1393 con-

1977 1414 2222 1484 ﬂigimus.
2253 1421 2336 1470 Ait
2361 1421 2534 1493 enim:
2572 1422 2690 1476 Non
2717 1434 2783 1478 est
2809 1426 2942 1479 vobis
2971 1427 3256 1482 colluctatio
3288 1430 3528 1484 adversus

1975 1522 2174 1560 carnem
2203 1519 2248 1562 et
2273 1513 2564 1581 sanguinem
2592 1531 2609 1575 ;
2647 1515 2695 1567 id
2723 1525 2821 1580 est,
2850 1517 3102 1572 adversus
3131 1519 3374 1574 homines
3403 1536 3536 1590 quos

1975 1599 2186 1664 videtis,
2214 1617 2243 1656 a
2274 1604 2462 1673 quibus
2514 1607 2647 1660 mala
2675 1607 2922 1663 videmini
2951 1611 3057 1680 pati
3084 1653 3097 1673 ,
3127 1613 3214 1680 qui
3244 1613 3393 1667 vobis
3439 1614 3542 1666 im-

1977 1700 2186 1758 portant
2232 1697 2624 1762 persecutiones
2651 1715 2663 1751 :
2692 1715 2810 1752 nam
2839 1715 2933 1768 pro
2961 1702 3086 1769 ipsis
3112 1716 3264 1756 orare
3289 1703 3540 1772 praecepti

1976 1795 2178 1836 sumus.
2211 1782 2329 1837 Non
2355 1795 2426 1838 est
2446 1787 2603 1851 vobis,
2638 1789 2824 1858 inquit,
2853 1791 3138 1844 colluctatio
3167 1793 3400 1845 adversus
3422 1809 3540 1845 car-

1976 1889 2089 1926 nem
2118 1884 2164 1926 et
2200 1877 2514 1946 sanguinem,
2546 1879 2594 1932 id
2625 1889 2726 1945 est,
2757 1881 3012 1935 adversus
3039 1882 3311 1946 homines;
3337 1883 3425 1935 sed
3448 1883 3540 1935 ad-

1974 1978 2142 2017 versus
2187 1967 2452 2034 principes,
2487 1979 2533 2022 et
2559 1978 2819 2037 potestates
2843 2012 2857 2034 ,
2891 1981 3173 2044 etrectores
3203 1973 3375 2024 mundi
3401 1983 3538 2025 tene-

1975 2054 2174 2108 brarum
2221 2057 2398 2110 harum
2426 2058 2546 2123 (Id.
2577 2077 2649 2126 γι,
2683 2061 2808 2132 12).
2851 2047 2985 2128 Quid
3017 2064 3170 2128 dixit,
3200 2064 3420 2116 mundi?
3447 2065 3539 2116 Di-

1975 2147 2228 2202 lectorum
2258 2151 2458 2205 mundi.
2492 2151 2599 2206 llos
2623 2155 2904 2223 appellavit
2950 2164 3003 2208 et
3051 2156 3313 2218 tenebras,
3370 2154 3417 2207 id
3461 2159 3542 2209 est

1975 2239 2202 2309 iniquos,
2230 2244 2534 2308 sceleratos,
2571 2246 2828 2307 infideles,
2857 2257 3157 2314 peccatores
3182 2264 3194 2310 ;
3225 2249 3414 2315 quibus
3431 2248 3542 2315 jam

1975 2331 2308 2387 credentibus
2353 2337 2642 2403 gratulatur
2695 2337 2792 2389 hoc
2827 2337 2999 2401 modo,
3043 2348 3102 2390 ut
3145 2338 3318 2390 dicat:
3354 2336 3542 2391 Fuistis

1974 2425 2105 2477 enim
2155 2425 2426 2493 aliquando
2471 2429 2700 2490 tenebra’,
2743 2444 2876 2480 nunc
2905 2439 3068 2480 autem
3113 2429 3201 2480 tua:
3228 2429 3279 2480 in
3327 2427 3540 2481 Domino

1974 2514 2107 2589 (Id.
2141 2532 2193 2577 v,
2225 2516 2317 2589 8).
2351 2520 2484 2588 Ergo
2530 2520 2798 2574 constituit
2841 2535 2934 2573 nos
2977 2520 3168 2573 luctam
3200 2519 3393 2574 habere
3421 2536 3540 2574 cum

1975 2607 2076 2660 illis
2101 2607 2458 2677 principibus;
2496 2611 2588 2678 ipsi
2615 2625 2708 2664 nos
2735 2610 2996 2665 duxerunt
3021 2612 3278 2679 captivos.

2045 2703 2096 2754 9.
2132 2701 2406 2766 Quouiodo
2436 2711 2609 2755 autem
2659 2702 2900 2755 diabolus
2931 2703 3140 2755 intravit
3188 2703 3237 2754 in
3269 2717 3360 2756 cor
3389 2701 3538 2758 Juda:

1975 2789 2172 2861 (Cloan.
2206 2808 2320 2855 xnt,
2349 2792 2452 2863 27)
2477 2833 2488 2851 .
2525 2802 2578 2845 ιιι
2606 2793 2836 2846 traderet
2880 2794 3180 2858 Dominum,
3226 2811 3328 2847 non
3357 2805 3532 2847 autem

1973 2881 2212 2946 intraret,
2239 2883 2337 2935 nisi
2369 2883 2452 2935 ille
2482 2885 2651 2936 locum
2691 2884 2875 2946 daret;
2926 2886 3002 2937 sic
3033 2885 3178 2940 multi
3215 2886 3336 2938 mali
3368 2885 3540 2938 homi-

1972 2986 2068 3026 nes
2087 2972 2153 3025 de
2179 2972 2348 3026 media
2377 2973 2659 3042 Babylonia
2692 2990 2784 3042 per
2808 2974 3065 3028 desideria
3094 2977 3320 3028 carnalia
3347 2985 3400 3029 et
3431 2977 3535 3030 illi-

1971 3061 2071 3115 cita
2101 3063 2272 3115 locum
2304 3063 2479 3116 dando
2507 3063 2717 3117 diabolo
2744 3073 2796 3117 et
2827 3065 3028 3133 angelis
3049 3065 3162 3132 ejus
3209 3066 3256 3119 in
3289 3066 3535 3120 cordibus

1971 3154 2100 3217 suis,
2132 3165 2188 3207 ut
2215 3153 2265 3206 in
2311 3154 2413 3208 illis
2439 3164 2492 3207 et
2521 3155 2585 3208 de
2617 3153 2720 3208 illis
2746 3163 3012 3224 operetur,
3053 3155 3336 3225 aliquando
3367 3156 3533 3210 inter—

1969 3254 2155 3314 rogant
2189 3259 2320 3308 nos,
2352 3257 2405 3298 et
2443 3245 2623 3297 dicunt
2653 3245 2804 3298 nobis
2834 3263 2846 3298 :
2876 3246 3138 3312 Exponite
3181 3246 3333 3299 nobis
3372 3247 3534 3300 ratio-

1971 3353 2110 3389 nem.
2146 3336 2337 3405 Pagani
2389 3336 2620 3405 plerique
2671 3335 2850 3390 dicunt
2897 3337 2994 3390 ista
3047 3338 3197 3391 nobis
3230 3355 3242 3389 :
3273 3339 3535 3407 Exponile

1968 3430 2248 3493 rationem,
2275 3446 2436 3500 quare
2461 3431 2601 3483 venit
2623 3429 2881 3494 Christus,
2912 3440 2964 3483 et
2993 3430 3117 3498 quid
3151 3429 3344 3498 proluit
3371 3432 3525 3485 Chri-

1969 3530 2083 3576 stus
2135 3523 2314 3591 generi
2367 3521 2642 3575 humano?
2687 3522 2872 3576 Nonne
2915 3539 2980 3576 ex
3042 3540 3147 3591 quo
3197 3525 3336 3577 venit
3381 3523 3532 3579 Chri-

1967 3625 2078 3669 stus
2106 3615 2284 3684 pejora
2309 3625 2432 3667 suot
2461 3616 2509 3668 in
2540 3615 2697 3668 rebus
2725 3615 2985 3678 humanis,
3011 3632 3168 3684 qnam
3202 3615 3413 3670 fuerunt
3433 3633 3532 3671 an-

1969 3714 2072 3769 tea,
2099 3713 2150 3758 et
2180 3703 2439 3758 feliciores
2462 3716 2583 3756 tunc
2610 3714 2760 3757 erant
2785 3719 2870 3757 res
2888 3703 3130 3757 humana:
3157 3721 3310 3773 quam
3338 3706 3532 3760 modo?

1969 3796 2154 3849 Dicant
2198 3795 2348 3847 nobis
2396 3794 2672 3848 Christiani
2712 3794 2835 3864 quid
2878 3795 3000 3847 boni
3029 3796 3203 3848 attulit
3249 3795 3532 3851 Christus?

1969 3887 2105 3940 unde
2127 3886 2383 3940 feliciores
2411 3895 2596 3954 putent
2621 3902 2704 3940 res
2737 3886 3013 3949 humanas,
3046 3886 3168 3954 quia
3197 3888 3342 3940 venit
3367 3887 3528 3941 Chri-

1966 3977 2118 4030 stus?
2146 3976 2300 4027 Vides
2325 3976 2485 4036 enim,
2517 3975 2560 4029 si
2591 3976 2790 4028 theatra
2816 3985 2869 4030 et
2893 3975 3280 4044 amphitheatra
3311 3987 3364 4031 et
3393 3980 3524 4033 circi

1965 4048 2165 4121 starent
2204 4066 2491 4119 incolumes
2518 4108 2532 4130 ,
2563 4067 2604 4118 si
2636 4066 2763 4119 nihil
2794 4059 3007 4120 caderet
3048 4066 3115 4120 de
3144 4067 3448 4137 Babylonia,
3480 4068 3527 4122 si

1965 4157 2176 4210 ubertas
2199 4165 2339 4209 esset
2364 4155 2837 4210 circumﬂuentium
2868 4157 3192 4226 voluptatum
3223 4158 3526 4212 hominibus

1965 4249 2253 4302 cantaturis
2297 4257 2349 4302 et
2392 4247 2659 4300 saltatoris
2684 4247 2749 4300 ad
2797 4247 2962 4315 turpia
2997 4249 3217 4310 cantica,
3275 4249 3318 4300 si
3365 4248 3526 4302 libido

1965 4339 2306 4393 scortautium
2353 4347 2406 4392 et
2455 4339 2917 4410 meretricantium.
2951 4338 3168 4392 haberet
3216 4340 3444 4408 quietem
3471 4349 3526 4394 et

1964 4433 2317 4494 securitatem,
2350 4431 2390 4483 si
2419 4446 2520 4483 non
2570 4430 2774 4483 timeret
2818 4419 3005 4482 famem
3038 4431 3087 4483 in
3119 4430 3276 4483 domo
3319 4446 3410 4483 sua
3438 4433 3523 4500 qui

1963 4525 2153 4578 clamat
2176 4535 2231 4576 ut
2279 4523 2581 4593 pantomimi
2634 4523 2959 4587 vestiantur;
2990 4523 3032 4576 si
3066 4527 3177 4576 haec
3207 4527 3380 4576 omnia
3409 4524 3524 4578 sine

1965 4617 2101 4678 labe,
2131 4617 2244 4672 sine
2287 4615 2679 4685 perturbatione
2705 4615 2874 4683 aliqua
2901 4614 3146 4679 fluerent,
3177 4624 3229 4668 et
3257 4624 3398 4669 esset
3436 4631 3522 4669 se-

1964 4707 2154 4761 curitas
2199 4722 2384 4776 magna
2432 4721 2706 4775 nugarum,
2759 4705 2927 4759 felicia
2967 4715 3145 4760 essent
3173 4716 3427 4775 tempora,
3473 4719 3525 4761 et

1963 4815 2203 4868 magnam
2238 4799 2535 4854 felicitatem
2577 4799 2733 4852 rebus
2763 4797 3006 4851 humanis
3048 4799 3291 4853 Christus
3320 4801 3523 4853 attulis-

1963 4902 2061 4947 set.
2103 4893 2231 4958 Quia
2276 4908 2402 4946 vero
2451 4891 2723 4945 ctedontur
2766 4891 3065 4959 iniquitates
3094 4932 3108 4955 ,
3141 4901 3197 4944 ut
3239 4893 3523 4960 exstirpata

1963 4983 2242 5050 copiditate
2259 4983 2516 5050 plantetur
2536 4981 2764 5034 Charitas
2789 4980 3079 5036 Jerusalem
3103 4997 3118 5046 ;
3141 4983 3260 5051 quia
3285 4983 3517 5067 missos-1.:-

1964 5083 2047 5127 tur
2075 5073 2452 5127 amaritudines
2480 5073 2598 5125 vitae
2622 5071 2916 5140 temporali,
2947 5081 3003 5125 ut
3029 5083 3224 5126 :eterna
3249 5071 3521 5126 desidere-

1966 5176 2084 5229 tur;
2119 5166 2235 5230 quia
2263 5163 2573 5217 erudiuntur
2617 5162 2666 5214 in
2694 5163 2914 5231 flagellis
2940 5162 3179 5216 homines
3203 5203 3218 5227 ,
3247 5172 3520 5232 paternam

1963 5256 2278 5324 accipientes
2297 5252 2645 5322 disciplinam,
2674 5269 2738 5307 ne
2762 5253 3090 5321 iudiciariam
3111 5253 3375 5305 inveniant
3404 5268 3520 5304 seu-

1965 5349 2173 5400 tentiam
2199 5362 2213 5410 ;
2238 5345 2365 5400 nihil
2389 5345 2508 5398 boni
2528 5345 2960 5399 attulitChristus
2991 5388 3003 5407 ,
3038 5354 3089 5397 et
3111 5345 3318 5398 labores
3343 5344 3520 5398 attulit

1963 5437 2219 5494 Christus.
2248 5439 2312 5493 Et
2330 5437 2516 5506 incipis
2535 5437 2711 5493 dicere
2738 5439 2934 5492 homini
2954 5447 3147 5506 quanta
3176 5436 3311 5489 booa
3340 5436 3520 5490 fecerit

1962 5534 2220 5599 Christus,
2252 5531 2584 5600 etnoncapit.
2609 5531 2863 5600 Propoois
2877 5531 3016 5584 enim
3035 5530 3105 5582 illi
3118 5529 3296 5597 eosqui
3325 5528 3520 5583 faciunt

1962 5624 2096 5694 quod
2134 5623 2288 5678 modo
2308 5622 2524 5676 audistis
2566 5620 2932 5690 inEvangelio,
2963 5621 3195 5674 vendunt
3223 5621 3396 5674 omnia
3424 5636 3518 5674 sua

1967 5725 2019 5770 et
2056 5715 2179 5770 dant
2212 5715 2526 5784 pauperibus
2547 5754 2562 5779 ,
2589 5723 2646 5767 ιιι
2698 5712 2919 5768 habeant
2949 5713 3248 5768 thesaurum
3278 5712 3328 5765 in
3371 5712 3517 5766 ccelis
