4032 6202
530 284 661 341 1767

517 405 574 450 et
605 402 888 464 sequantur
929 393 1207 448 Dominum
1241 390 1450 464 (Matth.
1501 406 1598 446 ιιι
1625 387 1754 460 ,9!)
1784 406 1797 441 :
1831 387 1959 441 dicis
1987 387 2083 447 illi.

518 491 659 547 Ecce
690 484 827 557 quod
852 484 1027 540 attulit
1048 483 1311 540 Christus.
1348 484 1515 549 Quam
1559 482 1708 537 multi
1738 482 1936 536 iaciunt
1964 480 2083 544 ista,

526 588 582 632 ut
609 576 923 631 distribuant
947 590 1031 630 res
1057 590 1180 629 suas
1206 575 1406 643 egenis,
1438 582 1492 627 et
1519 572 1645 626 ﬂant
1672 586 1949 642 pauperes,
1976 586 2082 624 non

527 669 855 733 necessitate,
889 668 980 723 sed
1012 668 1298 732 voluntate,
1323 674 1609 736 sequentes
1652 665 1836 728 Deum,
1868 678 2088 733 speran-

528 772 604 814 tes
630 774 848 829 regnum
877 759 1162 814 caelorum!
1195 757 1417 811 lrrident
1462 757 1546 811 isti
1587 756 1733 825 quasi
1764 754 1951 809 stultos
1978 770 1994 807 :
2026 753 2090 807 Et

528 850 669 913 talia,
699 849 960 919 inquiunt,
994 850 1129 904 bona
1156 846 1606 910 attulitCltristns,
1631 856 1688 901 ut
1715 845 1900 916 perdat
1929 844 2090 899 hon‘in

529 956 614 995 res
643 956 790 1007 snas,
813 950 868 996 et
897 957 1016 995 cum
1044 941 1131 994 dat
1160 940 1359 1006 egenis,
1400 948 1671 994 remaneat
1692 939 1931 1009 egenus?
1955 939 2089 1007 Quid

527 1046 654 1102 ergo
682 1030 886 1086 iacies?
927 1032 1070 1086 Bona
1110 1030 1306 1084 Christi
1355 1044 1459 1085 non
1486 1031 1631 1099 capis
1658 1047 1671 1084 :
1702 1029 1836 1083 alius
1874 1029 2012 1085 enim
2041 1036 2092 1083 te

528 1123 781 1193 implevit,
813 1122 900 1194 qni
929 1123 1262 1177 adversarius
1290 1130 1372 1176 est
1398 1118 1631 1187 Christo,
1673 1120 1755 1201 cui
1798 1118 1987 1195 dedisti
2014 1120 2093 1174 lo-

526 1229 645 1267 cum
676 1214 728 1267 in
759 1212 917 1268 corde
945 1222 1057 1266 tuo.
1088 1212 1267 1266 Priora
1298 1220 1535 1294 tempora
1578 1210 1818 1279 reSpicis,
1861 1218 1915 1264 et
1939 1208 2090 1279 quasi

530 1304 736 1358 laetiora
766 1303 856 1358 tibi
888 1302 1134 1358 videntur
1177 1303 1337 1357 fuisse
1390 1310 1629 1370 tempora
1685 1300 1922 1369 pristina,
1972 1316 2092 1370 qua:

527 1393 605 1447 sic
632 1404 783 1447 erant
813 1403 1056 1463 tanquam
1084 1393 1236 1447 oliva:
1263 1391 1552 1461 pendentes
1578 1392 1629 1444 in
1658 1391 1867 1471 arbore,
1890 1391 2091 1445 ducen-

530 1484 669 1538 tibus
697 1484 870 1542 ventis
898 1525 913 1549 ,
945 1485 1091 1552 quasi
1117 1482 1343 1553 quadam
1384 1482 1624 1537 libertate
1648 1497 1790 1536 aura:
1817 1480 2092 1551 perfruen-

530 1583 610 1628 tes
634 1587 766 1642 vago
809 1571 1035 1642 quodam
1060 1571 1327 1627 desiderio
1354 1586 1470 1626 suo.
1504 1570 1728 1625 Ventum
1754 1583 1835 1625 est
1864 1578 1921 1625 ut
1956 1570 2093 1624 oliva

528 1662 824 1716 mitteretur
852 1663 904 1715 in
936 1662 1165 1718 torcular
1212 1678 1226 1714 :
1270 1676 1376 1714 non
1421 1661 1564 1714 enim
1611 1674 1823 1729 semper
1861 1660 2092 1730 pendere

533 1752 759 1805 habebat
785 1753 833 1805 in
861 1751 1087 1805 arbore:
1112 1750 1221 1820 jam
1251 1749 1368 1804 finis
1390 1760 1470 1803 est
1494 1749 1636 1803 anni.
1664 1748 1776 1803 Non
1803 1749 1917 1804 sine
1935 1764 2093 1805 causa

528 1843 882 1898 inscribuntur
923 1841 1110 1911 psalmi
1139 1840 1373 1909 quidam,
1411 1839 1511 1893 Pro
1537 1839 1866 1893 torcularibus
1904 1838 2090 1908 (Psat.

528 1952 644 1997 \‘ill,
679 1951 841 1995 LXXX,
873 1944 918 1988 et
949 1933 1188 2002 cxxxnt)
1219 1951 1233 1985 :
1263 1933 1313 1987 in
1344 1933 1535 1987 arbore
1556 1932 1791 1998 libertas,
1836 1932 1886 1986 in
1918 1941 2093 1986 torcu-

530 2028 626 2082 lari
656 2041 922 2097 pressura.
946 2026 1074 2080 Cum
1100 2026 1241 2081 enim
1268 2041 1353 2081 res
1378 2024 1621 2079 humana:
1661 2034 2004 2080 conteruntur
2039 2034 2094 2080 et

531 2125 878 2184 premuntur,
933 2113 1162 2169 attendis
1204 2113 1324 2184 quia
1369 2114 1559 2168 crescit
1600 2114 1851 2177 avaritia;
1881 2113 2094 2169 attende

528 2207 647 2274 quia
673 2206 866 2261 crescit
911 2212 966 2261 et
993 2204 1335 2259 continentia.
1370 2205 1557 2270 Quare.
1578 2214 1683 2259 tam
1726 2219 1897 2260 cazcus
1927 2218 2005 2269 es,
2035 2212 2095 2259 ut

526 2313 792 2352 amurcam
865 2296 1110 2352 ﬂuentem
1159 2308 1252 2365 per
1302 2297 1501 2365 plateas
1563 2295 1774 2380 videas,
1820 2295 1995 2350 oleum
2038 2295 2090 2349 in

527 2391 824 2459 gemellaria
866 2405 971 2444 non
1018 2388 1238 2444 videas?
1272 2390 1333 2442 Et
1364 2388 1464 2443 hoc
1511 2404 1613 2443 non
1642 2389 1756 2445 sine
1784 2404 1961 2445 causa.
1994 2389 2089 2455 Qui

525 2484 666 2536 enim
688 2482 827 2536 male
853 2493 1151 2543 versantur,
1199 2482 1407 2552 publice
1456 2483 1561 2535 noti
1585 2493 1704 2537 sunt
1730 2499 1744 2544 ;
1773 2483 1863 2553 qui
1913 2491 2091 2537 autem

526 2588 584 2626 se
609 2581 923 2627 convertunt
949 2572 1013 2627 ad
1044 2553 1231 2635 Deum,
1259 2580 1314 2625 et
1355 2586 1384 2625 a
1429 2571 1673 2625 Sordibus
1709 2572 1963 2625 malarum
1994 2588 2089 2628 ctt-

528 2661 802 2728 piditatnm
831 2670 1136 2731 purgantur,
1168 2660 1357 2714 occulti
1385 2670 1507 2714 sunt
1539 2677 1550 2712 :
1579 2660 1695 2729 quia
1719 2670 1772 2715 et
1799 2660 1848 2713 in
1871 2660 1985 2730 ipso
2006 2662 2090 2717 vel
2126 2650 2131 2659 ’

529 2768 597 2807 ex
625 2756 740 2819 ipso
767 2753 1016 2807 torculari
1045 2767 1257 2807 amurca
1295 2760 1477 2821 aperte
1505 2750 1639 2817 ﬂuit,
1680 2751 1855 2806 oleum
1885 2753 2091 2809 occulte

527 2842 807 2911 eliqualur.
902 2840 909 2845 ’
1562 2840 1567 2845 ’
1770 2850 1775 2861 ’
1942 2901 1949 2909 _

598 2936 683 2991 ιυ.
719 2934 1033 2990 Acclamatis
1060 2934 1124 2988 ad
1156 2934 1251 2989 ista
1273 2975 1287 2998 ,
1314 2944 1369 2989 et
1395 2933 1633 3006 gaudetis
1676 2934 1741 2990 ad
1790 2934 1927 3002 ista;
1967 2936 2089 3006 quia

521 3026 627 3097 jam
650 3027 869 3099 potestis
896 3025 1081 3080 sedere
1109 3040 1269 3097 super
1289 3025 1501 3081 ﬂumina
1532 3026 1834 3099 Babylonis,
1857 3037 1912 3083 et
1934 3027 2086 3084 ﬂere.

525 3120 606 3175 Illi
632 3128 805 3173 autem
844 3118 932 3188 qui
953 3119 1190 3188 captivos
1218 3118 1481 3173 duxerunt
1517 3134 1633 3185 nos,
1661 3120 1869 3189 quando
1896 3121 2093 3176 intrant

524 3211 576 3263 in
616 3210 772 3264 corda
823 3209 1129 3270 hominum.
1172 3219 1226 3263 et
1270 3208 1595 3278 interrogant
1637 3224 1735 3267 nos
1766 3226 1861 3279 per
1885 3210 2091 3282 linguas

523 3314 708 3353 eorum
729 3314 868 3367 quos
894 3296 1201 3367 possident,
1231 3307 1287 3352 et
1322 3298 1503 3353 dicunt
1544 3299 1697 3354 nobis
1724 3315 1739 3354 :
1768 3300 1975 3356 Cantate
2000 3319 2093 3356 no-

525 3390 600 3444 bis
644 3389 790 3442 verba
815 3390 1166 3455 canticorum;
1206 3389 1411 3444 reddite
1436 3390 1587 3445 nobis
1614 3392 1867 3446 rationem
1893 3393 2092 3449 adven-

526 3490 610 3537 tus
635 3480 849 3546 Christi,
875 3490 930 3536 et
954 3495 1074 3550 quae
1099 3487 1181 3535 est
1205 3480 1304 3534 alia
1326 3479 1450 3534 vita.
1474 3480 1608 3536 Volo
1631 3482 1848 3538 credere
1870 3484 1888 3516 ¹
1913 3500 1929 3549 ;
1959 3484 2092 3542 doce

525 3586 612 3626 me
640 3571 899 3635 rationem
929 3584 1093 3640 quare
1113 3570 1243 3624 mihi
1270 3571 1497 3639 imperas
1523 3580 1581 3625 nt
1598 3571 1832 3627 credam.
1854 3572 2093 3643 Respon-

525 3662 625 3717 deo
654 3662 726 3715 illi
772 3670 826 3717 et
850 3662 969 3716 dico
1000 3679 1014 3714 :
1043 3660 1088 3716 Ο
1116 3661 1293 3726 homo,
1320 3658 1586 3733 quemodo
1610 3679 1713 3718 non
1753 3665 1834 3719 vis
1861 3665 1951 3720 tibi
1985 3667 2086 3721 itu-

526 3771 703 3825 percm
733 3764 789 3809 ut
812 3754 1033 3809 credas?
1064 3754 1255 3810 Plenus
1306 3770 1364 3810 es
1403 3755 1554 3810 malis
1579 3756 1951 3825 cupiditatibus
1987 3775 2000 3812 :
2046 3758 2089 3813 si

526 3846 694 3901 dicam
726 3845 862 3900 bona
888 3845 973 3899 illa
1002 3844 1320 3911 Jerusalem,
1366 3861 1471 3899 non
1512 3860 1571 3900 ea
1597 3846 1776 3915 capis;
1804 3857 2012 3917 oportet
2037 3858 2094 3904 nt

526 3937 850 3994 exinaniaris
874 3951 979 4007 quo
1010 3936 1195 4006 plenus
1219 3951 1299 4002 es,
1328 3947 1385 3992 ut
1419 3938 1591 4007 possis
1619 3938 1827 4009 impleri
1848 3957 1954 4012 quo
1980 3943 2105 4009 ina:

529 4030 608 4081 nis
637 4044 718 4083 es.
759 4029 898 4099 Ergo
934 4027 1039 4082 noli
1082 4027 1237 4083 facile
1265 4027 1387 4082 huic
1406 4029 1600 4097 aliquid
1624 4029 1836 4098 dicere;
1891 4033 2090 4104 lignum

529 4128 613 4173 est
659 4118 852 4179 salicis.
885 4117 1082 4188 lignum
1105 4126 1188 4174 est
1228 4118 1441 4173 sterile:
1485 4119 1590 4174 noli
1636 4131 1910 4189 percutere
1934 4138 2091 4194 orga-

529 4225 652 4264 num
682 4217 737 4264 ut
763 4217 935 4276 sonet,
960 4207 1222 4278 suspende
1243 4210 1436 4278 potius.
1468 4209 1573 4265 Sed
1597 4211 1688 4266 ille
1712 4211 1950 4269 dicturus
1975 4223 2087 4270 est:

529 4303 622 4358 Dic
650 4302 798 4365 mihi,
825 4309 976 4355 canta
1008 4299 1157 4363 mihi,
1180 4300 1343 4357 redde
1369 4300 1495 4356 mihi
1524 4303 1804 4357 rationem.
1832 4303 1947 4360 Non
1986 4305 2087 4372 vis,

527 4393 715 4461 inquit,
740 4399 795 4445 ut
823 4390 1022 4444 discam
1048 4392 1069 4422 ³
1089 4391 1115 4444 ‘i
1152 4390 1266 4445 Non
1295 4391 1434 4445 bono
1461 4392 1638 4447 animo
1664 4393 1833 4458 audis,
1879 4410 1980 4449 non
2014 4396 2091 4450 sic

527 4483 707 4553 pulsas
745 4490 801 4533 nt
827 4479 920 4533 tibi
949 4478 1162 4549 dignum
1192 4480 1262 4534 sit
1302 4481 1514 4549 aperiri.
1545 4482 1637 4537 ille
1666 4492 1715 4538 te
1742 4484 1976 4555 implevit
2000 4487 2087 4553 qui

526 4589 611 4628 me
638 4573 899 4643 captivum
927 4570 1098 4635 duxit,
1126 4571 1241 4640 ipse
1265 4586 1349 4626 me
1375 4572 1660 4643 interrogat
1686 4574 1755 4629 de
1777 4585 1847 4631 te.
1869 4576 2088 4631 Astutus

483 4666 489 4673 ’
524 4675 605 4721 est
636 4707 650 4728 ,
678 4664 860 4719 dolose
885 4663 1071 4734 quaerit
1100 4680 1114 4717 :
1144 4678 1248 4719 non
1277 4665 1465 4734 quaerit
1487 4665 1610 4734 quid
1638 4666 1823 4731 discat,
1849 4668 1941 4724 sed
1961 4669 2087 4738 quid

523 4754 893 4826 reprehendat.
938 4754 1077 4826 Ergo
1095 4768 1194 4826 ego
1216 4768 1320 4809 non
1346 4753 1515 4809 dicam
1539 4795 1554 4819 ,
1586 4756 1900 4825 suSpendam
1927 4773 2083 4829 orga-

521 4862 647 4901 num
676 4861 872 4900 meum.

598 4943 683 4993 il.
716 4935 865 5009 [vers.
895 4933 974 5008 1.]
996 4935 1100 4991 Sed
1125 4934 1250 5007 quid
1277 4936 1511 4990 dicturus
1534 4945 1616 4992 est
1643 4937 1851 4994 adhuc?
1876 4938 2083 4997 Caritate

522 5031 665 5084 nobis
686 5029 831 5083 verba
851 5029 1176 5091 canticorum,
1205 5038 1404 5083 cantate
1428 5029 1569 5083 nobis
1597 5030 1855 5101 hymnum,
1887 5042 2080 5089 cantate

522 5123 662 5176 nobis
685 5122 747 5175 de
779 5121 984 5174 canticis
1007 5111 1151 5175 Sion.
1179 5119 1314 5187 Quid
1344 5121 1758 5191 respondemus?
1796 5124 2078 5197 Babylonia

522 5227 572 5269 te
601 5222 794 5284 portat,
818 5209 1102 5283 Babylonia
1129 5219 1180 5265 te
1203 5211 1458 5276 continet,
1493 5213 1776 5285 Babylonia
1810 5225 1860 5270 te
1887 5216 2069 5281 nutrit,

523 5306 805 5380 Babylonia
831 5305 898 5363 de
926 5315 975 5360 te
998 5303 1262 5375 loquitur;
1298 5319 1403 5358 non
1431 5306 1566 5359 nosti
1595 5320 1784 5376 capere
1809 5307 1907 5362 nisi
1933 5309 2070 5378 quod

521 5398 682 5470 fulget
698 5397 766 5453 ad
793 5405 1023 5468 tempus,
1051 5403 1248 5451 aeterna
1274 5395 1515 5450 meditari
1547 5396 1774 5467 ignoras,
1799 5414 1903 5454 non
1931 5398 2073 5471 capis

582 5572 597 5602 ι
632 5571 704 5620 sic
724 5577 799 5631 Er.
828 5574 878 5618 et
899 5567 1124 5631 plerique
1158 5573 1263 5617 Mss.
1291 5574 1347 5616 At
1368 5575 1466 5616 Atn.
1492 5576 1545 5619 et
1564 5575 1690 5629 Lov.,
1727 5570 1833 5622 nolo
1852 5574 2067 5626 credere.

578 5633 599 5663 ι
621 5633 694 5700 sic
713 5630 1022 5700 aliquot
1039 5630 1095 5680 At
1111 5636 1210 5678 Am.
1233 5636 1280 5700 et
1304 5635 1375 5698 Er.
1394 5642 1502 5700 cum
1519 5640 1722 5700 quatuor
1738 5641 1863 5685 Mss:
1874 5644 1972 5687 Non
1986 5638 2071 5699 vis,

508 5691 667 5755 inquit,
690 5698 741 5740 ut
760 5688 934 5741 dicam.
952 5697 1062 5743 ων.
1090 5705 1102 5741 :
1140 5691 1251 5744 Novi
1288 5688 1393 5754 quis
1416 5688 1562 5742 dicat'.

1717 276 1757 333 S
1799 272 2169 341 AUGUSTINI
2200 272 2497 329 EPISCOPl

3614 281 3760 338 1768

2193 384 2334 453 quod
2365 384 2675 457 interrogas.
2718 389 2978 456 Quomodo
3013 391 3323 446 cantabimus
3348 392 3601 447 canticum
3640 395 3760 448 Do-

2191 477 2313 530 mini
2324 477 2376 530 in
2385 466 2527 532 “terra
2550 479 2714 534 aliena
2728 482 2754 535 .9
2769 481 2918 547 Vere,
2936 484 3144 548 fratres,
3159 485 3236 538 sic
3247 493 3349 539 est.
3375 484 3593 558 Incipite
3618 490 3767 542 velle

2194 566 2478 635 praedicare
2490 571 2760 626 veritatem
2772 574 3301 644 quantulamcumqne
3310 577 3498 642 nostis,
3512 585 3564 632 et
3578 579 3769 634 videte

2191 673 2347 727 quam
2375 674 2594 717 necesse
2616 662 2685 717 sit
2706 672 2761 718 ut
2788 665 2918 718 tales
2941 665 3214 734 patiamini
3240 666 3503 732 irrisores,
3533 681 3766 724 exacto—

2192 763 2280 803 res
2323 750 2579 818 veritatis,
2627 754 2810 821 plenos
2852 754 3110 809 falsitatis.
3157 755 3489 827 Respondete
3519 760 3623 814 illis
3649 777 3760 815 ex-

2193 842 2451 910 igentibus
2472 859 2501 897 a
2524 844 2672 900 vobis
2691 861 2807 914 qum
2827 861 3015 916 capere
3035 863 3137 902 non
3161 858 3402 918 possunt,
3421 860 3476 905 et
3499 850 3659 907 dicite
3684 867 3765 907 ex

2192 932 2381 988 fiducia
2427 937 2592 991 sancti
2641 938 2829 993 cantici
2873 939 3031 1015 vestri
3056 981 3071 1005 ,
3131 940 3390 1006 Quomodo
3437 942 3767 999 cantabimus

2191 1024 2439 1077 canticu‘ht
2457 1023 2662 1079 Domini
2689 1027 2742 1080 in
2764 1036 2894 1080 terra
2919 1029 3083 1081 aliena
3103 1028 3130 1082 2

2264 1114 2352 1168 i2.
2380 1115 2482 1171 Sed
2511 1116 2630 1171 vide
2658 1118 2924 1187 quomodo
2948 1120 3171 1174 versuris
3197 1120 3333 1176 inter
3352 1136 3465 1186 eos,
3493 1136 3528 1176 ο
3561 1125 3768 1194 populo

2195 1207 2309 1273 Dei,
2348 1222 2380 1262 ο
2405 1223 2596 1278 corpus
2620 1209 2811 1265 Christi
2835 1252 2851 1278 ,
2880 1226 2913 1266 ο
2937 1227 3192 1282 generosa
3223 1214 3571 1285 peregrinatio
3605 1214 3766 1288 (non

2192 1312 2252 1352 es
2280 1298 2420 1363 hinc,
2449 1299 2659 1355 aliunde
2681 1304 2794 1369 es);
2827 1318 2892 1357 ne
2912 1319 3031 1357 cum
3055 1304 3125 1358 illi
3151 1304 3240 1375 qui
3265 1305 3357 1360 tibi
3382 1306 3582 1373 dicunt,
3610 1308 3759 1364 Can-

2193 1397 2291 1442 tate
2316 1390 2456 1443 nobis
2479 1393 2623 1445 verba
2648 1394 2972 1458 canticorum,
2995 1394 3144 1448 dicite
3168 1396 3307 1451 nobis
3336 1397 3595 1468 hymnum,
3620 1415 3760 1454 can-

2194 1489 2293 1533 tate
2312 1481 2453 1534 nabis
2478 1482 2540 1535 de
2582 1483 2786 1538 canticis
2811 1482 2958 1550 Sion,
2986 1486 3134 1555 quasi
3163 1497 3408 1542 amantur
3429 1503 3461 1542 a
3490 1497 3571 1553 te,
3600 1499 3655 1545 et
3674 1490 3765 1544 af-

2193 1568 2354 1623 fectas
2379 1572 2636 1625 amicitias
2654 1587 2856 1640 eorum,
2880 1584 2931 1630 et
2959 1576 3109 1631 times
3125 1576 3316 1632 talibus
3337 1577 3648 1648 displicere;
3672 1583 3767 1637 in-

2195 1660 2353 1728 cipiat
2366 1669 2416 1715 te
2430 1661 2691 1717 delectare
2705 1651 3012 1736 Babylonia,
3030 1676 3081 1720 et
3096 1667 3422 1723 obliviscaris
3440 1670 3761 1727 Jerusalem.

2194 1750 2305 1806 Hoc
2325 1768 2449 1823 ergo
2476 1755 2666 1808 timens
2689 1754 2805 1811 vide
2825 1757 2948 1825 quid
2972 1758 3238 1826 subjiciat,
3267 1760 3383 1814 vide
3411 1760 3535 1830 quid
3565 1776 3765 1833 sequa-

2198 1852 2298 1897 tur.
2332 1844 2521 1899 Passus
2547 1856 2628 1899 est
2651 1847 2789 1900 enim
2815 1846 2975 1901 homo
3005 1850 3103 1905 istc
3152 1850 3239 1920 qui
3284 1853 3767 1917 cantabat;etisle

2197 1936 2355 1991 homo
2382 1953 2479 1993 nos
2506 1954 2707 2005 sumus,
2736 1940 2781 1995 si
2807 1942 3082 1997 volumus:
3117 1959 3304 2012 passus
3326 1946 3651 2016 estundique
3675 1956 3766 2002 tae

2194 2027 2262 2081 lia
2292 2028 2674 2100 interrogantes
2703 2041 2756 2085 et
2794 2032 3094 2089 adulatione
3143 2035 3492 2104 blandientes,
3539 2041 3763 2094 morda-

2194 2119 2327 2174 citer
2373 2123 2840 2191 reprehendentes,
2863 2124 2997 2181 ialso
3025 2127 3300 2183 laudantes
3322 2169 3339 2192 ,
3364 2130 3504 2199 quod
3531 2145 3635 2185 non
3661 2147 3765 2185 ca-

2197 2213 2345 2282 piunt
2371 2217 2661 2285 exigentes,
2688 2234 2793 2289 quo
2822 2220 2962 2288 pleni
2989 2231 3115 2277 sunt
3152 2221 3372 2279 fundere
3395 2225 3669 2291 nolentes;
3704 2240 3766 2286 ct

2195 2304 2330 2359 inter
2354 2306 2533 2361 turbas
2564 2308 2742 2363 talium
2783 2318 3029 2381 tanquam
3058 2313 3379 2382 periclitans,
3423 2320 3601 2373 erexit
3625 2322 3751 2374 ani-

2193 2411 2334 2450 mum
2378 2396 2444 2451 ad
2473 2398 2890 2456 recordationem
2929 2401 3056 2458 Sion
3080 2444 3098 2468 ,
3124 2412 3179 2459 et
3213 2406 3530 2463 constrinxit
3551 2423 3612 2464 se
3638 2410 3763 2465 talis

2192 2487 2365 2541 anima
2385 2488 2651 2557 juratione
2674 2491 2921 2562 quadam,
2951 2503 3007 2549 et
3034 2495 3107 2549 ait
3138 2513 3151 2550 :
3180 2496 3243 2552 Si
3268 2497 3453 2553 oblitus
3489 2500 3566 2554 tui
3591 2502 3756 2570 (uero,

2189 2572 2509 2645 Jerusalem;
2537 2581 2673 2636 inter
2698 2582 2855 2639 verba
2883 2585 3282 2655 captivantium,
3309 2588 3449 2644 inter
3473 2592 3629 2647 verba
3654 2591 3761 2648 do-

2193 2667 2426 2723 losorum
2449 2712 2465 2734 ,
2498 2671 2817 2738 interserha
2854 2676 2990 2732 male
3020 2677 3479 2751 interrogantium,
3508 2698 3761 2754 quaeren-

2193 2756 2319 2812 tium
2347 2766 2402 2813 ct
2424 2760 2627 2817 discere
2651 2765 2961 2821 nolentium.

2263 2852 2347 2908 15.
2376 2853 2515 2911 Ecce
2544 2856 2664 2913 inde
2692 2870 2804 2913 crat
2828 2861 2976 2917 dives
3008 2861 3099 2919 ille
3125 2865 3142 2896 ί
3168 2865 3257 2935 qui
3280 2865 3553 2923 Dominum
3579 2869 3760 2927 inter-

2189 2947 2395 3015 rogavit
2419 2964 2433 3000 :
2462 2948 2707 3020 Magister
2735 2951 2887 3019 bone,
2909 2954 3032 3022 quid
3051 2956 3236 3024 faciam
3258 2967 3308 3009 ut
3333 2959 3483 3011 vitam
3501 2971 3760 3026 ,azternam

2189 3041 2507 3111 consequar?
2551 3041 2737 3098 Nonne
2775 3043 2844 3100 dc
2884 3045 2987 3099 vita
3034 3055 3233 3103 aeterna
3280 3065 3555 3118 quarens,
3600 3046 3759 3122 qu’asi

2193 3135 2457 3199 canticum
2488 3133 2614 3189 Sion
2660 3136 3037 3207 interrogavit?
3063 3138 3223 3202 Serva
3252 3142 3523 3206 mandata,
3568 3142 3640 3197 ait
3678 3143 3758 3199 illi

2194 3223 2448 3279 Dominus
2491 3225 2559 3281 Et
2577 3226 2668 3281 ille
2697 3227 2764 3282 de
2788 3228 2953 3296 fastu,
2976 3244 3096 3284 cum
3128 3232 3396 3299 audisset,
3424 3231 3545 3286 lam
3585 3236 3760 3289 omnia

2192 3315 2335 3380 lucc,
2365 3316 2567 3386 inquit,
2611 3318 2811 3390 implevi
2848 3336 2879 3372 a
2911 3321 3172 3390 juventute
3220 3340 3349 3378 mea.
3396 3325 3466 3380 Et
3501 3326 3758 3382 Dominus

2192 3403 2324 3459 dixit
2350 3406 2423 3460 illi
2455 3405 2703 3477 quiddam
2732 3408 2800 3465 de
2833 3411 3053 3467 canticis
3082 3413 3207 3468 Sion
3233 3456 3249 3479 ,
3278 3422 3335 3471 et
3372 3426 3590 3472 noverat
3612 3419 3757 3488 quod

2194 3509 2299 3550 non
2327 3506 2572 3568 caperet;
2621 3499 2713 3554 sed
2746 3503 3043 3573 exemplum
3086 3504 3233 3561 dedit
3269 3507 3451 3574 nobis,
3490 3512 3757 3579 quomodo

2192 3586 2341 3640 multi
2384 3597 2629 3667 quaerant
2654 3590 2804 3659 quasi
2832 3594 3106 3648 consilium
3131 3594 3196 3649 ad
3218 3596 3377 3652 vitam
3398 3609 3647 3654 a'ternam
3663 3641 3680 3666 ,
3698 3611 3760 3658 et

2195 3676 2391 3731 tamdiu
2439 3692 2541 3733 nos
2588 3669 2828 3744 laudent.
2874 3684 3121 3752 quamdiu
3161 3689 3575 3756 respondeamus
3612 3694 3754 3761 quod

2192 3776 2456 3835 quierunt.
2492 3770 2646 3826 Dedit
2667 3771 2735 3827 de
2763 3773 2854 3827 illo
2878 3772 3255 3831 documentum
3279 3818 3294 3844 ,
3327 3789 3576 3850 tanquam
3603 3783 3757 3838 nobis

2193 3856 2411 3913 dicturis
2436 3861 2715 3930 aliquando
2737 3864 2927 3918 talibus
2970 3865 3298 3934 hominibus,
3333 3869 3594 3937 Quomodo
3628 3889 3755 3927 can—

2194 3948 2405 4002 tabimus
2447 3952 2695 4005 canticum
2738 3952 2942 4009 Domini
2969 3956 3022 4010 in
3072 3967 3203 4012 terra
3229 3958 3439 4015 aliena?
3461 3961 3600 4019 Ecce
3636 3966 3709 4019 ait
3736 3982 3754 4019 :

2201 4036 2287 4092 Vis
2314 4055 2415 4094 esse
2445 4042 2732 4110 perfectus?
2771 4043 2906 4098 Vade
2928 4087 2942 4109 ,
2977 4048 3131 4101 vende
3150 4050 3317 4103 omnia
3343 4067 3458 4121 qua:
3480 4052 3657 4120 habes,
3703 4064 3756 4109 et

2192 4129 2259 4182 da
2290 4132 2588 4200 pauperibus
2611 4174 2624 4195 ,
2648 4144 2693 4187 et
2723 4134 2920 4189 habebis
2944 4122 3230 4192 thesaurum
3266 4140 3319 4193 in
3348 4142 3508 4205 coelo;
3531 4153 3580 4197 et
3598 4144 3711 4199 veni
3732 4182 3753 4211 ,

2191 4235 2390 4289 sequere
2416 4239 2508 4275 me.
2540 4222 2607 4278 Ut
2632 4222 2802 4279 discat
2828 4227 2989 4281 multa
3014 4229 3216 4285 cantica
3253 4230 3320 4287 de
3339 4233 3559 4288 canticis
3579 4234 3708 4291 Sion
3727 4277 3750 4302 ,

2193 4311 2337 4379 prius
2367 4304 2736 4383 impedimenta
2778 4316 2983 4386 rejiciat
3007 4358 3025 4387 ,
3073 4321 3345 4390 expeditus
3380 4324 3646 4389 ambulet.
3681 4342 3757 4383 ne

2192 4401 2299 4455 ullo
2324 4418 2483 4457 onere
2521 4412 2917 4475 prirgravetur:
2946 4418 3001 4463 et
3025 4409 3193 4467 discet
3215 4412 3407 4483 aliquid
3438 4414 3505 4470 de
3531 4419 3756 4475 canticis

2190 4491 2335 4547 Sion.
2370 4494 2460 4547 Ille
2493 4505 2665 4549 autem
2695 4498 3032 4554 contristatus
3051 4501 3327 4558 abscessit.
3358 4504 3607 4563 Dicamus
3636 4518 3757 4578 post

2190 4583 2331 4637 illum
2352 4627 2366 4650 ,
2402 4585 2662 4651 Quomodo
2694 4590 2997 4646 cantabimus
3012 4594 3260 4648 canticum
3288 4596 3494 4651 Domini
3521 4599 3575 4654 in
3617 4610 3751 4655 terra

2188 4676 2396 4732 aliena?
2423 4676 2491 4733 Et
2516 4678 2606 4735 ille
2645 4681 2857 4750 quidem
2877 4682 3158 4750 discessit;
3185 4700 3333 4757 spem
3372 4698 3547 4745 tamen
3578 4690 3754 4747 diviti-

2186 4767 2285 4823 bus
2309 4769 2559 4825 Dominus
2603 4771 2766 4827 dedit.
2806 4773 2938 4829 Nam
2980 4777 3273 4833 contristati
3318 4779 3561 4849 discipuli
3602 4783 3753 4838 dixe-

2185 4870 2311 4916 runt
2342 4879 2355 4916 :
2385 4862 2624 4927 Quisnam
2644 4874 2802 4935 potest
2827 4865 2995 4921 salvus
3017 4868 3164 4936 ﬁeri?
3214 4869 3279 4924 Et
3311 4872 3588 4939 respondit
3627 4874 3706 4928 eis
3736 4893 3752 4928 :

2189 4953 2336 5018 Quod
2363 4954 2643 5009 hominibus
2671 4957 2975 5027 impossibile
3002 4969 3074 5012 est
3098 5001 3112 5022 ,
3140 4959 3289 5030 facile
3308 4971 3377 5015 est
3406 4960 3512 5016 Deo
3534 4962 3751 5033 (Matth.

2186 5045 2776 5116 Xix,16-26).llabent
2804 5049 3023 5103 enimet
3066 5050 3257 5106 divites
3302 5054 3585 5120 quemdam
3631 5069 3752 5108 mo-

2184 5138 2307 5192 dum
2331 5152 2512 5205 suum,
2543 5150 2596 5195 et
2624 5152 2943 5209 acceperunt
2970 5144 3233 5198 canticqu
3278 5143 3346 5200 de
3389 5144 3546 5210 Sion,
3582 5147 3750 5201 canti-

2182 5246 2300 5284 cum
2326 5231 2395 5287 de
2425 5248 2529 5300 quo
2556 5234 2839 5302 Apostolus
2863 5234 3026 5289 dicit:
3054 5235 3286 5308 Prwcipe
3327 5237 3559 5293 divitibus
3597 5240 3753 5310 hujus

2181 5322 2351 5376 saeculi
2377 5338 2476 5377 non
2497 5324 2705 5392 superbe
2724 5342 2899 5394 sapere
2920 5369 2936 5393 ,
2967 5344 3122 5399 neque
3156 5345 3360 5397 sperare
3387 5331 3441 5384 in
3461 5331 3651 5385 incerto
3671 5332 3753 5384 di-

2180 5412 2408 5466 vitiarum
2428 5455 2442 5476 ,
2472 5416 2558 5469 sed
2602 5416 2655 5470 in
2691 5415 2799 5472 Deo
2849 5419 2957 5472 vivo
2980 5460 2994 5482 ,
3039 5420 3125 5489 qui
3152 5431 3352 5488 praestat
3394 5421 3536 5476 nobis
3577 5425 3750 5495 omnia

2180 5503 2488 5561 abundanter
2525 5506 2594 5559 ad
2629 5507 2916 5576 fruendum.
2978 5509 3295 5583 Adjungeus
3344 5513 3471 5583 quid
3515 5512 3745 5570 debeant

2178 5640 2258 5753 iu"
2285 5640 2355 5691 sic
2368 5640 2502 5690 corb.
2526 5647 2606 5692 Ms.
2628 5647 2682 5692 At
2705 5642 2844 5704 Edd.,
2874 5639 2992 5696 civis
3014 5642 3112 5696 ille.
3135 5642 3355 5710 Plerique
3394 5653 3525 5705 Mss,
3558 5643 3677 5697 civis
3699 5652 3746 5697 ρι
