4032 6202
255 319 261 324 ’
313 321 446 376 1769

291 796 547 850 Canticum
576 800 641 853 de
665 805 880 858 canticis
905 806 1026 862 Sion
1054 811 1238 867 divites
1261 831 1572 888 ﬂCCOpi‘l‘lllll
1590 866 1604 888 ,
1639 829 1803 893 primo
1823 873 1839 896 ,

291 902 387 938 non
411 890 830 961 superbesapere.
859 897 1126 954 Extollunt
1165 907 1563 977 enim-diiitize;
1613 927 1666 969 et
1709 935 1839 988 quos

286 976 580 1043 extollunt,
612 979 822 1037 flumina
870 987 954 1040 illa
989 992 1172 1046 tollunt
1203 996 1238 1046 ί.
1271 997 1401 1062 Quid
1429 1017 1553 1071 ergo
1579 1004 1668 1060 liis
1703 1025 1838 1076 prie-

567 1040 574 1043 V
1047 1040 1172 1046 ηπ-.-
1226 1040 1238 1046 -
1275 1040 1400 1062 πει-,υ
1429 1040 1553 1071 ..δυ
1579 1040 1668 1060 una
1703 1040 1838 1076 Iud."

283 1067 514 1134 cipitur?
540 1073 673 1127 Ante
701 1079 905 1139 omnia,
958 1098 1060 1134 non
1099 1087 1306 1154 superbe
1340 1106 1527 1159 sapere.
1570 1096 1716 1162 Quod
1760 1101 1840 1153 fam

280 1149 425 1203 ciunt
453 1153 647 1209 divitia:
669 1199 683 1220 ,
720 1163 817 1213 hoc
838 1175 1053 1218 caveant
1077 1167 1123 1220 in
1156 1170 1385 1236 divitiis;
1423 1190 1639 1232 caveant
1678 1182 1726 1234 in
1756 1185 1834 1236 di-

277 1241 417 1296 vitiis
431 1247 748 1313 superbiam.
766 1249 934 1319 Ipsum
949 1256 1087 1310 enim
1104 1261 1294 1314 malum
1310 1269 1533 1334 estquod
1551 1269 1832 1338 important

277 1333 505 1387 maxime
531 1335 725 1392 divitia:
747 1343 963 1396 ineautis
996 1346 1309 1406 hominibus.
1330 1354 1439 1408 Non
1465 1360 1602 1412 enim
1641 1377 1824 1420 aurum

273 1422 472 1477 malum
496 1434 611 1492 est,
642 1431 780 1497 quod
820 1434 956 1488 Deus
1000 1439 1264 1506 condidit;
1299 1446 1590 1504 sedmalus
1611 1465 1688 1508 est
1729 1457 1821 1510 ho-

269 1523 360 1564 mo
381 1526 570 1566 avarus
601 1517 903 1587 relinquens
923 1522 1221 1584 Creatorem
1247 1572 1261 1596 ,
1283 1549 1566 1592 conversus
1586 1543 1651 1595 ad
1680 1559 1819 1600 crea-

268 1609 462 1654 turam.
496 1603 605 1658 lloc
643 1622 768 1675 ergo
793 1611 861 1665 ibi
891 1629 1178 1681 praecaveat
1200 1663 1217 1686 ,
1247 1639 1312 1677 ne
1352 1627 1420 1680 sit
1446 1634 1733 1697 Superbus,
1765 1647 1832 1714 et

268 1701 428 1714 ιιι-...ι-
453 1691 611 1714 n_-_-:-_
637 1713 659 1714 Ὗ
701 1698 736 1714 n
773 1701 784 1714 ι
845 1701 854 1714 ι
933 1705 945 1714 .
1073 1708 1084 1714 -
1225 1713 1263 1714 γέ

264 1701 428 1757 super
453 1691 666 1749 fluvium
696 1698 974 1772 Babylonis
994 1708 1192 1763 sedeat.
1222 1713 1329 1767 Hoc
1357 1716 1428 1770 illi
1456 1722 1596 1776 enim
1621 1725 1814 1782 dictum

261 1789 344 1832 est
369 1822 386 1844 ,
413 1781 534 1836 Non
558 1790 762 1855 superbe
801 1809 976 1862 sapere
995 1812 1014 1849 .'
1033 1815 1156 1868 ergo
1183 1805 1382 1860 sedeat.
1413 1808 1583 1881 Neque
1617 1833 1820 1891 sperare,

257 1869 313 1922 in
362 1872 551 1927 incerto
577 1879 860 1934 divitiarum
886 1901 907 1936 .·
938 1900 1062 1955 ergo
1086 1905 1244 1961 super
1270 1897 1480 1952 flumina
1531 1902 1811 1974 Babylonis

255 1961 461 2015 sedeat.
484 1964 536 2018 Si
558 1968 696 2020 enim
715 1975 942 2040 speravit
962 1976 1012 2030 in
1036 1978 1233 2034 incerto
1249 1983 1826 2054 divitiarum,-trahitur.

253 2065 284 2104 a
306 2051 524 2111 flumine
543 2057 843 2130 Babylonis.
857 2066 911 2121 Si
931 2084 1050 2122 vero
1070 2071 1416 2133 humiliaverit
1435 2096 1512 2147 se,
1533 2095 1586 2138 et
1607 2102 1706 2140 non
1724 2105 1818 2167 su-_'

253 2141 507 2167 ηη-Ι.2Α..Ξι
554 2155 596 2167 ,Α
623 2165 642 2167 μ
665 2165 677 2167 -
993 2159 1003 2167 .
1049 2159 1060 2167 .
1116 2162 1126 2167 -

253 2141 529 2212 perbierit,
547 2155 600 2200 et
620 2165 724 2204 non
743 2159 1030 2222 Speraverit
1046 2159 1096 2214 in
1115 2162 1314 2220 incerto
1327 2168 1643 2242 divitiarum,
1662 2160 1814 2234 sedet

245 2243 414 2298 super
451 2234 695 2304 ﬂuvium,
727 2244 952 2312 suiSpirat
983 2258 1197 2308 aeterna:
1230 2255 1520 2316 Jerusalem
1559 2259 1816 2324 recordai

245 2326 333 2372 tus
359 2319 520 2388 Sion;
548 2335 602 2380 et
626 2338 681 2380 ut
709 2335 976 2398 perveniat
993 2338 1059 2393 ad
1079 2341 1202 2396 Sion
1223 2384 1240 2410 ,
1263 2360 1462 2418 erogat.
1485 2353 1620 2411 Ecce
1641 2357 1802 2415 habes

238 2411 513 2466 canticum
540 2416 680 2484 quod
713 2420 902 2478 divites
937 2440 1254 2510 acceperunt
1291 2411 1604 2498 de'canticis
1649 2447 1799 2504 Sion.

233 2496 583 2569 Operentur,
608 2503 824 2577 tangant
842 2496 1133 2585 organum,
1165 2496 1267 2578 non
1309 2541 1528 2598 vacent,
1553 2549 1671 2589 cum
1716 2537 1800 2594 in-
1870 2545 1902 2598 .‘

231 2590 491 2644 venerint
523 2593 786 2652 hominem
813 2600 1073 2660 dicentem
1101 2610 1198 2665 sibi
1231 2629 1244 2665 :
1273 2615 1406 2682 Quid
1444 2590 1525 2675 esi
1549 2627 1689 2692 quod
1715 2590 1796 2684 fa-

230 2677 311 2731 cis
334 2678 362 2730 ‘2
388 2682 563 2748 perdis
582 2700 667 2740 res
697 2697 808 2743 tuas
835 2700 974 2748 tanta
999 2703 1261 2770 eroganda
1283 2677 1316 2770 ξ
1345 2677 1636 2770 tliesauriza
1674 2705 1800 2775 filiis

230 2766 365 2820 tuis.
396 2768 526 2825 Cum
547 2774 772 2834 viderint
791 2796 895 2836 non
923 2766 1130 2854 capere,
1153 2801 1207 2846 et
1227 2793 1575 2857 intellexerint
1597 2805 1805 2876 lignum:

229 2870 358 2912 esse
387 2860 562 2917 salicis
581 2905 597 2935 ,
629 2881 733 2922 non
771 2869 924 2928 facile
962 2875 1140 2932 dicant
1162 2897 1338 2952 quare
1360 2900 1546 2957 agant,
1572 2860 1790 2964 etvquid

229 2959 435 3017 agant,
484 2958 806 3024 suspendant
852 2978 1048 3034 organa
1093 2969 1146 3023 in
1192 2974 1440 3031 salicibus
1483 2958 1799 3053 Babylonis.

231 3037 435 3096 Praeter
455 3045 644 3101 salices
671 3059 847 3107 autem
877 3067 1124 3126 cantent,
1155 3077 1261 3119 non
1287 3080 1528 3136 cessent,
1557 3088 1799 3144 operen-;

226 3135 332 3182 tur.
361 3130 474 3186 Non
500 3137 639 3190 enim
659 3141 881 3208 perdunt
903 3148 1041 3215 quod
1066 3164 1302 3222 erogant.
1326 3157 1491 3216 Servo
1509 3130 1791 3222 commune

222 3216 393 3286 dant,
420 3233 474 3277 et
519 3236 685 3282 tutum
727 3241 806 3286 est
829 3250 844 3303 ;
873 3234 1081 3293 Christo
1102 3216 1501 3316 commendant,
1529 3262 1583 3308 et

292 3311 316 3340 Ι
339 3311 362 3340 Ι
445 3316 668 3340 A...l:-.:-
723 3336 767 3340 ΑΔ
819 3325 852 3340 ,ο
1040 3329 1073 3340 ..
1114 3332 1124 3340 .
1283 3336 1296 3340 -

292 3311 388 3366 14.
434 3316 670 3373 Audistis
715 3325 975 3382 canticum
1022 3329 1238 3388 divitum
1265 3336 1330 3393 de
1371 3345 1586 3401 canticis
1610 3311 1746 3406 (Sion
1764 3330 1790 3418 ;:

219 3400 400 3456 audite
428 3414 481 3458 et
504 3409 762 3465 canticum
808 3427 1116 3486 pauperum.
1140 3421 1280 3480 Idem
1301 3425 1489 3486 Paulus
1516 3400 1776 3504 loquitur;

221 3488 377 3546 Nihil
405 3494 659 3553 intulimus
681 3502 733 3555 in
757 3503 891 3559 hunc
911 3511 1156 3566 mundum
1178 3553 1195 3580 ,
1218 3517 1308 3570 sed
1333 3535 1422 3574 nec
1448 3488 1775 3594 auferimur—tli-

191 3582 342 3648 .quid
385 3600 644 3652 possumus
688 3609 707 3646 :
739 3594 918 3650 victum
961 3612 1008 3652 et
1037 3610 1368 3672 tegumentum
1407 3613 1666 3680 habentes,
1692 3623 1776 3682 llis

215 3676 434 3726 contenti
459 3678 634 3732 simus.
675 3681 809 3736 Nam
849 3686 934 3754 qui
963 3689 1134 3745 volunt
1167 3694 1341 3749 divites
1382 3699 1523 3766 ﬁeri,
1552 3705 1775 3761 incidunt

213 3762 264 3814 in
291 3766 610 3821 tentationem
637 3781 682 3824 et
707 3773 955 3830 desideria
973 3779 1130 3833 multa
1147 3823 1162 3847 ,
1192 3785 1346 3838 stulta
1377 3799 1422 3840 et
1452 3794 1600 3847 noxia
1618 3834 1634 3859 ,
1663 3813 1774 3867 qtae

1147 3835 1162 3847 ,
1199 3835 1210 3836 κ
1378 3835 1421 3840 -ν
1452 3835 1634 3859 --ν-νηυν
1663 3835 1769 3867 ιιιην

212 3835 442 3924 mergunt
462 3857 706 3914 hominem
726 3863 777 3916 in
800 3865 1048 3922 interitum
1068 3881 1114 3924 et
1135 3876 1480 3941 perditionem.
1507 3883 1630 3939 Haec
1649 3899 1772 3943 sunt

212 3943 425 3999 flumina
445 3947 742 4022 Babylonis.
752 3955 916 4010 Radix
927 3968 1000 4012 est
1015 3962 1143 4014 enim
1156 3967 1376 4022 omnium
1393 3974 1635 4028 uariarunt
1646 3994 1767 4032 ava-

208 4034 350 4097 ritia;
379 4054 525 4105 quam
552 4043 756 4110 quidam
786 4057 1066 4117 appetentes
1082 4054 1500 4127 naufragaverunt
1521 4080 1551 4116 a
1571 4067 1673 4133 ﬁde
1691 4111 1705 4135 ,
1723 4085 1776 4138 et.

205 4126 520 4183 inseruerunt
538 4149 591 4186 se
609 4134 861 4192 doloribus
885 4143 1056 4197 multis
1087 4145 1242 4216 (Ibid.
1252 4151 1458 4224 .740).
1484 4126 1624 4226 Ergo
1642 4126 1766 4216 con—

207 4216 366 4270 traria
387 4233 508 4273 sunt
525 4222 622 4277 ista
639 4228 873 4282 cantica?
893 4229 1004 4286 Non
1020 4243 1625 4304 suntcontrariaJ’idete
1639 4251 1762 4321 quid

203 4303 454 4362 divitibus
470 4309 665 4366 dictum
682 4316 749 4369 sit
768 4335 780 4370 :
796 4316 916 4373 Non
937 4325 1144 4393 superbe
1161 4344 1355 4398 sapere,
1387 4350 1545 4403 neque
1561 4303 1762 4407 spei-are

202 4393 250 4446 in
278 4395 470 4452 incerto
487 4402 771 4460 divitiarum
789 4410 830 4473 ’,
852 4411 986 4468 bona
1004 4419 1210 4483 operari
1228 4460 1242 4484 ,
1267 4422 1494 4480 tribucre
1510 4468 1525 4492 ,
1549 4429 1757 4486 thesau-

203 4485 376 4541 rizare
405 4489 502 4543 sibi
532 4491 920 4554 fundamentum
950 4503 1142 4560 bonum
1187 4509 1236 4563 in
1266 4510 1523 4570 futurum.
1552 4520 1755 4592 Paupe-

201 4575 346 4630 ribus
370 4591 544 4636 antem
569 4588 691 4654 quid
728 4591 922 4647 dictum
943 4598 1068 4650 cst?
1102 4599 1200 4666 Qui
1228 4605 1394 4660 volunt
1423 4609 1596 4665 divites
1620 4575 1749 4684 ﬁeri,

199 4667 424 4736 incidunt
453 4673 504 4726 in
530 4680 866 4738 tentationem.
911 4685 1024 4740 Non
1054 4689 1220 4756 dixit,
1252 4697 1338 4764 qui
1365 4698 1554 4757 divites
1597 4719 1749 4774 sunt;

197 4758 288 4810 sed
310 4798 329 4823 ,
365 4761 465 4827 Qui
488 4766 659 4821 volunt
701 4770 875 4828 divites
903 4777 1030 4844 ﬁeri.
1056 4780 1183 4835 Nam
1214 4786 1256 4838 si
1297 4787 1405 4856 jam
1434 4792 1623 4852 divites
1668 4815 1752 4854 cs-

195 4857 344 4913 sent,
369 4851 593 4908 alterum
623 4862 880 4916 canticum
903 4868 1144 4926 audirent
1173 4891 1185 4928 :
1213 4875 1358 4932 dives
1377 4882 1519 4939 audit
1547 4895 1601 4940 ut
1625 4903 1749 4943 ero-

193 4945 280 5004 get
302 4980 318 5004 ,
353 4956 550 5011 pauper
577 4949 723 5002 audit
753 4967 818 5004 ne
845 4955 1129 5016 desideret.

262 5029 346 5084 15.
379 5030 528 5103 iners.
558 5037 611 5091 5.
639 5038 659 5111 ]
685 5039 787 5096 Sed
819 5060 936 5099 cum
964 5050 1098 5105 inter
1127 5055 1269 5130 tales
1307 5067 1617 5134 versamini,
1658 5075 1745 5141 qui

193 5133 292 5172 non
341 5125 554 5192 capiunt
595 5133 854 5188 canticum
902 5137 1063 5208 Sion,
1110 5128 1444 5218 suspendite,
1497 5167 1552 5211 ut
1600 5161 1741 5230 dixi,

191 5222 380 5278 organa
408 5214 459 5266 in
488 5216 736 5274 salicibus
776 5223 825 5277 in
873 5229 1046 5282 medio
1079 5233 1226 5301 ejus;
1259 5239 1466 5298 dill‘erte
1509 5263 1625 5316 qua:
1659 5252 1741 5304 di-

187 5301 318 5352 cturi
339 5305 484 5357 estis.
514 5306 773 5380 Incipiunt
799 5331 917 5372 esse
961 5320 1098 5390 ligna
1129 5324 1389 5384 fructuosa
1409 5374 1426 5395 ,
1475 5347 1743 5395 mutantur

185 5390 432 5460 arbores,
460 5407 515 5452 et
541 5399 814 5461 habebunt
854 5410 1074 5466 fructum
1102 5416 1296 5473 bonum
1333 5440 1346 5475 :
1379 5424 1445 5478 ibi
1477 5428 1579 5496 jam
1619 5433 1741 5488 lieet

186 5478 338 5534 nobis
382 5497 594 5545 cantare
642 5493 694 5547 in
739 5512 892 5552 aures
930 5504 1277 5564 audientium.
1306 5510 1409 5568 Sed
1457 5533 1574 5574 cum
1602 5523 1738 5580 inter

232 5630 256 5677 -’
392 5605 531 5677 t‘hrh.
561 5608 646 5657 Ms.
670 5613 765 5677 lilii
787 5629 894 5664 eum
923 5618 1062 5675 Edd,
1085 5626 1340 5677 extollunt.

589 5655 643 5657 κν
670 5655 763 5662 --.,.
789 5655 893 5664 ...υ--
923 5655 1062 5675 ..--u.,
1150 5655 1340 5677 ιυιιαηι.

235 5655 256 5682 ς
290 5659 438 5716 Lugd.
466 5667 664 5763 νείκει
686 5676 799 5763 Lor;
824 5682 895 5728 sic
916 5655 1433 5744 legunt‘iytlivitittrttm
1448 5707 1466 5752 ;
1485 5694 1572 5744 sed
1594 5696 1744 5763 magis

235 5729 294 5763 na
319 5736 512 5763 onerum
561 5749 584 5762 ι-
613 5747 638 5763 ιι
777 5761 780 5763 -

175 5710 294 5767 bona
319 5710 523 5785 operari.
561 5710 664 5783 *ιβ
686 5710 720 5724 υ
737 5721 814 5790 Μ.

487 5813 750 5877 ΡΑτιιοι.
794 5824 840 5882 Χ
859 5826 1108 5888 XXVII.

1309 342 1697 405 ΕΝᾹῐῖΠᾹἸἸΟ
1738 353 1801 408 ΙΝ
1841 356 2152 420 ρδέλωιωι
2190 367 2468 431 CXXXVI.

307 446 500 502 agerc,
528 435 634 504 jam
669 441 828 509 tangit
867 457 1114 510 organum
1144 493 1153 510 ,
1189 465 1288 504 non
1320 460 1587 524 suspendit
1622 481 1631 512 :
1670 463 1862 536 viriles

304 523 402 572 sint
441 524 491 576 in
521 529 749 596 operibus
782 532 951 594 bonis,
997 539 1143 605 facile
1185 543 1432 606 tribuant,
1476 557 1847 621 ronimnnicent,

301 613 631 671 tltezaurisent
666 621 754 672 sibi
790 626 1164 692 fundamentum
1208 632 1386 688 bonum
1415 638 1464 689 in
1493 644 1746 708 futurum,
1797 659 1849 699 ut

295 706 672 770 appreliendant
719 729 880 766 veram
926 719 1071 771 vitam
1118 721 1174 791 (1
1205 723 1438 794 Tim.vt,
1490 706 1695 805 17-19).
1740 739 1846 794 Hoc

3380 422 3510 472 ιττω

1965 494 2090 552 istos
2117 501 2510 574 obstrepentes,
2546 514 2677 568 male
2705 518 3101 594 interrogantes,
3144 538 3348 592 veritati
3377 545 3508 596 nasi.

1959 594 2157 643 stentes
2183 599 2495 664 versamini,
2527 603 2832 676 obstringite
2872 629 2962 668 vos
2990 634 3090 671 non
3119 623 3196 676 eis
3231 628 3362 682 velle
3391 635 3472 700 pla
3494 669 3505 678 -

3270 677 3361 682 μη

1955 688 2105 741 cere,
2141 695 2205 733 ne
2249 677 2622 745 oliliviscat‘nini
2652 695 2977 769 Jerusalem;
3023 719 3075 761 ct
3099 711 3236 767 dicat
3267 734 3364 772 una
3392 727 3504 776 aui-

1954 784 2032 822 ma
2057 782 2254 839 vestra,
2279 777 2409 833 facta
2440 799 2539 837 una
2570 803 2631 840 ex
2658 793 2830 847 multis
2858 812 2982 864 pace
3007 777 3195 858 Christi
3219 850 3232 872 ,
3261 811 3398 866 dicat
3422 816 3501 883 ip-

1950 872 2002 910 sa
2034 867 2234 932 captiva
2257 868 2544 928 Jerusalem
2569 877 2651 931 hic
2677 895 2838 949 agens
2867 888 2914 940 in
2937 897 3070 944 terra
3102 913 3113 946 :
3142 897 3200 949 Si
3223 901 3402 954 oblitus
3428 907 3501 959 tui

1946 948 2086 1014 fuero
2105 994 2118 1017 ,
2149 954 2457 1024 Jerusalem,
2492 966 2804 1024 obliviscatur
2833 992 2908 1028 me
2931 979 3132 1034 dextera
3162 993 3292 1040 mea.‘
3321 991 3496 1046 Velie-

1944 1052 2144 1097 menter
2188 1061 2246 1102 se
2276 1055 2620 1122 constrinxit,
2654 1060 2838 1117 fratres
2883 1072 2981 1123 mei
3017 1089 3029 1124 :
3066 1073 3397 1136 Oblit'iscatur
3417 1104 3494 1139 me

1941 1130 2138 1186 dextera
2160 1154 2298 1203 mea;
2318 1147 2568 1199 atrociter
2594 1164 2650 1204 se
2681 1153 2940 1223 obligavit.
2973 1160 3194 1219 Dextera
3211 1180 3385 1226 nostra
3411 1188 3490 1230 est

1937 1219 2038 1272 vita
2055 1233 2269 1291 aeterna,
2303 1232 2512 1287 sinistra
2542 1250 2717 1294 nostra
2745 1253 2825 1297 est
2846 1248 2948 1301 vita
2981 1259 3300 1322 temporalis.
3322 1265 3477 1329 Quid-

1841 1358 1848 1365 ,
1930 1313 2054 1378 quid
2084 1315 2209 1371 facis
2236 1334 2447 1392 propter
2475 1328 2628 1382 vitam
2658 1342 2903 1390 :ctcrnam
2922 1381 2934 1402 ,
2965 1341 3178 1400 dextera
3217 1365 3481 1420 Operatnr.

2925 1399 2930 1402 _
3101 1399 3107 1400 ,
3173 1399 3177 1400 ν
3223 1399 3481 1420 ﬁmum.

1933 1399 1987 1453 Si
2035 1403 2272 1462 cliaritati
2300 1407 2655 1474 vitea-ternm
2701 1424 2750 1477 in
2800 1429 3044 1496 operibus
3073 1438 3169 1490 tuis
3213 1442 3485 1515 miscueris

1929 1496 2406 1562 concupiscentiam
2451 1505 2569 1560 vita:
2611 1517 2945 1582 temporalis,
2977 1531 3065 1575 aut
3100 1526 3268 1583 laudis
3299 1531 3481 1588 lumna-

1926 1596 2043 1647 nar,
2089 1598 2178 1640 aut
2224 1591 2443 1661 alicujus
2490 1603 2755 1657 commodi
2794 1611 3060 1667 saecularis
3090 1631 3103 1679 ;
3133 1624 3375 1687 cognovit
3405 1629 3478 1679 si-

1924 1668 2086 1726 nistra
2118 1684 2200 1729 tua
2228 1680 2350 1748 quid
2398 1682 2552 1742 faciat
2578 1689 2788 1745 dextera
2820 1705 2924 1749 tua.
2962 1699 3024 1753 Et
3064 1708 3229 1758 nostis
3275 1725 3393 1766 esse
3424 1717 3473 1769 in

1922 1772 2184 1832 prtrceplo
2232 1768 2529 1841 Evangelii,
2561 1775 2771 1834 Nesciet
2804 1785 3004 1842 sinistra
3047 1801 3131 1845 tua
3170 1797 3290 1864 quid
3321 1805 3472 1871 faciat

1919 1851 2120 1906 dextera
2145 1865 2230 1910 tua
2257 1860 2466 1928 (Matth.
2501 1883 2547 1920 vl
2573 1909 2586 1933 ,
2616 1871 2689 1940 5).
2717 1873 2779 1927 Si
2798 1875 2974 1932 oblitus
3000 1896 3143 1951 ergo,
3174 1851 3339 1956 inquii
3361 1934 3374 1956 ,
3399 1897 3469 1947 tui

1917 1939 2084 2007 fuero,
2113 1945 2390 2004 Jerusalem
2416 1994 2430 2016 ,
2455 1956 2769 2014 obliviscatur
2789 1982 2864 2018 me
2882 1968 3085 2024 dextera
3107 1991 3234 2028 mea.
3261 1980 3326 2032 Et
3349 1999 3467 2036 vere

1915 2033 1993 2084 sic
2045 2038 2344 2109 contingit:
2389 2050 2787 2118 pra-nuntiavit,
2840 2072 2941 2110 non
2993 2065 3208 2129 optavit,
3253 2068 3466 2126 Talibus

1909 2123 1999 2190 qui
2051 2127 2430 2188 obliviscuntur
2475 2136 2797 2209 Jerusalem,
2851 2146 2950 2202 hoc
3003 2155 3259 2226 Contingit
3324 2165 3462 2230 quod

3183 2211 3211 2226 υ
3330 2211 3462 2230 ι-τυ

1911 2211 2082 2278 dixit;
2126 2217 2450 2278 obliviscitur
2496 2226 2612 2282 illos
2655 2231 2876 2289 dextera
2923 2253 3105 2296 eorum
3138 2262 3150 2295 :
3183 2246 3284 2301 vita
3325 2254 3462 2306 enim

1861 2333 1864 2336 ι
1908 2311 2103 2358 aeterna
2153 2321 2327 2366 manet
2365 2313 2414 2366 iu
2458 2331 2553 2381 se;
2600 2320 2671 2374 illi
2713 2338 2987 2383 remanent
3026 2332 3076 2386 in
3117 2335 3464 2399 delectatione

1909 2401 2257 2467 temporali,et
2282 2404 2472 2463 faciunt
2496 2412 2592 2466 sibi
2622 2413 2863 2473 dextrum
2895 2425 3030 2491 quod
3067 2427 3335 2487 sinistrmn
3358 2447 3455 2490 est.

1975 2487 2059 2542 16.
2091 2490 2346 2551 lntendite
2366 2499 2431 2553 ad
2452 2501 2548 2557 ista
2569 2545 2583 2569 ,
2607 2505 2794 2564 fratres
2817 2528 2830 2576 ;
2855 2527 3068 2585 pr0pter
3086 2521 3352 2580 dexteram
3377 2530 3425 2583 in
3440 2561 3457 2572 -

1870 2573 2103 2633 'sinucm
2126 2581 2226 2639 hoc
2251 2587 2398 2643 vobis
2417 2632 2430 2658 ,
2461 2606 2710 2661 quantum
2736 2599 2986 2661 Dominus
3010 2608 3188 2679 donat,
3219 2616 3284 2670 ad
3310 2621 3452 2673 salu--

1873 2667 2004 2720 'tem
2030 2672 2282 2742 munium.
2309 2678 2618 2740 Meministis
2647 2687 2873 2748 fortasse
2900 2697 2984 2751 hic
3017 2701 3033 2731 ί
3060 2718 3145 2757 me
3170 2706 3452 2777 aliquando

1897 2764 2151 2816 tractasse
2172 2764 2236 2818 de
2267 2769 2576 2837 quibusdam
2600 2817 2614 2842 ,
2644 2779 2729 2847 qui
2760 2785 2898 2850 quod
2943 2789 3209 2848 sinistrum
3242 2764 3351 2866 est,
3383 2804 3454 2853 ra-

1889 2846 2326 2920 ciuntdextrum;
2352 2859 2402 2913 id
2423 2873 2536 2928 est,
2567 2846 2990 2940 quiitemporalia
3032 2880 3166 2937 bona
3198 2887 3315 2954 plus
3337 2846 3446 2944 ,ha-

1891 2935 2054 3004 bent,
2092 2951 2144 2997 et
2195 2944 2246 2998 in
2292 2948 2403 3004 istis
2440 2935 2816 3017 beatitudinem
2863 2980 3101 3038 ponunt,
3148 2935 3448 3046 ignorantes

1854 3089 1867 3098 ἢ
1890 3041 2008 3094 qua:
2027 3029 2090 3084 sit
2124 3049 2244 3088 vera
2274 3035 2494 3096 felicitas
2512 3084 2525 3108 ,
2549 3059 2671 3102 vera
2692 3029 2904 3108 dextera
2927 3058 3024 3129 (α).
3053 3029 3444 3140 llosScriptura

1891 3115 2023 3140 m,”
2337 3129 2370 3140 ..
2409 3132 2420 3140 .

2932 3115 2943 3127 ι
2982 3115 2995 3129 1
3181 3115 3442 3140 “"l""'“

1788 3125 1799 3152 ν
1844 3159 1847 3162 .
1891 3115 2026 3173 filios
2069 3123 2270 3180 alienos
2319 3129 2484 3198 dicit,
2515 3145 2759 3206 tanquam
2811 3146 2952 3202 cives
2981 3166 3084 3206 non
3113 3153 3442 3227 Jerusalem,

1788 3194 1791 3204 .
1887 3207 1978 3227 μ,
2027 3209 2113 3227 η,
2171 3214 2182 3227 .
2262 3217 2273 3227 .

1886 3207 1980 3261 sed
2025 3209 2322 3284 Babylonia:
2352 3237 2366 3272 :
2391 3220 2517 3277 dicit
2559 3228 2699 3284 enim
2750 3236 2974 3302 quodam
3012 3207 3441 3317 loco

2767 3295 2780 3302 -
3076 3295 3121 3298 --
3175 3295 3405 3316 r--........
3427 3297 3438 3317 ,

1889 3295 2098 3354 Domine
2119 3344 2134 3368 ,
2157 3304 2311 3360 libera
2338 3325 2418 3363 me
2439 3313 2502 3366 de
2519 3331 2670 3370 manu
2699 3322 2918 3388 ﬁliorum
2962 3331 3237 3390 alienorum
3259 3381 3275 3406 ,
3314 3358 3438 3412 quo.

1889 3401 1993 3412 n..-.-
2021 3405 2068 3412 ,Α
2102 3392 2230 3412 1-x...
2402 3410 2410 3412 ξ
2542 3407 2553 3412 -

3261 3392 3275 3406 ,
3319 3392 3404 3412 7,-.-

1882 3401 1994 3441 rum
2014 3405 2068 3443 os
2097 3392 2316 3448 locutum
2341 3410 2412 3453 est
2439 3407 2735 3474 vanitatem,
2757 3422 2804 3466 et
2824 3415 3028 3474 dextera
3047 3440 3214 3480 eorum
3237 3429 3439 3488 dea-tera

1881 3477 2174 3546 iniquitatis.
2204 3485 2452 3557 Sequitur
2477 3496 2616 3551 enim
2642 3542 2656 3564 ,
2687 3509 2740 3554 et
2763 3503 2890 3559 dicit
2923 3526 2937 3561 :
2973 3511 3195 3577 Quorum
3221 3520 3319 3587 [itii
3351 3541 3434 3576 eo-

1878 3583 1992 3620 rum
2015 3571 2141 3624 sicut
2167 3578 2373 3632 novella:
2394 3587 2757 3656 constabilitte;
2787 3594 2908 3658 ﬁlia:
2930 3615 3102 3655 eorum
3124 3619 3316 3663 ornatre
3340 3614 3437 3665 sie-

1874 3664 1931 3708 ut
1952 3658 2227 3717 similitudo
2255 3669 2427 3737 templi
2450 3686 2472 3734 ;
2505 3677 2710 3731 cellaria
2754 3697 2922 3737 eorum
2950 3691 3128 3757 plena,
3161 3705 3435 3755 eructantia

1874 3761 1937 3798 ea:
1961 3751 2056 3802 hoc
2083 3750 2136 3804 in
2170 3753 2300 3818 bac;
2326 3773 2438 3813 oves
2478 3779 2646 3818 eorum
2675 3771 2907 3839 fecunda:
2930 3818 2943 3840 ,
2971 3782 3357 3850 multiplicantes
3382 3796 3432 3846 in

1872 3836 2086 3892 exitibus
2111 3842 2215 3895 suis
2235 3859 2256 3906 ;
2281 3845 2421 3900 boves
2440 3866 2610 3906 eorum
2629 3872 2813 3913 crassi:
2835 3877 2856 3915 :
2881 3881 2979 3918 non
3007 3880 3078 3922 est
3103 3875 3248 3928 ruina
3277 3884 3427 3948 scpis.

1872 3939 1962 3948 μμ
1997 3928 2144 3948 ,μμ
2221 3933 2233 3945 .
2348 3937 2361 3948 .
2403 3947 2409 3948 ,
2446 3939 2458 3948 .

3281 3928 3427 3948 ηπ,

1872 3939 1962 3978 nec
1989 3928 2180 3983 clamor
2215 3933 2268 3987 in
2305 3937 2483 4004 plateis
2510 3957 2696 3998 eorum.
2728 3949 2987 4023 Numquid
3033 3960 3227 4019 habere
3277 3969 3441 4049 istam‘
3474 4039 3484 4049 _

2249 4027 2348 4049 ..ΛΑ
2379 4039 2448 4049 --ι
2475 4048 2496 4049 7,
2522 4048 2528 4049 κ
2711 4039 2733 4049 Α
2760 4041 2806 4049 --

1871 4013 2207 4090 felicitatem,
2249 4027 2349 4082 hoc
2371 4039 2453 4084 est
2475 4039 2734 4101 peccare?
2757 4041 2870 4097 Non
2895 4063 2908 4111 ;
2948 4051 3039 4105 scd
3082 4054 3256 4113 facere
3283 4061 3425 4118 illam

1859 4107 2169 4179 .dexteram,
2200 4131 2317 4172 cum
2343 4121 2414 4176 sit
2444 4125 2676 4183 sinistra.
2705 4133 2986 4206 Propterea
3017 4157 3258 4217 secutus,
3301 4158 3424 4223 quid

1868 4199 1934 4223 ..ει
1955 4202 1977 4223 0
2011 4201 2128 4223 D-~-
2262 4211 2292 4223 “
2644 4221 2650 4223 ’

2809 4199 2825 4206 _
3150 4199 3258 4217 -.._,

1867 4199 1977 4254 ait?
2003 4201 2212 4260 Beatum
2240 4211 2471 4268 dixerunt
2497 4221 2737 4288 populum
2766 4230 2848 4281 cui
2875 4231 2981 4286 Iure
3003 4248 3137 4291 sunt.
3169 4239 3302 4296 Ecce
3329 4263 3423 4300 un-

1865 4290 1932 4344 de
1975 4293 2203 4351 locutum
2248 4313 2328 4355 est
2362 4319 2421 4358 os
2462 4322 2643 4364 eorum
2686 4318 2966 4376 vanitatem
2991 4367 3004 4388 ,
3042 4331 3161 4395 quia
3212 4334 3418 4391 beatum

1862 4382 2107 4442 dixerunt
2135 4395 2382 4461 pepulum
2405 4400 2489 4454 cui
2519 4401 2630 4458 haec
2661 4418 2802 4463 sunt.
2831 4412 2908 4467 Tu
2948 4419 3158 4484 quidem
3190 4426 3318 4480 civis
3363 4449 3421 4482 es

1856 4475 2150 4536 Jerusalem
2182 4485 2232 4545 ³,
2259 4489 2344 4554 qui
2372 4507 2474 4544 non
2502 4495 2826 4557 Oblivisceris
2852 4505 3171 4578 Jerusalem,
3201 4531 3266 4570 ne
3291 4520 3419 4573 obli-

1860 4568 2094 4622 viscatur
2115 4581 2163 4626 te
2185 4574 2396 4632 dextera
2426 4589 2508 4633 tua
2534 4601 2548 4643 ;
2579 4599 2706 4641 ecce
2733 4590 2802 4643 illi
2834 4597 2920 4661 qui
2949 4597 3106 4654 locuti
3132 4617 3250 4658 sunt
3275 4613 3417 4663 vani-

1859 4665 2044 4725 tatem,
2081 4661 2290 4719 beatum
2320 4668 2566 4726 dixerunt
2592 4681 2838 4746 populum
2869 4686 2950 4737 cui
2994 4687 3107 4743 haec
3135 4707 3257 4748 sunt
3291 4715 3305 4750 :
3333 4700 3417 4754 dic

1849 4748 1984 4819 mihi
2011 4761 2062 4803 tu
2089 4756 2348 4811 canticum
2376 4761 2522 4815 Sion.
2557 4764 2768 4832 Beatus,
2803 4771 3004 4841 inquit,
3034 4783 3250 4850 populus
3270 4791 3405 4850 enim

2758 4827 2766 4832 .
2874 4827 2888 4841 ,
2956 4827 3004 4840 κν
3034 4827 3249 4850 ννιν---ησ
3270 4827 3405 4850 unus

1844 4827 2102 4902 fDominus
2130 4844 2265 4901 Deus
2297 4851 2454 4919 ipsius
2494 4853 2660 4924 (Psal.
2694 4874 2883 4925 cum,
2929 4867 3137 4941 11-15).
3178 4875 3409 4932 1ιιῑργνοσ

2318 4915 2326 4919 ν
2500 4915 2509 4924 1
2873 4915 2882 4925 1
2934 4915 2984 4920 --
3035 4915 3137 4941 -ιιΙυ
3178 4915 3405 4932 ιιιιιιιιιι’

1845 4915 1971 4996 gate
1995 4935 2153 4988 corda
2182 4949 2354 4993 vestra
2377 4984 2391 5005 ,
2424 4942 2647 5009 fratres.
2687 4949 2730 5001 si
2762 4951 3074 5013 desideratis
3101 4962 3367 5022 bon'a‘ﬁei
3387 5011 3405 5038 ,

1855 5021 1894 5038 με
1940 5015 1956 5038 ἱ
1999 5025 2033 5038 .-
2057 5023 2069 5038 I
2176 5028 2204 5038 ,ι
2322 5031 2332 5038 .
2375 5033 2385 5038 -
2589 5036 2636 5038 .,_

3119 5015 3122 5016 '
3173 5015 3232 5020 "“
3280 5015 3405 5038 """

1851 5021 1896 5071 si
1925 5015 2236 5079 desideratis
2286 5031 2552 5085 civitatem
2585 5036 2724 5090 illam
2765 5040 3054 5100 Jerusalem
3076 5093 3090 5113 ,
3122 5055 3165 5104 si
3205 5059 3429 5110 conciti"

1851 5110 2048 5176 piscitis
2077 5117 2235 5168 vitam
2266 5128 2536 5174 :cteruam.
2579 5126 2760 5181 Omnis
2796 5132 2895 5186 ista
2946 5145 3150 5192 terrena
3183 5143 3401 5200 felicitas

1849 5198 2058 5254 sinistra
2085 5205 2233 5257 vobis
2253 5208 2321 5259 sit
2344 5225 2357 5270 ;
2391 5209 2474 5262 iila
2503 5213 2570 5266 sit
2595 5216 2811 5272 dextera
2839 5239 2991 5290 quam
3016 5243 3224 5297 semper
3246 5234 3400 5287 halm-

1848 5288 1967 5345 bitis
1999 5311 2010 5345 :
2040 5305 2093 5346 et
2139 5297 2180 5348 si
2210 5297 2494 5355 habueritis
2539 5307 2801 5364 sinistram
2825 5354 2838 5373 ,
2885 5317 3046 5372 nolite
3082 5321 3147 5373 de
3189 5325 3398 5383 sinistra

1846 5396 2182 5448 praesumere.
2206 5388 2389 5445 Nonne
2435 5397 2657 5466 corripis
2691 5417 2809 5455 eum
2845 5407 2930 5472 qui
2961 5409 3025 5458 de
3055 5411 3262 5467 sinistra
3304 5433 3395 5467 vo-

1846 5472 1997 5525 luerit
2030 5478 2384 5534 manducare?
2409 5483 2461 5537 Si
2494 5501 2692 5542 mensa:
2717 5501 2820 5544 tuze
2845 5494 3260 5568 injuriampntas
3287 5507 3398 5564 licri

1906 5583 1924 5650 ξ
1950 5591 2046 5630 Am.
2077 5593 2125 5633 et
2146 5595 2334 5647 septem
2352 5599 2478 5650 Mss,
2497 5593 2622 5644 hinc.

1905 5643 1925 5672 ³
1947 5652 2026 5752 5εῇ
2043 5643 2216 5707 negius
2235 5653 2406 5701 codex.
2434 5643 2517 5702 Alii
2539 5643 2654 5705 vero
2686 5667 2787 5708 Mss.
2814 5674 2923 5711 cum
2957 5665 3086 5727 Edd,
3109 5674 3190 5736 qui
3207 5674 3398 5743 docebis

1905 5717 2008 5751 rasa
2027 5719 2117 5752 rm.

1837 5707 2117 5754 Jerusalem.

1902 5766 1973 5824 (o)
2001 5773 2044 5813 In
2070 5769 2233 5819 Psalm.
2257 5786 2369 5833 cxx,
2394 5789 2442 5824 η.
2468 5775 2515 5824 8.

2475 5861 2558 5940 (Ὀ
2569 5868 3062 5949 τηιμιίιητε-υεὶω.)
