3984 6200
534 289 662 346 1⁸771

531 412 878 466 manducante
900 410 1122 467 conviva
1143 408 1210 463 de
1234 409 1477 476 sinistra;
1499 406 1766 478 quomodo
1797 422 1898 460 non
1926 407 1982 460 lit
2016 408 2094 460 in.

531 504 661 574 juria
676 516 869 556 mensae
888 500 998 566 Dei,
1016 501 1060 554 si
1078 500 1216 572 quod
1235 499 1474 554 dextrum
1491 509 1590 563 est,
1606 499 1872 553 sinistrum
1888 498 2093 563 feceris,

528 604 576 648 et
599 592 737 662 quod
754 591 1022 646 sinistrum
1041 602 1122 646 est
1138 633 1152 654 ,
1176 591 1419 645 dextrum
1449 589 1669 644 feceris?
1689 589 1820 658 Quid
1844 590 2009 659 ergo?
2037 590 2096 644 Si

527 682 706 739 oblitus
731 685 802 736 tui
818 689 980 755 fuero,
993 683 1292 748 Jerusalem,
1325 684 1637 737 obliviscatur
1657 699 1733 736 me
1751 684 1950 737 dextera
1967 699 2094 736 mea.

599 777 685 830 l7.
731 774 859 847 [vers
879 774 956 849 6.]
996 776 1262 830 Att/mereat
1299 776 1474 845 lingua
1517 791 1626 830 mea
1661 775 1888 847 faucibus
1932 776 2053 829 meis
2076 817 2093 842 ,

528 869 626 921 nisi
650 869 723 922 tui
745 869 1034 922 meminero.
1081 869 1136 923 ld
1187 877 1268 922 est
1287 909 1301 931 ,
1332 868 1691 923 obmutescam
1719 911 1732 932 ,
1764 869 1929 938 ittqttit
1948 909 1964 935 ,
1995 870 2092 924 nisi

527 959 603 1014 tui
633 960 945 1015 meminero.
998 958 1188 1028 thuid
1218 959 1358 1013 enim
1385 959 1643 1029 loquitur,
1691 959 1874 1026 utquid
1907 969 2090 1027 sonat,

528 1049 620 1120 qui
648 1050 851 1104 cantica
880 1048 1008 1105 Sion
1035 1066 1138 1104 non
1170 1051 1360 1104 sonat“!
1387 1049 1503 1118 Ipsa
1547 1059 1629 1104 est
1672 1049 1845 1119 lingua
1875 1059 2051 1104 nostra
2077 1091 2092 1115 ,

525 1141 789 1196 canticum
839 1140 1152 1195 Jerusalem.
1199 1138 1470 1194 Canticum
1520 1138 1822 1194 dilectionis
1851 1139 1868 1170 ⁸
1914 1139 2094 1194 sa-coli

529 1231 718 1298 hujus,
772 1231 946 1301 lingua
999 1231 1169 1289 aliena
1191 1271 1205 1294 ,
1237 1230 1412 1299 lingua
1439 1229 1660 1284 barbara
1683 1239 1801 1296 est,
1833 1245 1990 1300 quam
2043 1231 2092 1283 in

527 1323 834 1390 captivitate
864 1321 1164 1378 didicimus.
1196 1320 1336 1391 Ergo
1357 1329 1531 1374 mutus
1551 1321 1654 1374 erit
1683 1319 1790 1374 Deo
1809 1359 1825 1384 ,
1852 1320 1940 1391 qui
1964 1319 2094 1374 obli-

529 1423 614 1468 ttts
639 1412 796 1467 fuerit
820 1412 1132 1469 Jerusalem.
1170 1411 1236 1466 Et
1267 1427 1450 1480 parum
1481 1420 1561 1466 est
1589 1411 1926 1477 meminisse;
1960 1426 2079 1464 nam

526 1513 579 1568 et
609 1503 785 1559 hostes
812 1505 1165 1559 meminerunt
1188 1502 1306 1572 ejus
1335 1544 1351 1568 ,
1385 1501 1629 1557 volentes
1673 1517 1788 1555 eam
1833 1511 2091 1556 evertere.

525 1596 655 1663 Quae
696 1605 777 1650 est
825 1596 1013 1651 civitas
1048 1596 1178 1661 ista,
1219 1595 1440 1650 dicunt?
1485 1594 1574 1665 qui
1611 1602 1733 1649 sunt
1771 1592 2094 1648 Christiani?

525 1698 580 1743 et
597 1688 778 1759 quales
802 1698 925 1743 sunt
949 1687 1231 1743 Christiani
1253 1687 1275 1741 ?
1295 1685 1339 1742 Ο
1357 1687 1402 1742 si
1430 1700 1535 1740 non
1566 1693 1744 1741 essent
1772 1683 2088 1739 Christiani!

525 1779 665 1835 Vicit
684 1781 794 1850 jam
821 1781 1025 1852 captiva
1055 1779 1205 1834 turba
1245 1778 1598 1848 captivatores
1638 1790 1765 1830 suos
1788 1816 1804 1842 ,
1832 1784 1885 1829 et
1918 1786 2091 1829 tamen

525 1880 859 1926 tnurmnrant
884 1913 901 1937 ,
931 1881 983 1924 et
1027 1871 1283 1934 sa:viunt,
1324 1880 1376 1924 et
1406 1867 1592 1922 volunt
1629 1865 1926 1921 interficere
1955 1865 2092 1936 apud

525 1975 584 2016 se
607 1962 1030 2033 peregrinantem
1053 1969 1292 2014 sanctam
1322 1959 1588 2013 civitatem
1622 1956 1984 2011 :~sicutvoluit
2011 1956 2090 2025 ip.

524 2065 641 2107 sum
672 2052 921 2121 populum
964 2050 1261 2106 interficere
1287 2047 1529 2114 Pharao,
1570 2045 1779 2118 quando
1829 2045 2093 2100 masculos

524 2141 806 2198 occidebat
848 2150 1038 2208 natos,
1085 2148 1141 2196 et
1185 2138 1406 2194 feminas
1457 2137 1828 2208 relinquebat;
1875 2137 2092 2192 virtutes

524 2234 874 2304 prtefocabat,
905 2231 1366 2302 concupiscentiae
1417 2228 1702 2284 nutriebat.
1745 2228 1934 2283 Parum
1965 2243 2092 2299 ergo

523 2335 608 2383 est
633 2325 940 2381 meminisse
965 2342 978 2379 :
1008 2324 1131 2380 vide
1155 2321 1421 2394 quomodo
1466 2319 1790 2375 memineris.
1838 2318 2088 2388 Quasdam

522 2415 662 2472 enim
706 2431 824 2471 cum
873 2415 996 2472 odio
1022 2413 1394 2478 meminimus,
1435 2410 1673 2482 quaedam
1723 2424 1840 2464 cum
1886 2423 2086 2464 amore.

520 2507 650 2561 Cum
676 2521 801 2574 ergo
827 2504 1079 2566 dixisset,
1112 2502 1172 2557 Si
1222 2502 1402 2556 oblitus
1439 2501 1511 2553 tui
1538 2503 1679 2570 fuero
1703 2539 1718 2565 ,
1767 2498 2088 2567 Jerusalem,

521 2597 839 2649 obliviscatur
867 2611 944 2648 me
967 2594 1170 2648 dextera
1195 2608 1322 2645 utea.
1349 2591 1615 2644 Adha'reat
1641 2588 1814 2661 lingua
1843 2605 1952 2642 mea
1974 2593 2090 2661 fau-

519 2687 657 2740 cibus
680 2687 800 2740 nteis
824 2726 839 2747 ,
868 2684 966 2738 nisi
1004 2684 1076 2737 tui
1103 2683 1414 2751 meminero;
1437 2680 1638 2735 addidit
1660 2679 1837 2735 statim
1860 2722 1875 2744 ,
1906 2678 1968 2734 Si
1987 2696 2088 2734 non

518 2793 837 2846 pmposuero
874 2774 1158 2830 Jerusalem
1200 2774 1254 2828 in
1297 2771 1544 2842 principio
1573 2769 1912 2840 jucunditatis
1938 2785 2082 2824 metu.

519 2866 591 2919 lbi
623 2875 704 2920 est
731 2867 871 2920 enim
898 2879 1101 2920 summa
1123 2863 1424 2933 iucunditas
1447 2903 1461 2926 ,
1492 2861 1581 2916 ubi
1608 2860 1720 2924 Deo
1743 2860 2082 2931 pet-fruimur,

519 2959 603 3010 ubi
625 2957 692 3012 de
736 2957 1061 3011 fraternitate
1101 2954 1405 3010 cohterente
1446 2961 1500 3008 et
1524 2952 1688 3008 civica
1717 2951 1969 3007 societate
1998 2965 2085 3006 se-

515 3048 627 3102 curi
659 3064 860 3102 smnus.
907 3045 1098 3102 Nullus
1129 3046 1198 3101 ibi
1229 3053 1461 3102 tentatur
1488 3059 1586 3100 nos
1617 3043 1836 3098 violabit
1863 3084 1879 3112 ,
1907 3043 2085 3098 nullus

515 3139 594 3192 vel
621 3138 685 3192 ad
729 3138 956 3208 aliquam
999 3137 1306 3192 illecebram
1354 3135 1646 3204 percellere
1679 3134 1908 3204 poterit,
1951 3133 2083 3188 nihil

515 3232 585 3287 ibi
608 3231 890 3286 delectabit
913 3230 1010 3284 nisi
1034 3227 1252 3285 bonum.
1276 3227 1528 3283 Morietur
1555 3227 1624 3282 ibi
1651 3228 1822 3282 omnis
1853 3226 2083 3281 necessi-
2111 3254 2116 3259 -

514 3335 629 3390 tas,
670 3325 870 3378 orietur
913 3322 983 3377 ibi
1029 3337 1234 3376 summa
1271 3320 1514 3375 felicitas.
1551 3319 1736 3374 Sinon
1765 3335 2082 3390 praeposuere

509 3411 794 3466 Jerusalem
827 3413 878 3466 in
909 3412 1156 3483 principio
1175 3410 1515 3482 jucunditatis
1540 3425 1680 3463 meae.

584 3505 670 3560 18.
712 3503 861 3578 [rers.
885 3503 964 3577 7.]
990 3504 1054 3559 Et
1080 3503 1344 3558 convertit
1371 3514 1431 3558 se
1458 3501 1523 3556 ad
1554 3502 1837 3556 Dominum
1895 3511 2079 3556 contra

511 3594 692 3649 hostes
739 3596 902 3664 ipsius
957 3593 1224 3650 civitatis:
1259 3593 1526 3656 Memento,
1569 3591 1808 3660 Domine,
1859 3594 2079 3664 ﬁliorum

512 3685 694 3741 Edam.
753 3685 920 3740 Edotu
970 3685 1082 3756 ipse
1127 3684 1298 3740 dictus
1328 3693 1410 3741 est
1445 3684 1533 3755 qui
1562 3691 1617 3739 et
1655 3684 1828 3740 Esau:
1857 3685 2078 3742 audistis
2114 3749 2120 3754 ,

507 3778 649 3832 enim
703 3776 860 3832 modo
913 3791 1031 3830 cum
1085 3776 1371 3845 Apostolus
1393 3774 1677 3846 legeretur,
1694 3773 1853 3829 Iacob
1898 3775 2074 3845 dilexi,

508 3865 648 3920 Esau
676 3876 841 3921 autem
859 3867 975 3921 odio
992 3865 1172 3920 ltubui.
1201 3865 1315 3920 Duo
1337 3864 1433 3920 lilii
1469 3873 1622 3920 erant
1645 3865 1696 3920 in
1743 3881 1848 3920 uno
1892 3875 2073 3935 utero,

506 3959 664 4012 ambo
685 3957 914 4027 gemini,
939 3955 990 4010 in
1020 3965 1174 4011 utero
1210 3955 1486 4019 Rebecca,
1515 3955 1607 4009 lilii
1649 3954 1827 4022 Isaac,
1856 3947 2076 4027 nepotes

504 4050 733 4104 Abrahae
758 4067 771 4104 :
799 4049 906 4103 nati
932 4057 1058 4102 sunt
1073 4047 1261 4111 ambo;
1282 4061 1420 4102 unus
1439 4045 1505 4101 ad
1524 4047 1909 4113 hatreditatem,
1938 4047 2074 4103 alter

504 4140 570 4193 ad
599 4138 1100 4194 exbaaredationem.
1119 4136 1430 4192 Fuitautem
1459 4136 1626 4192 hostis
1656 4136 1832 4192 fratris
1857 4137 1938 4192 sui
1973 4138 2072 4199 iste

507 4231 665 4295 Esau,
694 4229 814 4298 quia
848 4229 1101 4298 prazvenit
1121 4227 1544 4282 benedictionem
1564 4226 1680 4297 ejus
1701 4226 1840 4283 illius
1859 4228 2068 4294 minor;

500 4331 550 4372 et
581 4320 850 4388 impletum
872 4325 973 4382 est,
999 4316 1168 4387 Major
1181 4317 1358 4372 serviet
1373 4317 1555 4371 minori
1573 4317 1750 4386 (Rom.
1775 4333 1849 4383 ιι,
1879 4317 2066 4384 Ιοοίὸς

501 4408 628 4463 Gen.
651 4423 779 4472 xxv,
801 4408 913 4478 23).
931 4407 1095 4476 Major
1123 4421 1251 4477 ergo
1274 4407 1393 4478 quis
1415 4416 1518 4469 est.
1547 4417 1602 4462 et
1629 4408 1802 4464 minor
1824 4408 1944 4479 quis
1963 4416 2066 4477 est,

509 4513 564 4558 et
587 4505 704 4573 quis
725 4512 806 4556 est
830 4501 1000 4571 major
1023 4499 1113 4570 qui
1143 4500 1340 4556 serviet
1365 4500 1589 4562 minori,
1611 4500 1772 4555 modo
1817 4499 2066 4570 intelligi.

501 4610 639 4648 tuus.
665 4593 830 4662 Major
857 4591 1137 4647 videbatur
1182 4590 1407 4661 populus
1441 4589 1778 4659 Judzeorum,
1808 4592 1980 4646 minor
2001 4608 2067 4648 ex

508 4695 744 4753 tempore
767 4684 989 4754 populus
1007 4681 1450 4738 Christianorum.
1481 4680 1545 4746 Et
1574 4680 1751 4735 videte
1799 4682 2066 4751 quomodo

500 4775 671 4846 major
695 4774 857 4828 servit
881 4773 1092 4828 minori.
1122 4771 1197 4826 Illi
1221 4780 1424 4842 portant
1451 4770 1671 4826 Codiees
1692 4781 1939 4836 nostros;
1967 4786 2064 4828 nos

499 4867 727 4922 vivimus
752 4866 818 4920 de
845 4864 1130 4922 Codicibus
1156 4866 1409 4935 ipsorum.
1443 4864 1548 4919 Sed
1576 4875 1632 4918 ut
1655 4865 1970 4935 generaliter
1994 4865 2062 4922 de

491 4958 742 5014 omnibus
767 4957 1067 5027 intelligatis
1084 4997 1101 5022 ,
1127 4955 1337 5022 fratres,
1362 4957 1616 5024 majorem
1663 4965 1717 5010 et
1758 4955 2017 5010 minorem
2041 4973 2056 5022 ;

493 5049 668 5118 major
695 5046 885 5103 dicitur
910 5047 1070 5102 homo
1094 5047 1320 5102 carnalis
1341 5088 1358 5112 ,
1385 5055 1439 5100 et
1464 5045 1638 5100 minor
1688 5045 1880 5099 dicitur
1899 5045 2059 5102 hmuo

492 5138 781 5209 spiritualis
805 5154 820 5202 ;
843 5138 965 5208 quia
989 5138 1134 5205 prius
1153 5146 1236 5192 est
1265 5136 1492 5191 carnalis
1510 5177 1523 5199 ,
1557 5147 1613 5191 et
1637 5145 1814 5205 postea
1844 5137 2058 5205 spiritu-

491 5229 610 5284 aiis.
642 5229 815 5284 [labes
836 5227 1145 5298 Apostolutn
1160 5235 1341 5298 aperte
1359 5227 1649 5280 dicentem:
1677 5225 1884 5280 Primus
1907 5227 2056 5280 homo

489 5323 556 5376 de
579 5331 739 5386 terra,
769 5332 1029 5383 terrenus;
1057 5319 1304 5373 secundus
1351 5319 1501 5372 homo
1547 5319 1609 5371 de
1650 5319 1793 5384 rwlo,
1821 5319 2052 5373 cwlestis.

491 5412 667 5478 Qualis
717 5421 972 5476 terrenus,
1022 5413 1145 5464 tales
1197 5420 1243 5467 et
1272 5411 1484 5474 terreni;
1505 5419 1550 5464 et
1591 5411 1756 5481 qualis
1805 5409 2014 5463 caelestis
2033 5450 2050 5474 ,

490 5505 612 5557 tales
638 5512 686 5557 et
725 5504 962 5557 caelestes.
1001 5499 1144 5556 Sicut
1192 5500 1496 5571 portavimus
1546 5499 1810 5569 imaginem
1845 5499 2048 5563 terreni,

489 5605 733 5666 portemus
765 5605 813 5649 et
847 5596 1116 5665 imaginem
1140 5608 1248 5663 ejus
1271 5590 1358 5663 qui
1402 5589 1464 5645 de
1496 5589 1620 5645 calo
1646 5600 1737 5646 est.
1767 5589 1841 5646 lbi
1872 5600 2047 5646 autem

548 5727 565 5758 ⁸
590 5725 664 5776 Sic
685 5723 846 5788 plures
869 5731 975 5775 Mss.
997 5731 1046 5773 Αι
1227 5719 1566 5776 delectatimus.

1749 293 1805 350 S.
1847 291 2203 348 AUCUSTlXI
2249 293 2542 347 ΕΡΙὸιῖοΗ

3629 297 3652 350 1
3662 293 3765 352 Πῗ

2208 422 2363 475 supra
2403 408 2636 461 dixerat:
2670 408 2774 464 Sed
2811 426 2907 463 non
2938 410 3077 479 prius
3116 410 3251 480 quod
3265 408 3523 479 spirituale
3560 420 3655 476 est,
3677 413 3765 463 sed

2200 500 2334 567 quod
2369 500 2624 561 animule;
2655 511 2840 567 postea,
2890 501 3152 570 spirituale
3205 501 3246 570 (Ι
3271 500 3386 554 Cor.
3431 515 3519 564 xv,
3549 501 3759 564 46-59).

2201 591 2493 644 Animalem
2547 602 2720 644 autem
2767 592 3010 644 euoulem
3070 591 3226 656 dicit,
3271 607 3426 661 quem
3496 593 3764 646 carnalem

2200 680 2446 733 ostendit.
2478 681 2646 734 Homo
2696 682 2783 751 qtti
2843 683 3091 746 nascitur,
3121 684 3362 737 animalis
3401 698 3518 737 esse
3548 685 3730 751 incipit

2200 770 2430 825 carnalis
2459 786 2575 826 esse
2594 773 2794 841 incipit.
2826 772 2881 827 Si
2901 787 2957 826 se
2980 783 3248 828 convertat
3278 789 3306 827 a
3337 775 3635 843 captivitate
3659 775 3760 828 Ba-

2199 861 2425 932 byloniae
2437 864 2487 917 in
2514 865 2734 919 reditum
2749 864 3062 932 Jerusalem,
3080 876 3383 930 renovatur,
3398 875 3451 922 et
3468 868 3525 920 lit
3541 885 3761 921 renova-

2203 954 2274 1008 tio
2289 955 2526 1022 qttmdam
2563 956 2851 1010 secundum
2879 973 3068 1011 novum
3085 969 3135 1011 et
3153 959 3454 1014 interiorem
3472 958 3761 1020 hominem;

2205 1053 2255 1097 et
2312 1043 2369 1098 lit
2399 1045 2569 1099 minor
2613 1055 2879 1115 tempore,
2917 1046 3086 1116 major
3125 1057 3402 1117 potestate.
3441 1049 3581 1118 Ergo
3627 1051 3760 1105 Esau

2200 1149 2384 1189 omnes
2414 1137 2652 1191 carnales
2672 1177 2687 1203 ,
2716 1138 2879 1192 Jaeob
2915 1151 3088 1193 autem
3115 1143 3301 1194 omnes
3327 1141 3582 1210 significat
3605 1143 3762 1213 spiri-

2201 1226 2402 1282 tuales:
2432 1228 2662 1284 minores
2707 1229 2892 1295 electi,
2919 1231 3146 1300 majores
3205 1232 3277 1285 illi
3324 1233 3608 1301 reprobati.
3643 1234 3764 1289 Vult

2197 1326 2250 1372 et
2279 1319 2390 1387 ipse
2418 1319 2576 1388 eligi?
2601 1319 2716 1374 Fiat
2744 1321 2933 1376 minor.
2965 1321 3130 1376 Edom
3160 1331 3336 1376 autem
3363 1325 3655 1393 appellatus
3683 1336 3764 1381 est

2204 1409 2270 1465 de
2296 1411 2415 1465 cibo
2442 1411 2668 1482 quodam
2699 1413 2958 1468 lenticula:
2978 1415 3160 1480 rubro,
3184 1414 3234 1468 id
3255 1424 3336 1469 est
3355 1431 3509 1470 roseo
3532 1416 3760 1485 quodam

2195 1499 2335 1555 cibo.
2353 1500 2495 1556 Bene
2512 1512 2658 1557 cocta
2676 1504 3041 1558 eratlentieula
3065 1503 3338 1571 defricata;
3353 1505 3647 1576 concupivit
3663 1507 3764 1563 iste

2197 1592 2335 1648 Esau
2355 1608 2384 1647 a
2409 1593 2569 1648 fratre
2589 1609 2685 1649 suo
2710 1594 2891 1660 Jacob,
2913 1604 2965 1649 et
2987 1596 3148 1650 cessit
3177 1596 3249 1649 illi
3279 1597 3559 1664 primatum
3581 1612 3760 1662 suum,

2196 1685 2366 1740 vietus
2381 1686 2803 1756 concupiscentia
2820 1686 3194 1740 mauducaudm
3214 1687 3352 1742 illius
3374 1687 3655 1742 lenticulas.
3671 1689 3766 1743 llle

2194 1786 2367 1830 autem
2393 1778 2552 1832 cessit
2580 1778 2751 1833 cibum
2783 1779 3087 1848 voluptatis,
3102 1787 3154 1832 et
3171 1780 3388 1845 sumpsit
3409 1779 3666 1834 honorem
3684 1781 3764 1835 di-

2195 1869 2428 1937 gnitatis.
2458 1868 2530 1923 lta
2561 1884 2625 1924 ex
2652 1869 2844 1940 placito
2857 1869 3084 1937 quodam
3110 1871 3245 1924 inter
3265 1885 3359 1924 eos
3381 1870 3575 1926 factum
3603 1883 3684 1925 est
3709 1884 3766 1927 ιιι

2197 1958 2284 2014 ille
2312 1959 2500 2028 major,
2532 1959 2618 2014 ille
2658 1960 2829 2014 minor
2849 1960 2936 2024 sit,
2962 1968 3019 2014 ιιι
3061 1960 3230 2029 major
3267 1961 3488 2016 serviret
3532 1962 3764 2025 minori;

2195 2059 2248 2104 et
2289 2051 2580 2120 appellatus
2611 2059 2695 2106 est
2731 2051 2896 2106 Edam
2927 2050 3076 2120 (Gen.
3115 2067 3236 2116 xxv,
3260 2051 3434 2106 29-ὂέ
3455 2070 3468 2114 ;
3492 2062 3548 2106 et
3577 2069 3727 2108 xm:
3747 2094 3762 2114 .

2194 2141 2288 2205 56,
2319 2140 2430 2211 57).
2479 2141 2856 2210 Interpretatur
2905 2152 3103 2198 autem.
3152 2151 3403 2211 quantum
3448 2142 3629 2196 dicunt
3674 2145 3768 2214 qui

2196 2231 2336 2284 illam
2383 2231 2608 2301 linguam
2657 2241 2952 2296 noverunt,
3006 2230 3208 2294 Ειιυηι,
3261 2231 3665 2300 Sanguisznam
3711 2243 3769 2287 et

2194 2319 2388 2374 Punice
2411 2317 2598 2382 Edom,
2618 2322 2830 2390 sanguis
2846 2320 3056 2375 dicitur.
3073 2320 3186 2374 Noli
3215 2322 3438 2374 mirari‘:
3459 2321 3521 2374 ad
3545 2324 3768 2392 sangui-

2194 2408 2314 2465 n'em
2335 2411 2601 2480 pertinent
2619 2426 2804 2467 omnes
2830 2412 3086 2466 carnales.
3105 2410 3235 2465 Caro
3261 2421 3308 2464 et
3333 2414 3539 2482 sanguis
3555 2431 3767 2484 regnum

2193 2500 2288 2555 Dei
2327 2517 2427 2556 non
2462 2501 2780 2571 possidebunt
2801 2501 2842 2575 (I
2867 2501 3199 2566 ϐωτινῶολ
3227 2501 3340 2556 Non
3372 2503 3495 2557 illuc
3538 2507 3766 2574 pertinet

2198 2592 2407 2660 Edom;
2437 2593 2666 2662 pertinet
2699 2593 2823 2649 illuc
2850 2592 3016 2648 Jacob
3036 2634 3052 2658 ,
3074 2593 3162 2663 qui
3187 2596 3354 2648 caruit
3373 2593 3496 2648 cibo
3528 2595 3765 2660 carnali,

2190 2691 2244 2738 et
2261 2684 2487 2754 sumpsit
2520 2683 2778 2738 honorem
2808 2683 3154 2753 spiritualem.
3184 2683 3276 2738 Ille
3305 2699 3434 2739 vero
3467 2683 3640 2740 factus
3682 2696 3766 2742 est

2189 2775 2453 2830 inimicus.
2481 2774 2677 2831 Omnes
2693 2776 2937 2830 carnales
2960 2775 3321 2845 spiritualibus
3364 2775 3562 2831 inimici
3606 2788 3762 2831 sunt:

2188 2881 2375 2922 omnes
2401 2866 2531 2922 tales
2573 2867 3010 2937 concupiscentes
3057 2867 3372 2937 przesentia,
3417 2867 3766 2937 insequuntur

2187 2973 2281 3014 eos
2299 2972 2432 3030 quos
2452 2958 2628 3014 vident
2652 2957 2891 3012 meditari
2915 2967 3132 3012 aeterna.
3161 2957 3358 3013 Contra
3400 2959 3497 3014 bos
3526 2961 3630 3014 iste
3675 2976 3768 3016 re-

2187 3049 2418 3121 spiciens
2449 3049 2498 3102 in
2528 3049 2818 3104 Jerusalem
2837 3088 2853 3114 ,
2905 3057 2958 3104 et
2983 3063 3174 3119 rogans
3207 3049 3369 3103 Deum
3397 3059 3455 3102 ut
3490 3060 3711 3104 eruatur
3735 3067 3767 3104 ι

2186 3139 2518 3209 captivitate,
2565 3138 2692 3209 quid
2727 3139 2888 3193 dicit?
2918 3138 3170 3192 Memento
3190 3180 3206 3206 ,
3238 3137 3488 3206 Domine,
3540 3140 3767 3208 ﬁliorum

2187 3227 2371 3283 Edam.
2403 3228 2592 3283 Libera
2623 3243 2719 3283 nos
2743 3242 2772 3281 a
2813 3228 3142 3294 carnalibus,
3172 3227 3239 3282 ab
3267 3229 3344 3283 eis
3374 3229 3461 3298 qui
3491 3229 3767 3284 imitantur

2185 3317 2332 3372 illum
2354 3317 2557 3382 Edom,
2602 3319 2691 3389 qui
2731 3317 2918 3373 fratres
2967 3319 3196 3387 majores
3244 3328 3409 3382 sunt,
3440 3319 3537 3373 sed
3581 3319 3767 3374 hostes

2185 3419 2328 3465 sunt.
2359 3409 2509 3464 Prius
2529 3409 2634 3463 nati
2661 3418 2816 3474 sunt;
2849 3409 2956 3464 sed
2983 3410 3242 3479 posterius
3284 3410 3393 3464 nati
3428 3409 3668 3464 vicerunt
3693 3410 3760 3464 ad

2185 3501 2464 3571 primatum
2491 3501 2648 3572 :quia
2684 3502 3114 3572 concupiscentia
3155 3503 3331 3558 carnis
3376 3503 3498 3558 illos
3520 3503 3758 3573 deiecit;

2183 3601 2482 3660 contempta
2530 3593 2953 3662 concupiscentia
3019 3592 3149 3648 istos
3194 3594 3381 3648 erexit.
3411 3593 3610 3648 Vivuut
3631 3597 3676 3661 ',
3704 3603 3760 3649 et

2184 3683 2450 3746 invident.
2485 3693 2538 3739 et
2571 3693 2977 3754 persequuntur.

2169 3793 2172 3796 ‘
2255 3777 2342 3832 19.
2388 3775 2658 3842 Memento,
2711 3775 2949 3842 Domine,
3005 3777 3227 3845 ﬁliorum
3269 3775 3470 3844 Edam,
3528 3778 3586 3831 in
3624 3777 3755 3833 diem

2181 3867 2486 3923 Jerusalem.
2518 3868 2664 3923 Diem
2689 3867 2980 3923 Jerusalem
3010 3883 3114 3938 quo
3137 3868 3415 3935 laboravit,
3446 3886 3554 3940 quo
3579 3871 3752 3940 capti-

2179 3969 2493 4025 vataest;au
2515 3960 2653 4015 diem
2689 3961 2835 4015 illum
2866 3959 3126 4015 felicitatis
3145 3960 3586 4032 Jerusalem.quo
3617 3957 3756 4017 libe-

2179 4060 2349 4118 ratttr,
2366 4066 2472 4121 quo
2493 4051 2751 4121 pervenit,
2770 4067 2875 4121 quo
2891 4051 3172 4106 aeternitati
3202 4052 3456 4105 sociatur?
3475 4051 3753 4120 Memento,

2179 4142 2367 4212 inquit,
2385 4140 2616 4206 Domine,
2633 4141 2736 4196 noli
2749 4141 3006 4209 oblivisci,
3031 4142 3252 4210 ﬁliorum
3275 4141 3457 4196 Edam.
3485 4142 3756 4210 Quorum?

2181 4232 2482 4298 Dicentium,
2512 4231 2783 4301 Evaeuate,
2814 4242 3066 4296 evacuate,
3104 4248 3258 4302 usque
3289 4237 3408 4286 dum
3440 4233 3754 4302 fundamen-

2176 4334 2282 4379 tum
2304 4325 2357 4378 iu
2380 4341 2458 4378 ea.
2478 4325 2638 4379 Istum
2651 4339 2777 4394 ergo
2792 4323 2932 4379 diem
2961 4333 3244 4384 memento.
3269 4323 3481 4394 quando
3502 4335 3755 4382 evertere

2175 4417 2422 4471 volebant
2449 4415 2522 4470 illi
2543 4414 2857 4470 Jerusalem.
2879 4415 3113 4482 Quantas
3155 4412 3295 4470 enim
3321 4417 3754 4485 persecutionis

2174 4525 2326 4580 passa
2349 4518 2432 4564 est
2477 4508 2744 4564 Ecclesia!
2775 4507 3054 4574 Quomodo
3095 4506 3340 4562 dicebant
3391 4507 3484 4562 lilii
3534 4507 3748 4576 Edam,

2171 4600 2224 4656 id
2247 4612 2328 4657 est
2355 4600 2592 4656 carnales
2641 4598 2916 4665 homines,
2945 4598 3139 4652 subditi
3189 4597 3402 4652 diabolo
3445 4607 3503 4653 et
3538 4599 3747 4669 angelis

2171 4692 2320 4761 ejus,
2349 4691 2584 4745 colentes
2611 4689 2809 4760 lapides
2845 4698 2899 4744 et
2944 4688 3124 4760 ligna,
3165 4696 3449 4757 sequentes
3491 4689 3743 4756 concupi-

2170 4781 2400 4836 scentias
2419 4780 2621 4835 carnis:
2657 4779 2987 4849 Exstingnite
3008 4779 3357 4843 Chrisdanos,
3392 4777 3561 4833 tollite
3585 4777 3741 4834 Clu-i-

2169 4874 2406 4939 stianos,
2430 4886 2530 4927 nec
2550 4887 2684 4926 unus
2721 4879 3025 4936 remaneat;
3050 4870 3270 4926 evertite
3309 4885 3474 4939 usque
3517 4871 3584 4924 ad
3627 4872 3738 4924 fitn-

2167 4965 2505 5020 damentum!
2559 4963 2746 5018 Nonne
2777 4963 2914 5020 dicta
2985 4971 3107 5016 sunt
3173 4959 3329 5015 haec?
3370 4961 3588 5015 Etcum
3639 4960 3736 5014 ista

2165 5055 2487 5121 dicerentur,
2538 5060 2912 5123 persequentes
2966 5051 3246 5118 improbati
3291 5061 3445 5115 sunt,
3479 5059 3736 5120 martyres

2163 5148 2400 5202 Coronati
2456 5155 2598 5200 sunt.
2648 5144 2955 5208 Dicentium,
2987 5142 3255 5204 Evacunte,
3305 5151 3557 5205 evacuate,
3587 5156 3741 5206 usque

2163 5240 2285 5292 dum
2315 5239 2697 5307 fundamentum
2723 5237 2773 5289 in
2795 5252 2873 5288 ea.
2901 5234 3016 5288 Filii
3046 5234 3214 5287 Edom
3237 5231 3435 5295 dicunt,
3463 5230 3736 5291 Eeucuate.

2162 5339 2416 5393 evacuate;
2437 5337 2493 5382 et
2525 5328 2665 5382 Deus
2683 5327 2842 5391 dicit,
2864 5325 3096 5379 Servite.
3129 5323 3290 5391 Cujus
3318 5321 3476 5374 verba
3509 5328 3733 5388 possunt

2161 5435 2432 5491 superare,
2454 5421 2551 5474 nisi
2576 5419 2690 5482 Dei,
2709 5418 2796 5488 qui
2817 5417 2970 5481 dixit,
2991 5413 3122 5480 Quia
3136 5414 3298 5484 utajor
3313 5412 3490 5465 serviet
3514 5409 3696 5462 minari
3709 5407 3736 5462 2

2222 5596 2237 5626 ί
2265 5605 2364 5643 am.
2404 5600 2456 5643 et
2493 5593 2718 5656 plerique
2759 5599 2900 5650 mss,
2957 5573 3063 5641 n'oli
3105 5585 3307 5646 mirari,
3344 5585 3388 5638 si
3431 5585 3499 5636 ait
3540 5581 3734 5648 nmqui-

2154 5663 2412 5713 uermetc.
2658 5713 2703 5718 Η
2963 5713 3003 5718 __
3167 5707 3178 5718 ο

2221 5720 2242 5750 ⁸
2266 5718 2433 5765 I-lures
2456 5724 2581 5775 Αἵδε..
2614 5713 2798 5766 rident.
2825 5720 2876 5764 ει
2893 5713 3103 5777 quidam,
3129 5713 3296 5761 rem.
