3984 6200
286 377 426 432 I773

280 489 558 558 Emme,
588 508 839 562 evacuate,
870 516 1022 570 usque
1051 501 1169 556 dum
1196 505 1580 574 fundamentum
1601 511 1652 564 in
1669 527 1750 566 ea.

1323 391 1714 450 ENARRATlO
1754 395 1817 451 IN
1859 397 2175 460 PS.\L.\lUM
2213 407 2516 470 CXXXV".

3402 447 3424 500 1
3437 447 3538 511 774

1966 517 2252 587 moriatur;
2284 528 2352 579 ad
2379 537 2573 596 petram
2601 533 2770 592 elide:
2803 539 2959 599 Petra
2978 560 3146 607 autem
3161 569 3270 612 erat
3305 561 3538 628 Christus

1966 603 2000 628 ,.
2024 604 2121 628 ,πμ
2173 626 2202 628 Η
2267 613 2305 628 ..

349 582 440 640 20.
481 581 631 658 [νει-δ.
656 587 732 660 8.]
764 590 828 645 Et
875 595 1134 648 convertit
1174 611 1232 652 se
1281 597 1348 652 ad
1381 599 1561 656 illam:
1593 601 1730 656 Filia
1754 602 1797 656 Β

1961 603 2001 676 (l
2021 604 2138 662 Cor.
2172 626 2224 675 χ,
2241 581 2330 685 lt).

274 672 475 744 bgfom's
522 677 716 746 infelix.
769 679 954 737 Infelix
1005 686 1118 756 ip~a
1169 689 1518 746 exsultatione
1579 703 1700 759 tna,
1743 697 1852 765 ipsa

277 768 691 836 pnesumptione
715 780 821 838 tua,
850 782 905 828 et
931 775 1219 832 inimicitiis
1250 780 1350 834 tuis
1375 799 1388 833 :
1418 780 1554 836 Filia
1581 783 1853 856 Babylonis

271 855 474 927 infelix.
498 859 696 916 Civitas
724 863 833 934 ipsa
856 865 1048 922 dicitur
1073 868 1305 942 Babylon
1333 882 1386 927 ct
1405 874 1508 928 ﬁlia
1527 855 1846 949 Babylonis:

267 951 542 1016 quomodo
560 951 852 1012 Jerusalem
886 967 941 1013 et
993 960 1099 1016 filia
1129 962 1464 1034 Jerusalem,
1502 978 1554 1023 et
1581 973 1849 1040 quomodo

268 1039 402 1094 Sion
433 1052 487 1097 et
511 1043 620 1100 ﬁlia
665 1046 790 1102 Sion
816 1091 832 1116 ,
852 1049 954 1110 hoc
982 1069 1131 1111 more
1172 1059 1466 1127 appellatur
1509 1039 1742 1120 Ecclesia
1793 1077 1848 1122 et

264 1129 415 1186 filia‘
445 1134 713 1193 Ecclesiae.
767 1140 992 1212 Propter
1036 1149 1426 1205 successionem
1477 1153 1671 1210 dicitur
1713 1156 1841 1225 ﬁlia,

265 1233 485 1294 propter
512 1230 871 1296 przelationem
897 1235 1092 1294 dicitur
1116 1252 1302 1299 mater.
1330 1245 1450 1300 Fuit
1499 1250 1666 1317 prima
1693 1267 1841 1322 qure-

261 1314 386 1369 dam
443 1317 768 1388 Babylonia;
801 1329 1052 1398 numquid
1098 1331 1211 1400 ipse
1265 1314 1516 1405 populus
1542 1342 1592 1394 in
1621 1356 1683 1395 ea
1709 1314 1837 1411 per-

261 1410 498 1464 mansit?
528 1411 632 1467 Per
657 1420 1047 1476 successionem
1078 1423 1382 1496 Babylonia:
1422 1428 1556 1485 facta
1609 1445 1691 1488 est
1717 1410 1836 1493 filia

237 1497 564 1571 Babylonis.
592 1503 637 1559 Ο
655 1507 764 1574 ﬁlia
783 1508 1056 1582 Babylonis
1071 1515 1249 1587 infelix
1267 1528 1318 1573 tu
1340 1523 1354 1574 !
1377 1520 1561 1579 Beatus
1577 1527 1664 1596 qui
1687 1530 1834 1582 retri-

257 1589 374 1645 buet
393 1592 480 1647 tibi
495 1597 866 1656 retributionem
893 1613 1052 1661 tuam.
1084 1605 1272 1665 Infelix
1300 1621 1352 1666 tu
1371 1655 1386 1680 ,
1416 1589 1601 1672 beatus
1619 1619 1726 1676 ille.

231 1723 236 1726 .
331 1682 419 1738 2i.
448 1683 598 1757 (vers.
631 1688 710 1762 9.]
732 1690 866 1759 Quid
918 1696 1058 1774 enim
1089 1705 1142 1753 tu
1189 1701 1377 1769 fecisti,
1413 1714 1468 1759 et
1505 1708 1628 1777 quid
1673 1711 1827 1766 retri-

255 1769 448 1829 buetur
471 1777 560 1832 tibi
583 1778 606 1832 ?
627 1782 760 1836 Audi
786 1800 798 1835 :
822 1782 1008 1840 Beatus
1026 1769 1114 1857 qui
1132 1793 1363 1847 retribuet
1407 1797 1494 1850 tibi
1522 1769 1825 1858 retributio-

252 1880 369 1918 nem
394 1877 530 1923 tuam
557 1888 710 1942 quam
737 1876 1008 1933 retribuisti
1035 1882 1195 1936 nobis.
1227 1883 1396 1952 Quam
1425 1891 1823 1951 retributionem

248 1953 418 2010 dicit?
443 1958 524 2014 Ad
547 1959 649 2016 hoc
676 1963 871 2020 claudit
897 1967 1139 2026 Psalmus
1163 1990 1176 2027 :
1205 1973 1390 2031 Beatus
1438 1981 1525 2050 qui
1571 1986 1751 2040 tenebit
1773 1997 1822 2040 et

245 2045 400 2101 elidet
443 2051 660 2120 infantes
683 2058 886 2112 tuosad
928 2071 1136 2129 petram.
1163 2064 1308 2122 Illam
1355 2045 1482 2125 dicit
1521 2071 1817 2146 infelicem,

244 2133 461 2192 beatum
504 2152 678 2199 autem
706 2147 793 2215 qui
843 2151 1169 2210 relribuetei
1219 2160 1616 2220 retributionem
1661 2184 1816 2238 quam

245 2228 490 2284 retribuit
532 2234 703 2289 nobis.
756 2237 1088 2309 Quaerimus,
1143 2261 1301 2317 quam
1379 2254 1812 2316 retributionem:

241 2313 459 2384 Beatus,
493 2321 693 2392 inquit,
724 2329 809 2396 qui
848 2331 1030 2386 tenebit
1068 2344 1116 2388 et
1160 2313 1309 2393 elidet
1330 2343 1550 2413 infantes
1596 2357 1706 2403 tuo:
1746 2353 1815 2406 ad

238 2418 453 2475 petram.
487 2411 598 2480 Ipsa
645 2427 728 2470 est
771 2421 1066 2478 retributio.
1113 2427 1248 2495 Quid
1294 2411 1434 2492 enim
1486 2435 1608 2493 fecit
1659 2443 1811 2499 nobis

235 2498 529 2572 Babylonia
558 2506 694 2563 ista?
714 2510 831 2566 Jam
861 2519 1186 2577 cantavimus
1213 2523 1262 2576 in
1297 2525 1388 2581 illo
1414 2531 1616 2597 psalmo
1640 2552 1652 2587 :
1681 2535 1807 2589 Ser-

232 2605 410 2645 mones
424 2594 706 2665 iniquorum
731 2607 1095 2671 prmaluerunt
1109 2613 1346 2670 adversus
1366 2634 1456 2672 nos
1473 2618 1638 2690 (Psal.
1659 2641 1802 2694 utv,

229 2683 312 2752 4).
336 2683 558 2752 Quando
581 2692 722 2746 enim
749 2697 857 2750 nati
903 2712 1116 2768 sumus,
1149 2707 1396 2774 parvulos
1450 2726 1546 2766 nos
1601 2715 1796 2772 invenit

230 2773 331 2827 ista
369 2778 610 2836 confusio
633 2787 812 2841 saeculi
854 2787 1012 2860 hujus
1037 2810 1051 2858 ;
1076 2803 1130 2849 et
1157 2797 1403 2855 offoeavit
1427 2819 1524 2860 nos
1557 2821 1798 2864 errorum

228 2863 564 2926 diversorum
587 2877 735 2932 vanis
780 2867 1114 2949 Opinionibus
1141 2887 1316 2946 adhuc
1363 2892 1610 2952 infantes.
1635 2899 1799 2957 Natus

227 2953 403 3013 infans
435 2959 637 3019 futurus
683 2967 814 3024 civis
833 2970 1146 3042 Jerusalem,
1171 2990 1223 3033 et
1252 2980 1305 3034 in
1337 2985 1796 3051 prmdestinatione

227 3045 322 3102 Dt-i
357 3050 466 3119 jam
507 3054 674 3124 civis,
702 3059 795 3114 sed
837 3061 1048 3120 interim
1099 3045 1391 3139 captivatus
1433 3076 1498 3131 ad
1548 3088 1790 3152 tempus,

219 3140 435 3209 quando
459 3144 615 3202 discit
652 3164 864 3218 amare,
897 3155 999 3210 nisi
1019 3159 1161 3228 quod
1205 3140 1673 3225 insusurraverint'
1700 3140 1792 3242 pa;

221 3234 448 3287 rentes'?
471 3233 738 3294 lnstruunt
761 3252 812 3322 et
836 3243 1028 3303 docent
1048 3249 1194 3306 illum
1215 3256 1487 3311 avaritiam
1506 3301 1520 3321 ,
1552 3263 1784 3331 rapinas,

215 3325 492 3382 metidaeia
532 3317 836 3399 quotidiana
858 3379 871 3400 .
899 3337 1134 3397 diversas
1156 3346 1390 3404 culturas
1432 3317 1689 3410 idolorum
1733 3368 1788 3412 et

209 3413 631 3489 daemoniorum,
681 3429 913 3484 remedia
976 3431 1156 3490 illicita
1215 3443 1684 3506 prtecantationum
1730 3461 1784 3504 et
1863 3469 1868 3476 ·

212 3506 575 3579 ligaturarum.
603 3516 740 3586 Quid
767 3519 999 3578 facturus
1042 3537 1123 3581 est
1146 3529 1318 3586 adhuc
1372 3532 1576 3604 infans,
1605 3540 1778 3595 anima

189 3607 725 3670 -tenera,attendens
776 3611 842 3666 ad
889 3616 1119 3686 majores
1163 3621 1288 3690 quid
1330 3637 1520 3694 agant,
1565 3630 1663 3685 nisi
1719 3641 1780 3688 ut

210 3694 355 3762 quod
381 3709 476 3752 eos
501 3699 690 3755 viderit
715 3717 872 3775 agere
899 3705 998 3763 hoc
1027 3714 1318 3780 sequatur?
1346 3715 1630 3787 Babylonia
1652 3739 1778 3794 ergo

185 3796 481 3854 persecuta
523 3799 606 3846 est
655 3795 908 3863 parvulos
955 3813 1086 3863 nos;
1118 3801 1213 3857 sed
1248 3804 1388 3861 Dens
1431 3808 1578 3864 dedit
1623 3815 1775 3872 nobis

199 3876 524 3946 agnitionem
573 3884 652 3937 sui
695 3884 804 3954 jam
835 3889 1148 3958 grandibus,
1177 3903 1235 3947 ut
1277 3911 1382 3951 non
1431 3913 1774 3970 sequeremur

197 3979 413 4024 errores
441 3983 714 4039 parentum
745 3987 1064 4035 nostrorum.
1091 3981 1240 4050 Quod
1295 3995 1349 4041 et
1379 3997 1501 4045 tunc
1525 4007 1766 4051 comme-
1846 4014 1849 4016 ·

195 4063 402 4116 morari
426 4063 499 4137 (α)
517 4068 821 4137 praedictum
850 4089 877 4126 a
899 4075 1153 4145 propheta
1173 4096 1186 4131 :
1209 4080 1290 4134 Ad
1309 4091 1356 4136 te
1380 4097 1549 4153 gentes
1576 4091 1768 4147 venient

193 4152 259 4207 ab
288 4165 505 4211 extremo
534 4168 695 4228 terrm,
719 4172 766 4216 et
793 4165 976 4233 dicent,
998 4166 1119 4224 Vere
1145 4152 1457 4230 mendacium
1481 4180 1764 4238 cofnerunt’

189 4258 362 4315 patres
390 4252 566 4316 nostri,
592 4255 860 4311 vanitatem
891 4275 1005 4330 qua:
1044 4263 1148 4318 illis
1191 4283 1291 4320 non
1335 4273 1522 4342 profuit
1548 4274 1784 4343 (Jerem,

186 4352 308 4404 xvi,
335 4341 444 4412 19).
464 4341 578 4396 Jam
604 4344 825 4415 juvenes
846 4349 1061 4420 dicunt,
1084 4357 1172 4425 qui
1195 4360 1354 4414 occisi
1381 4341 1532 4418 erant
1557 4341 1759 4436 parvuli

183 4435 461 4503 sequendo
475 4436 615 4507 ipsas
629 4443 882 4500 vanitates
899 4464 913 4500 :
930 4450 1252 4518 projiciendo
1271 4465 1449 4512 autem
1477 4464 1754 4532 vanitates,

183 4531 241 4577 et
267 4525 633 4586 reviviscendo
685 4533 736 4588 in
781 4535 947 4592 Deum
998 4542 1304 4614 proficiant,
1333 4559 1388 4604 et
1416 4555 1756 4613 retribuant‘

181 4609 511 4685 Babylonius.
578 4619 798 4688 Qualem
853 4609 1253 4690 retributionem
1289 4609 1363 4694 vei
1424 4644 1754 4706 retribuent?

173 4701 352 4770 Quam
399 4709 640 4766 retribuit
668 4716 842 4772 nobis.
866 4718 1078 4778 Parvuli
1117 4727 1232 4795 ejus
1258 4731 1490 4790 vicissim
1517 4701 1752 4798 olfocen;

175 4803 305 4861 tur;
329 4797 435 4853 imo
459 4805 663 4872 parvuli
697 4807 814 4877 ejus
841 4813 1070 4870 vicissim
1109 4818 1390 4890 elidantur,
1430 4837 1484 4883 et
1511 4835 1746 4891 morian-
1829 4843 1832 4848 ’

163 5165 451 5224 adversum
465 5179 515 5226 te
543 5174 678 5252 mala
699 5181 1046 5251 consuetudo,
1061 5199 1182 5241 cum
1199 5165 1410 5256 parvula
1431 5206 1514 5250 est
1528 5201 1735 5270 cupidi-

161 5263 246 5310 tas
267 5299 283 5324 ,
302 5273 629 5336 nequaquam
671 5281 845 5336 prava:
872 5276 1269 5335 consuetudinis
1287 5283 1450 5339 robur
1474 5263 1730 5362 accipiat;

153 5361 284 5403 cum
309 5354 524 5421 parvula
559 5364 640 5410 est
659 5399 674 5424 ,
698 5359 837 5417 elide
867 5362 1029 5420 illam.
1059 5367 1165 5424 Sed
1203 5371 1357 5429 times
1380 5391 1449 5433 ne
1472 5354 1606 5439 elisa
1624 5354 1729 5442 non

219 5505 239 5576 ξ
263 5503 498 5576 flet-ique
519 5516 645 5571 1133.,
669 5511 777 5576 me.

217 5568 238 5596 ⁸
261 5572 334 5615 B'.
356 5568 510 5644 Lugd;
538 5568 728 5628 Ven-Cet
745 5585 872 5642 L0v.,
905 5584 1125 5637 Nascitur
1146 5584 1361 5653 infans...
1395 5609 1562 5653 nam
1596 5605 1726 5670 quod

217 5640 558 5670 Ilmllrrlntlrlnl
593 5646 813 5670 Μιθονιοαο
928 5652 962 5670 ιι

152 5622 559 5698 insusurrtm'erint
578 5622 872 5698 pariat—.222"

216 5689 1300 5779 τΞὲξιηνφεειέένυηέῖιίιιῖειέὸινεουιηικκ,
1333 5717 1592 5779 εκιιεωιιο.

217 5717 235 5720 -
259 5717 389 5749 ιω..
413 5717 725 5752 macrum
747 5717 765 5752 :
808 5717 922 5756 uxta
944 5717 1152 5759 Graecum
1173 5717 1300 5776 LXX,
1333 5717 1455 5772 ektt:

211 5750 234 5780 δ
259 5758 332 5800 Er.
352 5757 499 5817 Lugd.
521 5764 658 5819 \‘en.,
676 5717 943 5874 ρτιέδείεηι,
967 5778 1012 5822 et
1030 5773 1299 5827 retribuam.
1397 5788 1455 5833 It.

211 5811 284 5874 (α)
313 5820 361 5864 In
383 5816 500 5868 t'snl.
527 5833 651 5874 utv.
677 5840 723 5872 ιι.
783 5861 797 5874 .

207 5811 284 5876 (α)
313 5820 361 5864 In
383 5811 500 5868 ι’ἔίιι.
527 5811 656 5884 ιιινξ
676 5811 723 5872 is.
749 5811 797 5874 t3.

2028 699 2116 754 29..
2146 703 2378 774 Fratres,
2411 725 2602 783 organa
2627 717 2677 771 in
2706 729 2974 792 operando
2999 749 3102 790 non
3125 751 3531 812 cessent;vobis

2739 786 2756 792 _
3021 786 3030 788 ἡ
3053 786 3101 790 ρ-
3130 786 3333 799 --ν-,νη-
3387 786 3525 809 vuum

1957 786 2178 846 invicem
2205 807 2413 855 cantate
2438 807 2642 861 cantica
2663 808 2808 866 Sion.
2841 817 3008 885 Quam
3033 825 3258 887 libenter
3283 789 3525 910 auliistis,

1957 889 2060 910 Mm
2092 885 2334 910 tzl--_-:---
2392 909 2401 910 κ
2425 909 2431 910 κ
2452 895 2482 910 ⁸-
2672 903 2684 910 ·
2818 908 2827 910 ‘

1956 889 2061 936 tam
2091 885 2338 945 libentius
2383 895 2520 964 agite
2545 903 2684 970 quod
2728 908 3047 980 audistis;si
3080 937 3183 976 non
3211 929 3368 986 vultis
3407 889 3528 994 esse

1956 973 2126 994 --Ιὲ-Αν
2171 977 2206 994 Π
2246 978 2258 994 ⁵
2317 981 2328 994 ⁵
2408 986 2419 994 ⁵

1950 973 2139 1029 salices
2169 977 2470 1052 Babyloniae
2489 1030 2504 1053 ,
2538 994 2669 1059 pasti
2708 996 2776 1051 de
2819 973 3122 1066 fluminibus
3149 1015 3293 1086 ejus,
3324 1032 3378 1078 et

1948 1073 2090 1119 ctum
2139 1070 2339 1128 nullum
2384 1076 2686 1137 afferentes.
2716 1087 2820 1143 Sed
2860 1096 3122 1166 su5pirate
3175 1070 3225 1160 in
3263 1121 3520 1174 aeternam

1956 1152 2150 1174 Lf”.
2628 1173 2633 1174 ,

2956 1152 2968 1166 '
3076 1152 3119 1156 --
3176 1152 3225 1160 --1
3263 1152 3518 1174 υυιυιιιιιιη

1945 1152 2237 1214 Jerusalem
2263 1179 2277 1228 ;
2306 1180 2412 1236 quo
2432 1173 2684 1237 praecedit
2717 1193 2840 1248 spes
2861 1197 3061 1257 vestra,
3093 1209 3344 1266 sequatur
3366 1207 3380 1236 ¹
3415 1209 3518 1266 vita

1946 1256 2117 1302 vestra
2142 1267 2156 1304 :
2181 1253 2250 1308 ibi
2278 1259 2475 1316 erimus
2492 1278 2610 1319 cum
2633 1268 2862 1328 Christo.
2887 1275 3130 1340 Christus
3158 1253 3311 1347 nobis
3355 1301 3516 1356 modo

1941 1349 2098 1407 caput
2123 1353 2204 1398 est
2225 1363 2238 1410 ;
2261 1348 2521 1418 gubernat
2567 1373 2664 1413 nos
2691 1363 2850 1417 modo
2879 1367 3142 1442 desuper:
3167 1348 3515 1453 amplectetur

1939 1441 2120 1486 secum
2152 1435 2205 1489 in
2232 1439 2319 1493 illa
2340 1441 2587 1515 civitate;
2617 1455 2848 1522 :equales
2901 1463 3101 1522 erimus
3128 1435 3342 1544 Angelis
3393 1480 3508 1538 Dei.

1941 1519 2047 1544 κτλ..
2084 1526 2205 1544 Auli
2427 1535 2437 1544 '
2688 1543 2691 1544 ⁷

1936 1519 2050 1575 Νοη
2081 1526 2397 1588 auderemus
2425 1535 2525 1591 hoc
2551 1543 2804 1611 suspicari
2861 1549 2928 1606 de
2957 1556 3130 1624 nobis,
3163 1519 3261 1619 nizi
3289 1575 3508 1637 promit-

1937 1621 2068 1637 μ--.
2101 1617 2170 1637 υ-
2211 1621 2240 1637 ’-
2388 1627 2427 1637 ··
2510 1631 2515 1636 ’

1937 1621 2072 1670 teret
2101 1617 2327 1679 Veritas.
2385 1627 2515 1684 lloc'
2543 1646 2670 1704 ergo
2718 1645 3106 1717 concupiscite,
3137 1617 3361 1731 fratrers,
3403 1667 3505 1725 hoc

1937 1704 2017 1731 δε-
2065 1722 2240 1731 ..-Α-μγ
2473 1721 2502 1731 ’-
2662 1726 2684 1731 ⁸
2741 1730 2744 1731 ⁷

1931 1704 2019 1762 die
2064 1722 2326 1784 noctuque
2369 1721 2615 1790 cogitate.
2650 1704 2916 1803 Quidquid
2951 1738 3018 1795 de

1928 1801 2195 1867 arriserit,
2232 1809 2395 1866 nolite
2415 1829 2954 1886 praesumeremolite
2999 1834 3226 1898 libenter
3262 1848 3496 1923 colloqui

1928 1904 2044 1923 Ann.
2077 1897 2444 1923 n..n2.l:a-.:l____
2573 1917 2584 1923 -
2623 1910 2633 1922 ο
2706 1913 2749 1923 -.
2841 1919 2851 1923 -

1927 1904 2046 1946 cum
2076 1897 2448 1966 cupiditatibus
2477 1910 2683 1966 vestris.
2704 1913 2883 1974 Hostis
2910 1925 3080 1995 major
3097 1941 3208 1997 est,
3227 1897 3500 2000 occida‘t'u'r

1923 1979 1990 2033 ad
2014 1993 2249 2052 petram:
2278 1990 2452 2048 brevis
2477 1995 2646 2056 hostis
2673 2014 2757 2060 est
2775 2047 2791 2074 ,
2825 1979 3052 2069 elidatur
3071 2019 3137 2074 ad

1922 2072 2150 2142 majores
2174 2079 2240 2133 ad
2277 2091 2474 2151 petram
2521 2093 2781 2162 occidite,
2809 2110 2864 2154 et
2905 2106 3138 2164 minores
3169 2072 3244 2170 lad
3287 2131 3489 2188 petram

1922 2163 2096 2188 “IL”...
2175 2169 2262 2188 h~A
2394 2177 2406 2187 '
2580 2183 2594 2188 '

1919 2163 2118 2220 elidite.
2173 2169 2326 2227 Petra
2358 2177 2548 2234 vincat.
2577 2183 2632 2237 In
2688 2199 2838 2256 petra
2875 2195 3241 2272 ardificamini,
3277 2163 3322 2264 si
3377 2163 3485 2270 non

1919 2257 2076 2312 vultis
2093 2262 2202 2316 tolli
2223 2277 2314 2320 aut
2335 2283 2366 2322 a
2391 2269 2568 2338 fluvio,
2597 2289 2687 2333 aut
2711 2295 2743 2334 a
2771 2287 2978 2354 ventis,
3005 2303 3098 2348 aut
3121 2311 3151 2350 a
3201 2257 3400 2369 pluvia.
3428 2310 3483 2366 Si

1919 2347 2071 2369 ..-Λιει
2293 2358 2323 2369 ·’

1916 2347 2074 2403 vultis
2137 2358 2324 2410 armati
2377 2375 2496 2418 esse
2565 2379 2748 2424 contra
2797 2380 3110 2439 tentationes
3153 2347 3232 2442 inr
3253 2398 3486 2468 smculo,

1916 2447 2424 2468 ..........-.-._-L-_-.
2538 2455 2552 2468 .
2618 2457 2666 2468 ..
2733 2462 2744 2468 -
2868 2466 2881 2468 _

1911 2451 2116 2495 crescat
2137 2452 2194 2499 et
2215 2447 2495 2508 roboretur
2519 2455 2836 2518 desiderium
2856 2466 3150 2530 Jerusalem
3173 2481 3401 2542 atternas
3427 2447 3483 2546 it:

1909 2530 2158 2590 cordibus
2183 2540 2394 2597 vestris.
2419 2542 2663 2604 Transiet
2690 2556 2987 2626 captivitas,
3007 2568 3184 2624 veniet
3212 2571 3439 2635 felicitas
3458 2624 3472 2637 .

1908 2617 2245 2681 damnabitur
2272 2628 2439 2688 hostis
2457 2644 2726 2697 extremus
2745 2684 2761 2711 ,
2783 2654 2838 2701 et
2855 2662 2976 2706 cum
3017 2669 3141 2728 rege
3169 2663 3286 2720 sine
3306 2681 3478 2728 morte

1907 2709 2369 2783 triumphabimus.

2241 2882 2321 2944 IN
2365 2887 2740 2960 PSALMUM
2783 2898 3140 2974 CXXXVII

2458 3007 2871 3074 ENAllliATlO.

2527 3124 2699 3169 sanun
2721 3116 2821 3189 (α).

1964 3210 2011 3263 1.
2032 3210 2180 3283 (vers.
2213 3215 2288 3289 1.]
2316 3218 2518 3276 Titulus
2545 3226 2732 3294 psalmi
2760 3229 2920 3303 hujus
2948 3237 3124 3300 brevis
3155 3258 3210 3304 et
3236 3215 3460 3326 simplex

1889 3311 2001 3367 est,
2047 3319 2218 3375 neque
2257 3325 2350 3370 nos
2376 3320 2555 3382 tenet,
2595 3319 2826 3378 scientes
2851 3327 3001 3397 cujus
3035 3333 3252 3405 ﬁguram
3276 3311 3459 3416 po};

1887 3395 2021 3450 verit
2059 3396 2256 3468 David,
2301 3409 2355 3456 et
2405 3403 2457 3458 in
2485 3420 2550 3460 eo
2575 3407 2732 3465 etiam
2773 3430 2869 3470 nos
2909 3395 3052 3491 ipsos
3069 3395 3455 3512 ‘aguoscentes,

1883 3486 2003 3556 quia
2035 3498 2087 3542 et
2113 3504 2209 3543 nos
2237 3493 2470 3548 membra
2501 3511 2684 3556 sumus
2714 3502 2853 3561 illius
2884 3486 3146 3583 corporis:
3179 3486 3456 3595 Agnosnc:

1883 3591 2000 3630 nius
2027 3593 2153 3648 ergo
2189 3579 2274 3635 hic
2297 3598 2482 3640 vocem
2514 3587 2766 3647 Ecclesia:
2787 3636 2800 3659 ,
2841 3579 3104 3673 simulque
3129 3579 3454 3680 gaudeamus

1879 3666 2018 3735 quod
2049 3665 2102 3720 in
2138 3684 2199 3722 ea
2238 3684 2361 3727 esse
2399 3677 2723 3746 meruimus,
2773 3687 2926 3756 cujus
2962 3665 3158 3754 vocen:
3185 3714 3450 3768 cantantis

1876 3757 2188 3813 audivimus.
2232 3761 2398 3819 Totus
2429 3767 2607 3824 titulus
2631 3781 2747 3840 est,
2783 3775 2895 3848 Ipsi
2931 3782 3116 3847 David.

1875 3861 2000 3918 ergo
2029 3850 2151 3919 quid
2180 3851 2275 3920 ipsi
2304 3854 2484 3911 David.

1942 3939 1996 3994 2.
2028 3942 2311 4012 Conﬁtebor
2336 3947 2456 4018 tibi,
2488 3948 2735 4025 Domine,
2764 3961 2816 4015 in
2845 3971 2947 4020 toto
2967 3973 3115 4028 corde
3136 3993 3264 4034 meo.
3295 3983 3444 4044 Solet

1872 4031 2021 4087 nobis
2053 4032 2245 4090 Psalmi
2286 4037 2468 4096 titulus
2514 4042 2750 4105 indicare
2774 4054 2898 4122 quid
2923 4071 3109 4130 agatur
3134 4031 3274 4126 intus

1867 4130 2042 4176 autem
2069 4126 2314 4193 quoniam
2341 4129 2521 4188 titulus
2562 4151 2666 4214 non
2698 4139 2797 4196 hoc
2840 4126 3069 4220 indicat,
3115 4159 3207 4213 sed
3234 4172 3436 4225 tantum

1866 4210 1950 4265 cui
1979 4225 2218 4270 cantetur
2243 4217 2472 4289 indicat;
2514 4210 2851 4301 quid‘agatur
2880 4237 2933 4293 in
2958 4210 3069 4298 toto
3091 4247 3302 4310 Psalmo
3328 4262 3437 4328 pri-

1863 4316 1982 4357 mus
2005 4319 2185 4360 versus
2209 4313 2505 4382 annuntiat,
2536 4315 2821 4389 Conﬁtebor
2845 4325 2952 4397 tibi,
2981 4332 3198 4396 Domine
3215 4386 3229 4411 ,
3257 4348 3308 4402 in
3328 4313 3433 4408 toto

1859 4395 2009 4447 corde
2035 4412 2161 4450 meo.
2197 4395 2342 4456 lianc
2377 4419 2504 4475 ergo
2547 4411 2934 4476 confessionem
2978 4395 3272 4492 audiamus.
3325 4442 3431 4500 Sed

1863 4483 2006 4550 prius
2038 4499 2395 4580 commemoro
2441 4511 2535 4573 vos
2563 4503 2971 4568 confessionem
3018 4517 3072 4573 in
3119 4521 3426 4604 Seripturis,

1863 4589 1977 4604 num
2000 4580 2315 4604 nn..ﬂn.....--_
2353 4585 2451 4604 η--
2487 4602 2489 4604 .
2555 4589 2571 4604 ι
2649 4594 2662 4604 ι
2884 4603 2894 4604 κ

1857 4589 1977 4630 eum
1998 4580 2316 4638 confitemur
2349 4585 2496 4652 Deo,
2539 4589 2745 4652 duobus
2772 4603 2946 4660 modis
2970 4606 3074 4665 dici
3099 4580 3273 4676 solere
3295 4663 3316 4688 ,
3340 4580 3426 4683 vel

1855 4677 2222 4740 peccatorum,
2270 4677 2354 4732 vel
2395 4678 2586 4738 laudis.
2637 4685 2742 4744 Sed
2767 4695 3155 4760 confessionem

1853 4774 1967 4814 rum
2007 4777 2192 4822 omnes
2238 4782 2533 4841 noverunt;
2585 4775 2754 4836 laudis
2807 4796 2982 4843 autem
3026 4774 3419 4865 confessionem

1851 4855 2001 4922 pauci
2041 4856 2343 4916 advertunt.
2395 4863 2529 4920 Nam
2560 4868 2630 4923 ita
2671 4883 2792 4928 nota
2822 4887 2903 4933 est
2931 4885 3196 4947 confessio
3225 4855 3417 4964 pecca-

1838 5233 2053 5278 currant
2090 5220 2157 5281 ad
2193 5239 2374 5298 pectus
2423 5235 2783 5311 tondendum;
2830 5220 3405 5324 usqueadeo'non

1836 5316 1947 5371 lcnt
1982 5317 2225 5376 homines
2251 5322 2542 5399 intelligere
2566 5316 2960 5398 confessionem
3001 5362 3120 5405 esse
3147 5354 3246 5410 nisi
3275 5375 3404 5428 pce-

1831 5421 2092 5466 catorum.
2127 5413 2230 5468 Sed
2255 5420 2512 5489 numquid
2543 5433 2596 5478 et
2625 5425 2736 5496 ipse
2756 5431 3012 5492 Dominus
3039 5452 3221 5500 n05ter
3245 5413 3400 5509 Jesus

1830 5498 2072 5557 Christus
2098 5514 2343 5573 peccator
2381 5509 2507 5578 fuit,
2551 5517 2641 5593 qui
2675 5520 2750 5574 ait
2787 5521 2839 5576 in
2869 5498 3206 5602 Evangelia:

1830 5599 1936 5644 tear
1957 5591 2078 5658 tibi,
2113 5592 2299 5662 Pater,
2329 5591 2680 5660 Dominecaeli
2705 5620 2751 5663 et
2776 5621 2920 5668 terra:
2939 5619 2966 5671 7
2994 5591 3217 5684 Secutus
3253 5591 3393 5693 enim

1825 5683 1900 5737 ait
1923 5686 2047 5754 quid
2074 5688 2446 5760 confiteretur;
2478 5707 2536 5751 ut
2559 5697 2977 5774 intelligeremus
3003 5716 3393 5785 confessionem
