4032 6202
578 369 724 428 87τὸ

573 488 780 547 dandis,
813 500 915 541 non
940 481 1228 551 iniquitatis
1261 497 1273 533 :
1306 477 1579 545 Confiteor,
1609 476 1796 546 inquit,
1828 475 1934 540 tibi,
1966 474 2141 537 Pater,

563 568 804 633 'Domine
836 575 944 628 caeli
980 582 1025 626 et
1067 583 1244 637 terrm,
1284 571 1400 640 quia
1429 567 1726 620 abscondisti
1772 570 1877 618 lucc
1898 583 1929 617 a
1960 565 2152 632 sapien-

591 672 717 726 tibus
749 678 795 722 et
838 666 1163 734 prudentibus
1186 705 1202 728 ,
1245 673 1291 717 et
1333 661 1559 714 revelasti
1584 676 1641 713 ea
1672 659 1891 727 palmulis
1938 656 2150 727 (ﬂuuit.

518 774 536 787 ί
591 777 662 825 st,
691 760 803 829 25).
853 756 1106 813 Laudavit
1146 755 1354 809 Patrem
1380 793 1395 817 ,
1424 751 1651 805 laudavit
1678 751 1870 815 Deum,
1897 749 2017 818 quia
2048 763 2153 802 non

586 854 811 923 despicit
833 851 1057 905 humiles
1081 890 1095 909 .
1129 847 1220 901 sed
1251 845 1472 914 despicit
1491 843 1766 914 superbus.
1800 842 1861 895 Et
1883 842 1967 895 hic
1994 840 2152 895 talem

594 943 976 999 confessionem
1014 937 1238 993 audituri
1277 949 1456 990 sumus
1479 974 1493 997 ,
1542 932 1709 987 laudis
1738 932 1859 992 Dei,
1901 941 1951 984 et
1981 939 2155 1001 gratu-

597 1037 822 1091 lationis.
867 1031 1150 1096 Conﬁtebor
1175 1029 1294 1093 tibi,
1349 1026 1591 1089 Domine,
1638 1026 1689 1079 in
1729 1034 1829 1077 toto
1849 1026 1998 1077 corde
2022 1040 2151 1076 meo.

594 1130 785 1183 'l‘ntum
820 1140 913 1181 cor
949 1137 1122 1178 meum
1166 1123 1217 1175 in
1242 1135 1388 1175 aram
1415 1130 1523 1179 tua:
1543 1116 1889 1172 confessionis
1916 1116 2151 1184 impono,

589 1222 959 1276 htdocanstnm
1004 1214 1173 1269 laudis
1220 1213 1309 1268 libi
1356 1211 1541 1266 θίγοι-ο.
1597 1209 1971 1263 llolocaustum
2013 1207 2154 1279 enim

594 1312 787 1365 dicitur
806 1306 1118 1365 sacrificium
1139 1303 1223 1358 ubi
1243 1310 1406 1356 totum
1433 1300 1730 1355 incenditur
1748 1317 1762 1353 :
1781 1312 1949 1369 grazce
1960 1297 2155 1367 quippe

590 1402 731 1468 ὅλον,
762 1402 922 1455 latine
954 1407 1118 1453 totum
1154 1396 1367 1449 dicitur.
1399 1394 1529 1449 Vide
1557 1388 1999 1463 quemadmodum
2035 1390 2157 1443 υίϊυ-

597 1492 1063 1555 rntholoeansnnn
1091 1486 1386 1558 spirituale,
1429 1484 1516 1554 qui
1549 1483 1713 1549 dicit,
1745 1480 2027 1550 Can/itcbor
2048 1480 2153 1540 tibi,

598 1582 812 1638 Domine
830 1620 846 1643 ,
877 1580 926 1633 in
954 1589 1055 1633 toto
1083 1578 1231 1631 corde
1255 1593 1381 1629 meo.
1411 1574 1629 1637 Totum,
1654 1571 1839 1643 inquit,
1867 1586 1960 1624 cur
1984 1585 2155 1624 meum

599 1675 806 1731 ﬂamma
834 1673 908 1727 tui
933 1670 1128 1726 amoris
1162 1668 1415 1724 accendat
1443 1684 1456 1720 :
1491 1661 1622 1721 nihil
1647 1665 1698 1718 in
1724 1679 1806 1718 me
1832 1662 2158 1732 relinquatur

596 1766 728 1822 mihi
752 1807 765 1829 ,
806 1780 904 1821 nec
927 1779 1034 1834 quo
1071 1762 1346 1829 respiciam
1375 1759 1438 1814 ad
1466 1760 1726 1829 meipsum
1751 1774 1765 1821 ;
1811 1755 1903 1810 sed
1936 1766 2072 1810 totus
2103 1754 2155 1809 in

603 1870 655 1912 te
681 1865 923 1921 :estuem,
958 1862 1098 1908 totus
1123 1854 1176 1907 in
1206 1862 1257 1907 te
1283 1850 1516 1915 ardeam,
1550 1857 1689 1903 totus
1708 1846 1922 1916 diligam
1948 1854 2020 1912 te,
2049 1853 2157 1899 tan-

592 1961 754 2017 quam
783 1945 1133 1998 intlammatns
1156 1940 1251 2001 abs
1278 1950 1347 1995 te.
1374 1938 1654 2008 Conﬁtebor
1681 1938 1800 2004 tibi,
1831 1936 2045 1990 Domine
2064 1976 2078 1999 ,
2105 1935 2158 1989 in

567 2074 574 2081 ς
601 2048 706 2092 toto
733 2036 883 2092 corde
909 2048 1052 2098 meo;
1078 2033 1311 2103 quoniam
1337 2031 1521 2085 audisti
1544 2031 1692 2086 verba
1716 2030 1818 2084 oris
1845 2029 1958 2082 mei.
1989 2027 2157 2097 Cujus

599 2129 702 2188 anis
737 2127 863 2192 mei,
889 2125 987 2180 nisi
1014 2123 1188 2180 cordis
1214 2122 1353 2178 mei?
1393 2122 1467 2176 lhi
1490 2120 1632 2177 enim
1670 2120 1926 2175 habemus
1952 2134 2155 2185 vocem,

597 2232 758 2289 quam
787 2218 923 2273 Deus
947 2213 1180 2279 exaudit,
1206 2228 1361 2284 quam
1387 2228 1603 2284 prorsus
1630 2211 1774 2268 auris
1800 2210 2024 2265 humana
2054 2226 2159 2265 non

602 2311 765 2367 novit.
800 2307 1107 2364 Clamabam
1131 2313 1278 2362 certe
1303 2306 1392 2377 qui
1415 2305 1709 2362 Susannam
1738 2304 2080 2371 accusabant,
2107 2311 2161 2360 et

600 2403 666 2457 ad
687 2402 877 2459 coelum
905 2400 1089 2457 oculos
1112 2412 1218 2455 non
1247 2396 1529 2461 levabant;
1560 2396 1646 2452 illa
1670 2396 1889 2461 tacebat,
1920 2402 1976 2450 et
2001 2394 2162 2449 corde

600 2491 903 2546 clamabat:
935 2489 1075 2545 unde
1115 2489 1204 2544 illa
1234 2488 1424 2543 meruit
1443 2485 1704 2550 exaudiri.
1732 2484 1854 2540 inde
1882 2484 1966 2541 isti
1992 2485 2160 2553 puniti

601 2582 761 2654 (Dan.
791 2582 929 2653 xm).
953 2581 1051 2636 Est
1073 2594 1200 2651 ergo
1225 2593 1287 2634 os
1310 2578 1477 2641 intus;
1503 2576 1579 2633 ibi
1608 2591 1883 2648 rogamus,
1916 2575 2038 2631 inde
2075 2591 2164 2631 ro-

600 2686 785 2743 gamus
816 2688 830 2725 :
862 2680 915 2723 et
956 2669 1000 2724 si
1027 2668 1313 2738 hospitium
1337 2666 1418 2722 vel
1455 2665 1670 2722 domum
1710 2665 1818 2720 Deo
1847 2666 2165 2736 praeparavi-

601 2746 756 2826 mus,
787 2760 854 2817 ibi
881 2760 1175 2830 loquimur,
1208 2758 1280 2814 ibi
1306 2756 1640 2814 exaudimur.
1670 2756 1784 2812 Non
1806 2757 1946 2812 enim
1971 2766 2054 2813 est
2076 2757 2164 2814 ille

605 2853 760 2924 longe
777 2852 846 2909 ab
870 2864 1183 2922 unoquoque
1202 2859 1438 2905 nostrum
1467 2848 1684 2919 positus,
1712 2848 1762 2903 in
1787 2863 1892 2919 quo
1917 2848 2160 2913 vivimus,

605 2959 879 3002 movemur
906 2951 960 2998 et
985 2956 1168 2998 sumus
1201 2941 1332 3014 (Act.
1363 2956 1471 3007 ενι,
1515 2939 1585 2995 27
1612 2949 1659 2995 et
1682 2938 1796 3009 28).
1849 2939 2028 3011 Longe
2057 2948 2109 2996 te
2133 2956 2163 2996 a

608 3034 716 3090 Deo
742 3049 846 3089 non
891 3034 1044 3099 facit,
1092 3033 1196 3090 nisi
1241 3032 1489 3103 iniquitas
1529 3031 1640 3088 sola
1673 3049 1687 3085 :
1717 3029 1888 3100 dejice
1930 3030 2162 3086 medium

603 3127 855 3195 parietem
884 3125 1104 3202 pccgati,
1126 3132 1180 3179 et
1205 3138 1324 3180 cum
1354 3123 1444 3177 illo
1467 3137 1527 3179 es
1553 3137 1710 3193 quem
1731 3119 1911 3193 rogas.
1941 3122 2160 3190 Audisti,

602 3215 789 3284 inquit,
818 3212 964 3269 verba
984 3213 1085 3267 oris
1109 3212 1241 3278 mei;
1268 3212 1538 3281 conﬁtebor
1563 3210 1672 3266 tibi.

671 3308 726 3362 3.
754 3306 823 3360 Et
842 3322 1011 3362 coram
1038 3303 1240 3376 Angelis
1265 3302 1479 3373 psallam
1502 3302 1607 3357 tibi.
1641 3302 1756 3359 Non
1782 3318 1961 3359 coram
1987 3296 2162 3358 homi-

570 3414 577 3423 δ
602 3398 756 3453 nibus
775 3396 1016 3469 psallam,
1036 3394 1129 3451 sed
1153 3409 1329 3451 coram
1354 3390 1567 3464 Angelis
1592 3391 1831 3464 psallam.
1851 3393 2162 3448 Psalterium

603 3501 800 3550 meum,
831 3484 1074 3556 gaudium
1095 3498 1301 3538 meum:
1327 3483 1420 3539 sed
1447 3482 1691 3554 gaudium
1720 3498 1894 3538 meum
1923 3482 1992 3538 de
2020 3481 2157 3538 inle-

601 3576 862 3640 rinribus,
909 3589 1087 3630 coram
1121 3573 1419 3629 hominibus
1454 3582 1563 3639 est;
1612 3572 1858 3643 gaudium
1895 3588 2069 3628 tneum
2097 3573 2164 3629 de

603 3666 963 3738 superioribus
985 3706 1000 3732 ,
1031 3679 1208 3720 coram
1229 3661 1442 3734 Angelis
1464 3671 1565 3719 est.
1594 3658 1709 3718 Non
1736 3666 1877 3720 enim
1898 3664 2041 3719 novit
2064 3664 2164 3719 im-

600 3762 718 3833 pius
744 3759 988 3831 gaudium
1012 3757 1138 3829 justi
1170 3775 1183 3813 :
1218 3756 1337 3811 Non
1360 3765 1432 3812 est
1452 3755 1671 3828 gaudere
1693 3756 1881 3827 impiis,
1908 3756 2025 3810 dicit
2049 3755 2164 3811 Da.

602 3853 765 3906 minus
791 3849 941 3923 (Isai.
969 3865 1160 3915 XLVIII,
1186 3847 1295 3915 22;
1326 3856 1373 3901 et
1402 3863 1502 3903 Lvtt
1521 3889 1536 3912 ,
1565 3845 1677 3919 2i).
1724 3847 1927 3903 Gaudet
1954 3848 2162 3919 iniquus

601 3942 653 3996 in
684 3941 873 4011 popina
905 3939 922 3972 ¹
944 3981 959 4005 ,
984 3939 1175 4010 gaudet
1200 3944 1397 4009 martyr
1422 3937 1476 3991 in
1505 3947 1708 3992 eatena.
1740 3936 2014 4004 Quomodo
2034 3953 2163 4007 gau-

603 4032 763 4087 debat
801 4038 978 4085 saucta
1008 4030 1103 4084 ista
1132 4028 1371 4097 Crispina
1395 4026 1544 4096 cujus
1567 4025 1724 4082 hodie
1746 4019 2051 4082 Solemnitas
2074 4042 2164 4082 ce-

602 4127 834 4181 lebratur
864 4122 983 4197 (a)?
1018 4120 1288 4179 Gaudelm
1316 4136 1435 4177 cum
1459 4119 1762 4186 tenebatur,
1787 4135 1904 4173 cum
1931 4118 1994 4174 ad
2017 4118 2159 4189 judi-

602 4228 718 4269 eem
757 4213 1083 4293 ducebatur,
1127 4227 1248 4266 cum
1273 4211 1325 4266 in
1366 4225 1631 4266 carcerem
1675 4210 2008 4275 mittebatur,
2040 4224 2161 4264 cum

602 4305 758 4375 ligata
804 4294 1190 4372 producebatur
1212 4342 1228 4366 ,
1257 4315 1377 4355 cum
1403 4300 1454 4354 in
1484 4307 1683 4355 catasta
1709 4300 1977 4355 levabatur
1997 4339 2013 4364 ,
2041 4314 2160 4353 cum

602 4394 931 4458 audiebatur,
960 4407 1081 4446 cum
1108 4389 1490 4455 damnabatur;
1516 4389 1568 4443 in
1599 4389 1683 4444 his
1705 4389 1947 4443 omnibus
1970 4387 2163 4459 gaude-

602 4486 691 4541 bat
720 4502 733 4539 :
763 4494 818 4540 et
840 4499 955 4539 eam
994 4482 1170 4538 miseri
1208 4481 1451 4537 miseram
1497 4481 1783 4553 putabant,
1835 4497 1952 4553 qua:
1985 4496 2159 4536 coram

602 4575 820 4645 Angelis
846 4572 1125 4645 gaudebat.
1258 4579 1267 4588 '
1592 4578 1603 4591 ’

673 4667 725 4722 4.
771 4663 919 4738 [υεη.
960 4662 1043 4738 2.]
1096 4661 1325 4719 Adorabo
1368 4661 1435 4716 ad
1480 4667 1720 4730 templum
1745 4671 1971 4715 sanctum
2002 4668 2161 4715 tuum.

601 4757 752 4826 Quod
793 4755 1043 4827 templum
1089 4764 1324 4811 sanctum
1373 4750 1559 4807 tuum?
1602 4751 1700 4807 Ubi
1749 4751 2096 4807 habitabimus
2118 4754 2162 4820 ³,

606 4848 691 4902 ubi
730 4845 1085 4902 adorabimus.
1132 4828 1407 4900 Currimus
1431 4841 1572 4896 enim
1596 4881 1611 4907 ,
1636 4840 1992 4895 utadoremus
2036 4839 2151 4900 Cra.

605 4941 782 4996 vidum
809 4953 904 4995 cor
942 4946 1178 4993 nostrum
1219 4934 1479 5005 parturit,
1525 4940 1579 4988 et
1619 4931 1707 4987 ubi
1752 4930 1917 5001 pariat
1958 4944 2158 5001 quaerit.

602 5033 733 5099 Quis
758 5040 840 5088 est
864 5029 971 5085 ille-
989 5028 1138 5084 locus
1163 5025 1253 5081 ubi
1276 5024 1574 5080 adorandus
1597 5033 1677 5079 est
1701 5022 1874 5077 Deus?
1898 5023 1987 5091 qui
2017 5038 2167 5076 mun-

602 5123 748 5179 dus?
783 5120 923 5192 quod
952 5116 1272 5175 mdilieium?
1294 5131 1412 5186 qua:
1444 5115 1669 5185 denique
1694 5113 1848 5169 sedes
1875 5118 1928 5188 in
1954 5113 2090 5167 coelo
2115 5123 2169 5167 et

604 5217 743 5270 inter
767 5212 945 5269 stellas
964 5211 989 5263 ‘i
1029 5209 1322 5277 Qumrimus
1349 5208 1400 5261 in
1425 5204 1709 5274 Seripturis
1745 5203 1940 5257 sanctis
1960 5244 1972 5267 ,
2001 5212 2054 5257 et
2085 5203 2166 5255 in~

603 5307 844 5361 venimus
869 5304 920 5359 in
952 5301 1124 5357 verbis
1143 5298 1422 5369 Sapientia:
1454 5316 1468 5351 :
1499 5296 1632 5366 Ego,
1679 5297 1867 5365 inquit,
1893 5310 2028 5348 eram
2056 5311 2168 5347 cum

604 5401 728 5463 illo;
758 5415 847 5469 ego
871 5411 1007 5451 eram
1036 5393 1103 5448 ad
1131 5408 1282 5461 quam
1319 5388 1632 5460 adgaudebut
1675 5387 1911 5458 quotidie.
1947 5386 2008 5439 Et
2044 5385 2170 5437 dicit

604 5508 763 5559 opera
791 5492 901 5561 ejus
924 5526 941 5556 δ
986 5499 1039 5545 et
1067 5488 1295 5557 exp‘onit'
1325 5484 1477 5540 nobis
1516 5483 1696 5536 sedem
1726 5481 1904 5551 ipsius.
1959 5478 2169 5545 Quam?

670 5604 686 5634 ί
710 5596 811 5664 λιιι.
835 5608 906 5652 Er.
934 5612 985 5652 et
1008 5601 1174 5664 plures
1194 5608 1319 5659 Mss,
1343 5595 1394 5646 in
1409 5607 1599 5659 pompa.

580 5694 587 5703 ι
669 5667 692 5695 ³
720 5662 905 5722 Aliquot
919 5661 1047 5722 uss},
1064 5661 1264 5711 habitas.
1454 5664 1485 5673 "

673 5748 747 5805 (α)
770 5750 816 5797 hi
842 5746 1059 5804 elusdem
1080 5742 1455 5805 natalinhabitus
1488 5746 1564 5787 est
1584 5750 1745 5787 sermo
1778 5738 1827 5784 in
1862 5733 1980 5784 Psal.
2001 5746 2095 5782 cxx
2117 5739 2165 5781 ut

618 5802 785 5859 “Jun:
809 5802 881 5852 est
900 5819 1059 5879 stqra,
1082 5804 1174 5853 eoi.
1203 5802 1334 5852 1603.
2014 5828 2017 5831 -

1805 358 1845 414 s
1905 355 2258 413 AUGUSTINI
2300 322 2594 414 erucem

2263 475 2478 542 Quando
2519 480 2745 543 validas,
2796 481 2996 551 inquit,
3047 484 3258 553 facit-bat
3314 485 3367 538 iu
3407 503 3603 555 summa
3671 497 3828 547 nubes

2256 571 2454 629 quando
2478 570 2642 625 sedem
2670 588 2812 624 suam
2835 574 3124 645 segregabat
3143 593 3295 647 super
3321 591 3486 634 ventos
3503 579 3685 652 (Prov.
3712 598 3824 641 Vni.

2258 659 2354 721 50,
2384 660 2450 713 97
2474 703 2489 724 ,
2517 660 2631 731 9.8).
2675 664 2839 719 Sedes
2876 678 3049 720 autem
3080 669 3194 737 ejus
3236 672 3484 743 templum
3526 674 3663 743 ejus.
3710 678 3833 742 Quo

2257 750 2385 821 ergo
2410 753 2642 808 ibimus?
2680 756 2851 826 Super
2884 769 3069 813 ventus
3094 740 3362 818 adoraturi
3401 740 3621 827 sumus?
3648 770 3704 825 Si
3738 740 3832 824 su-

2261 854 2353 908 per
2384 854 2566 896 ventos
2593 843 2843 899 adorator
2862 889 2877 913 ,
2906 862 3031 903 aves
3069 866 3165 904 nos
3200 851 3431 908 vincunt.
3465 856 3517 910 Si
3544 867 3723 914 autem
3752 862 3834 915 in-

2260 931 2553 1001 telligamus
2582 947 2765 990 ventos
2788 939 2991 993 animas
3017 981 3032 1005 ,
3080 940 3130 994 id
3159 953 3278 1009 est,
3308 956 3583 1002 ventorum
3612 954 3835 1009 nomine

2258 1023 2575 1113 signiﬁcatus
2604 1028 2806 1083 animas
2827 1071 2841 1093 ,
2870 1031 3006 1085 sicut
3030 1033 3103 1087 ait
3130 1037 3357 1104 quodam
3387 1039 3503 1095 loco
3527 1041 3828 1113 Scriptura,

2272 1111 2461 1168 Volarit
2504 1133 2654 1185 super
2680 1136 2868 1187 pennas
2910 1129 3162 1179 ventorum
3193 1126 3366 1199 (Psal.
3392 1147 3532 1195 xvu,
3571 1111 3693 1204 ll);
3730 1137 3834 1193 huc

2260 1212 2370 1269 est,
2402 1221 2559 1273 super
2588 1209 2804 1264 virtutes
2843 1214 3137 1269 animarum
3164 1235 3177 1271 :
3205 1219 3344 1273 unde
3362 1231 3415 1275 et
3441 1222 3593 1277 ﬂatus
3622 1226 3720 1280 Dei
3744 1230 3829 1282 di-

2260 1299 2397 1351 citur
2418 1300 2588 1353 anima
2616 1300 2770 1367 (Gen.
2801 1320 2854 1367 ιι,
2891 1306 2943 1376 7)
2962 1349 2976 1371 ,
3009 1317 3253 1377 tanquam
3282 1322 3496 1376 ventus,
3524 1332 3628 1371 non
3651 1329 3703 1371 ut
3730 1321 3834 1375 iste

2261 1387 2574 1457 intelligatur
2605 1404 2791 1447 ventus
2814 1410 2917 1464 quo
2944 1412 3136 1466 corpus
3180 1402 3503 1469 propellente
3545 1410 3828 1472 Sentinms,

2260 1479 2353 1533 scd
2376 1490 2431 1533 ut
2447 1481 2561 1549 ejus
2583 1486 2796 1540 nomine
2821 1486 3141 1555 signiﬁcetur
3158 1490 3352 1561 aliquid
3382 1494 3665 1564 invisibile,
3684 1500 3833 1569 quod

2262 1587 2431 1641 neque
2458 1572 2621 1626 oculis
2654 1575 2801 1629 cerni
2841 1587 3014 1645 potest
3038 1617 3053 1642 ,
3100 1596 3197 1635 nec
3231 1584 3412 1637 sentiri
3440 1586 3655 1641 auribus
3677 1631 3690 1654 ,
3729 1608 3835 1647 nec

2260 1664 2481 1719 odoratu
2507 1664 2626 1719 duci
2650 1708 2663 1731 ,
2702 1681 2799 1722 nec
2826 1668 2999 1736 palato
3024 1672 3222 1739 gustari
3246 1715 3260 1738 ,
3296 1690 3395 1729 nec
3422 1691 3578 1730 manu
3608 1691 3837 1735 contre-

2260 1757 2419 1821 ctari;
2468 1756 2608 1826 quod
2652 1766 2733 1811 est
2763 1758 2940 1828 utique
2982 1759 3084 1814 vita
3135 1762 3411 1832 qumdam,
3448 1782 3546 1836 qua
3575 1768 3832 1832 vivinms.

2262 1860 2378 1915 qum
2428 1846 2600 1901 anima
2648 1847 2881 1903 dicitur:
2927 1850 2971 1904 si
3015 1849 3113 1905 bos
3157 1865 3340 1908 ventos
3388 1843 3833 1928 intellexérimns,

2263 1948 2367 1989 non
2409 1945 2491 1990 est
2531 1951 2695 2005 quare
2723 1953 3016 2007 qumramus
3063 1955 3260 2010 pennas
3300 1943 3526 2000 visibiles
3554 1988 3567 2010 ,
3615 1958 3671 2002 ut
3705 1966 3835 2005 cum

2262 2024 2445 2081 avibus
2474 2027 2712 2083 volemus
2739 2028 2806 2083 ad
2832 2028 3157 2086 adorandum
3183 2032 3250 2088 ad
3276 2039 3530 2104 templum
3574 2038 3695 2105 Dei;
3732 2044 3836 2098 sed

2263 2133 2424 2188 super
2467 2134 2565 2176 nos
2616 2121 2759 2191 ipsos
2806 2122 3132 2179 inveniemus
3172 2125 3333 2181 Deum
3361 2128 3581 2195 sedere,
3632 2134 3674 2186 si
3709 2135 3838 2204 ejus

2263 2209 2442 2267 fideles
2470 2227 2589 2268 esse
2613 2214 2954 2277 voluerimus.
2975 2214 3161 2271 Videte
3184 2219 3228 2272 si
3256 2219 3357 2275 hoe
3381 2235 3486 2277 non
3517 2233 3598 2278 est
3627 2243 3655 2290 ε,
3672 2224 3838 2279 Tem-

2260 2297 2401 2367 plum
2424 2297 2556 2351 enim
2592 2296 2688 2351 Dei
2720 2308 2943 2353 sanctum
2973 2310 3077 2368 est,
3106 2303 3180 2356 ait
3205 2304 3489 2373 Apostolus
3507 2348 3523 2372 ,
3552 2310 3683 2377 quod
3710 2312 3839 2365 es:s's

2264 2404 2349 2445 vos
2376 2389 2415 2460 (l
2444 2388 2561 2445 Cor.
2591 2406 2645 2445 ιιι
2669 2431 2685 2458 ,
2729 2392 2840 2462 17).
2879 2392 3036 2449 Certe
3066 2404 3278 2460 tamen,
3318 2399 3457 2467 quod
3493 2399 3835 2458 manifestum

2264 2489 2365 2544 est,
2397 2480 2447 2534 in
2478 2479 2692 2550 Angelis
2722 2480 2921 2537 habitat
2946 2482 3107 2539 Deus.
3136 2485 3275 2555 Ergo
3302 2500 3423 2542 cum
3451 2489 3695 2557 gaudium
3729 2508 3837 2545 tm-

2265 2579 2431 2626 strum
2456 2571 2523 2628 de
2559 2571 2913 2642 spiritualibus
2952 2575 3143 2640 rebus,
3190 2593 3295 2633 non
3325 2579 3392 2635 de
3423 2582 3644 2637 terrenis
3670 2583 3837 2641 bouis

2218 2676 2231 2689 ’
2265 2663 2761 2719 assumiteanticum
2785 2665 2912 2731 Deo,
2945 2673 3001 2720 ut
3020 2666 3211 2735 psallat
3234 2682 3412 2725 coram
3435 2672 3684 2741 Angelis;
3714 2674 3833 2743 ipsa

2264 2754 2602 2825 congregatio
2643 2756 2961 2825 Angelorum
2980 2746 3252 2826 templum
3282 2759 3375 2814 Dei
3403 2770 3514 2828 est,
3544 2762 3832 2820 adomnus

2265 2844 2332 2900 ad
2364 2845 2612 2915 templum
2644 2846 2757 2902 Dei.
2787 2847 3021 2903 Ecclesia
3050 2847 3299 2903 deorsum
3326 2892 3341 2915 ,
3372 2860 3427 2907 et
3448 2851 3676 2907 Ecclesia
3706 2869 3837 2910 sur-

2266 2950 2382 2992 sum
2409 2953 2423 2992 :
2452 2936 2687 2992 Ecclesia
2708 2935 2953 2992 deorsum
2982 2937 3032 2992 in
3070 2938 3317 2995 omnibus
3344 2939 3603 3007 lidelibus,
3640 2944 3841 3001 Eccle-

2265 3026 2341 3081 sia
2390 3042 2596 3082 sursum
2641 3026 2693 3081 in
2731 3026 2974 3083 omnibus
3014 3029 3248 3101 Angelis.
3301 3029 3405 3087 Sed
3450 3030 3727 3088 descendit
3766 3037 3837 3091 ad

2266 3113 2555 3171 Ecclesiam
2582 3116 2827 3171 deorsum
2868 3116 3119 3172 Dominus
3158 3119 3474 3189 Angelon
3500 3162 3518 3188 ,
3563 3131 3617 3177 et
3637 3122 3688 3177 ei
3715 3126 3837 3182 An-

2264 3207 2365 3278 geli
2393 3208 2443 3262 iu
2472 3216 2607 3263 terra
2640 3208 3069 3265 ministraverunt
3087 3211 3404 3269 ministranti
3430 3214 3581 3270 nobis
3604 3215 3835 3285 (Matth.

2265 3315 2349 3367 Iv,
2387 3299 2496 3371 il).
2527 3299 2647 3355 Non
2671 3302 2802 3356 enim
2829 3301 2939 3357 veni
2959 3344 2975 3370 ,
3006 3303 3206 3374 inquit,
3238 3306 3533 3374 ministrari,
3560 3311 3649 3363 sed
3673 3311 3834 3367 inini-

2263 3402 2426 3446 strare
2451 3392 2560 3465 (Id.
2588 3410 2679 3459 xx,
2709 3394 2823 3466 28).
2851 3395 2984 3464 Quid
3009 3397 3162 3453 nobis
3181 3398 3531 3467 ministravit,
3559 3403 3658 3458 nisi
3677 3406 3831 3475 quod

2265 3481 2530 3554 hodieque
2568 3486 2949 3541 manducamus
2979 3488 2994 3518 ⁸
3022 3496 3078 3543 et
3105 3488 3373 3545 bibimus?
3416 3489 3548 3549 Cum
3575 3509 3701 3565 ergo
3725 3496 3834 3551 Do-

2263 3575 2441 3631 minus
2470 3576 2799 3646 Angelorum,
2835 3578 2988 3633 nobis
3034 3579 3381 3648 ministrarit,
3429 3599 3532 3639 non
3575 3585 3832 3656 despero-

2264 3684 2384 3724 mus
2410 3683 2506 3722 nos
2532 3667 2738 3723 futuros
2766 3670 2995 3739 aequales
3024 3671 3258 3741 Angelis.
3275 3736 3279 3741 _
3296 3672 3462 3743 Major
3484 3676 3625 3729 enim
3651 3679 3831 3748 Ange-

2262 3759 2330 3815 lis
2369 3758 2643 3814 descendit
2684 3759 2750 3814 ad
2798 3759 3101 3826 hominem,
3146 3770 3200 3816 et
3242 3763 3462 3820 Greater
3504 3766 3827 3836 Aegi-larum

2263 3852 2494 3920 suscepit
2522 3851 2786 3907 hominem
2812 3892 2828 3916 ,
2858 3852 3111 3908 Dominus
3134 3855 3451 3926 Angelorum
3481 3869 3718 3915 mortuus
3744 3872 3829 3918 est

2264 3958 2363 4015 pro
2388 3941 2622 3999 homine.
2644 3942 2878 3998 Adorabo
2900 3958 3027 4016 ergo
3045 3944 3113 3999 ad
3136 3946 3378 4016 templum
3402 3960 3629 4003 sanctum
3650 3961 3829 4005 tuum:

2263 4034 2497 4104 intelligo
2526 4035 2776 4105 templum
2807 4044 2949 4090 tuum
2975 4050 3082 4091 non
3112 4052 3271 4093 mauu
3296 4037 3492 4111 factum
3513 4081 3530 4107 ,
3558 4040 3652 4096 sed
3679 4040 3828 4112 quod

2263 4134 2320 4179 tu
2343 4125 2509 4180 iecisti
2538 4125 2648 4180 tibi.

2336 4217 2389 4272 5.
2425 4216 2493 4271 Et
2524 4217 2792 4287 conﬁtebor
2832 4220 3024 4273 nomini
3048 4229 3135 4274 tuo
3159 4261 3176 4284 ,
3221 4220 3276 4275 in
3301 4221 3642 4276 misericordia
3669 4231 3761 4278 tua
3784 4234 3837 4308 ᾳ

2244 4308 2479 4385 veritate
2503 4318 2610 4362 tua.
2653 4307 2712 4363 ln
2737 4308 2942 4366 duobus
2967 4310 3081 4366 istis
3105 4314 3418 4369 contitemur
3450 4331 3462 4366 :
3501 4314 3579 4370 sic
3601 4315 3749 4370 enim
3774 4307 3834 4371 et

2266 4398 2318 4453 in
2348 4400 2454 4453 alio
2481 4399 2683 4468 psalmo
2728 4399 2952 4469 legitur,
3002 4401 3258 4458 Universw
3280 4404 3372 4457 vite
3396 4403 3601 4458 Domini
3628 4406 3834 4461 miseri-

2265 4489 2436 4543 cordia
2459 4498 2506 4544 et
2534 4490 2710 4546 veritas
2739 4490 2910 4564 (Psal.
2937 4508 3089 4560 xxxv,
3116 4493 3226 4564 l0).
3254 4493 3310 4548 lu
3328 4493 3534 4549 duobus
3559 4495 3670 4549 istis
3700 4512 3838 4553 con-

2267 4583 2513 4650 ﬁtemur;
2539 4586 2591 4639 in
2621 4596 2707 4639 tua
2732 4588 3091 4655 misericordia,
3121 4599 3169 4646 et
3195 4589 3248 4643 in
3268 4598 3352 4643 tua
3377 4592 3602 4648 ueritate.
3626 4592 3839 4649 Miseri-

2267 4676 2445 4731 cordia
2476 4685 2802 4745 peccatorem
2828 4678 3106 4748 respexisti
3129 4719 3144 4744 ,
3173 4681 3396 4735 veritate
3421 4683 3834 4751 promissionem

2268 4768 2563 4825 reddidisti.
2586 4769 2653 4824 In
2679 4780 2766 4824 tua
2792 4785 2920 4841 ergo
2943 4772 3282 4826 misericordia
3309 4783 3355 4827 et
3376 4774 3579 4828 veritate
3599 4777 3834 4831 conﬁte-

2268 4860 2366 4917 hor
2391 4862 2503 4919 tibi.
2535 4863 2639 4918 llas
2660 4864 2816 4919 etiam
2836 4878 2937 4933 ego
2964 4878 3061 4934 pro
3083 4865 3215 4920 meis
3240 4865 3436 4920 viribus
3465 4865 3666 4934 reddo,
3697 4882 3835 4938 quas

2269 4955 2399 5010 mihi
2448 4954 2692 5023 donasti,
2740 4955 2939 5011 iaciens
2970 4955 3381 5011 misericordiam
3418 4965 3473 5011 et
3511 4958 3826 5026 veritatem;

2271 5046 2682 5102 misericordiam
2728 5046 2783 5101 in
2832 5047 3214 5113 subvenieudo,
3262 5048 3536 5111 veritatem
3586 5049 3641 5104 in
3685 5050 3831 5119 judi-

2270 5138 2457 5192 caudo.
2489 5138 2583 5192 llis
2603 5137 2953 5207 adjuvamura
2980 5137 3086 5192 Deo
3104 5179 3120 5203 ,
3150 5136 3229 5192 his
3253 5153 3622 5208 promerentur
3643 5139 3834 5208 Deum,

2269 5230 2453 5285 Merito
2487 5246 2619 5299 ergo
2658 5229 2997 5284 misericordia
3032 5239 3079 5283 et
3120 5230 3297 5284 veritas
3332 5230 3579 5284 universa:
3608 5231 3704 5286 vice
3729 5230 3837 5287 Do-

2270 5321 2413 5374 mini.
2464 5319 2580 5375 Non
2626 5328 2747 5374 sunt
2785 5319 2903 5374 alia:
2930 5320 3062 5385 vim,
3106 5319 3294 5388 quibus
3331 5319 3397 5373 ad
3442 5335 3540 5375 nos
3564 5322 3747 5376 veniat
3771 5324 3832 5386 ’;

2271 5426 2373 5465 non
2400 5419 2521 5465 sunt
2548 5411 2662 5464 alia:
2687 5413 2782 5463 via:
2805 5451 2821 5476 ,
2851 5410 3037 5479 quibus
3058 5408 3123 5463 ad
3152 5409 3293 5463 illum
3325 5411 3617 5464 veniamus.

2342 5504 2393 5555 6.
2428 5502 2673 5568 Quoniam
2696 5502 3024 5571 magni/icasti
3045 5518 3193 5570 super
3221 5517 3383 5564 omne,
3405 5514 3582 5554 nomen
3604 5510 3842 5556 sanctum

2270 5584 2437 5647 tuum;
2478 5582 2655 5660 Qualis
2695 5592 3154 5662 ista‘gratulatio,
3204 5590 3433 5647 fratres?
3481 5591 3847 5661 Magniﬁeavit

2336 5729 2351 5758 ί
2378 5734 2496 5775 Tres
2513 5733 2636 5779 “5.5.,
2661 5725 3061 5775 nmnducarimvs.

2240 5788 2251 5798 '
2338 5792 2354 5819 ²
2380 5800 2460 5835 Atti
2490 5794 2550 5867 ,οἱ
2579 5788 2751 5849 .l.tpu:t
2814 5792 2907 5847 δε,
2928 5788 3063 5837 venit.
