  <div class='ocr_page' id='page_1' title='image "/cluster/home/n/w/nwhite01/storage/ocr_20150623/37/hvd.32044096580592/384.png"; bbox 0 0 4032 6202; ppageno 0'>
   <div class='ocr_carea' id='block_1_1' title="bbox 307 403 441 459">
    <p class='ocr_par' dir='ltr' id='par_1_1' title="bbox 307 403 441 459">
     <span class='ocr_line' id='line_1_1' title="bbox 307 403 441 459; baseline 0.007 -1"><span class='ocrx_word' id='word_1_1' title='bbox 307 403 441 459; x_wconf 74' lang='grc'>1777</span> 
     </span>
    </p>
   </div>
   <div class='ocr_carea' id='block_1_2' title="bbox 301 501 1868 590">
    <p class='ocr_par' dir='ltr' id='par_1_2' title="bbox 301 501 1868 590">
     <span class='ocr_line' id='line_1_2' title="bbox 301 501 1868 590; baseline 0.004 -18"><span class='ocrx_word' id='word_1_2' title='bbox 301 501 493 572; x_wconf 80' lang='lat' dir='ltr'><strong>nomen</strong></span> <span class='ocrx_word' id='word_1_3' title='bbox 516 535 669 573; x_wconf 87' lang='lat' dir='ltr'><strong>suum</strong></span> <span class='ocrx_word' id='word_1_4' title='bbox 697 531 932 575; x_wconf 89' lang='lat' dir='ltr'><strong>sanctum</strong></span> <span class='ocrx_word' id='word_1_5' title='bbox 959 536 1118 590; x_wconf 85' lang='lat' dir='ltr'><strong>super</strong></span> <span class='ocrx_word' id='word_1_6' title='bbox 1144 521 1432 576; x_wconf 79' lang='lat' dir='ltr'><strong>Abraham.</strong></span> <span class='ocrx_word' id='word_1_7' title='bbox 1464 523 1698 578; x_wconf 86' lang='lat' dir='ltr'><strong>Credidit</strong></span> <span class='ocrx_word' id='word_1_8' title='bbox 1725 525 1868 578; x_wconf 92' lang='lat' dir='ltr'><strong>cnim</strong></span> 
     </span>
    </p>
   </div>
   <div class='ocr_carea' id='block_1_3' title="bbox 299 609 1864 684">
    <p class='ocr_par' dir='ltr' id='par_1_3' title="bbox 299 609 1864 684">
     <span class='ocr_line' id='line_1_3' title="bbox 299 609 1864 684; baseline 0.005 -22"><span class='ocrx_word' id='word_1_9' title='bbox 299 609 565 664; x_wconf 66' lang='lat' dir='ltr'><strong>Abraham</strong></span> <span class='ocrx_word' id='word_1_10' title='bbox 619 613 760 674; x_wconf 88' lang='lat' dir='ltr'><strong>Deo,</strong></span> <span class='ocrx_word' id='word_1_11' title='bbox 812 623 866 668; x_wconf 91' lang='lat' dir='ltr'><strong>et</strong></span> <span class='ocrx_word' id='word_1_12' title='bbox 907 613 1215 683; x_wconf 74' lang='lat' dir='ltr'><strong>deputatum</strong></span> <span class='ocrx_word' id='word_1_13' title='bbox 1256 623 1339 668; x_wconf 92' lang='lat' dir='ltr'><strong>cst</strong></span> <span class='ocrx_word' id='word_1_14' title='bbox 1391 614 1461 668; x_wconf 92' lang='lat' dir='ltr'><strong>illi</strong></span> <span class='ocrx_word' id='word_1_15' title='bbox 1504 615 1567 668; x_wconf 90' lang='lat' dir='ltr'><strong>ad</strong></span> <span class='ocrx_word' id='word_1_16' title='bbox 1610 613 1864 684; x_wconf 87' lang='lat' dir='ltr'><strong>justitiam</strong></span> 
     </span>
    </p>
   </div>
   <div class='ocr_carea' id='block_1_4' title="bbox 298 699 1862 776">
    <p class='ocr_par' dir='ltr' id='par_1_4' title="bbox 298 699 1862 776">
     <span class='ocr_line' id='line_1_4' title="bbox 298 699 1862 776; baseline 0.003 -23"><span class='ocrx_word' id='word_1_17' title='bbox 298 699 446 768; x_wconf 76' lang='lat' dir='ltr'><strong>(Cen.</strong></span> <span class='ocrx_word' id='word_1_18' title='bbox 480 718 570 766; x_wconf 82' lang='lat' dir='ltr'><strong>xv,</strong></span> <span class='ocrx_word' id='word_1_19' title='bbox 596 702 664 763; x_wconf 84' lang='lat'><strong>6;</strong></span> <span class='ocrx_word' id='word_1_20' title='bbox 696 703 840 757; x_wconf 87' lang='lat' dir='ltr'><em>Rom.</em></span> <span class='ocrx_word' id='word_1_21' title='bbox 874 720 945 770; x_wconf 87' lang='lat' dir='ltr'><strong>Iv,</strong></span> <span class='ocrx_word' id='word_1_22' title='bbox 975 702 1048 776; x_wconf 81' lang='grc'><strong>5).</strong></span> <span class='ocrx_word' id='word_1_23' title='bbox 1077 703 1296 758; x_wconf 60' lang='grc' dir='ltr'><strong>(λειω-τυ</strong></span> <span class='ocrx_word' id='word_1_24' title='bbox 1324 720 1511 759; x_wconf 90' lang='lat' dir='ltr'><strong>onmes</strong></span> <span class='ocrx_word' id='word_1_25' title='bbox 1539 715 1722 774; x_wconf 86' lang='lat' dir='ltr'><strong>gentes</strong></span> <span class='ocrx_word' id='word_1_26' title='bbox 1753 705 1862 758; x_wconf 84' lang='lat' dir='ltr'><strong>ido-</strong></span> 
     </span>
    </p>
   </div>
   <div class='ocr_carea' id='block_1_5' title="bbox 299 794 1868 860">
    <p class='ocr_par' dir='ltr' id='par_1_5' title="bbox 299 794 1868 860">
     <span class='ocr_line' id='line_1_5' title="bbox 299 794 1868 860; baseline 0.005 -14"><span class='ocrx_word' id='word_1_27' title='bbox 299 795 357 846; x_wconf 76' lang='lat' dir='ltr'><strong>lis</strong></span> <span class='ocrx_word' id='word_1_28' title='bbox 388 794 760 860; x_wconf 91' lang='lat' dir='ltr'><strong>innnolabant,</strong></span> <span class='ocrx_word' id='word_1_29' title='bbox 792 796 1122 852; x_wconf 65' lang='lat' dir='ltr'><strong>daemonibus</strong></span> <span class='ocrx_word' id='word_1_30' title='bbox 1148 797 1464 852; x_wconf 83' lang='lat' dir='ltr'><strong>serviebant.</strong></span> <span class='ocrx_word' id='word_1_31' title='bbox 1497 798 1656 852; x_wconf 86' lang='lat' dir='ltr'><strong>Natus</strong></span> <span class='ocrx_word' id='word_1_32' title='bbox 1695 809 1775 853; x_wconf 89' lang='lat' dir='ltr'><strong>est</strong></span> <span class='ocrx_word' id='word_1_33' title='bbox 1803 815 1868 854; x_wconf 79' lang='lat' dir='ltr'><strong>ex</strong></span> 
     </span>
    </p>
   </div>
   <div class='ocr_carea' id='block_1_6' title="bbox 298 885 1865 961">
    <p class='ocr_par' dir='ltr' id='par_1_6' title="bbox 298 885 1865 961">
     <span class='ocr_line' id='line_1_6' title="bbox 298 885 1865 961; baseline 0.005 -23"><span class='ocrx_word' id='word_1_34' title='bbox 298 885 562 939; x_wconf 70' lang='lat' dir='ltr'><strong>Abraham</strong></span> <span class='ocrx_word' id='word_1_35' title='bbox 594 886 768 949; x_wconf 82' lang='lat' dir='ltr'><strong>Isaae:</strong></span> <span class='ocrx_word' id='word_1_36' title='bbox 799 889 1163 958; x_wconf 77' lang='lat' dir='ltr'><strong>magnificatus</strong></span> <span class='ocrx_word' id='word_1_37' title='bbox 1190 899 1271 945; x_wconf 91' lang='lat' dir='ltr'><strong>est</strong></span> <span class='ocrx_word' id='word_1_38' title='bbox 1294 905 1453 961; x_wconf 91' lang='lat' dir='ltr'><strong>super</strong></span> <span class='ocrx_word' id='word_1_39' title='bbox 1481 892 1622 945; x_wconf 87' lang='lat' dir='ltr'><strong>illam</strong></span> <span class='ocrx_word' id='word_1_40' title='bbox 1650 891 1865 946; x_wconf 90' lang='lat' dir='ltr'><strong>domum</strong></span> 
     </span>
    </p>
   </div>
   <div class='ocr_carea' id='block_1_7' title="bbox 297 980 1864 1060">
    <p class='ocr_par' dir='ltr' id='par_1_7' title="bbox 297 980 1864 1060">
     <span class='ocr_line' id='line_1_7' title="bbox 297 980 1864 1060; baseline 0.004 -28"><span class='ocrx_word' id='word_1_41' title='bbox 297 981 431 1032; x_wconf 82' lang='lat' dir='ltr'><strong>Deus</strong></span> <span class='ocrx_word' id='word_1_42' title='bbox 462 997 474 1032; x_wconf 89' lang='lat'><strong>:</strong></span> <span class='ocrx_word' id='word_1_43' title='bbox 507 980 626 1034; x_wconf 92' lang='lat' dir='ltr'><strong>inde</strong></span> <span class='ocrx_word' id='word_1_44' title='bbox 655 980 854 1048; x_wconf 82' lang='lat' dir='ltr'><strong>Jacob;</strong></span> <span class='ocrx_word' id='word_1_45' title='bbox 902 983 1265 1054; x_wconf 82' lang='lat' dir='ltr'><strong>magniﬁcatus</strong></span> <span class='ocrx_word' id='word_1_46' title='bbox 1291 994 1372 1038; x_wconf 88' lang='lat' dir='ltr'><strong>est</strong></span> <span class='ocrx_word' id='word_1_47' title='bbox 1400 985 1536 1039; x_wconf 88' lang='lat' dir='ltr'><strong>Deus</strong></span> <span class='ocrx_word' id='word_1_48' title='bbox 1558 1027 1570 1048; x_wconf 93' lang='lat'><strong>,</strong></span> <span class='ocrx_word' id='word_1_49' title='bbox 1600 985 1688 1054; x_wconf 86' lang='lat' dir='ltr'><strong>qui</strong></span> <span class='ocrx_word' id='word_1_50' title='bbox 1715 985 1864 1060; x_wconf 86' lang='lat' dir='ltr'><strong>dicit,</strong></span> 
     </span>
    </p>
   </div>
   <div class='ocr_carea' id='block_1_8' title="bbox 293 1075 1867 1146">
    <p class='ocr_par' dir='ltr' id='par_1_8' title="bbox 293 1075 1867 1146">
     <span class='ocr_line' id='line_1_8' title="bbox 293 1075 1867 1146; baseline 0.006 -21"><span class='ocrx_word' id='word_1_51' title='bbox 293 1075 404 1142; x_wconf 58' lang='lat' dir='ltr'><strong>ligo</strong></span> <span class='ocrx_word' id='word_1_52' title='bbox 431 1094 541 1130; x_wconf 85' lang='lat' dir='ltr'><strong>sum</strong></span> <span class='ocrx_word' id='word_1_53' title='bbox 567 1077 706 1132; x_wconf 81' lang='lat' dir='ltr'><strong>Deus</strong></span> <span class='ocrx_word' id='word_1_54' title='bbox 729 1079 1015 1144; x_wconf 79' lang='lat' dir='ltr'><strong>Abraham,</strong></span> <span class='ocrx_word' id='word_1_55' title='bbox 1048 1089 1092 1134; x_wconf 85' lang='lat' dir='ltr'><strong>et</strong></span> <span class='ocrx_word' id='word_1_56' title='bbox 1122 1080 1258 1134; x_wconf 80' lang='lat' dir='ltr'><strong>Deus</strong></span> <span class='ocrx_word' id='word_1_57' title='bbox 1288 1079 1456 1146; x_wconf 78' lang='lat' dir='ltr'><strong>Isaac,</strong></span> <span class='ocrx_word' id='word_1_58' title='bbox 1482 1090 1526 1134; x_wconf 83' lang='lat' dir='ltr'><strong>et</strong></span> <span class='ocrx_word' id='word_1_59' title='bbox 1546 1081 1682 1134; x_wconf 81' lang='lat' dir='ltr'><strong>Deus</strong></span> <span class='ocrx_word' id='word_1_60' title='bbox 1707 1080 1867 1134; x_wconf 86' lang='lat' dir='ltr'><strong>Jacob</strong></span> 
     </span>
    </p>
   </div>
   <div class='ocr_carea' id='block_1_9' title="bbox 289 1169 1898 1256">
    <p class='ocr_par' dir='ltr' id='par_1_9' title="bbox 289 1169 1898 1256">
     <span class='ocr_line' id='line_1_9' title="bbox 289 1169 1898 1256; baseline 0.004 -37"><span class='ocrx_word' id='word_1_61' title='bbox 289 1169 482 1233; x_wconf 70' lang='lat' dir='ltr'><strong>(Exod.</strong></span> <span class='ocrx_word' id='word_1_62' title='bbox 511 1186 588 1235; x_wconf 91' lang='lat' dir='ltr'><strong>III,</strong></span> <span class='ocrx_word' id='word_1_63' title='bbox 616 1172 669 1240; x_wconf 85' lang='grc'>6)</span> <span class='ocrx_word' id='word_1_64' title='bbox 704 1189 716 1223; x_wconf 88' lang='lat'>:</span> <span class='ocrx_word' id='word_1_65' title='bbox 749 1171 870 1226; x_wconf 89' lang='lat' dir='ltr'><strong>inde</strong></span> <span class='ocrx_word' id='word_1_66' title='bbox 887 1171 1162 1227; x_wconf 88' lang='lat' dir='ltr'><strong>duodecim</strong></span> <span class='ocrx_word' id='word_1_67' title='bbox 1187 1173 1295 1235; x_wconf 86' lang='lat' dir='ltr'><strong>lilii,</strong></span> <span class='ocrx_word' id='word_1_68' title='bbox 1318 1173 1440 1228; x_wconf 88' lang='lat' dir='ltr'><strong>inde</strong></span> <span class='ocrx_word' id='word_1_69' title='bbox 1470 1172 1689 1243; x_wconf 89' lang='lat' dir='ltr'><strong>populus</strong></span> <span class='ocrx_word' id='word_1_70' title='bbox 1706 1172 1867 1228; x_wconf 81' lang='lat' dir='ltr'><strong>lsrael</strong></span> <span class='ocrx_word' id='word_1_71' title='bbox 1892 1241 1898 1256; x_wconf 31' lang='grc' dir='ltr'>δ</span> 
     </span>
    </p>
   </div>
   <div class='ocr_carea' id='block_1_10' title="bbox 291 1260 1866 1335">
    <p class='ocr_par' dir='ltr' id='par_1_10' title="bbox 291 1260 1866 1335">
     <span class='ocr_line' id='line_1_10' title="bbox 291 1260 1866 1335; baseline 0.004 -23"><span class='ocrx_word' id='word_1_72' title='bbox 291 1260 541 1314; x_wconf 84' lang='lat' dir='ltr'><strong>liberatus</strong></span> <span class='ocrx_word' id='word_1_73' title='bbox 577 1263 643 1316; x_wconf 92' lang='lat' dir='ltr'><strong>ab</strong></span> <span class='ocrx_word' id='word_1_74' title='bbox 663 1260 917 1334; x_wconf 65' lang='lat' dir='ltr'><strong>Egypto,</strong></span> <span class='ocrx_word' id='word_1_75' title='bbox 941 1263 1129 1319; x_wconf 91' lang='lat' dir='ltr'><strong>ductus</strong></span> <span class='ocrx_word' id='word_1_76' title='bbox 1153 1281 1248 1335; x_wconf 90' lang='lat' dir='ltr'><strong>per</strong></span> <span class='ocrx_word' id='word_1_77' title='bbox 1269 1280 1413 1319; x_wconf 91' lang='lat' dir='ltr'><strong>mare</strong></span> <span class='ocrx_word' id='word_1_78' title='bbox 1437 1265 1690 1331; x_wconf 77' lang='lat' dir='ltr'><strong>Rubrum,</strong></span> <span class='ocrx_word' id='word_1_79' title='bbox 1713 1282 1866 1321; x_wconf 77' lang='lat' dir='ltr'><strong>exer-</strong></span> 
     </span>
    </p>
   </div>
   <div class='ocr_carea' id='block_1_11' title="bbox 286 1353 1863 1428">
    <p class='ocr_par' dir='ltr' id='par_1_11' title="bbox 286 1353 1863 1428">
     <span class='ocr_line' id='line_1_11' title="bbox 286 1353 1863 1428; baseline 0.007 -24"><span class='ocrx_word' id='word_1_80' title='bbox 286 1353 479 1407; x_wconf 87' lang='lat' dir='ltr'><strong>citatus</strong></span> <span class='ocrx_word' id='word_1_81' title='bbox 514 1355 564 1408; x_wconf 92' lang='lat' dir='ltr'><strong>in</strong></span> <span class='ocrx_word' id='word_1_82' title='bbox 596 1371 813 1420; x_wconf 89' lang='lat' dir='ltr'><strong>eremo,</strong></span> <span class='ocrx_word' id='word_1_83' title='bbox 859 1357 1043 1425; x_wconf 76' lang='lat' dir='ltr'><strong>ejectis</strong></span> <span class='ocrx_word' id='word_1_84' title='bbox 1082 1357 1340 1412; x_wconf 86' lang='lat' dir='ltr'><strong>Gentibus</strong></span> <span class='ocrx_word' id='word_1_85' title='bbox 1371 1359 1420 1412; x_wconf 85' lang='lat' dir='ltr'><strong>in</strong></span> <span class='ocrx_word' id='word_1_86' title='bbox 1465 1367 1603 1413; x_wconf 89' lang='lat' dir='ltr'><strong>terra</strong></span> <span class='ocrx_word' id='word_1_87' title='bbox 1634 1359 1863 1428; x_wconf 90' lang='lat' dir='ltr'><strong>promis-</strong></span> 
     </span>
    </p>
   </div>
   <div class='ocr_carea' id='block_1_12' title="bbox 286 1445 1862 1525">
    <p class='ocr_par' dir='ltr' id='par_1_12' title="bbox 286 1445 1862 1518">
     <span class='ocr_line' id='line_1_12' title="bbox 286 1445 1862 1518; baseline 0.005 -23"><span class='ocrx_word' id='word_1_88' title='bbox 286 1445 452 1497; x_wconf 87' lang='lat' dir='ltr'><strong>sionis</strong></span> <span class='ocrx_word' id='word_1_89' title='bbox 478 1447 767 1500; x_wconf 80' lang='lat' dir='ltr'><strong>collocatus</strong></span> <span class='ocrx_word' id='word_1_90' title='bbox 794 1459 894 1502; x_wconf 87' lang='lat' dir='ltr'><strong>est.</strong></span> <span class='ocrx_word' id='word_1_91' title='bbox 923 1448 1306 1518; x_wconf 75' lang='lat' dir='ltr'><strong>Maguilicatnm</strong></span> <span class='ocrx_word' id='word_1_92' title='bbox 1335 1457 1416 1503; x_wconf 90' lang='lat' dir='ltr'><strong>est</strong></span> <span class='ocrx_word' id='word_1_93' title='bbox 1441 1465 1631 1502; x_wconf 80' lang='lat' dir='ltr'><strong>nomen</strong></span> <span class='ocrx_word' id='word_1_94' title='bbox 1657 1449 1862 1503; x_wconf 86' lang='lat' dir='ltr'><strong>Domini</strong></span> 
     </span>
    </p>
   </div>
   <div class='ocr_carea' id='block_1_13' title="bbox 282 1536 1861 1611">
    <p class='ocr_par' dir='ltr' id='par_1_13' title="bbox 282 1536 1861 1611">
     <span class='ocr_line' id='line_1_13' title="bbox 282 1536 1861 1611; baseline 0.008 -28"><span class='ocrx_word' id='word_1_95' title='bbox 282 1551 444 1603; x_wconf 77' lang='lat' dir='ltr'><strong>super</strong></span> <span class='ocrx_word' id='word_1_96' title='bbox 474 1536 653 1590; x_wconf 89' lang='lat' dir='ltr'><strong>Israel.</strong></span> <span class='ocrx_word' id='word_1_97' title='bbox 695 1539 795 1591; x_wconf 80' lang='lat' dir='ltr'><strong>Sed</strong></span> <span class='ocrx_word' id='word_1_98' title='bbox 831 1539 951 1594; x_wconf 88' lang='lat' dir='ltr'><strong>inde</strong></span> <span class='ocrx_word' id='word_1_99' title='bbox 977 1549 1030 1594; x_wconf 87' lang='lat' dir='ltr'><strong>et</strong></span> <span class='ocrx_word' id='word_1_100' title='bbox 1058 1541 1202 1611; x_wconf 77' lang='lat' dir='ltr'><strong>virgo</strong></span> <span class='ocrx_word' id='word_1_101' title='bbox 1223 1541 1382 1594; x_wconf 84' lang='lat' dir='ltr'><strong>Maria</strong></span> <span class='ocrx_word' id='word_1_102' title='bbox 1405 1582 1419 1606; x_wconf 94' lang='lat'><strong>,</strong></span> <span class='ocrx_word' id='word_1_103' title='bbox 1451 1540 1576 1595; x_wconf 91' lang='lat' dir='ltr'><strong>inde</strong></span> <span class='ocrx_word' id='word_1_104' title='bbox 1605 1541 1861 1596; x_wconf 84' lang='lat' dir='ltr'><strong>Dominus</strong></span> 
     </span>
    </p>
   </div>
   <div class='ocr_carea' id='block_1_14' title="bbox 281 1614 1861 1703">
    <p class='ocr_par' dir='ltr' id='par_1_14' title="bbox 281 1614 1861 1703">
     <span class='ocr_line' id='line_1_14' title="bbox 281 1614 1861 1703; baseline 0.006 -25"><span class='ocrx_word' id='word_1_105' title='bbox 281 1626 560 1693; x_wconf 87' lang='lat' dir='ltr'><strong>Christus,</strong></span> <span class='ocrx_word' id='word_1_106' title='bbox 589 1614 826 1684; x_wconf 75' lang='lat' dir='ltr'><strong>mortuus</strong></span> <span class='ocrx_word' id='word_1_107' title='bbox 867 1643 1082 1701; x_wconf 88' lang='lat' dir='ltr'><strong>propter</strong></span> <span class='ocrx_word' id='word_1_108' title='bbox 1104 1643 1315 1702; x_wconf 78' lang='lat' dir='ltr'><strong>peccata</strong></span> <span class='ocrx_word' id='word_1_109' title='bbox 1347 1642 1547 1699; x_wconf 88' lang='lat' dir='ltr'><strong>nostra,</strong></span> <span class='ocrx_word' id='word_1_110' title='bbox 1581 1648 1861 1703; x_wconf 90' lang='lat' dir='ltr'><strong>resurgens</strong></span> 
     </span>
    </p>
   </div>
   <div class='ocr_carea' id='block_1_15' title="bbox 281 1719 1860 1795">
    <p class='ocr_par' dir='ltr' id='par_1_15' title="bbox 281 1719 1860 1795">
     <span class='ocr_line' id='line_1_15' title="bbox 281 1719 1860 1795; baseline 0.004 -23"><span class='ocrx_word' id='word_1_111' title='bbox 281 1729 498 1788; x_wconf 85' lang='lat' dir='ltr'><strong>propter</strong></span> <span class='ocrx_word' id='word_1_112' title='bbox 539 1719 970 1788; x_wconf 75' lang='lat' dir='ltr'><strong>jnstilieationem</strong></span> <span class='ocrx_word' id='word_1_113' title='bbox 1001 1732 1230 1778; x_wconf 90' lang='lat' dir='ltr'><strong>nostram</strong></span> <span class='ocrx_word' id='word_1_114' title='bbox 1273 1723 1446 1795; x_wconf 83' lang='lat' dir='ltr'><strong>(Rom.</strong></span> <span class='ocrx_word' id='word_1_115' title='bbox 1487 1740 1537 1778; x_wconf 90' lang='lat' dir='ltr'><strong>Iv</strong></span> <span class='ocrx_word' id='word_1_116' title='bbox 1558 1766 1572 1788; x_wconf 89' lang='lat'><strong>,</strong></span> <span class='ocrx_word' id='word_1_117' title='bbox 1601 1723 1697 1793; x_wconf 72' lang='lat'><strong>9.5)</strong></span> <span class='ocrx_word' id='word_1_118' title='bbox 1717 1765 1732 1790; x_wconf 92' lang='lat'><strong>,</strong></span> <span class='ocrx_word' id='word_1_119' title='bbox 1762 1723 1860 1779; x_wconf 92' lang='lat' dir='ltr'><strong>im-</strong></span> 
     </span>
    </p>
   </div>
   <div class='ocr_carea' id='block_1_16' title="bbox 276 1812 1860 1885">
    <p class='ocr_par' dir='ltr' id='par_1_16' title="bbox 276 1812 1860 1885">
     <span class='ocr_line' id='line_1_16' title="bbox 276 1812 1860 1885; baseline 0.004 -22"><span class='ocrx_word' id='word_1_120' title='bbox 276 1812 431 1880; x_wconf 89' lang='lat' dir='ltr'><strong>plcns</strong></span> <span class='ocrx_word' id='word_1_121' title='bbox 472 1813 650 1876; x_wconf 77' lang='lat' dir='ltr'><strong>ﬁdeles</strong></span> <span class='ocrx_word' id='word_1_122' title='bbox 679 1815 877 1883; x_wconf 90' lang='lat' dir='ltr'><strong>Spiritu</strong></span> <span class='ocrx_word' id='word_1_123' title='bbox 919 1824 1139 1880; x_wconf 86' lang='lat' dir='ltr'><strong>sancto,</strong></span> <span class='ocrx_word' id='word_1_124' title='bbox 1187 1815 1406 1870; x_wconf 89' lang='lat' dir='ltr'><strong>mittens</strong></span> <span class='ocrx_word' id='word_1_125' title='bbox 1446 1815 1720 1884; x_wconf 75' lang='lat' dir='ltr'><strong>przedicari</strong></span> <span class='ocrx_word' id='word_1_126' title='bbox 1765 1831 1860 1885; x_wconf 90' lang='lat' dir='ltr'><strong>per</strong></span> 
     </span>
    </p>
   </div>
   <div class='ocr_carea' id='block_1_17' title="bbox 274 1897 1856 1977">
    <p class='ocr_par' dir='ltr' id='par_1_17' title="bbox 274 1897 1856 1977">
     <span class='ocr_line' id='line_1_17' title="bbox 274 1897 1856 1977; baseline 0.001 -20"><span class='ocrx_word' id='word_1_127' title='bbox 274 1897 481 1971; x_wconf 77' lang='lat' dir='ltr'><strong>gentes,</strong></span> <span class='ocrx_word' id='word_1_128' title='bbox 514 1905 654 1975; x_wconf 79' lang='lat' dir='ltr'><strong>Agite</strong></span> <span class='ocrx_word' id='word_1_129' title='bbox 685 1907 1042 1970; x_wconf 73' lang='lat' dir='ltr'><strong>paenitentiam,</strong></span> <span class='ocrx_word' id='word_1_130' title='bbox 1070 1906 1485 1977; x_wconf 79' lang='lat' dir='ltr'><strong>appropinquavit</strong></span> <span class='ocrx_word' id='word_1_131' title='bbox 1500 1906 1630 1959; x_wconf 82' lang='lat' dir='ltr'><strong>enim</strong></span> <span class='ocrx_word' id='word_1_132' title='bbox 1647 1923 1856 1976; x_wconf 81' lang='lat' dir='ltr'><strong>regnum</strong></span> 
     </span>
    </p>
   </div>
   <div class='ocr_carea' id='block_1_18' title="bbox 273 1994 1856 2067">
    <p class='ocr_par' dir='ltr' id='par_1_18' title="bbox 273 1994 1856 2067">
     <span class='ocr_line' id='line_1_18' title="bbox 273 1994 1856 2067; baseline 0.004 -22"><span class='ocrx_word' id='word_1_133' title='bbox 273 1994 514 2046; x_wconf 68' lang='lat' dir='ltr'><strong>(telorum</strong></span> <span class='ocrx_word' id='word_1_134' title='bbox 564 1994 769 2066; x_wconf 54' lang='lat' dir='ltr'><strong>(titan/2.</strong></span> <span class='ocrx_word' id='word_1_135' title='bbox 802 2012 895 2061; x_wconf 91' lang='lat' dir='ltr'><strong>III,</strong></span> <span class='ocrx_word' id='word_1_136' title='bbox 926 1995 984 2067; x_wconf 74' lang='lat'><strong>2)</strong></span> <span class='ocrx_word' id='word_1_137' title='bbox 1015 2013 1028 2048; x_wconf 92' lang='lat'><strong>:</strong></span> <span class='ocrx_word' id='word_1_138' title='bbox 1057 2006 1110 2050; x_wconf 88' lang='lat' dir='ltr'><strong>et</strong></span> <span class='ocrx_word' id='word_1_139' title='bbox 1135 2011 1260 2052; x_wconf 90' lang='lat' dir='ltr'><strong>ecce</strong></span> <span class='ocrx_word' id='word_1_140' title='bbox 1301 1996 1658 2067; x_wconf 80' lang='lat' dir='ltr'><strong>magnificavit</strong></span> <span class='ocrx_word' id='word_1_141' title='bbox 1696 2011 1856 2067; x_wconf 87' lang='lat' dir='ltr'><strong>super</strong></span> 
     </span>
    </p>
   </div>
   <div class='ocr_carea' id='block_1_19' title="bbox 273 2096 1147 2143">
    <p class='ocr_par' dir='ltr' id='par_1_19' title="bbox 273 2096 1147 2143">
     <span class='ocr_line' id='line_1_19' title="bbox 273 2096 1147 2143; baseline 0.006 -9"><span class='ocrx_word' id='word_1_142' title='bbox 273 2099 453 2143; x_wconf 86' lang='lat' dir='ltr'><strong>omne.</strong></span> <span class='ocrx_word' id='word_1_143' title='bbox 484 2101 673 2138; x_wconf 85' lang='lat' dir='ltr'><strong>nomen</strong></span> <span class='ocrx_word' id='word_1_144' title='bbox 705 2096 942 2140; x_wconf 80' lang='lat' dir='ltr'><strong>sanctum</strong></span> <span class='ocrx_word' id='word_1_145' title='bbox 974 2102 1147 2140; x_wconf 89' lang='lat' dir='ltr'><strong>suum.</strong></span> 
     </span>
    </p>
   </div>
   <div class='ocr_carea' id='block_1_20' title="bbox 343 2177 1852 2250">
    <p class='ocr_par' dir='ltr' id='par_1_20' title="bbox 343 2177 1852 2250">
     <span class='ocr_line' id='line_1_20' title="bbox 343 2177 1852 2250; baseline 0.002 -19"><span class='ocrx_word' id='word_1_146' title='bbox 343 2179 396 2231; x_wconf 91' lang='lat'><strong>7.</strong></span> <span class='ocrx_word' id='word_1_147' title='bbox 429 2178 579 2249; x_wconf 74' lang='lat' dir='ltr'><strong>[i-ers.</strong></span> <span class='ocrx_word' id='word_1_148' title='bbox 613 2177 689 2250; x_wconf 83' lang='grc'><strong>5.]</strong></span> <span class='ocrx_word' id='word_1_149' title='bbox 739 2177 799 2232; x_wconf 90' lang='lat' dir='ltr'><strong>In</strong></span> <span class='ocrx_word' id='word_1_150' title='bbox 839 2197 1148 2250; x_wconf 80' lang='lat' dir='ltr'><strong>quacumque</strong></span> <span class='ocrx_word' id='word_1_151' title='bbox 1185 2179 1597 2234; x_wconf 80' lang='lat' dir='ltr'><strong>die-invocavero</strong></span> <span class='ocrx_word' id='word_1_152' title='bbox 1633 2188 1712 2245; x_wconf 88' lang='lat' dir='ltr'><strong>te,</strong></span> <span class='ocrx_word' id='word_1_153' title='bbox 1750 2179 1852 2234; x_wconf 85' lang='lat' dir='ltr'><strong>cito</strong></span> 
     </span>
    </p>
   </div>
   <div class='ocr_carea' id='block_1_21' title="bbox 270 2269 1852 2342">
    <p class='ocr_par' dir='ltr' id='par_1_21' title="bbox 270 2269 1852 2342">
     <span class='ocr_line' id='line_1_21' title="bbox 270 2269 1852 2342; baseline 0.003 -23"><span class='ocrx_word' id='word_1_154' title='bbox 270 2269 456 2320; x_wconf 65' lang='lat' dir='ltr'><strong>exaudi</strong></span> <span class='ocrx_word' id='word_1_155' title='bbox 479 2287 569 2323; x_wconf 86' lang='lat' dir='ltr'><strong>me.</strong></span> <span class='ocrx_word' id='word_1_156' title='bbox 595 2270 788 2336; x_wconf 89' lang='lat' dir='ltr'><strong>Quare,</strong></span> <span class='ocrx_word' id='word_1_157' title='bbox 809 2271 941 2324; x_wconf 87' lang='lat' dir='ltr'><strong>cito?</strong></span> <span class='ocrx_word' id='word_1_158' title='bbox 961 2270 1091 2338; x_wconf 89' lang='lat' dir='ltr'><strong>Quia</strong></span> <span class='ocrx_word' id='word_1_159' title='bbox 1117 2280 1168 2324; x_wconf 92' lang='lat' dir='ltr'><strong>tu</strong></span> <span class='ocrx_word' id='word_1_160' title='bbox 1195 2271 1399 2335; x_wconf 79' lang='lat' dir='ltr'><strong>dixisti,</strong></span> <span class='ocrx_word' id='word_1_161' title='bbox 1428 2270 1605 2324; x_wconf 83' lang='lat' dir='ltr'><strong>Adhuc</strong></span> <span class='ocrx_word' id='word_1_162' title='bbox 1625 2271 1852 2342; x_wconf 81' lang='lat' dir='ltr'><strong>loquente</strong></span> 
     </span>
    </p>
   </div>
   <div class='ocr_carea' id='block_1_22' title="bbox 269 2361 1851 2434">
    <p class='ocr_par' dir='ltr' id='par_1_22' title="bbox 269 2361 1851 2434">
     <span class='ocr_line' id='line_1_22' title="bbox 269 2361 1851 2434; baseline 0.004 -23"><span class='ocrx_word' id='word_1_163' title='bbox 269 2373 314 2412; x_wconf 85' lang='lat' dir='ltr'><strong>te</strong></span> <span class='ocrx_word' id='word_1_164' title='bbox 344 2361 540 2423; x_wconf 82' lang='lat' dir='ltr'><strong>dicam,</strong></span> <span class='ocrx_word' id='word_1_165' title='bbox 580 2361 708 2415; x_wconf 82' lang='lat' dir='ltr'><strong>Ecce</strong></span> <span class='ocrx_word' id='word_1_166' title='bbox 745 2363 923 2416; x_wconf 83' lang='lat' dir='ltr'><strong>adsum</strong></span> <span class='ocrx_word' id='word_1_167' title='bbox 951 2362 1104 2433; x_wconf 80' lang='lat' dir='ltr'><strong>(lsai.</strong></span> <span class='ocrx_word' id='word_1_168' title='bbox 1141 2380 1296 2428; x_wconf 84' lang='lat' dir='ltr'><strong>LVIII,</strong></span> <span class='ocrx_word' id='word_1_169' title='bbox 1327 2363 1405 2434; x_wconf 88' lang='lat'><strong>9).</strong></span> <span class='ocrx_word' id='word_1_170' title='bbox 1457 2363 1668 2430; x_wconf 84' lang='lat' dir='ltr'><strong>Quare,</strong></span> <span class='ocrx_word' id='word_1_171' title='bbox 1713 2365 1851 2418; x_wconf 80' lang='lat' dir='ltr'><strong>cito?</strong></span> 
     </span>
    </p>
   </div>
   <div class='ocr_carea' id='block_1_23' title="bbox 265 2451 1848 2522">
    <p class='ocr_par' dir='ltr' id='par_1_23' title="bbox 265 2451 1848 2522">
     <span class='ocr_line' id='line_1_23' title="bbox 265 2451 1848 2522; baseline 0.006 -20"><span class='ocrx_word' id='word_1_172' title='bbox 265 2451 405 2518; x_wconf 89' lang='lat' dir='ltr'><strong>Quia</strong></span> <span class='ocrx_word' id='word_1_173' title='bbox 453 2451 558 2519; x_wconf 89' lang='lat' dir='ltr'><strong>jam</strong></span> <span class='ocrx_word' id='word_1_174' title='bbox 589 2468 691 2505; x_wconf 90' lang='lat' dir='ltr'><strong>non</strong></span> <span class='ocrx_word' id='word_1_175' title='bbox 731 2462 848 2522; x_wconf 90' lang='lat' dir='ltr'><strong>pcto</strong></span> <span class='ocrx_word' id='word_1_176' title='bbox 875 2453 1178 2508; x_wconf 80' lang='lat' dir='ltr'><strong>felicitatem</strong></span> <span class='ocrx_word' id='word_1_177' title='bbox 1208 2462 1468 2509; x_wconf 86' lang='lat' dir='ltr'><strong>terrenam</strong></span> <span class='ocrx_word' id='word_1_178' title='bbox 1491 2495 1506 2518; x_wconf 91' lang='lat'><strong>,</strong></span> <span class='ocrx_word' id='word_1_179' title='bbox 1535 2455 1692 2510; x_wconf 90' lang='lat' dir='ltr'><strong>didici</strong></span> <span class='ocrx_word' id='word_1_180' title='bbox 1723 2471 1848 2511; x_wconf 80' lang='lat' dir='ltr'><strong>san-</strong></span> 
     </span>
    </p>
   </div>
   <div class='ocr_carea' id='block_1_24' title="bbox 261 2543 1841 2618">
    <p class='ocr_par' dir='ltr' id='par_1_24' title="bbox 261 2543 1841 2618">
     <span class='ocr_line' id='line_1_24' title="bbox 261 2543 1841 2618; baseline 0.006 -23"><span class='ocrx_word' id='word_1_181' title='bbox 261 2554 411 2597; x_wconf 83' lang='lat' dir='ltr'><strong>etum</strong></span> <span class='ocrx_word' id='word_1_182' title='bbox 440 2543 757 2599; x_wconf 85' lang='lat' dir='ltr'><strong>desiderium</strong></span> <span class='ocrx_word' id='word_1_183' title='bbox 784 2545 849 2600; x_wconf 91' lang='lat' dir='ltr'><strong>de</strong></span> <span class='ocrx_word' id='word_1_184' title='bbox 876 2563 1013 2600; x_wconf 85' lang='lat' dir='ltr'><strong>novo</strong></span> <span class='ocrx_word' id='word_1_185' title='bbox 1043 2554 1380 2601; x_wconf 87' lang='lat' dir='ltr'><strong>testamento.</strong></span> <span class='ocrx_word' id='word_1_186' title='bbox 1423 2548 1536 2602; x_wconf 83' lang='lat' dir='ltr'><strong>Non</strong></span> <span class='ocrx_word' id='word_1_187' title='bbox 1581 2557 1704 2618; x_wconf 89' lang='lat' dir='ltr'><strong>peto</strong></span> <span class='ocrx_word' id='word_1_188' title='bbox 1730 2558 1841 2604; x_wconf 88' lang='lat' dir='ltr'><strong>ter-</strong></span> 
     </span>
    </p>
   </div>
   <div class='ocr_carea' id='block_1_25' title="bbox 263 2634 1841 2704">
    <p class='ocr_par' dir='ltr' id='par_1_25' title="bbox 263 2634 1841 2704">
     <span class='ocr_line' id='line_1_25' title="bbox 263 2634 1841 2704; baseline 0.003 -17"><span class='ocrx_word' id='word_1_189' title='bbox 263 2650 410 2697; x_wconf 87' lang='lat' dir='ltr'><strong>ram,</strong></span> <span class='ocrx_word' id='word_1_190' title='bbox 463 2652 564 2688; x_wconf 90' lang='lat' dir='ltr'><strong>non</strong></span> <span class='ocrx_word' id='word_1_191' title='bbox 592 2634 968 2692; x_wconf 80' lang='lat' dir='ltr'><strong>fecunditatem</strong></span> <span class='ocrx_word' id='word_1_192' title='bbox 992 2637 1258 2691; x_wconf 91' lang='lat' dir='ltr'><strong>carnalem</strong></span> <span class='ocrx_word' id='word_1_193' title='bbox 1279 2679 1294 2704; x_wconf 93' lang='lat'><strong>,</strong></span> <span class='ocrx_word' id='word_1_194' title='bbox 1323 2654 1428 2692; x_wconf 88' lang='lat' dir='ltr'><strong>non</strong></span> <span class='ocrx_word' id='word_1_195' title='bbox 1459 2639 1679 2692; x_wconf 88' lang='lat' dir='ltr'><strong>salutem</strong></span> <span class='ocrx_word' id='word_1_196' title='bbox 1707 2647 1841 2692; x_wconf 84' lang='lat' dir='ltr'><strong>tem-</strong></span> 
     </span>
    </p>
   </div>
   <div class='ocr_carea' id='block_1_26' title="bbox 263 2724 1836 2799">
    <p class='ocr_par' dir='ltr' id='par_1_26' title="bbox 263 2724 1836 2799">
     <span class='ocr_line' id='line_1_26' title="bbox 263 2724 1836 2799; baseline 0.006 -26"><span class='ocrx_word' id='word_1_197' title='bbox 263 2724 523 2799; x_wconf 79' lang='lat' dir='ltr'><strong>poralem,</strong></span> <span class='ocrx_word' id='word_1_198' title='bbox 549 2740 652 2779; x_wconf 92' lang='lat' dir='ltr'><strong>non</strong></span> <span class='ocrx_word' id='word_1_199' title='bbox 674 2726 1004 2781; x_wconf 83' lang='lat' dir='ltr'><strong>inimicorum</strong></span> <span class='ocrx_word' id='word_1_200' title='bbox 1025 2727 1404 2795; x_wconf 87' lang='lat' dir='ltr'><strong>subjectionem</strong></span> <span class='ocrx_word' id='word_1_201' title='bbox 1428 2769 1442 2794; x_wconf 94' lang='lat'><strong>,</strong></span> <span class='ocrx_word' id='word_1_202' title='bbox 1472 2744 1577 2782; x_wconf 91' lang='lat' dir='ltr'><strong>non</strong></span> <span class='ocrx_word' id='word_1_203' title='bbox 1606 2728 1836 2796; x_wconf 87' lang='lat' dir='ltr'><strong>divitias,</strong></span> 
     </span>
    </p>
   </div>
   <div class='ocr_carea' id='block_1_27' title="bbox 263 2814 1839 2888">
    <p class='ocr_par' dir='ltr' id='par_1_27' title="bbox 263 2814 1839 2888">
     <span class='ocr_line' id='line_1_27' title="bbox 263 2814 1839 2888; baseline 0.004 -21"><span class='ocrx_word' id='word_1_204' title='bbox 263 2831 368 2869; x_wconf 88' lang='lat' dir='ltr'><strong>non</strong></span> <span class='ocrx_word' id='word_1_205' title='bbox 398 2814 664 2879; x_wconf 86' lang='lat' dir='ltr'><strong>honores;</strong></span> <span class='ocrx_word' id='word_1_206' title='bbox 699 2817 828 2870; x_wconf 90' lang='lat' dir='ltr'><strong>nihil</strong></span> <span class='ocrx_word' id='word_1_207' title='bbox 861 2817 1049 2872; x_wconf 88' lang='lat' dir='ltr'><strong>horum</strong></span> <span class='ocrx_word' id='word_1_208' title='bbox 1081 2826 1202 2888; x_wconf 89' lang='lat' dir='ltr'><strong>peto</strong></span> <span class='ocrx_word' id='word_1_209' title='bbox 1235 2835 1248 2873; x_wconf 91' lang='lat'><strong>:</strong></span> <span class='ocrx_word' id='word_1_210' title='bbox 1279 2817 1398 2873; x_wconf 90' lang='lat' dir='ltr'><strong>ideo</strong></span> <span class='ocrx_word' id='word_1_211' title='bbox 1422 2819 1519 2873; x_wconf 86' lang='lat' dir='ltr'><strong>cito</strong></span> <span class='ocrx_word' id='word_1_212' title='bbox 1538 2819 1722 2873; x_wconf 73' lang='lat' dir='ltr'><strong>exaudi</strong></span> <span class='ocrx_word' id='word_1_213' title='bbox 1740 2836 1839 2875; x_wconf 85' lang='lat' dir='ltr'><strong>me.</strong></span> 
     </span>
    </p>
   </div>
   <div class='ocr_carea' id='block_1_28' title="bbox 260 2909 1841 2982">
    <p class='ocr_par' dir='ltr' id='par_1_28' title="bbox 260 2909 1841 2982">
     <span class='ocr_line' id='line_1_28' title="bbox 260 2909 1841 2982; baseline 0.004 -22"><span class='ocrx_word' id='word_1_214' title='bbox 260 2909 391 2976; x_wconf 87' lang='lat' dir='ltr'><strong>Quia</strong></span> <span class='ocrx_word' id='word_1_215' title='bbox 439 2909 665 2964; x_wconf 89' lang='lat' dir='ltr'><strong>docuisti</strong></span> <span class='ocrx_word' id='word_1_216' title='bbox 706 2910 830 2980; x_wconf 85' lang='lat' dir='ltr'><strong>quid</strong></span> <span class='ocrx_word' id='word_1_217' title='bbox 876 2919 1048 2980; x_wconf 84' lang='lat' dir='ltr'><strong>petam</strong></span> <span class='ocrx_word' id='word_1_218' title='bbox 1075 2953 1090 2977; x_wconf 92' lang='lat'><strong>,</strong></span> <span class='ocrx_word' id='word_1_219' title='bbox 1138 2909 1204 2965; x_wconf 88' lang='lat' dir='ltr'><strong>da</strong></span> <span class='ocrx_word' id='word_1_220' title='bbox 1241 2911 1382 2982; x_wconf 91' lang='lat' dir='ltr'><strong>quod</strong></span> <span class='ocrx_word' id='word_1_221' title='bbox 1408 2920 1550 2982; x_wconf 89' lang='lat' dir='ltr'><strong>peto.</strong></span> <span class='ocrx_word' id='word_1_222' title='bbox 1594 2911 1841 2967; x_wconf 86' lang='lat' dir='ltr'><strong>Dicamus</strong></span> 
     </span>
    </p>
   </div>
   <div class='ocr_carea' id='block_1_29' title="bbox 263 3002 1840 3075">
    <p class='ocr_par' dir='ltr' id='par_1_29' title="bbox 263 3002 1840 3075">
     <span class='ocr_line' id='line_1_29' title="bbox 263 3002 1840 3075; baseline 0.002 -19"><span class='ocrx_word' id='word_1_223' title='bbox 263 3004 382 3057; x_wconf 88' lang='lat' dir='ltr'><strong>huic</strong></span> <span class='ocrx_word' id='word_1_224' title='bbox 418 3003 582 3058; x_wconf 88' lang='lat' dir='ltr'><strong>:Tale</strong></span> <span class='ocrx_word' id='word_1_225' title='bbox 611 3003 806 3075; x_wconf 89' lang='lat' dir='ltr'><strong>aliquid</strong></span> <span class='ocrx_word' id='word_1_226' title='bbox 849 3003 1017 3073; x_wconf 88' lang='lat' dir='ltr'><strong>petis?</strong></span> <span class='ocrx_word' id='word_1_227' title='bbox 1056 3002 1349 3058; x_wconf 82' lang='lat' dir='ltr'><strong>Audiamus</strong></span> <span class='ocrx_word' id='word_1_228' title='bbox 1373 3019 1491 3071; x_wconf 89' lang='lat' dir='ltr'><strong>nos,</strong></span> <span class='ocrx_word' id='word_1_229' title='bbox 1523 3011 1730 3060; x_wconf 90' lang='lat' dir='ltr'><strong>eruetet</strong></span> <span class='ocrx_word' id='word_1_230' title='bbox 1750 3019 1840 3073; x_wconf 88' lang='lat' dir='ltr'><strong>pe-</strong></span> 
     </span>
    </p>
   </div>
   <div class='ocr_carea' id='block_1_30' title="bbox 260 3093 1838 3166">
    <p class='ocr_par' dir='ltr' id='par_1_30' title="bbox 260 3093 1838 3166">
     <span class='ocr_line' id='line_1_30' title="bbox 260 3093 1838 3166; baseline 0.001 -17"><span class='ocrx_word' id='word_1_231' title='bbox 260 3093 498 3150; x_wconf 83' lang='lat' dir='ltr'><strong>titionem</strong></span> <span class='ocrx_word' id='word_1_232' title='bbox 522 3112 668 3150; x_wconf 88' lang='lat' dir='ltr'><strong>suam</strong></span> <span class='ocrx_word' id='word_1_233' title='bbox 693 3137 707 3160; x_wconf 91' lang='lat'><strong>,</strong></span> <span class='ocrx_word' id='word_1_234' title='bbox 737 3103 790 3151; x_wconf 90' lang='lat' dir='ltr'><strong>et</strong></span> <span class='ocrx_word' id='word_1_235' title='bbox 815 3096 1085 3150; x_wconf 81' lang='lat' dir='ltr'><strong>videamus</strong></span> <span class='ocrx_word' id='word_1_236' title='bbox 1113 3095 1236 3166; x_wconf 90' lang='lat' dir='ltr'><strong>quid</strong></span> <span class='ocrx_word' id='word_1_237' title='bbox 1270 3104 1447 3164; x_wconf 85' lang='lat' dir='ltr'><strong>petat;</strong></span> <span class='ocrx_word' id='word_1_238' title='bbox 1479 3104 1534 3150; x_wconf 92' lang='lat' dir='ltr'><strong>et</strong></span> <span class='ocrx_word' id='word_1_239' title='bbox 1571 3095 1838 3150; x_wconf 87' lang='lat' dir='ltr'><strong>discamus</strong></span> 
     </span>
    </p>
   </div>
   <div class='ocr_carea' id='block_1_31' title="bbox 261 3184 1857 3257">
    <p class='ocr_par' dir='ltr' id='par_1_31' title="bbox 261 3184 1857 3257">
     <span class='ocr_line' id='line_1_31' title="bbox 261 3184 1857 3257; baseline 0.001 -19"><span class='ocrx_word' id='word_1_240' title='bbox 261 3205 346 3256; x_wconf 82' lang='lat' dir='ltr'><strong>per</strong></span> <span class='ocrx_word' id='word_1_241' title='bbox 374 3203 498 3242; x_wconf 89' lang='lat' dir='ltr'><strong>eum</strong></span> <span class='ocrx_word' id='word_1_242' title='bbox 542 3197 721 3257; x_wconf 85' lang='lat' dir='ltr'><strong>petere</strong></span> <span class='ocrx_word' id='word_1_243' title='bbox 744 3229 759 3253; x_wconf 92' lang='lat'><strong>,</strong></span> <span class='ocrx_word' id='word_1_244' title='bbox 788 3196 844 3241; x_wconf 92' lang='lat' dir='ltr'><strong>ut</strong></span> <span class='ocrx_word' id='word_1_245' title='bbox 869 3203 1170 3241; x_wconf 87' lang='lat' dir='ltr'><strong>mereamur</strong></span> <span class='ocrx_word' id='word_1_246' title='bbox 1195 3187 1458 3256; x_wconf 88' lang='lat' dir='ltr'><strong>accipere.</strong></span> <span class='ocrx_word' id='word_1_247' title='bbox 1508 3187 1742 3242; x_wconf 84' lang='lat' dir='ltr'><strong>Veneras</strong></span> <span class='ocrx_word' id='word_1_248' title='bbox 1767 3184 1857 3240; x_wconf 87' lang='lat' dir='ltr'><strong>ad</strong></span> 
     </span>
    </p>
   </div>
   <div class='ocr_carea' id='block_1_32' title="bbox 261 3277 1836 3348">
    <p class='ocr_par' dir='ltr' id='par_1_32' title="bbox 261 3277 1836 3348">
     <span class='ocr_line' id='line_1_32' title="bbox 261 3277 1836 3348; baseline 0 -17"><span class='ocrx_word' id='word_1_249' title='bbox 261 3278 547 3334; x_wconf 74' lang='lat' dir='ltr'><strong>I-Ieclesiam</strong></span> <span class='ocrx_word' id='word_1_250' title='bbox 574 3319 588 3343; x_wconf 92' lang='lat'><strong>,</strong></span> <span class='ocrx_word' id='word_1_251' title='bbox 622 3278 802 3333; x_wconf 91' lang='lat' dir='ltr'><strong>nescio</strong></span> <span class='ocrx_word' id='word_1_252' title='bbox 852 3278 976 3348; x_wconf 88' lang='lat' dir='ltr'><strong>quid</strong></span> <span class='ocrx_word' id='word_1_253' title='bbox 1006 3278 1161 3332; x_wconf 90' lang='lat' dir='ltr'><strong>hodie</strong></span> <span class='ocrx_word' id='word_1_254' title='bbox 1198 3279 1456 3348; x_wconf 90' lang='lat' dir='ltr'><strong>petiturus</strong></span> <span class='ocrx_word' id='word_1_255' title='bbox 1477 3319 1490 3344; x_wconf 93' lang='lat'><strong>,</strong></span> <span class='ocrx_word' id='word_1_256' title='bbox 1519 3277 1652 3345; x_wconf 91' lang='lat' dir='ltr'><strong>Quid</strong></span> <span class='ocrx_word' id='word_1_257' title='bbox 1685 3287 1836 3348; x_wconf 85' lang='lat' dir='ltr'><strong>puta-</strong></span> 
     </span>
    </p>
   </div>
   <div class='ocr_carea' id='block_1_33' title="bbox 256 3369 1829 3437">
    <p class='ocr_par' dir='ltr' id='par_1_33' title="bbox 256 3369 1829 3437">
     <span class='ocr_line' id='line_1_33' title="bbox 256 3369 1829 3437; baseline 0.003 -17"><span class='ocrx_word' id='word_1_258' title='bbox 256 3385 368 3422; x_wconf 91' lang='lat' dir='ltr'><strong>qus</strong></span> <span class='ocrx_word' id='word_1_259' title='bbox 396 3383 620 3422; x_wconf 82' lang='lat' dir='ltr'><strong>veneras</strong></span> <span class='ocrx_word' id='word_1_260' title='bbox 653 3369 952 3437; x_wconf 89' lang='lat' dir='ltr'><strong>petiturus?</strong></span> <span class='ocrx_word' id='word_1_261' title='bbox 995 3369 1232 3424; x_wconf 84' lang='lat' dir='ltr'><strong>Veneras</strong></span> <span class='ocrx_word' id='word_1_262' title='bbox 1264 3385 1382 3423; x_wconf 91' lang='lat' dir='ltr'><strong>cum</strong></span> <span class='ocrx_word' id='word_1_263' title='bbox 1413 3371 1678 3425; x_wconf 89' lang='lat' dir='ltr'><strong>desiderio</strong></span> <span class='ocrx_word' id='word_1_264' title='bbox 1718 3379 1829 3436; x_wconf 90' lang='lat' dir='ltr'><strong>tuo,</strong></span> 
     </span>
    </p>
   </div>
   <div class='ocr_carea' id='block_1_34' title="bbox 257 3460 1830 3529">
    <p class='ocr_par' dir='ltr' id='par_1_34' title="bbox 257 3460 1830 3529">
     <span class='ocr_line' id='line_1_34' title="bbox 257 3460 1830 3529; baseline 0.003 -19"><span class='ocrx_word' id='word_1_265' title='bbox 257 3460 434 3514; x_wconf 77' lang='lat' dir='ltr'><strong>nescio</strong></span> <span class='ocrx_word' id='word_1_266' title='bbox 474 3476 577 3529; x_wconf 87' lang='lat' dir='ltr'><strong>quo</strong></span> <span class='ocrx_word' id='word_1_267' title='bbox 599 3502 613 3527; x_wconf 92' lang='lat'><strong>,</strong></span> <span class='ocrx_word' id='word_1_268' title='bbox 655 3461 853 3513; x_wconf 89' lang='lat' dir='ltr'><strong>utinam</strong></span> <span class='ocrx_word' id='word_1_269' title='bbox 886 3462 1190 3526; x_wconf 90' lang='lat' dir='ltr'><strong>innocenti,</strong></span> <span class='ocrx_word' id='word_1_270' title='bbox 1222 3461 1322 3515; x_wconf 53' lang='grc' dir='ltr'><strong>εικςὶ</strong></span> <span class='ocrx_word' id='word_1_271' title='bbox 1359 3461 1576 3514; x_wconf 89' lang='lat' dir='ltr'><strong>carnali.</strong></span> <span class='ocrx_word' id='word_1_272' title='bbox 1605 3460 1710 3516; x_wconf 86' lang='lat' dir='ltr'><strong>Sed</strong></span> <span class='ocrx_word' id='word_1_273' title='bbox 1742 3477 1830 3515; x_wconf 86' lang='lat' dir='ltr'><strong>re-</strong></span> 
     </span>
    </p>
   </div>
   <div class='ocr_carea' id='block_1_35' title="bbox 253 3553 1827 3624">
    <p class='ocr_par' dir='ltr' id='par_1_35' title="bbox 253 3553 1827 3624">
     <span class='ocr_line' id='line_1_35' title="bbox 253 3553 1827 3624; baseline 0.001 -18"><span class='ocrx_word' id='word_1_274' title='bbox 253 3570 402 3610; x_wconf 65' lang='lat' dir='ltr'><strong>more</strong></span> <span class='ocrx_word' id='word_1_275' title='bbox 433 3554 758 3623; x_wconf 87' lang='lat' dir='ltr'><strong>iniquitatem</strong></span> <span class='ocrx_word' id='word_1_276' title='bbox 786 3595 801 3619; x_wconf 92' lang='lat'><strong>,</strong></span> <span class='ocrx_word' id='word_1_277' title='bbox 829 3570 1041 3609; x_wconf 88' lang='lat' dir='ltr'><strong>remove</strong></span> <span class='ocrx_word' id='word_1_278' title='bbox 1065 3554 1425 3610; x_wconf 86' lang='lat' dir='ltr'><strong>carnalitatem</strong></span> <span class='ocrx_word' id='word_1_279' title='bbox 1458 3571 1472 3619; x_wconf 92' lang='lat'><strong>;</strong></span> <span class='ocrx_word' id='word_1_280' title='bbox 1519 3553 1668 3609; x_wconf 37' lang='lat' dir='ltr'><strong>disce&quot;</strong></span> <span class='ocrx_word' id='word_1_281' title='bbox 1704 3554 1827 3624; x_wconf 90' lang='lat' dir='ltr'><strong>quid</strong></span> 
     </span>
    </p>
   </div>
   <div class='ocr_carea' id='block_1_36' title="bbox 253 3642 1826 3714">
    <p class='ocr_par' dir='ltr' id='par_1_36' title="bbox 253 3642 1826 3714">
     <span class='ocr_line' id='line_1_36' title="bbox 253 3642 1826 3714; baseline 0.001 -19"><span class='ocrx_word' id='word_1_282' title='bbox 253 3655 417 3712; x_wconf 81' lang='lat' dir='ltr'><strong>petas,</strong></span> <span class='ocrx_word' id='word_1_283' title='bbox 455 3643 577 3714; x_wconf 88' lang='lat' dir='ltr'><strong>quid</strong></span> <span class='ocrx_word' id='word_1_284' title='bbox 611 3643 765 3699; x_wconf 90' lang='lat' dir='ltr'><strong>hodie</strong></span> <span class='ocrx_word' id='word_1_285' title='bbox 793 3644 1026 3698; x_wconf 86' lang='lat' dir='ltr'><strong>celebres</strong></span> <span class='ocrx_word' id='word_1_286' title='bbox 1047 3643 1280 3698; x_wconf 89' lang='lat' dir='ltr'><strong>attende.</strong></span> <span class='ocrx_word' id='word_1_287' title='bbox 1305 3642 1608 3697; x_wconf 68' lang='lat' dir='ltr'><strong>Natztlitium</strong></span> <span class='ocrx_word' id='word_1_288' title='bbox 1626 3654 1826 3698; x_wconf 75' lang='lat' dir='ltr'><strong>sancta:</strong></span> 
     </span>
    </p>
   </div>
   <div class='ocr_carea' id='block_1_37' title="bbox 250 3733 1822 3801">
    <p class='ocr_par' dir='ltr' id='par_1_37' title="bbox 250 3733 1822 3801">
     <span class='ocr_line' id='line_1_37' title="bbox 250 3733 1822 3801; baseline -0.001 -13"><span class='ocrx_word' id='word_1_289' title='bbox 250 3745 300 3788; x_wconf 91' lang='lat' dir='ltr'><strong>et</strong></span> <span class='ocrx_word' id='word_1_290' title='bbox 335 3737 506 3791; x_wconf 73' lang='lat' dir='ltr'><strong>beatm</strong></span> <span class='ocrx_word' id='word_1_291' title='bbox 549 3734 754 3790; x_wconf 75' lang='lat' dir='ltr'><strong>feminae</strong></span> <span class='ocrx_word' id='word_1_292' title='bbox 795 3735 1058 3801; x_wconf 83' lang='lat' dir='ltr'><strong>celebras,</strong></span> <span class='ocrx_word' id='word_1_293' title='bbox 1099 3743 1152 3789; x_wconf 93' lang='lat' dir='ltr'><strong>et</strong></span> <span class='ocrx_word' id='word_1_294' title='bbox 1179 3733 1311 3788; x_wconf 89' lang='lat' dir='ltr'><strong>forte</strong></span> <span class='ocrx_word' id='word_1_295' title='bbox 1338 3733 1638 3788; x_wconf 88' lang='lat' dir='ltr'><strong>felicitatem</strong></span> <span class='ocrx_word' id='word_1_296' title='bbox 1670 3736 1684 3766; x_wconf 88' lang='grc'>¹</span> <span class='ocrx_word' id='word_1_297' title='bbox 1715 3743 1822 3789; x_wconf 87' lang='lat' dir='ltr'><strong>ter-</strong></span> 
     </span>
    </p>
   </div>
   <div class='ocr_carea' id='block_1_38' title="bbox 251 3823 1822 3893">
    <p class='ocr_par' dir='ltr' id='par_1_38' title="bbox 251 3823 1822 3893">
     <span class='ocr_line' id='line_1_38' title="bbox 251 3823 1822 3893; baseline 0.001 -16"><span class='ocrx_word' id='word_1_298' title='bbox 251 3842 426 3880; x_wconf 89' lang='lat' dir='ltr'><strong>renam</strong></span> <span class='ocrx_word' id='word_1_299' title='bbox 472 3826 762 3880; x_wconf 87' lang='lat' dir='ltr'><strong>desideras.</strong></span> <span class='ocrx_word' id='word_1_300' title='bbox 818 3825 905 3879; x_wconf 82' lang='lat' dir='ltr'><strong>Illa</strong></span> <span class='ocrx_word' id='word_1_301' title='bbox 945 3833 1161 3893; x_wconf 86' lang='lat' dir='ltr'><strong>propter</strong></span> <span class='ocrx_word' id='word_1_302' title='bbox 1204 3823 1530 3879; x_wconf 85' lang='lat' dir='ltr'><strong>desiderium</strong></span> <span class='ocrx_word' id='word_1_303' title='bbox 1579 3834 1822 3880; x_wconf 89' lang='lat' dir='ltr'><strong>sanetmn</strong></span> 
     </span>
    </p>
   </div>
   <div class='ocr_carea' id='block_1_39' title="bbox 248 3916 1824 3987">
    <p class='ocr_par' dir='ltr' id='par_1_39' title="bbox 248 3916 1824 3987">
     <span class='ocr_line' id='line_1_39' title="bbox 248 3916 1824 3987; baseline 0.004 -18"><span class='ocrx_word' id='word_1_304' title='bbox 248 3919 446 3972; x_wconf 80' lang='lat' dir='ltr'><strong>dimisit</strong></span> <span class='ocrx_word' id='word_1_305' title='bbox 496 3919 794 3973; x_wconf 81' lang='lat' dir='ltr'><strong>felicitatem</strong></span> <span class='ocrx_word' id='word_1_306' title='bbox 844 3932 1002 3986; x_wconf 89' lang='lat' dir='ltr'><strong>quam</strong></span> <span class='ocrx_word' id='word_1_307' title='bbox 1034 3916 1262 3971; x_wconf 89' lang='lat' dir='ltr'><strong>habebat</strong></span> <span class='ocrx_word' id='word_1_308' title='bbox 1300 3919 1352 3970; x_wconf 92' lang='lat' dir='ltr'><strong>in</strong></span> <span class='ocrx_word' id='word_1_309' title='bbox 1395 3925 1568 3987; x_wconf 78' lang='lat' dir='ltr'><strong>terra;</strong></span> <span class='ocrx_word' id='word_1_310' title='bbox 1624 3919 1824 3975; x_wconf 76' lang='lat' dir='ltr'><strong>dimisit</strong></span> 
     </span>
    </p>
   </div>
   <div class='ocr_carea' id='block_1_40' title="bbox 247 4004 1818 4083">
    <p class='ocr_par' dir='ltr' id='par_1_40' title="bbox 247 4004 1818 4083">
     <span class='ocr_line' id='line_1_40' title="bbox 247 4004 1818 4083; baseline 0 -17"><span class='ocrx_word' id='word_1_311' title='bbox 247 4015 376 4070; x_wconf 76' lang='lat' dir='ltr'><strong>filios</strong></span> <span class='ocrx_word' id='word_1_312' title='bbox 405 4014 593 4068; x_wconf 83' lang='lat' dir='ltr'><strong>ﬂentes</strong></span> <span class='ocrx_word' id='word_1_313' title='bbox 638 4023 691 4068; x_wconf 92' lang='lat' dir='ltr'><strong>et</strong></span> <span class='ocrx_word' id='word_1_314' title='bbox 721 4004 965 4083; x_wconf 84' lang='lat' dir='ltr'><strong>tanquam</strong></span> <span class='ocrx_word' id='word_1_315' title='bbox 1000 4013 1267 4068; x_wconf 89' lang='lat' dir='ltr'><strong>crudelem</strong></span> <span class='ocrx_word' id='word_1_316' title='bbox 1295 4023 1531 4068; x_wconf 80' lang='lat' dir='ltr'><strong>&#39;matrem</strong></span> <span class='ocrx_word' id='word_1_317' title='bbox 1556 4014 1818 4080; x_wconf 88' lang='lat' dir='ltr'><strong>dolentes,</strong></span> 
     </span>
    </p>
   </div>
   <div class='ocr_carea' id='block_1_41' title="bbox 247 4103 1820 4174">
    <p class='ocr_par' dir='ltr' id='par_1_41' title="bbox 247 4103 1820 4174">
     <span class='ocr_line' id='line_1_41' title="bbox 247 4103 1820 4174; baseline 0.004 -22"><span class='ocrx_word' id='word_1_318' title='bbox 247 4105 359 4171; x_wconf 82' lang='lat' dir='ltr'><strong>quia</strong></span> <span class='ocrx_word' id='word_1_319' title='bbox 387 4105 537 4157; x_wconf 85' lang='lat' dir='ltr'><strong>velut</strong></span> <span class='ocrx_word' id='word_1_320' title='bbox 565 4103 864 4172; x_wconf 85' lang='lat' dir='ltr'><strong>perdiderat</strong></span> <span class='ocrx_word' id='word_1_321' title='bbox 894 4104 1177 4158; x_wconf 87' lang='lat' dir='ltr'><strong>humanam</strong></span> <span class='ocrx_word' id='word_1_322' title='bbox 1217 4103 1629 4158; x_wconf 86' lang='lat' dir='ltr'><strong>misericordiam</strong></span> <span class='ocrx_word' id='word_1_323' title='bbox 1654 4146 1668 4170; x_wconf 92' lang='lat'><strong>,</strong></span> <span class='ocrx_word' id='word_1_324' title='bbox 1701 4120 1820 4174; x_wconf 80' lang='lat' dir='ltr'><strong>qua:</strong></span> 
     </span>
    </p>
   </div>
   <div class='ocr_carea' id='block_1_42' title="bbox 245 4193 1817 4249">
    <p class='ocr_par' dir='ltr' id='par_1_42' title="bbox 245 4193 1817 4249">
     <span class='ocr_line' id='line_1_42' title="bbox 245 4193 1817 4249; baseline 0.003 -5"><span class='ocrx_word' id='word_1_325' title='bbox 245 4194 303 4245; x_wconf 91' lang='lat' dir='ltr'><strong>ad</strong></span> <span class='ocrx_word' id='word_1_326' title='bbox 347 4194 578 4246; x_wconf 78' lang='lat' dir='ltr'><strong>divinam</strong></span> <span class='ocrx_word' id='word_1_327' title='bbox 619 4193 896 4248; x_wconf 78' lang='lat' dir='ltr'><strong>festinabat</strong></span> <span class='ocrx_word' id='word_1_328' title='bbox 946 4209 1219 4248; x_wconf 87' lang='lat' dir='ltr'><strong>coronam.</strong></span> <span class='ocrx_word' id='word_1_329' title='bbox 1275 4193 1553 4249; x_wconf 74' lang='lat' dir='ltr'><strong>Nesciebat</strong></span> <span class='ocrx_word' id='word_1_330' title='bbox 1576 4211 1700 4249; x_wconf 89' lang='lat' dir='ltr'><strong>vero</strong></span> <span class='ocrx_word' id='word_1_331' title='bbox 1730 4196 1817 4249; x_wconf 85' lang='lat' dir='ltr'><strong>illa</strong></span> 
     </span>
    </p>
   </div>
   <div class='ocr_carea' id='block_1_43' title="bbox 246 4283 1816 4354">
    <p class='ocr_par' dir='ltr' id='par_1_43' title="bbox 246 4283 1816 4354">
     <span class='ocr_line' id='line_1_43' title="bbox 246 4283 1816 4354; baseline 0.004 -20"><span class='ocrx_word' id='word_1_332' title='bbox 246 4283 362 4351; x_wconf 88' lang='lat' dir='ltr'><strong>quid</strong></span> <span class='ocrx_word' id='word_1_333' title='bbox 404 4284 772 4348; x_wconf 85' lang='lat' dir='ltr'><strong>desideraret,</strong></span> <span class='ocrx_word' id='word_1_334' title='bbox 820 4284 943 4354; x_wconf 87' lang='lat' dir='ltr'><strong>quid</strong></span> <span class='ocrx_word' id='word_1_335' title='bbox 983 4285 1256 4339; x_wconf 87' lang='lat' dir='ltr'><strong>calcaret?</strong></span> <span class='ocrx_word' id='word_1_336' title='bbox 1305 4283 1415 4338; x_wconf 69' lang='lat' dir='ltr'><strong>lm‘o</strong></span> <span class='ocrx_word' id='word_1_337' title='bbox 1444 4301 1568 4339; x_wconf 67' lang='lat' dir='ltr'><strong>vero</strong></span> <span class='ocrx_word' id='word_1_338' title='bbox 1599 4294 1816 4341; x_wconf 82' lang='lat' dir='ltr'><strong>noverat</strong></span> 
     </span>
    </p>
   </div>
   <div class='ocr_carea' id='block_1_44' title="bbox 249 4365 1814 4445">
    <p class='ocr_par' dir='ltr' id='par_1_44' title="bbox 249 4365 1814 4445">
     <span class='ocr_line' id='line_1_44' title="bbox 249 4365 1814 4445; baseline 0.007 -23"><span class='ocrx_word' id='word_1_339' title='bbox 249 4365 466 4441; x_wconf 81' lang='lat' dir='ltr'><strong>psallere</strong></span> <span class='ocrx_word' id='word_1_340' title='bbox 517 4391 693 4429; x_wconf 89' lang='lat' dir='ltr'><strong>coram</strong></span> <span class='ocrx_word' id='word_1_341' title='bbox 739 4375 965 4445; x_wconf 10' lang='lat' dir='ltr'><strong>Angelis,</strong></span> <span class='ocrx_word' id='word_1_342' title='bbox 1001 4375 1129 4441; x_wconf 89' lang='lat' dir='ltr'><strong>Dei,</strong></span> <span class='ocrx_word' id='word_1_343' title='bbox 1181 4391 1469 4444; x_wconf 83' lang='lat' dir='ltr'><strong>eorumque</strong></span> <span class='ocrx_word' id='word_1_344' title='bbox 1511 4376 1814 4434; x_wconf 88' lang='lat' dir='ltr'><strong>desiderare</strong></span> 
     </span>
    </p>
   </div>
   <div class='ocr_carea' id='block_1_45' title="bbox 246 4467 1812 4536">
    <p class='ocr_par' dir='ltr' id='par_1_45' title="bbox 246 4467 1812 4536">
     <span class='ocr_line' id='line_1_45' title="bbox 246 4467 1812 4536; baseline 0.005 -21"><span class='ocrx_word' id='word_1_345' title='bbox 246 4469 584 4535; x_wconf 69' lang='lat' dir='ltr'><strong>consortium,</strong></span> <span class='ocrx_word' id='word_1_346' title='bbox 627 4467 908 4522; x_wconf 86' lang='lat' dir='ltr'><strong>amicitiam</strong></span> <span class='ocrx_word' id='word_1_347' title='bbox 953 4477 1188 4522; x_wconf 89' lang='lat' dir='ltr'><strong>sanctam</strong></span> <span class='ocrx_word' id='word_1_348' title='bbox 1221 4477 1272 4521; x_wconf 89' lang='lat' dir='ltr'><strong>et</strong></span> <span class='ocrx_word' id='word_1_349' title='bbox 1302 4483 1484 4536; x_wconf 86' lang='lat' dir='ltr'><strong>puram</strong></span> <span class='ocrx_word' id='word_1_350' title='bbox 1511 4509 1525 4530; x_wconf 90' lang='lat'><strong>,</strong></span> <span class='ocrx_word' id='word_1_351' title='bbox 1557 4469 1644 4522; x_wconf 84' lang='lat' dir='ltr'><strong>ubi</strong></span> <span class='ocrx_word' id='word_1_352' title='bbox 1675 4469 1812 4523; x_wconf 89' lang='lat' dir='ltr'><strong>ulte-</strong></span> 
     </span>
    </p>
   </div>
   <div class='ocr_carea' id='block_1_46' title="bbox 246 4557 1809 4628">
    <p class='ocr_par' dir='ltr' id='par_1_46' title="bbox 246 4557 1809 4628">
     <span class='ocr_line' id='line_1_46' title="bbox 246 4557 1809 4628; baseline 0.003 -20"><span class='ocrx_word' id='word_1_353' title='bbox 246 4558 349 4612; x_wconf 89' lang='lat' dir='ltr'><strong>rius</strong></span> <span class='ocrx_word' id='word_1_354' title='bbox 380 4575 483 4611; x_wconf 86' lang='lat' dir='ltr'><strong>noo</strong></span> <span class='ocrx_word' id='word_1_355' title='bbox 528 4565 822 4612; x_wconf 86' lang='lat' dir='ltr'><strong>moreretur</strong></span> <span class='ocrx_word' id='word_1_356' title='bbox 843 4601 855 4621; x_wconf 89' lang='lat'><strong>,</strong></span> <span class='ocrx_word' id='word_1_357' title='bbox 893 4557 978 4610; x_wconf 90' lang='lat' dir='ltr'><strong>ubi</strong></span> <span class='ocrx_word' id='word_1_358' title='bbox 1017 4557 1245 4625; x_wconf 90' lang='lat' dir='ltr'><strong>judicem</strong></span> <span class='ocrx_word' id='word_1_359' title='bbox 1279 4567 1458 4612; x_wconf 85' lang='lat' dir='ltr'><strong>nosset</strong></span> <span class='ocrx_word' id='word_1_360' title='bbox 1484 4559 1619 4627; x_wconf 87' lang='lat' dir='ltr'><strong>apud</strong></span> <span class='ocrx_word' id='word_1_361' title='bbox 1651 4575 1809 4628; x_wconf 88' lang='lat' dir='ltr'><strong>quem</strong></span> 
     </span>
    </p>
   </div>
   <div class='ocr_carea' id='block_1_47' title="bbox 251 4650 1810 4720">
    <p class='ocr_par' dir='ltr' id='par_1_47' title="bbox 251 4650 1810 4720">
     <span class='ocr_line' id='line_1_47' title="bbox 251 4650 1810 4720; baseline 0.005 -21"><span class='ocrx_word' id='word_1_362' title='bbox 251 4665 344 4702; x_wconf 89' lang='lat' dir='ltr'><strong>non</strong></span> <span class='ocrx_word' id='word_1_363' title='bbox 371 4651 548 4704; x_wconf 84' lang='lat' dir='ltr'><strong>valere</strong></span> <span class='ocrx_word' id='word_1_364' title='bbox 581 4659 758 4719; x_wconf 86' lang='lat' dir='ltr'><strong>posset</strong></span> <span class='ocrx_word' id='word_1_365' title='bbox 784 4650 1134 4703; x_wconf 90' lang='lat' dir='ltr'><strong>mendacium.</strong></span> <span class='ocrx_word' id='word_1_366' title='bbox 1172 4650 1303 4720; x_wconf 85' lang='lat' dir='ltr'><strong>Quid</strong></span> <span class='ocrx_word' id='word_1_367' title='bbox 1333 4652 1491 4719; x_wconf 79' lang='lat' dir='ltr'><strong>ergo?</strong></span> <span class='ocrx_word' id='word_1_368' title='bbox 1522 4652 1570 4704; x_wconf 93' lang='lat' dir='ltr'><strong>in</strong></span> <span class='ocrx_word' id='word_1_369' title='bbox 1595 4653 1680 4704; x_wconf 87' lang='lat' dir='ltr'><strong>illa</strong></span> <span class='ocrx_word' id='word_1_370' title='bbox 1707 4655 1810 4708; x_wconf 84' lang='lat' dir='ltr'><strong>vita</strong></span> 
     </span>
    </p>
   </div>
   <div class='ocr_carea' id='block_1_48' title="bbox 247 4739 1805 4807">
    <p class='ocr_par' dir='ltr' id='par_1_48' title="bbox 247 4739 1805 4807">
     <span class='ocr_line' id='line_1_48' title="bbox 247 4739 1805 4807; baseline 0.006 -19"><span class='ocrx_word' id='word_1_371' title='bbox 247 4739 379 4804; x_wconf 86' lang='lat' dir='ltr'><strong>nulla</strong></span> <span class='ocrx_word' id='word_1_372' title='bbox 415 4749 539 4793; x_wconf 83' lang='lat' dir='ltr'><strong>sunt</strong></span> <span class='ocrx_word' id='word_1_373' title='bbox 575 4740 748 4794; x_wconf 88' lang='lat' dir='ltr'><strong>bona?</strong></span> <span class='ocrx_word' id='word_1_374' title='bbox 796 4739 903 4793; x_wconf 90' lang='lat' dir='ltr'><strong>lmo</strong></span> <span class='ocrx_word' id='word_1_375' title='bbox 935 4757 1058 4794; x_wconf 73' lang='lat' dir='ltr'><strong>vero</strong></span> <span class='ocrx_word' id='word_1_376' title='bbox 1102 4741 1169 4795; x_wconf 92' lang='lat' dir='ltr'><strong>ibi</strong></span> <span class='ocrx_word' id='word_1_377' title='bbox 1200 4742 1309 4794; x_wconf 87' lang='lat' dir='ltr'><strong>sola</strong></span> <span class='ocrx_word' id='word_1_378' title='bbox 1343 4751 1466 4796; x_wconf 89' lang='lat' dir='ltr'><strong>sunt</strong></span> <span class='ocrx_word' id='word_1_379' title='bbox 1494 4743 1625 4796; x_wconf 90' lang='lat' dir='ltr'><strong>bona</strong></span> <span class='ocrx_word' id='word_1_380' title='bbox 1653 4786 1668 4807; x_wconf 91' lang='lat'><strong>,</strong></span> <span class='ocrx_word' id='word_1_381' title='bbox 1702 4761 1805 4798; x_wconf 92' lang='lat' dir='ltr'><strong>non</strong></span> 
     </span>
    </p>
   </div>
   <div class='ocr_carea' id='block_1_49' title="bbox 249 4832 1808 4904">
    <p class='ocr_par' dir='ltr' id='par_1_49' title="bbox 249 4832 1808 4904">
     <span class='ocr_line' id='line_1_49' title="bbox 249 4832 1808 4904; baseline 0.006 -24"><span class='ocrx_word' id='word_1_382' title='bbox 249 4832 390 4884; x_wconf 87' lang='lat' dir='ltr'><strong>malis</strong></span> <span class='ocrx_word' id='word_1_383' title='bbox 437 4833 604 4886; x_wconf 76' lang='lat' dir='ltr'><strong>mixta</strong></span> <span class='ocrx_word' id='word_1_384' title='bbox 643 4832 818 4897; x_wconf 88' lang='lat' dir='ltr'><strong>bona;</strong></span> <span class='ocrx_word' id='word_1_385' title='bbox 865 4834 1172 4887; x_wconf 85' lang='lat' dir='ltr'><strong>securitates</strong></span> <span class='ocrx_word' id='word_1_386' title='bbox 1203 4835 1222 4865; x_wconf 83' lang='grc'>²</span> <span class='ocrx_word' id='word_1_387' title='bbox 1267 4835 1316 4886; x_wconf 92' lang='lat' dir='ltr'><strong>in</strong></span> <span class='ocrx_word' id='word_1_388' title='bbox 1360 4835 1548 4904; x_wconf 85' lang='lat' dir='ltr'><strong>quibus</strong></span> <span class='ocrx_word' id='word_1_389' title='bbox 1577 4836 1808 4904; x_wconf 77' lang='lat' dir='ltr'><strong>gaudeas</strong></span> 
     </span>
    </p>
   </div>
   <div class='ocr_carea' id='block_1_50' title="bbox 244 4925 1808 4995">
    <p class='ocr_par' dir='ltr' id='par_1_50' title="bbox 244 4925 1808 4995">
     <span class='ocr_line' id='line_1_50' title="bbox 244 4925 1808 4995; baseline 0.006 -24"><span class='ocrx_word' id='word_1_390' title='bbox 244 4932 486 4990; x_wconf 86' lang='lat' dir='ltr'><strong>quantum</strong></span> <span class='ocrx_word' id='word_1_391' title='bbox 514 4925 593 4977; x_wconf 91' lang='lat' dir='ltr'><strong>vis</strong></span> <span class='ocrx_word' id='word_1_392' title='bbox 617 4966 630 4988; x_wconf 91' lang='lat'><strong>,</strong></span> <span class='ocrx_word' id='word_1_393' title='bbox 665 4935 717 4977; x_wconf 91' lang='lat' dir='ltr'><strong>et</strong></span> <span class='ocrx_word' id='word_1_394' title='bbox 758 4940 912 4978; x_wconf 88' lang='lat' dir='ltr'><strong>nemo</strong></span> <span class='ocrx_word' id='word_1_395' title='bbox 937 4926 1077 4980; x_wconf 86' lang='lat' dir='ltr'><strong>dicat</strong></span> <span class='ocrx_word' id='word_1_396' title='bbox 1107 4926 1197 4978; x_wconf 90' lang='lat' dir='ltr'><strong>tibi</strong></span> <span class='ocrx_word' id='word_1_397' title='bbox 1224 4966 1238 4989; x_wconf 92' lang='lat'><strong>,</strong></span> <span class='ocrx_word' id='word_1_398' title='bbox 1285 4925 1540 4995; x_wconf 87' lang='lat' dir='ltr'><strong>Tempera</strong></span> <span class='ocrx_word' id='word_1_399' title='bbox 1588 4936 1657 4980; x_wconf 88' lang='lat' dir='ltr'><strong>te.</strong></span> <span class='ocrx_word' id='word_1_400' title='bbox 1716 4928 1808 4982; x_wconf 88' lang='lat' dir='ltr'><strong>llic</strong></span> 
     </span>
    </p>
   </div>
   <div class='ocr_carea' id='block_1_51' title="bbox 243 5015 1805 5086">
    <p class='ocr_par' dir='ltr' id='par_1_51' title="bbox 243 5015 1805 5086">
     <span class='ocr_line' id='line_1_51' title="bbox 243 5015 1805 5086; baseline 0.007 -23"><span class='ocrx_word' id='word_1_401' title='bbox 243 5025 411 5068; x_wconf 89' lang='lat' dir='ltr'><strong>autem</strong></span> <span class='ocrx_word' id='word_1_402' title='bbox 457 5015 522 5069; x_wconf 87' lang='lat' dir='ltr'><strong>de</strong></span> <span class='ocrx_word' id='word_1_403' title='bbox 569 5016 719 5069; x_wconf 89' lang='lat' dir='ltr'><strong>bonis</strong></span> <span class='ocrx_word' id='word_1_404' title='bbox 769 5017 990 5071; x_wconf 88' lang='lat' dir='ltr'><strong>terrenis</strong></span> <span class='ocrx_word' id='word_1_405' title='bbox 1034 5016 1265 5086; x_wconf 82' lang='lat' dir='ltr'><strong>gaudere</strong></span> <span class='ocrx_word' id='word_1_406' title='bbox 1305 5019 1581 5071; x_wconf 88' lang='lat' dir='ltr'><strong>molestmn</strong></span> <span class='ocrx_word' id='word_1_407' title='bbox 1607 5028 1719 5085; x_wconf 85' lang='lat' dir='ltr'><strong>est,</strong></span> <span class='ocrx_word' id='word_1_408' title='bbox 1751 5029 1805 5074; x_wconf 89' lang='lat' dir='ltr'><strong>et</strong></span> 
     </span>
    </p>
   </div>
   <div class='ocr_carea' id='block_1_52' title="bbox 244 5107 1805 5176">
    <p class='ocr_par' dir='ltr' id='par_1_52' title="bbox 244 5107 1805 5176">
     <span class='ocr_line' id='line_1_52' title="bbox 244 5107 1805 5176; baseline 0.007 -21"><span class='ocrx_word' id='word_1_409' title='bbox 244 5107 589 5172; x_wconf 71' lang='lat' dir='ltr'><strong>periculosum</strong></span> <span class='ocrx_word' id='word_1_410' title='bbox 641 5107 825 5171; x_wconf 89' lang='lat' dir='ltr'><strong>nimis;</strong></span> <span class='ocrx_word' id='word_1_411' title='bbox 883 5123 948 5160; x_wconf 89' lang='lat' dir='ltr'><strong>ne</strong></span> <span class='ocrx_word' id='word_1_412' title='bbox 991 5107 1067 5161; x_wconf 89' lang='lat' dir='ltr'><strong>sic</strong></span> <span class='ocrx_word' id='word_1_413' title='bbox 1109 5110 1335 5176; x_wconf 76' lang='lat' dir='ltr'><strong>gaudeas</strong></span> <span class='ocrx_word' id='word_1_414' title='bbox 1379 5118 1432 5162; x_wconf 91' lang='lat' dir='ltr'><strong>nt</strong></span> <span class='ocrx_word' id='word_1_415' title='bbox 1479 5111 1709 5174; x_wconf 82' lang='lat' dir='ltr'><strong>lia-reas,</strong></span> <span class='ocrx_word' id='word_1_416' title='bbox 1752 5122 1805 5167; x_wconf 92' lang='lat' dir='ltr'><strong>et</strong></span> 
     </span>
    </p>
   </div>
   <div class='ocr_carea' id='block_1_53' title="bbox 241 5197 1805 5271">
    <p class='ocr_par' dir='ltr' id='par_1_53' title="bbox 241 5197 1805 5271">
     <span class='ocr_line' id='line_1_53' title="bbox 241 5197 1805 5271; baseline 0.009 -29"><span class='ocrx_word' id='word_1_417' title='bbox 241 5197 513 5258; x_wconf 68' lang='lat' dir='ltr'><strong>caudendo</strong></span> <span class='ocrx_word' id='word_1_418' title='bbox 535 5199 670 5252; x_wconf 88' lang='lat' dir='ltr'><strong>male</strong></span> <span class='ocrx_word' id='word_1_419' title='bbox 701 5213 887 5271; x_wconf 84' lang='lat' dir='ltr'><strong>pereas</strong></span> <span class='ocrx_word' id='word_1_420' title='bbox 911 5199 950 5253; x_wconf 80' lang='grc'><strong>³.</strong></span> <span class='ocrx_word' id='word_1_421' title='bbox 1002 5199 1131 5252; x_wconf 83' lang='lat' dir='ltr'><strong>Nam</strong></span> <span class='ocrx_word' id='word_1_422' title='bbox 1161 5199 1298 5253; x_wconf 86' lang='lat' dir='ltr'><strong>unde</strong></span> <span class='ocrx_word' id='word_1_423' title='bbox 1327 5201 1462 5254; x_wconf 88' lang='lat' dir='ltr'><strong>Deus</strong></span> <span class='ocrx_word' id='word_1_424' title='bbox 1497 5204 1685 5264; x_wconf 81' lang='lat' dir='ltr'><strong>miscet</strong></span> <span class='ocrx_word' id='word_1_425' title='bbox 1714 5206 1805 5256; x_wconf 88' lang='lat' dir='ltr'><strong>tri-</strong></span> 
     </span>
    </p>
   </div>
   <div class='ocr_carea' id='block_1_54' title="bbox 246 5285 1804 5358">
    <p class='ocr_par' dir='ltr' id='par_1_54' title="bbox 246 5285 1804 5358">
     <span class='ocr_line' id='line_1_54' title="bbox 246 5285 1804 5358; baseline 0.01 -24"><span class='ocrx_word' id='word_1_426' title='bbox 246 5285 535 5344; x_wconf 84' lang='lat' dir='ltr'><strong>bulationes</strong></span> <span class='ocrx_word' id='word_1_427' title='bbox 563 5290 764 5358; x_wconf 84' lang='lat' dir='ltr'><strong>gaudiis</strong></span> <span class='ocrx_word' id='word_1_428' title='bbox 791 5291 1032 5355; x_wconf 88' lang='lat' dir='ltr'><strong>terrenis,</strong></span> <span class='ocrx_word' id='word_1_429' title='bbox 1065 5292 1162 5345; x_wconf 91' lang='lat' dir='ltr'><strong>nisi</strong></span> <span class='ocrx_word' id='word_1_430' title='bbox 1187 5302 1240 5343; x_wconf 90' lang='lat' dir='ltr'><strong>ut</strong></span> <span class='ocrx_word' id='word_1_431' title='bbox 1271 5293 1658 5349; x_wconf 89' lang='lat' dir='ltr'><strong>tribulationem</strong></span> <span class='ocrx_word' id='word_1_432' title='bbox 1689 5313 1804 5350; x_wconf 84' lang='lat' dir='ltr'><strong>seu-</strong></span> 
     </span>
    </p>
   </div>
   <div class='ocr_carea' id='block_1_55' title="bbox 245 5378 1797 5445">
    <p class='ocr_par' dir='ltr' id='par_1_55' title="bbox 245 5378 1797 5445">
     <span class='ocr_line' id='line_1_55' title="bbox 245 5378 1797 5445; baseline 0.01 -16"><span class='ocrx_word' id='word_1_433' title='bbox 245 5378 424 5434; x_wconf 71' lang='lat' dir='ltr'><strong>ticntes</strong></span> <span class='ocrx_word' id='word_1_434' title='bbox 451 5389 502 5432; x_wconf 90' lang='lat' dir='ltr'><strong>et</strong></span> <span class='ocrx_word' id='word_1_435' title='bbox 525 5381 926 5436; x_wconf 86' lang='lat' dir='ltr'><strong>amaritudinem</strong></span> <span class='ocrx_word' id='word_1_436' title='bbox 952 5425 965 5445; x_wconf 92' lang='lat'><strong>,</strong></span> <span class='ocrx_word' id='word_1_437' title='bbox 1009 5383 1274 5438; x_wconf 87' lang='lat' dir='ltr'><strong>discamus</strong></span> <span class='ocrx_word' id='word_1_438' title='bbox 1299 5396 1550 5440; x_wconf 73' lang='lat' dir='ltr'><strong>aeternam</strong></span> <span class='ocrx_word' id='word_1_439' title='bbox 1587 5387 1797 5444; x_wconf 88' lang='lat' dir='ltr'><strong>deside-</strong></span> 
     </span>
    </p>
   </div>
   <div class='ocr_carea' id='block_1_56' title="bbox 244 5471 740 5526">
    <p class='ocr_par' dir='ltr' id='par_1_56' title="bbox 244 5471 740 5526">
     <span class='ocr_line' id='line_1_56' title="bbox 244 5471 740 5526; baseline 0.012 -7"><span class='ocrx_word' id='word_1_440' title='bbox 244 5481 351 5524; x_wconf 85' lang='lat' dir='ltr'><strong>rare</strong></span> <span class='ocrx_word' id='word_1_441' title='bbox 377 5471 740 5526; x_wconf 87' lang='lat' dir='ltr'><strong>dulcedinem?</strong></span> 
     </span>
    </p>
   </div>
   <div class='ocr_carea' id='block_1_57' title="bbox 301 5625 1135 5697">
    <p class='ocr_par' dir='ltr' id='par_1_57' title="bbox 301 5625 1135 5697">
     <span class='ocr_line' id='line_1_57' title="bbox 301 5625 1135 5697; baseline 0.006 -24"><span class='ocrx_word' id='word_1_442' title='bbox 301 5626 316 5697; x_wconf 66' lang='grc' dir='ltr'><strong>ξ</strong></span> <span class='ocrx_word' id='word_1_443' title='bbox 345 5626 528 5697; x_wconf 57' lang='lat' dir='ltr'><strong>aliquot</strong></span> <span class='ocrx_word' id='word_1_444' title='bbox 549 5634 676 5685; x_wconf 70' lang='lat' dir='ltr'><strong>Mss,</strong></span> <span class='ocrx_word' id='word_1_445' title='bbox 699 5625 1032 5697; x_wconf 67' lang='lat' dir='ltr'><strong>celebritatem.</strong></span> <span class='ocrx_word' id='word_1_446' title='bbox 1125 5689 1135 5697; x_wconf 84' lang='lat'><em>_</em></span> 
     </span>
    </p>
   </div>
   <div class='ocr_carea' id='block_1_58' title="bbox 243 5688 1797 5806">
    <p class='ocr_par' dir='ltr' id='par_1_58' title="bbox 243 5688 1797 5806">
     <span class='ocr_line' id='line_1_58' title="bbox 299 5688 1797 5794; baseline 0.005 -60"><span class='ocrx_word' id='word_1_447' title='bbox 299 5688 569 5794; x_wconf 55' lang='lat' dir='ltr'><strong>’ut’lerique</strong></span> <span class='ocrx_word' id='word_1_448' title='bbox 609 5698 738 5750; x_wconf 80' lang='lat' dir='ltr'><strong>Mss.,</strong></span> <span class='ocrx_word' id='word_1_449' title='bbox 778 5704 868 5740; x_wconf 86' lang='lat' dir='ltr'><strong>non</strong></span> <span class='ocrx_word' id='word_1_450' title='bbox 890 5690 1028 5740; x_wconf 76' lang='lat' dir='ltr'><strong>nudis</strong></span> <span class='ocrx_word' id='word_1_451' title='bbox 1068 5689 1220 5740; x_wconf 63' lang='lat' dir='ltr'><strong>mixta</strong></span> <span class='ocrx_word' id='word_1_452' title='bbox 1244 5704 1260 5740; x_wconf 89' lang='lat'><em>:</em></span> <span class='ocrx_word' id='word_1_453' title='bbox 1286 5690 1406 5741; x_wconf 82' lang='lat' dir='ltr'><strong>bona</strong></span> <span class='ocrx_word' id='word_1_454' title='bbox 1440 5692 1724 5753; x_wconf 65' lang='lat' dir='ltr'><strong>securitatis,</strong></span> <span class='ocrx_word' id='word_1_455' title='bbox 1748 5693 1797 5744; x_wconf 84' lang='lat' dir='ltr'><strong>in</strong></span> 
     </span>
     <span class='ocr_line' id='line_1_59' title="bbox 243 5758 1520 5806; baseline 0.01 -13"><span class='ocrx_word' id='word_1_456' title='bbox 243 5759 298 5806; x_wconf 80' lang='lat' dir='ltr'><strong>qu</strong></span> <span class='ocrx_word' id='word_1_457' title='bbox 334 5763 417 5806; x_wconf 61' lang='grc' dir='ltr'><strong>ηδ,</strong></span> <span class='ocrx_word' id='word_1_458' title='bbox 443 5758 537 5800; x_wconf 82' lang='lat' dir='ltr'><strong>etc.</strong></span> <span class='ocrx_word' id='word_1_459' title='bbox 1188 5785 1192 5789; x_wconf 83' lang='lat'><strong><em>~</em></strong></span> <span class='ocrx_word' id='word_1_460' title='bbox 1513 5799 1520 5806; x_wconf 94' lang='lat'><strong>.</strong></span> 
     </span>
    </p>
   </div>
   <div class='ocr_carea' id='block_1_59' title="bbox 402 5784 537 5806">
    <p class='ocr_par' dir='ltr' id='par_1_59' title="bbox 402 5784 537 5806">
     <span class='ocr_line' id='line_1_60' title="bbox 402 5784 537 5806; baseline 0 -7"><span class='ocrx_word' id='word_1_461' title='bbox 402 5784 417 5806; x_wconf 65' lang='grc' dir='ltr'><strong>ι</strong></span> <span class='ocrx_word' id='word_1_462' title='bbox 443 5784 537 5800; x_wconf 60' lang='grc' dir='ltr'><strong>*τινα</strong></span> 
     </span>
    </p>
   </div>
   <div class='ocr_carea' id='block_1_60' title="bbox 301 5799 1794 5877">
    <p class='ocr_par' dir='ltr' id='par_1_60' title="bbox 301 5799 1794 5877">
     <span class='ocr_line' id='line_1_61' title="bbox 301 5799 1794 5877; baseline 0.005 -22"><span class='ocrx_word' id='word_1_463' title='bbox 301 5811 317 5839; x_wconf 79' lang='grc'><strong>³</strong></span> <span class='ocrx_word' id='word_1_464' title='bbox 345 5799 434 5858; x_wconf 64' lang='lat' dir='ltr'><strong>iuni.</strong></span> <span class='ocrx_word' id='word_1_465' title='bbox 462 5799 511 5862; x_wconf 89' lang='lat' dir='ltr'><strong>et</strong></span> <span class='ocrx_word' id='word_1_466' title='bbox 535 5813 698 5874; x_wconf 82' lang='lat' dir='ltr'><strong>plures</strong></span> <span class='ocrx_word' id='word_1_467' title='bbox 721 5822 844 5874; x_wconf 64' lang='lat' dir='ltr'><strong>Mss,</strong></span> <span class='ocrx_word' id='word_1_468' title='bbox 863 5812 1062 5865; x_wconf 77' lang='lat' dir='ltr'><strong>hwrcas.</strong></span> <span class='ocrx_word' id='word_1_469' title='bbox 1080 5809 1215 5868; x_wconf 75' lang='lat' dir='ltr'><strong>Ferte</strong></span> <span class='ocrx_word' id='word_1_470' title='bbox 1234 5814 1352 5877; x_wconf 78' lang='lat' dir='ltr'><strong>leg.,</strong></span> <span class='ocrx_word' id='word_1_471' title='bbox 1369 5823 1412 5865; x_wconf 71' lang='lat' dir='ltr'><strong>et</strong></span> <span class='ocrx_word' id='word_1_472' title='bbox 1430 5799 1656 5869; x_wconf 76' lang='lat' dir='ltr'><strong>Ita&#39;i&#39;cndo</strong></span> <span class='ocrx_word' id='word_1_473' title='bbox 1673 5825 1794 5868; x_wconf 71' lang='lat' dir='ltr'><strong>male</strong></span> 
     </span>
    </p>
   </div>
   <div class='ocr_carea' id='block_1_61' title="bbox 243 5880 411 5923">
    <p class='ocr_par' dir='ltr' id='par_1_61' title="bbox 243 5880 411 5923">
     <span class='ocr_line' id='line_1_62' title="bbox 243 5880 411 5923; baseline -0.018 0"><span class='ocrx_word' id='word_1_474' title='bbox 243 5880 308 5923; x_wconf 60' lang='grc' dir='ltr'><strong>ἵε]</strong></span> <span class='ocrx_word' id='word_1_475' title='bbox 323 5887 411 5922; x_wconf 61' lang='grc' dir='ltr'><strong>[αὖ.</strong></span> 
     </span>
    </p>
   </div>
   <div class='ocr_carea' id='block_1_62' title="bbox 1325 388 2520 480">
    <p class='ocr_par' dir='ltr' id='par_1_62' title="bbox 1325 388 2520 480">
     <span class='ocr_line' id='line_1_63' title="bbox 1325 388 2520 480; baseline 0.013 -17"><span class='ocrx_word' id='word_1_476' title='bbox 1325 388 1716 466; x_wconf 62' lang='lat' dir='ltr'><strong>maritimo</strong></span> <span class='ocrx_word' id='word_1_477' title='bbox 1757 411 1819 465; x_wconf 72' lang='lat' dir='ltr'><strong>IN</strong></span> <span class='ocrx_word' id='word_1_478' title='bbox 1860 413 2179 473; x_wconf 72' lang='lat' dir='ltr'><strong>esiLIIUII</strong></span> <span class='ocrx_word' id='word_1_479' title='bbox 2219 420 2520 480; x_wconf 75' lang='lat' dir='ltr'><strong>cxxxrn.</strong></span> 
     </span>
    </p>
   </div>
   <div class='ocr_carea' id='block_1_63' title="bbox 3421 444 3556 500">
    <p class='ocr_par' dir='ltr' id='par_1_63' title="bbox 3421 444 3556 500">
     <span class='ocr_line' id='line_1_64' title="bbox 3421 444 3556 500; baseline 0.015 -2"><span class='ocrx_word' id='word_1_480' title='bbox 3421 444 3556 500; x_wconf 67' lang='lat' dir='ltr'><strong>i778</strong></span> 
     </span>
    </p>
   </div>
   <div class='ocr_carea' id='block_1_64' title="bbox 2049 531 3551 623">
    <p class='ocr_par' dir='ltr' id='par_1_64' title="bbox 2049 531 3551 623">
     <span class='ocr_line' id='line_1_65' title="bbox 2049 531 3551 623; baseline 0.022 -44"><span class='ocrx_word' id='word_1_481' title='bbox 2049 531 2098 580; x_wconf 84' lang='lat'><strong>8.</strong></span> <span class='ocrx_word' id='word_1_482' title='bbox 2142 533 2277 600; x_wconf 88' lang='lat' dir='ltr'><strong>Quid</strong></span> <span class='ocrx_word' id='word_1_483' title='bbox 2305 552 2430 606; x_wconf 82' lang='lat' dir='ltr'><strong>ergo</strong></span> <span class='ocrx_word' id='word_1_484' title='bbox 2459 540 2620 606; x_wconf 89' lang='lat' dir='ltr'><strong>petit,</strong></span> <span class='ocrx_word' id='word_1_485' title='bbox 2655 542 2926 601; x_wconf 74' lang='lat' dir='ltr'><strong>rideamus</strong></span> <span class='ocrx_word' id='word_1_486' title='bbox 2951 563 2964 611; x_wconf 90' lang='lat'><strong>;</strong></span> <span class='ocrx_word' id='word_1_487' title='bbox 2994 563 3098 618; x_wconf 85' lang='lat' dir='ltr'><strong>quo</strong></span> <span class='ocrx_word' id='word_1_488' title='bbox 3129 531 3318 607; x_wconf 79' lang='lat' dir='ltr'><strong>merito</strong></span> <span class='ocrx_word' id='word_1_489' title='bbox 3338 553 3551 623; x_wconf 73' lang='lat' dir='ltr'><strong>dixerit,</strong></span> 
     </span>
    </p>
   </div>
   <div class='ocr_carea' id='block_1_65' title="bbox 1979 622 3557 705">
    <p class='ocr_par' dir='ltr' id='par_1_65' title="bbox 1979 622 3557 705">
     <span class='ocr_line' id='line_1_66' title="bbox 1979 622 3557 705; baseline 0.016 -29"><span class='ocrx_word' id='word_1_490' title='bbox 1979 622 2087 677; x_wconf 87' lang='lat' dir='ltr'><strong>Cito</strong></span> <span class='ocrx_word' id='word_1_491' title='bbox 2108 627 2293 681; x_wconf 67' lang='lat' dir='ltr'><strong>exaudi</strong></span> <span class='ocrx_word' id='word_1_492' title='bbox 2315 646 2409 683; x_wconf 90' lang='lat' dir='ltr'><strong>me.</strong></span> <span class='ocrx_word' id='word_1_493' title='bbox 2439 629 2573 697; x_wconf 86' lang='lat' dir='ltr'><strong>Quid</strong></span> <span class='ocrx_word' id='word_1_494' title='bbox 2601 635 2740 688; x_wconf 92' lang='lat' dir='ltr'><strong>enim</strong></span> <span class='ocrx_word' id='word_1_495' title='bbox 2769 639 2902 705; x_wconf 89' lang='lat' dir='ltr'><strong>petis</strong></span> <span class='ocrx_word' id='word_1_496' title='bbox 2926 680 2940 704; x_wconf 93' lang='lat'><strong>,</strong></span> <span class='ocrx_word' id='word_1_497' title='bbox 2972 649 3030 695; x_wconf 90' lang='lat' dir='ltr'><strong>ut</strong></span> <span class='ocrx_word' id='word_1_498' title='bbox 3077 642 3184 697; x_wconf 86' lang='lat' dir='ltr'><strong>cito</strong></span> <span class='ocrx_word' id='word_1_499' title='bbox 3209 622 3557 704; x_wconf 76' lang='lat' dir='ltr'><strong>exaudiaris?</strong></span> 
     </span>
    </p>
   </div>
   <div class='ocr_carea' id='block_1_66' title="bbox 1978 714 3552 811">
    <p class='ocr_par' dir='ltr' id='par_1_66' title="bbox 1978 714 3552 811">
     <span class='ocr_line' id='line_1_67' title="bbox 1978 714 3552 811; baseline 0.019 -43"><span class='ocrx_word' id='word_1_500' title='bbox 1978 714 2344 788; x_wconf 79' lang='lat' dir='ltr'><strong>Multiplicobis</strong></span> <span class='ocrx_word' id='word_1_501' title='bbox 2367 738 2461 776; x_wconf 88' lang='lat' dir='ltr'><strong>me.</strong></span> <span class='ocrx_word' id='word_1_502' title='bbox 2508 722 2683 780; x_wconf 85' lang='lat' dir='ltr'><strong>Multis</strong></span> <span class='ocrx_word' id='word_1_503' title='bbox 2723 729 2891 785; x_wconf 88' lang='lat' dir='ltr'><strong>modis</strong></span> <span class='ocrx_word' id='word_1_504' title='bbox 2927 734 3294 804; x_wconf 86' lang='lat' dir='ltr'><strong>multiplicatio</strong></span> <span class='ocrx_word' id='word_1_505' title='bbox 3334 739 3552 811; x_wconf 78' lang='lat' dir='ltr'><strong>intelligi</strong></span> 
     </span>
    </p>
   </div>
   <div class='ocr_carea' id='block_1_67' title="bbox 1976 811 3552 895">
    <p class='ocr_par' dir='ltr' id='par_1_67' title="bbox 1976 811 3552 895">
     <span class='ocr_line' id='line_1_68' title="bbox 1976 811 3552 895; baseline 0.016 -36"><span class='ocrx_word' id='word_1_506' title='bbox 1976 816 2170 876; x_wconf 90' lang='lat' dir='ltr'><strong>potest.</strong></span> <span class='ocrx_word' id='word_1_507' title='bbox 2206 811 2298 865; x_wconf 90' lang='lat' dir='ltr'><strong>Est</strong></span> <span class='ocrx_word' id='word_1_508' title='bbox 2325 813 2690 884; x_wconf 89' lang='lat' dir='ltr'><strong>multiplicatio</strong></span> <span class='ocrx_word' id='word_1_509' title='bbox 2713 827 2935 876; x_wconf 76' lang='lat' dir='ltr'><strong>terrenae</strong></span> <span class='ocrx_word' id='word_1_510' title='bbox 2957 826 3334 895; x_wconf 82' lang='lat' dir='ltr'><strong>generationis,</strong></span> <span class='ocrx_word' id='word_1_511' title='bbox 3354 843 3552 884; x_wconf 80' lang='lat' dir='ltr'><strong>secun-</strong></span> 
     </span>
    </p>
   </div>
   <div class='ocr_carea' id='block_1_68' title="bbox 1975 899 3551 991">
    <p class='ocr_par' dir='ltr' id='par_1_68' title="bbox 1975 899 3551 991">
     <span class='ocr_line' id='line_1_69' title="bbox 1975 899 3551 991; baseline 0.016 -39"><span class='ocrx_word' id='word_1_512' title='bbox 1975 899 2100 953; x_wconf 92' lang='lat' dir='ltr'><strong>dum</strong></span> <span class='ocrx_word' id='word_1_513' title='bbox 2143 903 2363 970; x_wconf 89' lang='lat' dir='ltr'><strong>primam</strong></span> <span class='ocrx_word' id='word_1_514' title='bbox 2410 916 2612 962; x_wconf 74' lang='lat' dir='ltr'><strong>natura:</strong></span> <span class='ocrx_word' id='word_1_515' title='bbox 2654 919 2849 966; x_wconf 65' lang='lat' dir='ltr'><strong>nostra:</strong></span> <span class='ocrx_word' id='word_1_516' title='bbox 2891 913 3349 984; x_wconf 86' lang='lat' dir='ltr'><strong>benedictionem,</strong></span> <span class='ocrx_word' id='word_1_517' title='bbox 3391 936 3551 991; x_wconf 79' lang='lat' dir='ltr'><strong>quam</strong></span> 
     </span>
    </p>
   </div>
   <div class='ocr_carea' id='block_1_69' title="bbox 1974 992 3550 1078">
    <p class='ocr_par' dir='ltr' id='par_1_69' title="bbox 1974 992 3550 1078">
     <span class='ocr_line' id='line_1_70' title="bbox 1974 992 3550 1078; baseline 0.013 -35"><span class='ocrx_word' id='word_1_518' title='bbox 1974 992 2270 1078; x_wconf 82' lang='lat' dir='ltr'><strong>audivimus</strong></span> <span class='ocrx_word' id='word_1_519' title='bbox 2301 1012 2314 1048; x_wconf 88' lang='lat'><strong>:</strong></span> <span class='ocrx_word' id='word_1_520' title='bbox 2344 996 2592 1063; x_wconf 79' lang='lat' dir='ltr'><strong>Crescite,</strong></span> <span class='ocrx_word' id='word_1_521' title='bbox 2627 1009 2671 1053; x_wconf 89' lang='lat' dir='ltr'><strong>et</strong></span> <span class='ocrx_word' id='word_1_522' title='bbox 2700 1000 3124 1072; x_wconf 79' lang='lat' dir='ltr'><strong>multiplicamini,</strong></span> <span class='ocrx_word' id='word_1_523' title='bbox 3153 1017 3198 1059; x_wconf 86' lang='lat' dir='ltr'><strong>et</strong></span> <span class='ocrx_word' id='word_1_524' title='bbox 3222 1008 3420 1078; x_wconf 85' lang='lat' dir='ltr'><strong>implete</strong></span> <span class='ocrx_word' id='word_1_525' title='bbox 3449 1023 3550 1063; x_wconf 84' lang='lat' dir='ltr'><strong>ter-</strong></span> 
     </span>
    </p>
   </div>
   <div class='ocr_carea' id='block_1_70' title="bbox 1971 1084 3546 1166">
    <p class='ocr_par' dir='ltr' id='par_1_70' title="bbox 1971 1084 3546 1166">
     <span class='ocr_line' id='line_1_71' title="bbox 1971 1084 3546 1166; baseline 0.012 -33"><span class='ocrx_word' id='word_1_526' title='bbox 1971 1098 2081 1135; x_wconf 86' lang='lat' dir='ltr'><strong>ram</strong></span> <span class='ocrx_word' id='word_1_527' title='bbox 2103 1125 2117 1148; x_wconf 92' lang='lat'><strong>,</strong></span> <span class='ocrx_word' id='word_1_528' title='bbox 2148 1093 2193 1136; x_wconf 82' lang='lat' dir='ltr'><strong>et</strong></span> <span class='ocrx_word' id='word_1_529' title='bbox 2222 1084 2547 1141; x_wconf 80' lang='lat' dir='ltr'><strong>dominamini</strong></span> <span class='ocrx_word' id='word_1_530' title='bbox 2578 1090 2687 1159; x_wconf 82' lang='lat' dir='ltr'><strong>ejus</strong></span> <span class='ocrx_word' id='word_1_531' title='bbox 2713 1089 2862 1165; x_wconf 79' lang='lat' dir='ltr'><strong>(Cen.</strong></span> <span class='ocrx_word' id='word_1_532' title='bbox 2888 1109 2923 1155; x_wconf 90' lang='lat' dir='ltr'><strong>I,</strong></span> <span class='ocrx_word' id='word_1_533' title='bbox 2941 1093 3055 1166; x_wconf 75' lang='lat'><strong>‘28).</strong></span> <span class='ocrx_word' id='word_1_534' title='bbox 3084 1097 3242 1153; x_wconf 89' lang='lat' dir='ltr'><strong>Sicnc</strong></span> <span class='ocrx_word' id='word_1_535' title='bbox 3288 1100 3372 1154; x_wconf 88' lang='lat' dir='ltr'><strong>ille</strong></span> <span class='ocrx_word' id='word_1_536' title='bbox 3402 1103 3546 1153; x_wconf 79' lang='lat' dir='ltr'><strong>vole-</strong></span> 
     </span>
    </p>
   </div>
   <div class='ocr_carea' id='block_1_71' title="bbox 1977 1173 3549 1250">
    <p class='ocr_par' dir='ltr' id='par_1_71' title="bbox 1977 1173 3549 1250">
     <span class='ocr_line' id='line_1_72' title="bbox 1977 1173 3549 1250; baseline 0.015 -26"><span class='ocrx_word' id='word_1_537' title='bbox 1977 1173 2062 1228; x_wconf 84' lang='lat' dir='ltr'><strong>bat</strong></span> <span class='ocrx_word' id='word_1_538' title='bbox 2109 1176 2488 1246; x_wconf 88' lang='lat' dir='ltr'><strong>multiplicari,</strong></span> <span class='ocrx_word' id='word_1_539' title='bbox 2536 1182 2624 1250; x_wconf 85' lang='lat' dir='ltr'><strong>qui</strong></span> <span class='ocrx_word' id='word_1_540' title='bbox 2673 1181 2918 1248; x_wconf 89' lang='lat' dir='ltr'><strong>dicebat,</strong></span> <span class='ocrx_word' id='word_1_541' title='bbox 2955 1184 3064 1240; x_wconf 89' lang='lat' dir='ltr'><strong>Cito</strong></span> <span class='ocrx_word' id='word_1_542' title='bbox 3105 1191 3289 1243; x_wconf 76' lang='lat' dir='ltr'><strong>exaudi</strong></span> <span class='ocrx_word' id='word_1_543' title='bbox 3331 1193 3453 1245; x_wconf 85' lang='lat' dir='ltr'><strong>me?</strong></span> <span class='ocrx_word' id='word_1_544' title='bbox 3484 1193 3549 1248; x_wconf 74' lang='lat' dir='ltr'><strong>Et</strong></span> 
     </span>
    </p>
   </div>
   <div class='ocr_carea' id='block_1_72' title="bbox 1973 1258 3546 1348">
    <p class='ocr_par' dir='ltr' id='par_1_72' title="bbox 1973 1258 3546 1348">
     <span class='ocr_line' id='line_1_73' title="bbox 1973 1258 3546 1348; baseline 0.011 -28"><span class='ocrx_word' id='word_1_545' title='bbox 1973 1258 2070 1321; x_wconf 86' lang='lat' dir='ltr'><strong>ista</strong></span> <span class='ocrx_word' id='word_1_546' title='bbox 2115 1269 2268 1338; x_wconf 89' lang='lat' dir='ltr'><strong>plane</strong></span> <span class='ocrx_word' id='word_1_547' title='bbox 2311 1271 2682 1341; x_wconf 87' lang='lat' dir='ltr'><strong>multiplicatio</strong></span> <span class='ocrx_word' id='word_1_548' title='bbox 2718 1275 2988 1333; x_wconf 89' lang='lat' dir='ltr'><strong>fructuosa</strong></span> <span class='ocrx_word' id='word_1_549' title='bbox 3035 1289 3150 1348; x_wconf 82' lang='lat' dir='ltr'><strong>est,</strong></span> <span class='ocrx_word' id='word_1_550' title='bbox 3183 1283 3237 1336; x_wconf 87' lang='lat' dir='ltr'><strong>et</strong></span> <span class='ocrx_word' id='word_1_551' title='bbox 3268 1298 3370 1336; x_wconf 90' lang='lat' dir='ltr'><strong>non</strong></span> <span class='ocrx_word' id='word_1_552' title='bbox 3401 1285 3546 1339; x_wconf 81' lang='lat' dir='ltr'><strong>venit</strong></span> 
     </span>
    </p>
   </div>
   <div class='ocr_carea' id='block_1_73' title="bbox 1970 1357 3546 1438">
    <p class='ocr_par' dir='ltr' id='par_1_73' title="bbox 1970 1357 3546 1438">
     <span class='ocr_line' id='line_1_74' title="bbox 1970 1357 3546 1438; baseline 0.011 -27"><span class='ocrx_word' id='word_1_553' title='bbox 1970 1357 2070 1412; x_wconf 89' lang='lat' dir='ltr'><strong>nisi</strong></span> <span class='ocrx_word' id='word_1_554' title='bbox 2091 1359 2156 1414; x_wconf 83' lang='lat' dir='ltr'><strong>de</strong></span> <span class='ocrx_word' id='word_1_555' title='bbox 2182 1360 2548 1418; x_wconf 87' lang='lat' dir='ltr'><strong>benedictione</strong></span> <span class='ocrx_word' id='word_1_556' title='bbox 2581 1365 2807 1420; x_wconf 88' lang='lat' dir='ltr'><strong>Domini.</strong></span> <span class='ocrx_word' id='word_1_557' title='bbox 2835 1367 2950 1423; x_wconf 85' lang='lat' dir='ltr'><strong>Jam</strong></span> <span class='ocrx_word' id='word_1_558' title='bbox 2982 1369 3106 1438; x_wconf 90' lang='lat' dir='ltr'><strong>quid</strong></span> <span class='ocrx_word' id='word_1_559' title='bbox 3134 1370 3304 1425; x_wconf 91' lang='lat' dir='ltr'><strong>dicam</strong></span> <span class='ocrx_word' id='word_1_560' title='bbox 3325 1372 3398 1428; x_wconf 89' lang='lat' dir='ltr'><strong>de</strong></span> <span class='ocrx_word' id='word_1_561' title='bbox 3425 1374 3546 1429; x_wconf 77' lang='lat' dir='ltr'><strong>aliis</strong></span> 
     </span>
    </p>
   </div>
   <div class='ocr_carea' id='block_1_74' title="bbox 1969 1452 3545 1530">
    <p class='ocr_par' dir='ltr' id='par_1_74' title="bbox 1969 1452 3545 1530">
     <span class='ocr_line' id='line_1_75' title="bbox 1969 1452 3545 1530; baseline 0.009 -26"><span class='ocrx_word' id='word_1_562' title='bbox 1969 1452 2491 1523; x_wconf 84' lang='lat' dir='ltr'><strong>multiplicatioaibus</strong></span> <span class='ocrx_word' id='word_1_563' title='bbox 2512 1457 2534 1510; x_wconf 90' lang='lat'><strong>?</strong></span> <span class='ocrx_word' id='word_1_564' title='bbox 2558 1456 2930 1529; x_wconf 84' lang='lat' dir='ltr'><strong>Multiplicatns</strong></span> <span class='ocrx_word' id='word_1_565' title='bbox 2953 1469 3035 1514; x_wconf 91' lang='lat' dir='ltr'><strong>est</strong></span> <span class='ocrx_word' id='word_1_566' title='bbox 3056 1461 3144 1516; x_wconf 91' lang='lat' dir='ltr'><strong>ille</strong></span> <span class='ocrx_word' id='word_1_567' title='bbox 3163 1477 3317 1530; x_wconf 88' lang='lat' dir='ltr'><strong>auro,</strong></span> <span class='ocrx_word' id='word_1_568' title='bbox 3345 1463 3433 1518; x_wconf 91' lang='lat' dir='ltr'><strong>ille</strong></span> <span class='ocrx_word' id='word_1_569' title='bbox 3459 1480 3545 1518; x_wconf 89' lang='lat' dir='ltr'><strong>ar-</strong></span> 
     </span>
    </p>
   </div>
   <div class='ocr_carea' id='block_1_75' title="bbox 1967 1547 3540 1624">
    <p class='ocr_par' dir='ltr' id='par_1_75' title="bbox 1967 1547 3540 1624">
     <span class='ocr_line' id='line_1_76' title="bbox 1967 1547 3540 1624; baseline 0.01 -29"><span class='ocrx_word' id='word_1_570' title='bbox 1967 1555 2131 1613; x_wconf 83' lang='lat' dir='ltr'><strong>gento</strong></span> <span class='ocrx_word' id='word_1_571' title='bbox 2157 1588 2172 1613; x_wconf 93' lang='lat'><strong>,</strong></span> <span class='ocrx_word' id='word_1_572' title='bbox 2207 1547 2294 1602; x_wconf 92' lang='lat' dir='ltr'><strong>ille</strong></span> <span class='ocrx_word' id='word_1_573' title='bbox 2324 1564 2515 1618; x_wconf 89' lang='lat' dir='ltr'><strong>pecore</strong></span> <span class='ocrx_word' id='word_1_574' title='bbox 2536 1590 2551 1612; x_wconf 92' lang='lat'><strong>,</strong></span> <span class='ocrx_word' id='word_1_575' title='bbox 2582 1551 2671 1605; x_wconf 91' lang='lat' dir='ltr'><strong>ille</strong></span> <span class='ocrx_word' id='word_1_576' title='bbox 2701 1550 2894 1606; x_wconf 85' lang='lat' dir='ltr'><strong>familia</strong></span> <span class='ocrx_word' id='word_1_577' title='bbox 2920 1595 2934 1620; x_wconf 96' lang='lat'><strong>,</strong></span> <span class='ocrx_word' id='word_1_578' title='bbox 2965 1552 3056 1608; x_wconf 89' lang='lat' dir='ltr'><strong>ille</strong></span> <span class='ocrx_word' id='word_1_579' title='bbox 3095 1555 3540 1624; x_wconf 88' lang='lat' dir='ltr'><strong>possessionibus,</strong></span> 
     </span>
    </p>
   </div>
   <div class='ocr_carea' id='block_1_76' title="bbox 1966 1637 3541 1719">
    <p class='ocr_par' dir='ltr' id='par_1_76' title="bbox 1966 1637 3541 1719">
     <span class='ocr_line' id='line_1_77' title="bbox 1966 1637 3541 1719; baseline 0.01 -29"><span class='ocrx_word' id='word_1_580' title='bbox 1966 1637 2057 1692; x_wconf 90' lang='lat' dir='ltr'><strong>ille</strong></span> <span class='ocrx_word' id='word_1_581' title='bbox 2111 1637 2192 1694; x_wconf 93' lang='lat' dir='ltr'><strong>his</strong></span> <span class='ocrx_word' id='word_1_582' title='bbox 2251 1641 2514 1696; x_wconf 91' lang='lat' dir='ltr'><strong>omnibus.</strong></span> <span class='ocrx_word' id='word_1_583' title='bbox 2555 1643 2731 1699; x_wconf 74' lang='lat' dir='ltr'><strong>Multa:</strong></span> <span class='ocrx_word' id='word_1_584' title='bbox 2781 1653 2906 1700; x_wconf 90' lang='lat' dir='ltr'><strong>sunt</strong></span> <span class='ocrx_word' id='word_1_585' title='bbox 2947 1659 3170 1702; x_wconf 71' lang='lat' dir='ltr'><strong>terrena:</strong></span> <span class='ocrx_word' id='word_1_586' title='bbox 3221 1649 3541 1719; x_wconf 58' lang='lat' dir='ltr'><strong>multiplica-é</strong></span> 
     </span>
    </p>
   </div>
   <div class='ocr_carea' id='block_1_77' title="bbox 1965 1732 3538 1813">
    <p class='ocr_par' dir='ltr' id='par_1_77' title="bbox 1965 1732 3538 1813">
     <span class='ocr_line' id='line_1_78' title="bbox 1965 1732 3538 1813; baseline 0.012 -30"><span class='ocrx_word' id='word_1_587' title='bbox 1965 1732 2174 1798; x_wconf 87' lang='lat' dir='ltr'><strong>tiones;</strong></span> <span class='ocrx_word' id='word_1_588' title='bbox 2207 1733 2407 1790; x_wconf 84' lang='lat' dir='ltr'><strong>felicior</strong></span> <span class='ocrx_word' id='word_1_589' title='bbox 2431 1746 2607 1793; x_wconf 90' lang='lat' dir='ltr'><strong>autem</strong></span> <span class='ocrx_word' id='word_1_590' title='bbox 2645 1739 2874 1796; x_wconf 82' lang='lat' dir='ltr'><strong>ﬁliorum</strong></span> <span class='ocrx_word' id='word_1_591' title='bbox 2909 1759 2922 1795; x_wconf 91' lang='lat'><strong>:</strong></span> <span class='ocrx_word' id='word_1_592' title='bbox 2953 1757 3254 1813; x_wconf 88' lang='lat' dir='ltr'><strong>quanquam</strong></span> <span class='ocrx_word' id='word_1_593' title='bbox 3305 1744 3538 1802; x_wconf 83' lang='lat' dir='ltr'><strong>homini-</strong></span> 
     </span>
    </p>
   </div>
   <div class='ocr_carea' id='block_1_78' title="bbox 1961 1824 3538 1900">
    <p class='ocr_par' dir='ltr' id='par_1_78' title="bbox 1961 1824 3538 1900">
     <span class='ocr_line' id='line_1_79' title="bbox 1961 1824 3538 1900; baseline 0.011 -22"><span class='ocrx_word' id='word_1_594' title='bbox 1961 1824 2060 1879; x_wconf 90' lang='lat' dir='ltr'><strong>bus</strong></span> <span class='ocrx_word' id='word_1_595' title='bbox 2084 1827 2255 1882; x_wconf 86' lang='lat' dir='ltr'><strong>avaris</strong></span> <span class='ocrx_word' id='word_1_596' title='bbox 2285 1829 2444 1884; x_wconf 90' lang='lat' dir='ltr'><strong>etiam</strong></span> <span class='ocrx_word' id='word_1_597' title='bbox 2476 1830 2586 1900; x_wconf 92' lang='lat' dir='ltr'><strong>ipsa</strong></span> <span class='ocrx_word' id='word_1_598' title='bbox 2616 1831 2913 1888; x_wconf 88' lang='lat' dir='ltr'><strong>fecunditas</strong></span> <span class='ocrx_word' id='word_1_599' title='bbox 2943 1835 3162 1890; x_wconf 85' lang='lat' dir='ltr'><strong>molesta</strong></span> <span class='ocrx_word' id='word_1_600' title='bbox 3192 1845 3292 1892; x_wconf 89' lang='lat' dir='ltr'><strong>est.</strong></span> <span class='ocrx_word' id='word_1_601' title='bbox 3325 1837 3538 1896; x_wconf 87' lang='lat' dir='ltr'><strong>Timent</strong></span> 
     </span>
    </p>
   </div>
   <div class='ocr_carea' id='block_1_79' title="bbox 1960 1917 3534 1999">
    <p class='ocr_par' dir='ltr' id='par_1_79' title="bbox 1960 1917 3534 1999">
     <span class='ocr_line' id='line_1_80' title="bbox 1960 1917 3534 1999; baseline 0.009 -28"><span class='ocrx_word' id='word_1_602' title='bbox 1960 1917 2100 1971; x_wconf 90' lang='lat' dir='ltr'><strong>enim</strong></span> <span class='ocrx_word' id='word_1_603' title='bbox 2127 1934 2192 1973; x_wconf 92' lang='lat' dir='ltr'><strong>ne</strong></span> <span class='ocrx_word' id='word_1_604' title='bbox 2209 1934 2468 1990; x_wconf 89' lang='lat' dir='ltr'><strong>pauperes</strong></span> <span class='ocrx_word' id='word_1_605' title='bbox 2493 1924 2876 1992; x_wconf 84' lang='lat' dir='ltr'><strong>relinquantur,</strong></span> <span class='ocrx_word' id='word_1_606' title='bbox 2896 1927 2985 1996; x_wconf 91' lang='lat' dir='ltr'><strong>qui</strong></span> <span class='ocrx_word' id='word_1_607' title='bbox 3005 1926 3153 1982; x_wconf 88' lang='lat' dir='ltr'><strong>multi</strong></span> <span class='ocrx_word' id='word_1_608' title='bbox 3178 1929 3319 1984; x_wconf 89' lang='lat' dir='ltr'><strong>nasci</strong></span> <span class='ocrx_word' id='word_1_609' title='bbox 3343 1939 3534 1999; x_wconf 87' lang='lat' dir='ltr'><strong>potue-</strong></span> 
     </span>
    </p>
   </div>
   <div class='ocr_carea' id='block_1_80' title="bbox 1959 2008 3532 2092">
    <p class='ocr_par' dir='ltr' id='par_1_80' title="bbox 1959 2008 3532 2092">
     <span class='ocr_line' id='line_1_81' title="bbox 1959 2008 3532 2092; baseline 0.01 -32"><span class='ocrx_word' id='word_1_610' title='bbox 1959 2018 2100 2062; x_wconf 90' lang='lat' dir='ltr'><strong>runt.</strong></span> <span class='ocrx_word' id='word_1_611' title='bbox 2126 2008 2254 2076; x_wconf 79' lang='lat' dir='ltr'><strong>Quae</strong></span> <span class='ocrx_word' id='word_1_612' title='bbox 2281 2012 2582 2068; x_wconf 87' lang='lat' dir='ltr'><strong>sollicitudo</strong></span> <span class='ocrx_word' id='word_1_613' title='bbox 2603 2015 2882 2086; x_wconf 88' lang='lat' dir='ltr'><strong>plerosque</strong></span> <span class='ocrx_word' id='word_1_614' title='bbox 2901 2018 2966 2072; x_wconf 88' lang='lat' dir='ltr'><strong>ad</strong></span> <span class='ocrx_word' id='word_1_615' title='bbox 2993 2017 3317 2090; x_wconf 84' lang='lat' dir='ltr'><strong>impietatem</strong></span> <span class='ocrx_word' id='word_1_616' title='bbox 3339 2021 3532 2092; x_wconf 77' lang='lat' dir='ltr'><strong>coegit,</strong></span> 
     </span>
    </p>
   </div>
   <div class='ocr_carea' id='block_1_81' title="bbox 1959 2099 3534 2184">
    <p class='ocr_par' dir='ltr' id='par_1_81' title="bbox 1959 2099 3534 2184">
     <span class='ocr_line' id='line_1_82' title="bbox 1959 2099 3534 2184; baseline 0.01 -32"><span class='ocrx_word' id='word_1_617' title='bbox 1959 2107 2016 2184; x_wconf 85' lang='lat' dir='ltr'><strong>ut</strong></span> <span class='ocrx_word' id='word_1_618' title='bbox 2067 2099 2503 2159; x_wconf 87' lang='lat' dir='ltr'><strong>obliviscerentur</strong></span> <span class='ocrx_word' id='word_1_619' title='bbox 2546 2105 2688 2176; x_wconf 90' lang='lat' dir='ltr'><strong>quod</strong></span> <span class='ocrx_word' id='word_1_620' title='bbox 2730 2117 2977 2177; x_wconf 89' lang='lat' dir='ltr'><strong>parentes</strong></span> <span class='ocrx_word' id='word_1_621' title='bbox 3023 2119 3232 2179; x_wconf 90' lang='lat' dir='ltr'><strong>essent,</strong></span> <span class='ocrx_word' id='word_1_622' title='bbox 3283 2113 3534 2184; x_wconf 84' lang='lat' dir='ltr'><strong>omnique</strong></span> 
     </span>
    </p>
   </div>
   <div class='ocr_carea' id='block_1_82' title="bbox 1958 2191 3533 2274">
    <p class='ocr_par' dir='ltr' id='par_1_82' title="bbox 1958 2191 3533 2274">
     <span class='ocr_line' id='line_1_83' title="bbox 1958 2191 3533 2274; baseline 0.012 -30"><span class='ocrx_word' id='word_1_623' title='bbox 1958 2191 2304 2249; x_wconf 88' lang='lat' dir='ltr'><strong>humanitatis</strong></span> <span class='ocrx_word' id='word_1_624' title='bbox 2358 2195 2555 2252; x_wconf 90' lang='lat' dir='ltr'><strong>affectu</strong></span> <span class='ocrx_word' id='word_1_625' title='bbox 2625 2200 2944 2270; x_wconf 80' lang='lat' dir='ltr'><strong>exspoliati,</strong></span> <span class='ocrx_word' id='word_1_626' title='bbox 2994 2213 3327 2274; x_wconf 81' lang='lat' dir='ltr'><strong>exponerent</strong></span> <span class='ocrx_word' id='word_1_627' title='bbox 3392 2207 3533 2264; x_wconf 81' lang='lat' dir='ltr'><strong>ﬁlios</strong></span> 
     </span>
    </p>
   </div>
   <div class='ocr_carea' id='block_1_83' title="bbox 1954 2286 3526 2367">
    <p class='ocr_par' dir='ltr' id='par_1_83' title="bbox 1954 2286 3526 2367">
     <span class='ocr_line' id='line_1_84' title="bbox 1954 2286 3526 2367; baseline 0.01 -30"><span class='ocrx_word' id='word_1_628' title='bbox 1954 2298 2100 2352; x_wconf 88' lang='lat' dir='ltr'><strong>suos,</strong></span> <span class='ocrx_word' id='word_1_629' title='bbox 2127 2293 2183 2339; x_wconf 90' lang='lat' dir='ltr'><strong>ut</strong></span> <span class='ocrx_word' id='word_1_630' title='bbox 2210 2299 2303 2340; x_wconf 91' lang='lat' dir='ltr'><strong>eos</strong></span> <span class='ocrx_word' id='word_1_631' title='bbox 2329 2286 2564 2343; x_wconf 89' lang='lat' dir='ltr'><strong>facerent</strong></span> <span class='ocrx_word' id='word_1_632' title='bbox 2591 2289 2827 2357; x_wconf 88' lang='lat' dir='ltr'><strong>alienos;</strong></span> <span class='ocrx_word' id='word_1_633' title='bbox 2858 2292 3141 2362; x_wconf 87' lang='lat' dir='ltr'><strong>projiceret</strong></span> <span class='ocrx_word' id='word_1_634' title='bbox 3163 2311 3280 2366; x_wconf 71' lang='lat' dir='ltr'><strong>qute</strong></span> <span class='ocrx_word' id='word_1_635' title='bbox 3305 2298 3526 2367; x_wconf 86' lang='lat' dir='ltr'><strong>peperit,</strong></span> 
     </span>
    </p>
   </div>
   <div class='ocr_carea' id='block_1_84' title="bbox 1954 2375 3527 2452">
    <p class='ocr_par' dir='ltr' id='par_1_84' title="bbox 1954 2375 3527 2452">
     <span class='ocr_line' id='line_1_85' title="bbox 1954 2375 3527 2452; baseline 0.011 -26"><span class='ocrx_word' id='word_1_636' title='bbox 1954 2375 2226 2444; x_wconf 82' lang='lat' dir='ltr'><strong>colligeret</strong></span> <span class='ocrx_word' id='word_1_637' title='bbox 2248 2392 2368 2446; x_wconf 75' lang='lat' dir='ltr'><strong>qua:</strong></span> <span class='ocrx_word' id='word_1_638' title='bbox 2397 2393 2502 2432; x_wconf 92' lang='lat' dir='ltr'><strong>non</strong></span> <span class='ocrx_word' id='word_1_639' title='bbox 2535 2380 2776 2449; x_wconf 88' lang='lat' dir='ltr'><strong>peperit;</strong></span> <span class='ocrx_word' id='word_1_640' title='bbox 2804 2381 2890 2436; x_wconf 87' lang='lat' dir='ltr'><strong>illa</strong></span> <span class='ocrx_word' id='word_1_641' title='bbox 2912 2393 3298 2452; x_wconf 90' lang='lat' dir='ltr'><strong>contemneret,</strong></span> <span class='ocrx_word' id='word_1_642' title='bbox 3323 2387 3409 2442; x_wconf 91' lang='lat' dir='ltr'><strong>illa</strong></span> <span class='ocrx_word' id='word_1_643' title='bbox 3439 2387 3527 2442; x_wconf 86' lang='lat' dir='ltr'><strong>di-</strong></span> 
     </span>
    </p>
   </div>
   <div class='ocr_carea' id='block_1_85' title="bbox 1952 2465 3526 2541">
    <p class='ocr_par' dir='ltr' id='par_1_85' title="bbox 1952 2465 3526 2541">
     <span class='ocr_line' id='line_1_86' title="bbox 1952 2465 3526 2541; baseline 0.008 -21"><span class='ocrx_word' id='word_1_644' title='bbox 1952 2465 2176 2536; x_wconf 77' lang='lat' dir='ltr'><strong>ligeret;</strong></span> <span class='ocrx_word' id='word_1_645' title='bbox 2208 2467 2296 2522; x_wconf 92' lang='lat' dir='ltr'><strong>illa</strong></span> <span class='ocrx_word' id='word_1_646' title='bbox 2337 2467 2530 2525; x_wconf 88' lang='lat' dir='ltr'><strong>frustra</strong></span> <span class='ocrx_word' id='word_1_647' title='bbox 2573 2480 2744 2526; x_wconf 89' lang='lat' dir='ltr'><strong>mater</strong></span> <span class='ocrx_word' id='word_1_648' title='bbox 2767 2488 2932 2528; x_wconf 89' lang='lat' dir='ltr'><strong>carne</strong></span> <span class='ocrx_word' id='word_1_649' title='bbox 2953 2515 2968 2541; x_wconf 94' lang='lat'><strong>,</strong></span> <span class='ocrx_word' id='word_1_650' title='bbox 2998 2475 3082 2530; x_wconf 91' lang='lat' dir='ltr'><strong>illa</strong></span> <span class='ocrx_word' id='word_1_651' title='bbox 3120 2477 3294 2532; x_wconf 78' lang='lat' dir='ltr'><strong>verior</strong></span> <span class='ocrx_word' id='word_1_652' title='bbox 3336 2480 3526 2534; x_wconf 84' lang='lat' dir='ltr'><strong>volun-</strong></span> 
     </span>
    </p>
   </div>
   <div class='ocr_carea' id='block_1_86' title="bbox 1952 2559 3526 2636">
    <p class='ocr_par' dir='ltr' id='par_1_86' title="bbox 1952 2559 3526 2636">
     <span class='ocr_line' id='line_1_87' title="bbox 1952 2559 3526 2636; baseline 0.009 -24"><span class='ocrx_word' id='word_1_653' title='bbox 1952 2566 2078 2613; x_wconf 87' lang='lat' dir='ltr'><strong>tate.</strong></span> <span class='ocrx_word' id='word_1_654' title='bbox 2101 2559 2233 2614; x_wconf 85' lang='lat' dir='ltr'><strong>Cum</strong></span> <span class='ocrx_word' id='word_1_655' title='bbox 2259 2575 2385 2631; x_wconf 82' lang='lat' dir='ltr'><strong>ergo</strong></span> <span class='ocrx_word' id='word_1_656' title='bbox 2413 2563 2521 2616; x_wconf 82' lang='lat' dir='ltr'><strong>sint</strong></span> <span class='ocrx_word' id='word_1_657' title='bbox 2547 2564 2726 2618; x_wconf 70' lang='lat' dir='ltr'><strong>multm</strong></span> <span class='ocrx_word' id='word_1_658' title='bbox 2764 2565 3248 2636; x_wconf 90' lang='lat' dir='ltr'><strong>multiplicationes,</strong></span> <span class='ocrx_word' id='word_1_659' title='bbox 3276 2579 3331 2626; x_wconf 90' lang='lat' dir='ltr'><strong>ot</strong></span> <span class='ocrx_word' id='word_1_660' title='bbox 3356 2572 3526 2632; x_wconf 67' lang='lat' dir='ltr'><strong>multo</strong></span> 
     </span>
    </p>
   </div>
   <div class='ocr_carea' id='block_1_87' title="bbox 1949 2641 3526 2729">
    <p class='ocr_par' dir='ltr' id='par_1_87' title="bbox 1949 2641 3526 2729">
     <span class='ocr_line' id='line_1_88' title="bbox 1949 2641 3526 2729; baseline 0.01 -28"><span class='ocrx_word' id='word_1_661' title='bbox 1949 2663 2148 2717; x_wconf 82' lang='lat' dir='ltr'><strong>genera</strong></span> <span class='ocrx_word' id='word_1_662' title='bbox 2213 2650 2746 2720; x_wconf 90' lang='lat' dir='ltr'><strong>multiplicationum,</strong></span> <span class='ocrx_word' id='word_1_663' title='bbox 2800 2671 2958 2726; x_wconf 89' lang='lat' dir='ltr'><strong>quam</strong></span> <span class='ocrx_word' id='word_1_664' title='bbox 3029 2641 3526 2729; x_wconf 80' lang='lat' dir='ltr'><strong>multiplicationem</strong></span> 
     </span>
    </p>
   </div>
   <div class='ocr_carea' id='block_1_88' title="bbox 1949 2740 3520 2817">
    <p class='ocr_par' dir='ltr' id='par_1_88' title="bbox 1949 2740 3520 2817">
     <span class='ocr_line' id='line_1_89' title="bbox 1949 2740 3520 2817; baseline 0.01 -24"><span class='ocrx_word' id='word_1_665' title='bbox 1949 2740 2137 2811; x_wconf 70' lang='lat' dir='ltr'><strong>qnmrit</strong></span> <span class='ocrx_word' id='word_1_666' title='bbox 2173 2742 2264 2812; x_wconf 91' lang='lat' dir='ltr'><strong>qui</strong></span> <span class='ocrx_word' id='word_1_667' title='bbox 2295 2742 2466 2810; x_wconf 81' lang='lat' dir='ltr'><strong>dixit,</strong></span> <span class='ocrx_word' id='word_1_668' title='bbox 2495 2743 2606 2800; x_wconf 87' lang='lat' dir='ltr'><strong>Cito</strong></span> <span class='ocrx_word' id='word_1_669' title='bbox 2633 2746 2820 2800; x_wconf 80' lang='lat' dir='ltr'><strong>exaudi</strong></span> <span class='ocrx_word' id='word_1_670' title='bbox 2848 2749 2970 2804; x_wconf 74' lang='lat' dir='ltr'><strong>me?</strong></span> <span class='ocrx_word' id='word_1_671' title='bbox 2994 2750 3082 2805; x_wconf 82' lang='lat' dir='ltr'><strong>Ait</strong></span> <span class='ocrx_word' id='word_1_672' title='bbox 3121 2751 3261 2806; x_wconf 91' lang='lat' dir='ltr'><strong>enim</strong></span> <span class='ocrx_word' id='word_1_673' title='bbox 3287 2793 3302 2817; x_wconf 93' lang='lat'><strong>,</strong></span> <span class='ocrx_word' id='word_1_674' title='bbox 3338 2752 3520 2808; x_wconf 70' lang='lat' dir='ltr'><strong>Multi-</strong></span> 
     </span>
    </p>
   </div>
   <div class='ocr_carea' id='block_1_89' title="bbox 1945 2830 3520 2911">
    <p class='ocr_par' dir='ltr' id='par_1_89' title="bbox 1945 2830 3520 2911">
     <span class='ocr_line' id='line_1_90' title="bbox 1945 2830 3520 2911; baseline 0.01 -28"><span class='ocrx_word' id='word_1_675' title='bbox 1945 2830 2156 2900; x_wconf 77' lang='lat' dir='ltr'><strong>plicabis</strong></span> <span class='ocrx_word' id='word_1_676' title='bbox 2204 2849 2300 2887; x_wconf 84' lang='lat' dir='ltr'><strong>me.</strong></span> <span class='ocrx_word' id='word_1_677' title='bbox 2352 2835 2737 2904; x_wconf 80' lang='lat' dir='ltr'><strong>Exspectamus</strong></span> <span class='ocrx_word' id='word_1_678' title='bbox 2785 2836 2972 2895; x_wconf 89' lang='lat' dir='ltr'><strong>audire</strong></span> <span class='ocrx_word' id='word_1_679' title='bbox 3025 2840 3076 2894; x_wconf 91' lang='lat' dir='ltr'><strong>in</strong></span> <span class='ocrx_word' id='word_1_680' title='bbox 3127 2842 3338 2911; x_wconf 80' lang='lat' dir='ltr'><strong>quibus.</strong></span> <span class='ocrx_word' id='word_1_681' title='bbox 3384 2845 3520 2900; x_wconf 82' lang='lat' dir='ltr'><strong>Audi</strong></span> 
     </span>
    </p>
   </div>
   <div class='ocr_carea' id='block_1_90' title="bbox 1945 2921 3528 2996">
    <p class='ocr_par' dir='ltr' id='par_1_90' title="bbox 1945 2921 3528 2996">
     <span class='ocr_line' id='line_1_91' title="bbox 1945 2921 3528 2996; baseline 0.008 -20"><span class='ocrx_word' id='word_1_682' title='bbox 1945 2935 2072 2991; x_wconf 83' lang='lat' dir='ltr'><strong>ergo</strong></span> <span class='ocrx_word' id='word_1_683' title='bbox 2103 2940 2117 2976; x_wconf 91' lang='lat'><strong>:</strong></span> <span class='ocrx_word' id='word_1_684' title='bbox 2149 2921 2214 2977; x_wconf 88' lang='lat' dir='ltr'><strong>In</strong></span> <span class='ocrx_word' id='word_1_685' title='bbox 2239 2925 2409 2978; x_wconf 85' lang='lat' dir='ltr'><strong>anima</strong></span> <span class='ocrx_word' id='word_1_686' title='bbox 2429 2942 2558 2979; x_wconf 88' lang='lat' dir='ltr'><strong>mea.</strong></span> <span class='ocrx_word' id='word_1_687' title='bbox 2578 2925 2694 2982; x_wconf 85' lang='lat' dir='ltr'><strong>Non</strong></span> <span class='ocrx_word' id='word_1_688' title='bbox 2720 2927 2776 2982; x_wconf 91' lang='lat' dir='ltr'><strong>in</strong></span> <span class='ocrx_word' id='word_1_689' title='bbox 2800 2943 2962 2984; x_wconf 83' lang='lat' dir='ltr'><strong>carne</strong></span> <span class='ocrx_word' id='word_1_690' title='bbox 2979 2945 3117 2996; x_wconf 85' lang='lat' dir='ltr'><strong>mea,</strong></span> <span class='ocrx_word' id='word_1_691' title='bbox 3140 2932 3315 2987; x_wconf 41' lang='lat' dir='ltr'><strong>sod‘in</strong></span> <span class='ocrx_word' id='word_1_692' title='bbox 3349 2935 3528 2989; x_wconf 73' lang='lat' dir='ltr'><strong>animo</strong></span> 
     </span>
    </p>
   </div>
   <div class='ocr_carea' id='block_1_91' title="bbox 1943 2999 3529 3085">
    <p class='ocr_par' dir='ltr' id='par_1_91' title="bbox 1943 2999 3529 3085">
     <span class='ocr_line' id='line_1_92' title="bbox 1943 2999 3529 3085; baseline 0.011 -21"><span class='ocrx_word' id='word_1_693' title='bbox 1943 3028 2054 3066; x_wconf 85' lang='lat' dir='ltr'><strong>mea</strong></span> <span class='ocrx_word' id='word_1_694' title='bbox 2086 3029 2106 3068; x_wconf 92' lang='lat'><strong><em>:</em></strong></span> <span class='ocrx_word' id='word_1_695' title='bbox 2132 2999 2498 3085; x_wconf 75' lang='lat' dir='ltr'><strong>Multiplicabis</strong></span> <span class='ocrx_word' id='word_1_696' title='bbox 2537 3033 2615 3072; x_wconf 84' lang='lat' dir='ltr'><strong>me</strong></span> <span class='ocrx_word' id='word_1_697' title='bbox 2651 3018 2706 3072; x_wconf 85' lang='lat' dir='ltr'><strong>in</strong></span> <span class='ocrx_word' id='word_1_698' title='bbox 2743 3019 2916 3074; x_wconf 87' lang='lat' dir='ltr'><strong>anima</strong></span> <span class='ocrx_word' id='word_1_699' title='bbox 2965 3037 3093 3075; x_wconf 83' lang='lat' dir='ltr'><strong>mea.</strong></span> <span class='ocrx_word' id='word_1_700' title='bbox 3143 3023 3305 3080; x_wconf 81' lang='lat' dir='ltr'><strong>Estne</strong></span> <span class='ocrx_word' id='word_1_701' title='bbox 3345 3025 3529 3081; x_wconf 68' lang='lat' dir='ltr'><strong>adhuc</strong></span> 
     </span>
    </p>
   </div>
   <div class='ocr_carea' id='block_1_92' title="bbox 1942 3106 3532 3181">
    <p class='ocr_par' dir='ltr' id='par_1_92' title="bbox 1942 3106 3532 3181">
     <span class='ocr_line' id='line_1_93' title="bbox 1942 3106 3532 3181; baseline 0.007 -21"><span class='ocrx_word' id='word_1_702' title='bbox 1942 3106 2083 3176; x_wconf 90' lang='lat' dir='ltr'><strong>quod</strong></span> <span class='ocrx_word' id='word_1_703' title='bbox 2112 3106 2358 3173; x_wconf 89' lang='lat' dir='ltr'><strong>addatur,</strong></span> <span class='ocrx_word' id='word_1_704' title='bbox 2387 3123 2455 3164; x_wconf 91' lang='lat' dir='ltr'><strong>ne</strong></span> <span class='ocrx_word' id='word_1_705' title='bbox 2493 3108 2630 3165; x_wconf 91' lang='lat' dir='ltr'><strong>forte</strong></span> <span class='ocrx_word' id='word_1_706' title='bbox 2649 3119 2704 3165; x_wconf 90' lang='lat' dir='ltr'><strong>et</strong></span> <span class='ocrx_word' id='word_1_707' title='bbox 2729 3111 3098 3181; x_wconf 88' lang='lat' dir='ltr'><strong>multiplicatio</strong></span> <span class='ocrx_word' id='word_1_708' title='bbox 3126 3113 3177 3167; x_wconf 93' lang='lat' dir='ltr'><strong>in</strong></span> <span class='ocrx_word' id='word_1_709' title='bbox 3202 3115 3376 3169; x_wconf 92' lang='lat' dir='ltr'><strong>anima</strong></span> <span class='ocrx_word' id='word_1_710' title='bbox 3407 3131 3532 3172; x_wconf 80' lang='lat' dir='ltr'><strong>non-</strong></span> 
     </span>
    </p>
   </div>
   <div class='ocr_carea' id='block_1_93' title="bbox 1939 3200 3524 3274">
    <p class='ocr_par' dir='ltr' id='par_1_93' title="bbox 1939 3200 3524 3274">
     <span class='ocr_line' id='line_1_94' title="bbox 1939 3200 3524 3274; baseline 0.006 -20"><span class='ocrx_word' id='word_1_711' title='bbox 1939 3201 2194 3254; x_wconf 90' lang='lat' dir='ltr'><strong>continuo</strong></span> <span class='ocrx_word' id='word_1_712' title='bbox 2219 3200 2527 3258; x_wconf 88' lang='lat' dir='ltr'><strong>felicitatem</strong></span> <span class='ocrx_word' id='word_1_713' title='bbox 2555 3203 2858 3274; x_wconf 83' lang='lat' dir='ltr'><strong>significet?</strong></span> <span class='ocrx_word' id='word_1_714' title='bbox 2881 3205 3092 3262; x_wconf 86' lang='lat' dir='ltr'><strong>Etenim</strong></span> <span class='ocrx_word' id='word_1_715' title='bbox 3119 3208 3260 3262; x_wconf 87' lang='lat' dir='ltr'><strong>curis</strong></span> <span class='ocrx_word' id='word_1_716' title='bbox 3287 3208 3304 3240; x_wconf 77' lang='grc'>⁸</span> <span class='ocrx_word' id='word_1_717' title='bbox 3337 3209 3524 3264; x_wconf 81' lang='grc' dir='ltr'><strong>Ιιοιῐιί-“</strong></span> 
     </span>
    </p>
   </div>
   <div class='ocr_carea' id='block_1_94' title="bbox 1938 3292 3520 3366">
    <p class='ocr_par' dir='ltr' id='par_1_94' title="bbox 1938 3292 3520 3366">
     <span class='ocr_line' id='line_1_95' title="bbox 1938 3292 3520 3366; baseline 0.001 -19"><span class='ocrx_word' id='word_1_718' title='bbox 1938 3308 2036 3348; x_wconf 90' lang='lat' dir='ltr'><strong>nes</strong></span> <span class='ocrx_word' id='word_1_719' title='bbox 2058 3292 2113 3346; x_wconf 91' lang='lat' dir='ltr'><strong>in</strong></span> <span class='ocrx_word' id='word_1_720' title='bbox 2142 3295 2318 3348; x_wconf 89' lang='lat' dir='ltr'><strong>anima</strong></span> <span class='ocrx_word' id='word_1_721' title='bbox 2345 3295 2779 3366; x_wconf 81' lang='lat' dir='ltr'><strong>multiplicantur.</strong></span> <span class='ocrx_word' id='word_1_722' title='bbox 2807 3296 3178 3366; x_wconf 82' lang='lat' dir='ltr'><strong>Multiplieatns</strong></span> <span class='ocrx_word' id='word_1_723' title='bbox 3222 3297 3431 3353; x_wconf 87' lang='lat' dir='ltr'><strong>videtur</strong></span> <span class='ocrx_word' id='word_1_724' title='bbox 3458 3298 3520 3352; x_wconf 88' lang='lat' dir='ltr'><strong>in.</strong></span> 
     </span>
    </p>
   </div>
   <div class='ocr_carea' id='block_1_95' title="bbox 1936 3386 3509 3458">
    <p class='ocr_par' dir='ltr' id='par_1_95' title="bbox 1936 3386 3509 3458">
     <span class='ocr_line' id='line_1_96' title="bbox 1936 3386 3509 3458; baseline 0.003 -20"><span class='ocrx_word' id='word_1_725' title='bbox 1936 3386 2134 3452; x_wconf 90' lang='lat' dir='ltr'><strong>anima,</strong></span> <span class='ocrx_word' id='word_1_726' title='bbox 2165 3386 2216 3440; x_wconf 91' lang='lat' dir='ltr'><strong>in</strong></span> <span class='ocrx_word' id='word_1_727' title='bbox 2247 3403 2353 3457; x_wconf 89' lang='lat' dir='ltr'><strong>quo</strong></span> <span class='ocrx_word' id='word_1_728' title='bbox 2378 3387 2539 3442; x_wconf 89' lang='lat' dir='ltr'><strong>etiam</strong></span> <span class='ocrx_word' id='word_1_729' title='bbox 2569 3388 2915 3458; x_wconf 82' lang='lat' dir='ltr'><strong>multiplicata</strong></span> <span class='ocrx_word' id='word_1_730' title='bbox 2943 3395 3071 3443; x_wconf 86' lang='lat' dir='ltr'><strong>sunt</strong></span> <span class='ocrx_word' id='word_1_731' title='bbox 3097 3389 3238 3444; x_wconf 83' lang='lat' dir='ltr'><strong>vitia.</strong></span> <span class='ocrx_word' id='word_1_732' title='bbox 3265 3389 3356 3444; x_wconf 86' lang='lat' dir='ltr'><strong>Ille</strong></span> <span class='ocrx_word' id='word_1_733' title='bbox 3390 3399 3509 3442; x_wconf 89' lang='lat' dir='ltr'><strong>tan-</strong></span> 
     </span>
    </p>
   </div>
   <div class='ocr_carea' id='block_1_96' title="bbox 1937 3479 3508 3551">
    <p class='ocr_par' dir='ltr' id='par_1_96' title="bbox 1937 3479 3508 3551">
     <span class='ocr_line' id='line_1_97' title="bbox 1937 3479 3508 3551; baseline 0.004 -21"><span class='ocrx_word' id='word_1_734' title='bbox 1937 3479 2209 3532; x_wconf 86' lang='lat' dir='ltr'><strong>tummodo</strong></span> <span class='ocrx_word' id='word_1_735' title='bbox 2238 3493 2427 3534; x_wconf 88' lang='lat' dir='ltr'><strong>avarus</strong></span> <span class='ocrx_word' id='word_1_736' title='bbox 2455 3488 2566 3544; x_wconf 88' lang='lat' dir='ltr'><strong>est,</strong></span> <span class='ocrx_word' id='word_1_737' title='bbox 2600 3480 2688 3535; x_wconf 90' lang='lat' dir='ltr'><strong>ille</strong></span> <span class='ocrx_word' id='word_1_738' title='bbox 2715 3480 3080 3534; x_wconf 89' lang='lat' dir='ltr'><strong>tantummodo</strong></span> <span class='ocrx_word' id='word_1_739' title='bbox 3101 3482 3386 3551; x_wconf 82' lang='lat' dir='ltr'><strong>superbus.</strong></span> <span class='ocrx_word' id='word_1_740' title='bbox 3421 3481 3508 3536; x_wconf 84' lang='lat' dir='ltr'><strong>ille</strong></span> 
     </span>
    </p>
   </div>
   <div class='ocr_carea' id='block_1_97' title="bbox 1937 3570 3504 3642">
    <p class='ocr_par' dir='ltr' id='par_1_97' title="bbox 1937 3570 3504 3642">
     <span class='ocr_line' id='line_1_98' title="bbox 1937 3570 3504 3642; baseline 0.002 -19"><span class='ocrx_word' id='word_1_741' title='bbox 1937 3570 2298 3631; x_wconf 85' lang='lat' dir='ltr'><strong>tantummodo</strong></span> <span class='ocrx_word' id='word_1_742' title='bbox 2324 3571 2660 3637; x_wconf 82' lang='lat' dir='ltr'><strong>luxuriosus;</strong></span> <span class='ocrx_word' id='word_1_743' title='bbox 2691 3572 2791 3627; x_wconf 83' lang='lat' dir='ltr'><strong>iSlc</strong></span> <span class='ocrx_word' id='word_1_744' title='bbox 2813 3581 2868 3626; x_wconf 91' lang='lat' dir='ltr'><strong>et</strong></span> <span class='ocrx_word' id='word_1_745' title='bbox 2894 3588 3107 3637; x_wconf 83' lang='lat' dir='ltr'><strong>avarus,</strong></span> <span class='ocrx_word' id='word_1_746' title='bbox 3139 3581 3194 3628; x_wconf 89' lang='lat' dir='ltr'><strong>et</strong></span> <span class='ocrx_word' id='word_1_747' title='bbox 3220 3573 3504 3642; x_wconf 84' lang='lat' dir='ltr'><strong>superbus,</strong></span> 
     </span>
    </p>
   </div>
   <div class='ocr_carea' id='block_1_98' title="bbox 1931 3659 3502 3730">
    <p class='ocr_par' dir='ltr' id='par_1_98' title="bbox 1931 3659 3502 3730">
     <span class='ocr_line' id='line_1_99' title="bbox 1931 3659 3502 3730; baseline 0.002 -15"><span class='ocrx_word' id='word_1_748' title='bbox 1931 3659 1986 3715; x_wconf 88' lang='lat' dir='ltr'><strong>et</strong></span> <span class='ocrx_word' id='word_1_749' title='bbox 2033 3662 2335 3715; x_wconf 80' lang='lat' dir='ltr'><strong>luxuriosus</strong></span> <span class='ocrx_word' id='word_1_750' title='bbox 2364 3679 2376 3715; x_wconf 91' lang='lat'><strong>:</strong></span> <span class='ocrx_word' id='word_1_751' title='bbox 2410 3662 2792 3730; x_wconf 91' lang='lat' dir='ltr'><strong>multiplicatus</strong></span> <span class='ocrx_word' id='word_1_752' title='bbox 2831 3671 2914 3718; x_wconf 85' lang='lat' dir='ltr'><strong>est</strong></span> <span class='ocrx_word' id='word_1_753' title='bbox 2953 3664 3003 3716; x_wconf 91' lang='lat' dir='ltr'><strong>in</strong></span> <span class='ocrx_word' id='word_1_754' title='bbox 3033 3666 3207 3718; x_wconf 89' lang='lat' dir='ltr'><strong>anima</strong></span> <span class='ocrx_word' id='word_1_755' title='bbox 3235 3679 3328 3717; x_wconf 89' lang='lat' dir='ltr'><strong>sua</strong></span> <span class='ocrx_word' id='word_1_756' title='bbox 3349 3704 3365 3728; x_wconf 95' lang='lat'><strong>,</strong></span> <span class='ocrx_word' id='word_1_757' title='bbox 3407 3665 3502 3718; x_wconf 91' lang='lat' dir='ltr'><strong>sed</strong></span> 
     </span>
    </p>
   </div>
   <div class='ocr_carea' id='block_1_99' title="bbox 1930 3752 3502 3822">
    <p class='ocr_par' dir='ltr' id='par_1_99' title="bbox 1930 3752 3502 3822">
     <span class='ocr_line' id='line_1_100' title="bbox 1930 3752 3502 3822; baseline 0.001 -16"><span class='ocrx_word' id='word_1_758' title='bbox 1930 3753 2072 3806; x_wconf 87' lang='lat' dir='ltr'><strong>malo</strong></span> <span class='ocrx_word' id='word_1_759' title='bbox 2101 3767 2219 3806; x_wconf 91' lang='lat' dir='ltr'><strong>suo.</strong></span> <span class='ocrx_word' id='word_1_760' title='bbox 2257 3752 2624 3820; x_wconf 68' lang='lat' dir='ltr'><strong>M’ul&#39;tiplicatio</strong></span> <span class='ocrx_word' id='word_1_761' title='bbox 2650 3753 2748 3806; x_wconf 80' lang='lat' dir='ltr'><strong>ista</strong></span> <span class='ocrx_word' id='word_1_762' title='bbox 2776 3753 3026 3822; x_wconf 82' lang='lat' dir='ltr'><strong>egestatis</strong></span> <span class='ocrx_word' id='word_1_763' title='bbox 3055 3763 3135 3808; x_wconf 88' lang='lat' dir='ltr'><strong>est</strong></span> <span class='ocrx_word' id='word_1_764' title='bbox 3158 3795 3174 3819; x_wconf 94' lang='lat'><strong>,</strong></span> <span class='ocrx_word' id='word_1_765' title='bbox 3203 3769 3311 3807; x_wconf 89' lang='lat' dir='ltr'><strong>non</strong></span> <span class='ocrx_word' id='word_1_766' title='bbox 3343 3753 3502 3808; x_wconf 79' lang='lat' dir='ltr'><strong>uber-</strong></span> 
     </span>
    </p>
   </div>
   <div class='ocr_carea' id='block_1_100' title="bbox 1932 3842 3519 3912">
    <p class='ocr_par' dir='ltr' id='par_1_100' title="bbox 1932 3842 3519 3912">
     <span class='ocr_line' id='line_1_101' title="bbox 1932 3842 3519 3912; baseline 0.003 -15"><span class='ocrx_word' id='word_1_767' title='bbox 1932 3843 2070 3897; x_wconf 91' lang='lat' dir='ltr'><strong>tatis.</strong></span> <span class='ocrx_word' id='word_1_768' title='bbox 2096 3843 2238 3912; x_wconf 86' lang='lat' dir='ltr'><strong>Ergo</strong></span> <span class='ocrx_word' id='word_1_769' title='bbox 2272 3843 2397 3912; x_wconf 89' lang='lat' dir='ltr'><strong>quid</strong></span> <span class='ocrx_word' id='word_1_770' title='bbox 2434 3851 2486 3898; x_wconf 91' lang='lat' dir='ltr'><strong>tu</strong></span> <span class='ocrx_word' id='word_1_771' title='bbox 2517 3843 2604 3912; x_wconf 89' lang='lat' dir='ltr'><strong>qui</strong></span> <span class='ocrx_word' id='word_1_772' title='bbox 2623 3842 2799 3898; x_wconf 80' lang='lat' dir='ltr'><strong>dixisti</strong></span> <span class='ocrx_word' id='word_1_773' title='bbox 2825 3885 2839 3908; x_wconf 95' lang='lat'><strong>,</strong></span> <span class='ocrx_word' id='word_1_774' title='bbox 2869 3843 2977 3897; x_wconf 86' lang='lat' dir='ltr'><strong>Cito</strong></span> <span class='ocrx_word' id='word_1_775' title='bbox 3008 3845 3192 3898; x_wconf 74' lang='lat' dir='ltr'><strong>exaudi</strong></span> <span class='ocrx_word' id='word_1_776' title='bbox 3230 3862 3340 3909; x_wconf 90' lang='lat' dir='ltr'><strong>me,</strong></span> <span class='ocrx_word' id='word_1_777' title='bbox 3369 3855 3417 3900; x_wconf 91' lang='lat' dir='ltr'><strong>et</strong></span> <span class='ocrx_word' id='word_1_778' title='bbox 3449 3855 3519 3902; x_wconf 73' lang='grc' dir='ltr'><strong>ιο·</strong></span> 
     </span>
    </p>
   </div>
   <div class='ocr_carea' id='block_1_101' title="bbox 1926 3934 3498 4002">
    <p class='ocr_par' dir='ltr' id='par_1_101' title="bbox 1926 3934 3498 4002">
     <span class='ocr_line' id='line_1_102' title="bbox 1926 3934 3498 4002; baseline 0.001 -14"><span class='ocrx_word' id='word_1_779' title='bbox 1926 3934 2190 3988; x_wconf 88' lang='lat' dir='ltr'><strong>abstulisti</strong></span> <span class='ocrx_word' id='word_1_780' title='bbox 2219 3935 2284 3987; x_wconf 89' lang='lat' dir='ltr'><strong>ab</strong></span> <span class='ocrx_word' id='word_1_781' title='bbox 2322 3935 2463 3991; x_wconf 84' lang='lat' dir='ltr'><strong>omni</strong></span> <span class='ocrx_word' id='word_1_782' title='bbox 2494 3949 2747 4002; x_wconf 89' lang='lat' dir='ltr'><strong>corpore,</strong></span> <span class='ocrx_word' id='word_1_783' title='bbox 2776 3934 2844 3988; x_wconf 92' lang='lat' dir='ltr'><strong>ab</strong></span> <span class='ocrx_word' id='word_1_784' title='bbox 2881 3935 3025 3988; x_wconf 89' lang='lat' dir='ltr'><strong>omni</strong></span> <span class='ocrx_word' id='word_1_785' title='bbox 3061 3945 3268 3990; x_wconf 89' lang='lat' dir='ltr'><strong>terrena</strong></span> <span class='ocrx_word' id='word_1_786' title='bbox 3311 3952 3368 3991; x_wconf 90' lang='lat' dir='ltr'><strong>re</strong></span> <span class='ocrx_word' id='word_1_787' title='bbox 3388 3977 3402 4000; x_wconf 92' lang='lat'><strong>,</strong></span> <span class='ocrx_word' id='word_1_788' title='bbox 3431 3937 3498 3990; x_wconf 89' lang='lat' dir='ltr'><strong>ab</strong></span> 
     </span>
    </p>
   </div>
   <div class='ocr_carea' id='block_1_102' title="bbox 1926 4023 3498 4095">
    <p class='ocr_par' dir='ltr' id='par_1_102' title="bbox 1926 4023 3498 4095">
     <span class='ocr_line' id='line_1_103' title="bbox 1926 4023 3498 4095; baseline 0.001 -17"><span class='ocrx_word' id='word_1_789' title='bbox 1926 4026 2070 4078; x_wconf 86' lang='lat' dir='ltr'><strong>omni</strong></span> <span class='ocrx_word' id='word_1_790' title='bbox 2108 4024 2374 4079; x_wconf 90' lang='lat' dir='ltr'><strong>desiderio</strong></span> <span class='ocrx_word' id='word_1_791' title='bbox 2419 4023 2697 4091; x_wconf 67' lang='lat' dir='ltr'><strong>sazculari,</strong></span> <span class='ocrx_word' id='word_1_792' title='bbox 2731 4032 2788 4078; x_wconf 90' lang='lat' dir='ltr'><strong>ut</strong></span> <span class='ocrx_word' id='word_1_793' title='bbox 2831 4023 3037 4079; x_wconf 87' lang='lat' dir='ltr'><strong>diceres</strong></span> <span class='ocrx_word' id='word_1_794' title='bbox 3070 4025 3206 4089; x_wconf 87' lang='lat' dir='ltr'><strong>Deo,</strong></span> <span class='ocrx_word' id='word_1_795' title='bbox 3238 4024 3498 4095; x_wconf 81' lang='lat' dir='ltr'><strong>Multipli-</strong></span> 
     </span>
    </p>
   </div>
   <div class='ocr_carea' id='block_1_103' title="bbox 1923 4115 3493 4187">
    <p class='ocr_par' dir='ltr' id='par_1_103' title="bbox 1923 4115 3493 4187">
     <span class='ocr_line' id='line_1_104' title="bbox 1923 4115 3493 4187; baseline 0.003 -16"><span class='ocrx_word' id='word_1_796' title='bbox 1923 4118 2057 4171; x_wconf 79' lang='lat' dir='ltr'><strong>cabis</strong></span> <span class='ocrx_word' id='word_1_797' title='bbox 2079 4133 2155 4169; x_wconf 88' lang='lat' dir='ltr'><strong>me</strong></span> <span class='ocrx_word' id='word_1_798' title='bbox 2174 4118 2224 4169; x_wconf 87' lang='lat' dir='ltr'><strong>in</strong></span> <span class='ocrx_word' id='word_1_799' title='bbox 2247 4117 2416 4169; x_wconf 88' lang='lat' dir='ltr'><strong>anima</strong></span> <span class='ocrx_word' id='word_1_800' title='bbox 2442 4117 2586 4169; x_wconf 84' lang='lat' dir='ltr'><strong>mea?</strong></span> <span class='ocrx_word' id='word_1_801' title='bbox 2604 4115 2790 4170; x_wconf 85' lang='lat' dir='ltr'><strong>Adhuc</strong></span> <span class='ocrx_word' id='word_1_802' title='bbox 2812 4116 3033 4186; x_wconf 79' lang='lat' dir='ltr'><strong>explana</strong></span> <span class='ocrx_word' id='word_1_803' title='bbox 3056 4118 3181 4187; x_wconf 90' lang='lat' dir='ltr'><strong>quid</strong></span> <span class='ocrx_word' id='word_1_804' title='bbox 3201 4117 3493 4174; x_wconf 87' lang='lat' dir='ltr'><strong>desideres.</strong></span> 
     </span>
    </p>
   </div>
   <div class='ocr_carea' id='block_1_104' title="bbox 1926 4208 3584 4279">
    <p class='ocr_par' dir='ltr' id='par_1_104' title="bbox 1926 4208 3584 4279">
     <span class='ocr_line' id='line_1_105' title="bbox 1926 4208 3584 4279; baseline 0.002 -18"><span class='ocrx_word' id='word_1_805' title='bbox 1926 4208 2289 4279; x_wconf 76' lang='lat' dir='ltr'><strong>Multiplicabis</strong></span> <span class='ocrx_word' id='word_1_806' title='bbox 2319 4225 2426 4273; x_wconf 88' lang='lat' dir='ltr'><strong>me,</strong></span> <span class='ocrx_word' id='word_1_807' title='bbox 2464 4209 2661 4278; x_wconf 88' lang='lat' dir='ltr'><strong>inquit,</strong></span> <span class='ocrx_word' id='word_1_808' title='bbox 2689 4210 2742 4262; x_wconf 86' lang='lat' dir='ltr'><strong>in</strong></span> <span class='ocrx_word' id='word_1_809' title='bbox 2771 4210 2940 4262; x_wconf 88' lang='lat' dir='ltr'><strong>anima</strong></span> <span class='ocrx_word' id='word_1_810' title='bbox 2986 4225 3127 4274; x_wconf 89' lang='lat' dir='ltr'><strong>mea,</strong></span> <span class='ocrx_word' id='word_1_811' title='bbox 3153 4209 3353 4264; x_wconf 81' lang='lat' dir='ltr'><strong>virtute.</strong></span> <span class='ocrx_word' id='word_1_812' title='bbox 3384 4212 3488 4264; x_wconf 73' lang='lat' dir='ltr'><strong>Ex-</strong></span> <span class='ocrx_word' id='word_1_813' title='bbox 3579 4227 3584 4230; x_wconf 83' lang='grc'><strong>·</strong></span> 
     </span>
    </p>
   </div>
   <div class='ocr_carea' id='block_1_105' title="bbox 1920 4299 3490 4370">
    <p class='ocr_par' dir='ltr' id='par_1_105' title="bbox 1920 4299 3490 4370">
     <span class='ocr_line' id='line_1_106' title="bbox 1920 4299 3490 4370; baseline 0.003 -18"><span class='ocrx_word' id='word_1_814' title='bbox 1920 4316 2162 4370; x_wconf 85' lang='lat' dir='ltr'><strong>pressum</strong></span> <span class='ocrx_word' id='word_1_815' title='bbox 2216 4309 2430 4364; x_wconf 69' lang='lat' dir='ltr'><strong>votum,</strong></span> <span class='ocrx_word' id='word_1_816' title='bbox 2476 4314 2784 4369; x_wconf 80' lang='lat' dir='ltr'><strong>expressum</strong></span> <span class='ocrx_word' id='word_1_817' title='bbox 2835 4299 3190 4364; x_wconf 88' lang='lat' dir='ltr'><strong>desiderium,</strong></span> <span class='ocrx_word' id='word_1_818' title='bbox 3236 4301 3304 4355; x_wconf 90' lang='lat' dir='ltr'><strong>ab</strong></span> <span class='ocrx_word' id='word_1_819' title='bbox 3346 4303 3490 4356; x_wconf 91' lang='lat' dir='ltr'><strong>omni</strong></span> 
     </span>
    </p>
   </div>
   <div class='ocr_carea' id='block_1_106' title="bbox 1919 4375 3510 4464">
    <p class='ocr_par' dir='ltr' id='par_1_106' title="bbox 1919 4375 3510 4464">
     <span class='ocr_line' id='line_1_107' title="bbox 1919 4375 3510 4464; baseline 0.001 -18"><span class='ocrx_word' id='word_1_820' title='bbox 1919 4392 2230 4446; x_wconf 86' lang='lat' dir='ltr'><strong>confusione</strong></span> <span class='ocrx_word' id='word_1_821' title='bbox 2257 4392 2650 4447; x_wconf 88' lang='lat' dir='ltr'><strong>circumcisum.</strong></span> <span class='ocrx_word' id='word_1_822' title='bbox 2671 4393 2725 4448; x_wconf 87' lang='lat' dir='ltr'><strong>Si</strong></span> <span class='ocrx_word' id='word_1_823' title='bbox 2745 4394 2942 4448; x_wconf 84' lang='lat' dir='ltr'><strong>diceret</strong></span> <span class='ocrx_word' id='word_1_824' title='bbox 2965 4436 2980 4459; x_wconf 94' lang='lat'><strong>,</strong></span> <span class='ocrx_word' id='word_1_825' title='bbox 3005 4375 3367 4464; x_wconf 79' lang='lat' dir='ltr'><strong>Multipiicabis</strong></span> <span class='ocrx_word' id='word_1_826' title='bbox 3389 4412 3510 4460; x_wconf 83' lang='lat' dir='ltr'><strong>Ine;-</strong></span> 
     </span>
    </p>
   </div>
   <div class='ocr_carea' id='block_1_107' title="bbox 1920 4486 3486 4556">
    <p class='ocr_par' dir='ltr' id='par_1_107' title="bbox 1920 4486 3486 4556">
     <span class='ocr_line' id='line_1_108' title="bbox 1920 4486 3486 4556; baseline 0.001 -18"><span class='ocrx_word' id='word_1_827' title='bbox 1920 4495 2124 4539; x_wconf 86' lang='lat' dir='ltr'><strong>terrcna</strong></span> <span class='ocrx_word' id='word_1_828' title='bbox 2153 4487 2331 4540; x_wconf 87' lang='lat' dir='ltr'><strong>nescio</strong></span> <span class='ocrx_word' id='word_1_829' title='bbox 2356 4501 2473 4556; x_wconf 73' lang='lat' dir='ltr'><strong>qua:</strong></span> <span class='ocrx_word' id='word_1_830' title='bbox 2500 4486 2758 4556; x_wconf 87' lang='lat' dir='ltr'><strong>cogitares</strong></span> <span class='ocrx_word' id='word_1_831' title='bbox 2783 4504 2795 4539; x_wconf 88' lang='lat'>:</span> <span class='ocrx_word' id='word_1_832' title='bbox 2828 4486 3059 4554; x_wconf 90' lang='lat' dir='ltr'><strong>addidit,</strong></span> <span class='ocrx_word' id='word_1_833' title='bbox 3089 4487 3329 4540; x_wconf 85' lang='lat' dir='ltr'><strong>inanima</strong></span> <span class='ocrx_word' id='word_1_834' title='bbox 3355 4504 3486 4541; x_wconf 81' lang='lat' dir='ltr'><strong>mea.</strong></span> 
     </span>
    </p>
   </div>
   <div class='ocr_carea' id='block_1_108' title="bbox 1917 4577 3483 4646">
    <p class='ocr_par' dir='ltr' id='par_1_108' title="bbox 1917 4577 3483 4646">
     <span class='ocr_line' id='line_1_109' title="bbox 1917 4577 3483 4646; baseline 0 -16"><span class='ocrx_word' id='word_1_835' title='bbox 1917 4577 2151 4641; x_wconf 78' lang='lat' dir='ltr'><strong>Rursus,</strong></span> <span class='ocrx_word' id='word_1_836' title='bbox 2183 4592 2248 4631; x_wconf 91' lang='lat' dir='ltr'><strong>ne</strong></span> <span class='ocrx_word' id='word_1_837' title='bbox 2280 4577 2330 4630; x_wconf 89' lang='lat' dir='ltr'><strong>in</strong></span> <span class='ocrx_word' id='word_1_838' title='bbox 2361 4578 2537 4630; x_wconf 88' lang='lat' dir='ltr'><strong>anima</strong></span> <span class='ocrx_word' id='word_1_839' title='bbox 2565 4577 2686 4631; x_wconf 86' lang='lat' dir='ltr'><strong>vitia</strong></span> <span class='ocrx_word' id='word_1_840' title='bbox 2714 4577 2974 4646; x_wconf 83' lang='lat' dir='ltr'><strong>cogitares</strong></span> <span class='ocrx_word' id='word_1_841' title='bbox 2995 4619 3008 4639; x_wconf 93' lang='lat'><strong>,</strong></span> <span class='ocrx_word' id='word_1_842' title='bbox 3036 4577 3258 4640; x_wconf 88' lang='lat' dir='ltr'><strong>addidit,</strong></span> <span class='ocrx_word' id='word_1_843' title='bbox 3282 4578 3483 4630; x_wconf 75' lang='lat' dir='ltr'><strong>virtute.</strong></span> 
     </span>
    </p>
   </div>
   <div class='ocr_carea' id='block_1_109' title="bbox 1915 4668 3484 4738">
    <p class='ocr_par' dir='ltr' id='par_1_109' title="bbox 1915 4668 3484 4738">
     <span class='ocr_line' id='line_1_110' title="bbox 1915 4668 3484 4738; baseline 0 -16"><span class='ocrx_word' id='word_1_844' title='bbox 1915 4668 2050 4722; x_wconf 85' lang='lat' dir='ltr'><strong>Nihil</strong></span> <span class='ocrx_word' id='word_1_845' title='bbox 2077 4679 2157 4722; x_wconf 77' lang='lat' dir='ltr'><strong>est</strong></span> <span class='ocrx_word' id='word_1_846' title='bbox 2186 4669 2324 4738; x_wconf 82' lang='lat' dir='ltr'><strong>quod</strong></span> <span class='ocrx_word' id='word_1_847' title='bbox 2373 4669 2597 4738; x_wconf 88' lang='lat' dir='ltr'><strong>amplius</strong></span> <span class='ocrx_word' id='word_1_848' title='bbox 2626 4684 2655 4722; x_wconf 89' lang='lat' dir='ltr'><strong>a</strong></span> <span class='ocrx_word' id='word_1_849' title='bbox 2686 4669 2794 4724; x_wconf 91' lang='lat' dir='ltr'><strong>Deo</strong></span> <span class='ocrx_word' id='word_1_850' title='bbox 2821 4668 3094 4723; x_wconf 81' lang='lat' dir='ltr'><strong>desideres</strong></span> <span class='ocrx_word' id='word_1_851' title='bbox 3115 4709 3132 4736; x_wconf 91' lang='lat'><strong>,</strong></span> <span class='ocrx_word' id='word_1_852' title='bbox 3163 4668 3206 4722; x_wconf 81' lang='lat' dir='ltr'><strong>Si</strong></span> <span class='ocrx_word' id='word_1_853' title='bbox 3237 4669 3316 4724; x_wconf 86' lang='lat' dir='ltr'><strong>vis</strong></span> <span class='ocrx_word' id='word_1_854' title='bbox 3344 4668 3484 4725; x_wconf 86' lang='lat' dir='ltr'><strong>bona</strong></span> 
     </span>
    </p>
   </div>
   <div class='ocr_carea' id='block_1_110' title="bbox 1913 4757 3022 4824">
    <p class='ocr_par' dir='ltr' id='par_1_110' title="bbox 1913 4757 3022 4824">
     <span class='ocr_line' id='line_1_111' title="bbox 1913 4757 3022 4824; baseline -0.002 -12"><span class='ocrx_word' id='word_1_855' title='bbox 1913 4767 1966 4812; x_wconf 89' lang='lat' dir='ltr'><strong>et</strong></span> <span class='ocrx_word' id='word_1_856' title='bbox 1993 4775 2112 4812; x_wconf 77' lang='lat' dir='ltr'><strong>vera</strong></span> <span class='ocrx_word' id='word_1_857' title='bbox 2135 4757 2308 4812; x_wconf 81' lang='lat' dir='ltr'><strong>fronte</strong></span> <span class='ocrx_word' id='word_1_858' title='bbox 2334 4759 2511 4813; x_wconf 81' lang='lat' dir='ltr'><strong>dicere</strong></span> <span class='ocrx_word' id='word_1_859' title='bbox 2532 4800 2545 4824; x_wconf 94' lang='lat'><strong>,</strong></span> <span class='ocrx_word' id='word_1_860' title='bbox 2576 4758 2685 4812; x_wconf 86' lang='lat' dir='ltr'><strong>Cito</strong></span> <span class='ocrx_word' id='word_1_861' title='bbox 2715 4759 2894 4811; x_wconf 79' lang='lat' dir='ltr'><strong>exaudi</strong></span> <span class='ocrx_word' id='word_1_862' title='bbox 2925 4775 3022 4811; x_wconf 89' lang='lat' dir='ltr'><strong>me.</strong></span> 
     </span>
    </p>
   </div>
   <div class='ocr_carea' id='block_1_111' title="bbox 1983 4849 3481 4926">
    <p class='ocr_par' dir='ltr' id='par_1_111' title="bbox 1983 4849 3481 4926">
     <span class='ocr_line' id='line_1_112' title="bbox 1983 4849 3481 4926; baseline 0 -20"><span class='ocrx_word' id='word_1_863' title='bbox 1983 4854 2033 4906; x_wconf 85' lang='lat'><strong>9.</strong></span> <span class='ocrx_word' id='word_1_864' title='bbox 2069 4850 2214 4923; x_wconf 84' lang='lat' dir='ltr'><strong>[vers.</strong></span> <span class='ocrx_word' id='word_1_865' title='bbox 2239 4850 2320 4923; x_wconf 71' lang='grc'><strong>4.]</strong></span> <span class='ocrx_word' id='word_1_866' title='bbox 2345 4852 2687 4920; x_wconf 79' lang='lat' dir='ltr'><strong>Conﬁteantnr</strong></span> <span class='ocrx_word' id='word_1_867' title='bbox 2707 4850 2793 4903; x_wconf 86' lang='lat' dir='ltr'><strong>tibi</strong></span> <span class='ocrx_word' id='word_1_868' title='bbox 2813 4891 2826 4914; x_wconf 96' lang='lat'><strong>,</strong></span> <span class='ocrx_word' id='word_1_869' title='bbox 2863 4849 3107 4915; x_wconf 80' lang='lat' dir='ltr'><strong>Domine,</strong></span> <span class='ocrx_word' id='word_1_870' title='bbox 3140 4866 3312 4905; x_wconf 71' lang='lat' dir='ltr'><strong>omnes</strong></span> <span class='ocrx_word' id='word_1_871' title='bbox 3342 4866 3481 4926; x_wconf 62' lang='lat' dir='ltr'><strong>reae:</strong></span> 
     </span>
    </p>
   </div>
   <div class='ocr_carea' id='block_1_112' title="bbox 1911 4927 3495 5009">
    <p class='ocr_par' dir='ltr' id='par_1_112' title="bbox 1911 4927 3495 5009">
     <span class='ocr_line' id='line_1_113' title="bbox 1911 4927 3495 5009; baseline 0.001 -15"><span class='ocrx_word' id='word_1_872' title='bbox 1911 4954 2074 4996; x_wconf 82' lang='lat' dir='ltr'><strong>terrw.</strong></span> <span class='ocrx_word' id='word_1_873' title='bbox 2094 4943 2164 4996; x_wconf 90' lang='lat' dir='ltr'><strong>lta</strong></span> <span class='ocrx_word' id='word_1_874' title='bbox 2195 4945 2308 5004; x_wconf 88' lang='lat' dir='ltr'><strong>liet,</strong></span> <span class='ocrx_word' id='word_1_875' title='bbox 2332 4955 2386 4996; x_wconf 90' lang='lat' dir='ltr'><strong>et</strong></span> <span class='ocrx_word' id='word_1_876' title='bbox 2415 4942 2481 4995; x_wconf 90' lang='lat' dir='ltr'><strong>ita</strong></span> <span class='ocrx_word' id='word_1_877' title='bbox 2512 4941 2601 5005; x_wconf 82' lang='lat' dir='ltr'><strong>fit,</strong></span> <span class='ocrx_word' id='word_1_878' title='bbox 2631 4951 2684 4995; x_wconf 90' lang='lat' dir='ltr'><strong>et</strong></span> <span class='ocrx_word' id='word_1_879' title='bbox 2711 4941 2942 5009; x_wconf 86' lang='lat' dir='ltr'><strong>quotidie</strong></span> <span class='ocrx_word' id='word_1_880' title='bbox 2966 4942 3058 5007; x_wconf 85' lang='lat' dir='ltr'><strong>ﬁt;</strong></span> <span class='ocrx_word' id='word_1_881' title='bbox 3104 4953 3157 4996; x_wconf 90' lang='lat' dir='ltr'><strong>et</strong></span> <span class='ocrx_word' id='word_1_882' title='bbox 3183 4927 3495 4997; x_wconf 77' lang='lat' dir='ltr'><strong>ostenditur-</strong></span> 
     </span>
    </p>
   </div>
   <div class='ocr_carea' id='block_1_113' title="bbox 1911 5019 3480 5103">
    <p class='ocr_par' dir='ltr' id='par_1_113' title="bbox 1911 5019 3480 5103">
     <span class='ocr_line' id='line_1_114' title="bbox 1911 5019 3480 5103; baseline 0 -15"><span class='ocrx_word' id='word_1_883' title='bbox 1911 5019 2013 5088; x_wconf 84' lang='lat' dir='ltr'><strong>Iion</strong></span> <span class='ocrx_word' id='word_1_884' title='bbox 2039 5035 2230 5088; x_wconf 77' lang='lat' dir='ltr'><strong>frustra</strong></span> <span class='ocrx_word' id='word_1_885' title='bbox 2259 5035 2484 5100; x_wconf 85' lang='lat' dir='ltr'><strong>dictum,</strong></span> <span class='ocrx_word' id='word_1_886' title='bbox 2505 5035 2604 5087; x_wconf 84' lang='lat' dir='ltr'><strong>nisi</strong></span> <span class='ocrx_word' id='word_1_887' title='bbox 2634 5035 2751 5103; x_wconf 86' lang='lat' dir='ltr'><strong>quia</strong></span> <span class='ocrx_word' id='word_1_888' title='bbox 2781 5043 2896 5087; x_wconf 87' lang='lat' dir='ltr'><strong>erat</strong></span> <span class='ocrx_word' id='word_1_889' title='bbox 2925 5024 3173 5088; x_wconf 84' lang='lat' dir='ltr'><strong>futurum.</strong></span> <span class='ocrx_word' id='word_1_890' title='bbox 3193 5035 3480 5102; x_wconf 75' lang='lat' dir='ltr'><strong>Con/itemt-</strong></span> 
     </span>
    </p>
   </div>
   <div class='ocr_carea' id='block_1_114' title="bbox 1911 5112 3472 5198">
    <p class='ocr_par' dir='ltr' id='par_1_114' title="bbox 1911 5112 3472 5198">
     <span class='ocr_line' id='line_1_115' title="bbox 1911 5112 3472 5198; baseline -0.001 -16"><span class='ocrx_word' id='word_1_891' title='bbox 1911 5140 1992 5182; x_wconf 84' lang='lat' dir='ltr'><strong>tnr</strong></span> <span class='ocrx_word' id='word_1_892' title='bbox 2021 5129 2107 5182; x_wconf 77' lang='lat' dir='ltr'><strong>tibi</strong></span> <span class='ocrx_word' id='word_1_893' title='bbox 2124 5170 2136 5190; x_wconf 92' lang='lat'><strong>,</strong></span> <span class='ocrx_word' id='word_1_894' title='bbox 2168 5128 2378 5179; x_wconf 83' lang='lat' dir='ltr'><strong>Domine</strong></span> <span class='ocrx_word' id='word_1_895' title='bbox 2397 5112 2606 5190; x_wconf 37' lang='lat' dir='ltr'><strong>,lonmes</strong></span> <span class='ocrx_word' id='word_1_896' title='bbox 2647 5142 2785 5198; x_wconf 83' lang='lat' dir='ltr'><strong>reges</strong></span> <span class='ocrx_word' id='word_1_897' title='bbox 2828 5137 2992 5180; x_wconf 81' lang='lat' dir='ltr'><strong>teme.</strong></span> <span class='ocrx_word' id='word_1_898' title='bbox 3021 5127 3124 5181; x_wconf 87' lang='lat' dir='ltr'><strong>Sed</strong></span> <span class='ocrx_word' id='word_1_899' title='bbox 3148 5136 3201 5180; x_wconf 90' lang='lat' dir='ltr'><strong>et</strong></span> <span class='ocrx_word' id='word_1_900' title='bbox 3230 5127 3328 5195; x_wconf 90' lang='lat' dir='ltr'><strong>ipsi</strong></span> <span class='ocrx_word' id='word_1_901' title='bbox 3353 5142 3472 5180; x_wconf 90' lang='lat' dir='ltr'><strong>cum</strong></span> 
     </span>
    </p>
   </div>
   <div class='ocr_carea' id='block_1_115' title="bbox 1912 5215 3550 5284">
    <p class='ocr_par' dir='ltr' id='par_1_115' title="bbox 1912 5215 3550 5284">
     <span class='ocr_line' id='line_1_116' title="bbox 1912 5215 3550 5284; baseline -0.001 -10"><span class='ocrx_word' id='word_1_902' title='bbox 1912 5223 1999 5274; x_wconf 88' lang='lat' dir='ltr'><strong>tibi</strong></span> <span class='ocrx_word' id='word_1_903' title='bbox 2031 5224 2365 5282; x_wconf 79' lang='lat' dir='ltr'><strong>confitentur,</strong></span> <span class='ocrx_word' id='word_1_904' title='bbox 2396 5235 2512 5271; x_wconf 91' lang='lat' dir='ltr'><strong>cum</strong></span> <span class='ocrx_word' id='word_1_905' title='bbox 2542 5217 2754 5271; x_wconf 88' lang='lat' dir='ltr'><strong>laudant</strong></span> <span class='ocrx_word' id='word_1_906' title='bbox 2777 5228 2862 5284; x_wconf 89' lang='lat' dir='ltr'><strong>te,</strong></span> <span class='ocrx_word' id='word_1_907' title='bbox 2894 5235 2994 5272; x_wconf 90' lang='lat' dir='ltr'><strong>non</strong></span> <span class='ocrx_word' id='word_1_908' title='bbox 3027 5228 3232 5272; x_wconf 87' lang='lat' dir='ltr'><strong>terrena</strong></span> <span class='ocrx_word' id='word_1_909' title='bbox 3259 5218 3474 5272; x_wconf 84' lang='lat' dir='ltr'><strong>desido-</strong></span> <span class='ocrx_word' id='word_1_910' title='bbox 3531 5215 3550 5236; x_wconf 71' lang='lat'>‘</span> 
     </span>
    </p>
   </div>
   <div class='ocr_carea' id='block_1_116' title="bbox 1908 5309 3483 5379">
    <p class='ocr_par' dir='ltr' id='par_1_116' title="bbox 1908 5309 3483 5379">
     <span class='ocr_line' id='line_1_117' title="bbox 1908 5309 3483 5379; baseline -0.002 -13"><span class='ocrx_word' id='word_1_911' title='bbox 1908 5315 2011 5366; x_wconf 88' lang='lat' dir='ltr'><strong>rint</strong></span> <span class='ocrx_word' id='word_1_912' title='bbox 2042 5331 2066 5363; x_wconf 76' lang='grc' dir='ltr'>ει</span> <span class='ocrx_word' id='word_1_913' title='bbox 2097 5322 2164 5364; x_wconf 90' lang='lat' dir='ltr'><strong>te.</strong></span> <span class='ocrx_word' id='word_1_914' title='bbox 2193 5311 2326 5376; x_wconf 83' lang='lat' dir='ltr'><strong>Quid</strong></span> <span class='ocrx_word' id='word_1_915' title='bbox 2358 5311 2498 5363; x_wconf 91' lang='lat' dir='ltr'><strong>enim</strong></span> <span class='ocrx_word' id='word_1_916' title='bbox 2532 5325 2683 5379; x_wconf 88' lang='lat' dir='ltr'><strong>reges</strong></span> <span class='ocrx_word' id='word_1_917' title='bbox 2725 5320 2877 5364; x_wconf 76' lang='lat' dir='ltr'><strong>terra:</strong></span> <span class='ocrx_word' id='word_1_918' title='bbox 2913 5309 3258 5364; x_wconf 81' lang='lat' dir='ltr'><strong>desiderata-ri</strong></span> <span class='ocrx_word' id='word_1_919' title='bbox 3302 5321 3426 5364; x_wconf 89' lang='lat' dir='ltr'><strong>snut</strong></span> <span class='ocrx_word' id='word_1_920' title='bbox 3447 5311 3483 5363; x_wconf 74' lang='lat'><strong>?-</strong></span> 
     </span>
    </p>
   </div>
   <div class='ocr_carea' id='block_1_117' title="bbox 1907 5399 3469 5471">
    <p class='ocr_par' dir='ltr' id='par_1_117' title="bbox 1907 5399 3469 5471">
     <span class='ocr_line' id='line_1_118' title="bbox 1907 5399 3469 5471; baseline -0.003 -13"><span class='ocrx_word' id='word_1_921' title='bbox 1907 5405 2092 5458; x_wconf 76' lang='lat' dir='ltr'><strong>Nonne</strong></span> <span class='ocrx_word' id='word_1_922' title='bbox 2133 5403 2242 5470; x_wconf 92' lang='lat' dir='ltr'><strong>jam</strong></span> <span class='ocrx_word' id='word_1_923' title='bbox 2274 5401 2469 5454; x_wconf 85' lang='lat' dir='ltr'><strong>habent</strong></span> <span class='ocrx_word' id='word_1_924' title='bbox 2508 5401 2677 5470; x_wconf 91' lang='lat' dir='ltr'><strong>ipsum</strong></span> <span class='ocrx_word' id='word_1_925' title='bbox 2712 5399 3329 5471; x_wconf 79' lang='lat' dir='ltr'><strong>iInperium?Quidquid-</strong></span> <span class='ocrx_word' id='word_1_926' title='bbox 3353 5415 3469 5454; x_wconf 78' lang='lat' dir='ltr'><strong>am—</strong></span> 
     </span>
    </p>
   </div>
   <div class='ocr_carea' id='block_1_118' title="bbox 1905 5491 3465 5564">
    <p class='ocr_par' dir='ltr' id='par_1_118' title="bbox 1905 5491 3465 5564">
     <span class='ocr_line' id='line_1_119' title="bbox 1905 5491 3465 5564; baseline -0.001 -17"><span class='ocrx_word' id='word_1_927' title='bbox 1905 5496 2041 5564; x_wconf 72' lang='lat' dir='ltr'><strong>plius</strong></span> <span class='ocrx_word' id='word_1_928' title='bbox 2071 5492 2447 5546; x_wconf 79' lang='lat' dir='ltr'><strong>desideraverit</strong></span> <span class='ocrx_word' id='word_1_929' title='bbox 2471 5491 2631 5546; x_wconf 80' lang='lat' dir='ltr'><strong>homo</strong></span> <span class='ocrx_word' id='word_1_930' title='bbox 2654 5493 2702 5544; x_wconf 93' lang='lat' dir='ltr'><strong>iII</strong></span> <span class='ocrx_word' id='word_1_931' title='bbox 2731 5501 2889 5555; x_wconf 86' lang='lat' dir='ltr'><strong>terra,</strong></span> <span class='ocrx_word' id='word_1_932' title='bbox 2910 5506 3076 5560; x_wconf 86' lang='lat' dir='ltr'><strong>usque</strong></span> <span class='ocrx_word' id='word_1_933' title='bbox 3102 5491 3164 5544; x_wconf 81' lang='lat' dir='ltr'><strong>ad</strong></span> <span class='ocrx_word' id='word_1_934' title='bbox 3189 5491 3465 5561; x_wconf 73' lang='lat' dir='ltr'><strong>imperium</strong></span> 
     </span>
    </p>
   </div>
   <div class='ocr_carea' id='block_1_119' title="bbox 1901 5581 3466 5653">
    <p class='ocr_par' dir='ltr' id='par_1_119' title="bbox 1901 5581 3466 5653">
     <span class='ocr_line' id='line_1_120' title="bbox 1901 5581 3466 5653; baseline -0.001 -13"><span class='ocrx_word' id='word_1_935' title='bbox 1901 5598 1983 5640; x_wconf 86' lang='lat' dir='ltr'><strong>est</strong></span> <span class='ocrx_word' id='word_1_936' title='bbox 2023 5585 2342 5640; x_wconf 85' lang='lat' dir='ltr'><strong>desiderium</strong></span> <span class='ocrx_word' id='word_1_937' title='bbox 2398 5581 2533 5653; x_wconf 82' lang='lat' dir='ltr'><strong>ejus.</strong></span> <span class='ocrx_word' id='word_1_938' title='bbox 2579 5583 2711 5650; x_wconf 81' lang='lat' dir='ltr'><strong>Quid</strong></span> <span class='ocrx_word' id='word_1_939' title='bbox 2761 5584 2984 5652; x_wconf 87' lang='lat' dir='ltr'><strong>amplius</strong></span> <span class='ocrx_word' id='word_1_940' title='bbox 3034 5584 3249 5652; x_wconf 85' lang='lat' dir='ltr'><strong>potest?</strong></span> <span class='ocrx_word' id='word_1_941' title='bbox 3297 5584 3466 5640; x_wconf 83' lang='lat' dir='ltr'><strong>Altior</strong></span> 
     </span>
    </p>
   </div>
   <div class='ocr_carea' id='block_1_120' title="bbox 1900 5677 3466 5754">
    <p class='ocr_par' dir='ltr' id='par_1_120' title="bbox 1900 5677 3466 5754">
     <span class='ocr_line' id='line_1_121' title="bbox 1900 5677 3466 5754; baseline 0.001 -21"><span class='ocrx_word' id='word_1_942' title='bbox 1900 5681 2194 5738; x_wconf 88' lang='lat' dir='ltr'><strong>sublimitas</strong></span> <span class='ocrx_word' id='word_1_943' title='bbox 2217 5681 2510 5754; x_wconf 74' lang='lat' dir='ltr'><strong>necessaria</strong></span> <span class='ocrx_word' id='word_1_944' title='bbox 2538 5689 2637 5732; x_wconf 86' lang='lat' dir='ltr'><strong>est.</strong></span> <span class='ocrx_word' id='word_1_945' title='bbox 2678 5677 2782 5734; x_wconf 86' lang='lat' dir='ltr'><strong>Sed</strong></span> <span class='ocrx_word' id='word_1_946' title='bbox 2814 5678 3037 5733; x_wconf 87' lang='lat' dir='ltr'><strong>fortasse</strong></span> <span class='ocrx_word' id='word_1_947' title='bbox 3059 5688 3264 5750; x_wconf 64' lang='lat' dir='ltr'><strong>quanto;</strong></span> <span class='ocrx_word' id='word_1_948' title='bbox 3289 5680 3466 5744; x_wconf 78' lang='lat' dir='ltr'><strong>altior,</strong></span> 
     </span>
    </p>
   </div>
   <div class='ocr_carea' id='block_1_121' title="bbox 1929 5815 3463 5928">
    <p class='ocr_par' dir='ltr' id='par_1_121' title="bbox 1929 5815 3463 5928">
     <span class='ocr_line' id='line_1_122' title="bbox 1929 5815 3463 5928; baseline 0.003 -66"><span class='ocrx_word' id='word_1_949' title='bbox 1929 5823 1976 5926; x_wconf 65' lang='lat' dir='ltr'><strong>lt</strong></span> <span class='ocrx_word' id='word_1_950' title='bbox 2005 5817 2084 5928; x_wconf 50' lang='lat' dir='ltr'><strong>tgic</strong></span> <span class='ocrx_word' id='word_1_951' title='bbox 2102 5823 2172 5864; x_wconf 74' lang='lat' dir='ltr'><strong>l-Zr.</strong></span> <span class='ocrx_word' id='word_1_952' title='bbox 2202 5825 2250 5866; x_wconf 88' lang='lat' dir='ltr'><strong>et</strong></span> <span class='ocrx_word' id='word_1_953' title='bbox 2270 5824 2376 5866; x_wconf 72' lang='grc' dir='ltr'>ιον.</span> <span class='ocrx_word' id='word_1_954' title='bbox 2414 5815 2608 5877; x_wconf 82' lang='lat' dir='ltr'><strong>addunt,</strong></span> <span class='ocrx_word' id='word_1_955' title='bbox 2644 5821 2686 5866; x_wconf 75' lang='lat' dir='ltr'><strong>et</strong></span> <span class='ocrx_word' id='word_1_956' title='bbox 2710 5815 2850 5880; x_wconf 75' lang='lat' dir='ltr'><strong>furiis</strong></span> <span class='ocrx_word' id='word_1_957' title='bbox 2872 5828 2887 5866; x_wconf 93' lang='lat'><em>:</em></span> <span class='ocrx_word' id='word_1_958' title='bbox 2913 5817 3039 5881; x_wconf 85' lang='lat' dir='ltr'><strong>quod</strong></span> <span class='ocrx_word' id='word_1_959' title='bbox 3067 5818 3128 5867; x_wconf 85' lang='lat' dir='ltr'><strong>ab</strong></span> <span class='ocrx_word' id='word_1_960' title='bbox 3152 5826 3249 5886; x_wconf 70' lang='lat' dir='ltr'><strong>Am.</strong></span> <span class='ocrx_word' id='word_1_961' title='bbox 3285 5825 3341 5876; x_wconf 60' lang='lat' dir='ltr'><strong>et</strong></span> <span class='ocrx_word' id='word_1_962' title='bbox 3359 5824 3463 5873; x_wconf 62' lang='lat' dir='ltr'><strong>Mss.</strong></span> 
     </span>
     <span class='ocr_line' id='line_1_123' title="bbox 1947 5892 2051 5927; baseline -0.019 0"><span class='ocrx_word' id='word_1_963' title='bbox 1947 5892 2014 5927; x_wconf 62' lang='grc' dir='ltr'><strong>χοε</strong></span> <span class='ocrx_word' id='word_1_964' title='bbox 2041 5915 2051 5925; x_wconf 92' lang='grc'><strong>.</strong></span> 
     </span>
    </p>
   </div>
   <div class='ocr_carea' id='block_1_122' title="bbox 1901 5891 2051 5927">
    <p class='ocr_par' dir='ltr' id='par_1_122' title="bbox 1901 5891 2051 5927">
     <span class='ocr_line' id='line_1_124' title="bbox 1901 5891 2051 5927; baseline -0.007 -1"><span class='ocrx_word' id='word_1_965' title='bbox 1901 5891 2051 5927; x_wconf 63' lang='grc' dir='ltr'><strong>θυίοδῐ..</strong></span> 
     </span>
    </p>
   </div>
  </div>
