4082 6204
544 333 682 390 1779

544 460 695 506 tanto
723 447 1088 520 periculosior.
1116 417 1346 516 ldeoquc
1384 459 1537 516 roges
1561 452 1756 515 quanto
1779 443 1972 498 suntin
2002 459 2111 497 ma-

543 541 663 612 jore
689 539 1009 596 sublimitate
1065 546 1272 594 terrena
1296 580 1310 604 ,
1342 547 1487 592 tanto
1514 536 1680 607 magis
1707 536 1969 591 lnuniliari
2009 535 2116 590 Deo

541 635 756 691 debent.
792 631 980 703 thuid
1027 631 1223 687 faciunt
1249 632 1262 662 ¹
1288 633 1310 683 ‘!
1341 629 1592 699 Quoniam
1639 631 1907 683 audierunt
1946 629 2115 683 omnia

543 725 686 782 verba
718 725 818 778 oris
845 723 956 778 tui!
972 723 1014 777 Ο
1039 723 1282 787 Domine,
1302 722 1467 776 omnia
1493 721 1637 775 verba
1667 721 1767 774 oris
1797 720 1906 773 tui!
1926 719 2114 776 Nescio

538 819 589 872 in
621 832 721 887 qua
744 823 901 886 gente
925 813 1231 868 abscondita
1255 824 1404 866 erant
1426 812 1532 866 Lex
1555 821 1609 866 et
1627 811 1919 882 Prophetzn,
1943 814 2112 866 omnia

537 907 684 962 verba
705 907 806 960 oris
828 907 918 960 tui.
949 905 1054 960 Sed
1081 905 1130 959 in
1158 913 1314 974 gente
1351 903 1654 959 Judznorum
1682 905 1794 959 sola
1820 915 1970 960 erant
1999 923 2109 959 om-

536 997 621 1050 nia
642 997 788 1050 uerba
807 997 907 1051 oris
925 998 1030 1068 tui;
1059 1012 1214 1067 quam
1233 987 1441 1066 gentem
1465 995 1688 1050 laudans
1708 997 1992 1066 Apostolus
2013 997 2105 1066 ait,

535 1087 674 1154 Quid
701 1105 817 1160 ergo
846 1089 1063 1158 amplius
1088 1098 1160 1142 est
1186 1086 1369 1142 Judwo
1389 1089 1414 1140 ?
1439 1097 1527 1140 aut
1549 1103 1661 1157 qua:
1678 1089 1866 1142 utilitas
1891 1090 2108 1144 circum-

532 1180 736 1234 cisionis
755 1179 783 1232 ξ)
805 1178 1024 1232 Multum
1045 1195 1133 1248 per
1155 1195 1348 1232 omnem
1379 1179 1600 1232 modum.
1629 1177 1868 1232 Primum
1882 1181 2102 1247 quidem,

531 1271 651 1340 quia
672 1271 860 1324 credita
885 1281 1000 1324 sunt
1032 1271 1132 1324 illis
1157 1271 1350 1341 eloquia
1372 1270 1469 1323 Dei
1494 1271 1667 1340 (Rom.
1698 1287 1773 1334 Ill,
1808 1273 1830 1326 1
1854 1283 1899 1326 et
1919 1272 1996 1344 2).
2031 1273 2105 1328 lhi

532 1373 685 1418 erant
708 1363 864 1418 verba
900 1362 1133 1418 Dei.Sed
1165 1362 1230 1417 da
1253 1361 1378 1416 mihi
1409 1363 1553 1416 illum
1579 1362 1791 1418 cheon
1823 1366 2102 1434 quemdam

529 1464 768 1524 sanctum
794 1455 959 1508 virum
985 1463 1220 1524 tempore
1239 1453 1479 1509 Judicum
1502 1470 1516 1520 ;
1538 1455 1710 1510 videte
1726 1457 1879 1526 quale
1897 1458 2102 1527 signum

529 1537 715 1617 petivit
763 1562 794 1601 a
844 1548 1103 1601 Domino:
1139 1547 1333 1602 Ponam
1359 1589 1374 1614 ,
1415 1546 1616 1617 inquit,
1647 1549 1803 1602 vellus
1858 1548 1910 1602 in
1947 1567 2103 1612 area;

541 1638 852 1706 compluatur
878 1637 1067 1703 vellus,
1090 1654 1206 1692 arca
1223 1638 1353 1691 sicca
1375 1638 1457 1692 sit.
1487 1637 1554 1692 Et
1584 1636 1774 1692 factum
1803 1649 1883 1693 est
1916 1656 1929 1692 :
1953 1655 2101 1695 com-

536 1728 745 1802 plutum
786 1738 868 1782 est
891 1729 1057 1784 vellus
1087 1729 1288 1791 solum,
1317 1745 1438 1782 arca
1469 1730 1606 1783 sicea
1637 1739 1769 1785 erat.
1808 1730 1966 1786 Petiit
2006 1733 2102 1787 ite-

525 1836 644 1876 rum
681 1821 920 1890 signum:
953 1820 1083 1874 Area
1111 1829 1215 1873 tota
1257 1820 1510 1889 compluta
1532 1820 1631 1886 sit,
1663 1830 1708 1872 et
1751 1819 1913 1874 solum
1944 1823 2101 1876 vellus

527 1912 717 1964 siccum
760 1911 1059 1963 inveniatur.
1097 1910 1163 1963 Et
1209 1909 1309 1965 hoc
1344 1909 1537 1964 factum
1568 1919 1645 1963 est
1679 1927 1693 1965 :
1722 1913 1984 1982 cntnpluta
2019 1922 2100 1969 est

526 1981 681 2066 arca,
715 2002 858 2056 sicco
889 2001 1087 2057 vellere
1117 1999 1311 2074 (Judic.
1339 2017 1411 2065 Vl,
1431 2001 1642 2070 ’ὅσ-ιο).
1663 1981 2100 2074 Ρι-ίιησςοπιριιι-

529 2104 635 2166 tum
666 2095 853 2159 vellus,
887 2094 1025 2149 sicca
1065 2108 1225 2159 area;
1251 2103 1432 2164 postea
1469 2095 1733 2165 compluta
1763 2111 1886 2151 area
1909 2139 1922 2164 ,
1954 2098 2096 2156 sicco

525 2188 742 2260 vellere.
772 2187 908 2254 Quid
937 2186 1087 2243 vobis
1112 2187 1322 2242 videtur
1349 2202 1472 2241 area
1493 2227 1506 2251 ,
1535 2185 1765 2243 fratres?
1793 2188 1979 2246 Nonne
2003 2207 2094 2246 or-

527 2282 609 2344 bis
633 2280 934 2336 terrarum?
960 2279 1098 2347 Quid
1127 2279 1337 2336 vellus?
1357 2279 1626 2350 Tanquam
1657 2295 1786 2350 gens
1827 2278 2008 2338 Judzna
2037 2283 2093 2343 in

525 2375 703 2430 medio
731 2374 862 2428 orbe
901 2382 1162 2428 terrarum
1191 2415 1207 2442 ,
1235 2372 1437 2429 habens
1458 2373 1639 2444 gratiae
1659 2384 2049 2432 sacramentum
2073 2419 2088 2443 ,

522 2484 629 2528 non
653 2469 704 2522 in
729 2466 1152 2521 manifestatione
1170 2506 1185 2530 ,
1214 2465 1306 2522 sed
1347 2466 1399 2520 in
1424 2465 1565 2522 nube
1585 2467 1811 2534 secreti,
1843 2479 2088 2540 tanquam

518 2561 572 2624 in
622 2559 920 2614 velamento
969 2558 1202 2628 pluviam
1244 2559 1265 2590 ³
1320 2557 1375 2612 in
1422 2557 1638 2614 vellere.
1687 2558 1842 2614 Venit
1885 2570 2089 2632 tempus

517 2656 729 2726 quando
771 2653 1099 2709 revelaretur
1131 2652 1302 2722 pluvia
1345 2652 1396 2706 in
1423 2666 1545 2707 area
1570 2667 1584 2718 ;
1613 2651 1945 2708 manifestata
1974 2664 2084 2723 est,

518 2762 623 2802 non
644 2755 851 2816 operta.
880 2745 1100 2800 Factum
1127 2753 1210 2799 est
1229 2759 1354 2814 ergo
1379 2745 1519 2814 quod
1547 2745 1742 2800 dictum
1774 2754 1856 2802 est
1873 2789 1888 2813 ,
1911 2746 2086 2818 Conﬁ-

520 2850 716 2894 reantur
743 2839 864 2903 tibi,
897 2837 1142 2905 Domine,
1165 2853 1334 2892 omnes
1356 2853 1494 2908 reges
1519 2847 1704 2904 terra;
1729 2841 1966 2910 quoniam
1993 2858 2088 2895 au-

517 2933 718 2986 dierunt
755 2930 923 2985 omnia
963 2929 1110 2983 verba
1147 2929 1249 2984 oris
1287 2930 1381 2982 tui.
1404 2929 1540 2997 Quid
1573 2938 1688 2997 est,
1725 2930 1912 2998 Israel,
1943 2932 2084 3003 quod

515 3021 922 3092 abscondebas?
950 3019 1198 3090 quamdiu
1220 3019 1615 3076 abscondebas?
1645 3022 1963 3092 Expressum
2001 3033 2085 3080 est

513 3114 683 3170 vellus
707 3155 721 3178 ,
749 3089 805 3168 et
829 3089 1056 3168 exiitide
1085 3120 1137 3166 te
1165 3111 1359 3181 pluvia.
1397 3111 1553 3167 Solus
1579 3089 1816 3169 Christus
1851 3116 2082 3172 suavitas

512 3204 706 3273 pluvia:
738 3221 752 3256 :
783 3204 953 3272 ipsum
1003 3203 1174 3257 solum
1226 3217 1330 3257 non
1379 3206 1621 3273 agnoscis
1663 3206 1714 3259 in
1753 3207 2080 3278 Scripturis,

511 3305 730 3366 propter
754 3310 911 3364 quem
955 3294 1104 3348 facta:
1137 3303 1263 3349 sunt
1302 3295 1610 3365 Scriptum.
1638 3299 1707 3352 At
1748 3313 1875 3353 vero
1911 3317 2080 3356 omnes

512 3403 654 3458 rcges
684 3396 829 3441 terra:
849 3387 1184 3454 conﬁteantur
1213 3385 1300 3439 tibi
1314 3427 1329 3453 ,
1355 3385 1603 3455 Domine;
1630 3391 1862 3458 quoniam
1903 3393 2079 3447 audies

513 3487 633 3534 sunt
657 3478 824 3532 omnia
844 3476 989 3531 verba
1011 3477 1114 3530 oris
1134 3477 1226 3530 tui.

582 3567 664 3622 10.
701 3564 848 3639 [verm
879 3565 958 3638 5.]
999 3565 1066 3620 Et
1115 3576 1313 3622 cantent
1359 3567 1413 3622 in
1451 3567 1544 3623 uiis
1569 3569 1811 3637 Domini,
1841 3575 2079 3643 quoniam

507 3675 694 3729 magna
715 3667 785 3711 est
815 3658 977 3729 gloria
1002 3655 1225 3711 Domini.
1248 3654 1471 3714 Cantcnt
1499 3660 1554 3714 in
1578 3661 1675 3714 viis
1699 3662 1901 3717 Domini
1922 3680 2078 3736 reges

507 3761 687 3807 terrae.
734 3751 788 3805 ln
831 3750 1021 3820 quibus
1058 3749 1159 3805 viis
1200 3752 1457 3806 cantent?
1485 3751 1562 3807 De
1587 3752 1778 3823 quibus
1807 3769 1965 3826 supra
1991 3757 2075 3812 di-

507 3855 650 3900 ctum
681 3852 760 3899 est
779 3885 795 3910 ,
823 3842 888 3896 1n
916 3843 1257 3897 misericordia
1281 3853 1366 3897 tua
1390 3855 1435 3899 et
1455 3845 1770 3900 veritatestua
1785 3864 1806 3913 ;
1826 3850 2075 3918 quoniam

506 3935 752 3990 universa:
775 3934 868 3988 via:
885 3933 1090 3989 Domini
1124 3935 1464 3988 misericordia
1502 3945 1549 3988 et
1574 3937 1771 3992 veritas.
1795 3937 1907 3993 NOII
1948 3955 2076 4010 ergo

506 4027 613 4081 sint
633 4040 786 4095 reges
813 4035 964 4078 terrae
987 4024 1224 4093 superbi,
1251 4024 1344 4079 sed
1371 4025 1596 4081 humiles
1620 4027 1750 4082 sint.
1779 4028 1925 4084 Tunc
1951 4045 2077 4085 can-

455 4115 460 4124 “
507 4128 622 4173 teut
655 4118 707 4172 in
735 4118 830 4172 viis
857 4117 1087 4182 Domini,
1119 4117 1162 4172 si
1195 4117 1420 4173 humiles
1453 4119 1594 4173 sint:
1627 4129 1838 4186 ament,
1861 4130 1912 4176 et
1946 4137 2074 4177 can-

508 4210 716 4264 tabunt.
769 4208 1024 4263 Novimus
1065 4209 1295 4264 viatores
1348 4218 1681 4275 cauntatores;
1731 4221 1975 4279 cantant,
2022 4225 2076 4270 et

505 4301 786 4370 pervenire
809 4301 1075 4355 festinant.
1098 4300 1232 4356 Sunt
1255 4302 1456 4356 cantica
1483 4303 1618 4356 mala
1649 4311 1897 4374 tanquam
1928 4314 2072 4361 vete-

506 4395 584 4449 ris
617 4392 882 4456 hominis;
913 4392 1008 4446 sed
1037 4392 1300 4446 canticum
1327 4407 1521 4446 novum
1547 4394 1777 4464 pertinet
1804 4395 1869 4451 ad
1899 4396 2074 4451 homi-

505 4499 631 4539 nem
681 4497 896 4538 novum.
925 4482 1211 4538 Ambulent
1248 4475 1458 4554 ergoet
1500 4499 1651 4554 reges
1702 4494 1858 4540 terra:
1887 4487 1938 4540 in
1976 4487 2076 4542 viis

508 4575 636 4640 tuis,
667 4575 939 4630 ambulent
961 4584 1016 4631 et
1043 4585 1260 4631 cantent
1287 4577 1338 4630 in
1369 4578 1469 4632 viis
1498 4578 1620 4632 tuis.
1650 4577 1784 4648 Quid
1828 4582 2076 4637 cantent?

515 4669 766 4736 Quoniam
786 4685 969 4739 magna
987 4678 1061 4722 est
1078 4669 1240 4740 gloria
1255 4668 1495 4725 Domini:
1522 4687 1625 4732 non
1655 4687 1861 4741 regum.

581 4760 667 4814 11.
699 4757 846 4832 [vers.
879 4757 959 4831 6.]
998 4759 1130 4814 \‘ide
1163 4759 1428 4829 quomodo
1463 4776 1615 4831 reges
1661 4762 1826 4816 voluit
1861 4775 2076 4822 cantare

507 4851 564 4905 in
591 4851 708 4916 viis,
740 4851 1013 4905 humiliter
1037 4861 1306 4920 portantes
1336 4852 1612 4906 Dominum
1638 4895 1654 4920 ,
1685 4869 1788 4908 non
1821 4871 1878 4910 se
1907 4857 2074 4912 extol-

511 4945 682 5000 lentes
706 4943 961 4999 adversus
983 4944 1282 4998 Dominum.
1309 4944 1438 5000 Nam
1467 4945 1512 5001 si
1537 4960 1596 5001 se
1625 4947 1927 5015 extulerint,
1950 4949 2073 5019 quid

509 5035 784 5106 sequitur?
811 5034 1060 5102 Quoniam
1081 5035 1299 5089 excelsus
1320 5033 1585 5100 Dominus,
1611 5047 1658 5090 et
1678 5038 1890 5091 humilia
1915 5040 2074 5109 respi-

508 5127 596 5179 cit.
626 5125 822 5180 Volunt
866 5139 992 5194 ergo
1030 5139 1183 5196 reges
1223 5125 1452 5194 respici?
1481 5125 1719 5185 llumiles
1757 5129 1880 5183 sint.
1907 5129 2077 5196 Quid?

511 5217 558 5272 si
583 5232 643 5272 sc
671 5215 962 5272 extulerint
1005 5217 1056 5270 in
1105 5217 1442 5287 superbiam,
1478 5217 1645 5274 latere
1689 5220 1852 5290 ipsius
1895 5222 2075 5278 oculos

507 5307 770 5376 possunt?
793 5306 869 5362 Ne
905 5307 1039 5362 forte
1077 5309 1200 5378 quia
1233 5309 1460 5380 audisti,
1488 5309 1698 5364 humilia
1726 5313 1926 5382 respicit
1944 5354 1958 5376 ,
1988 5328 2078 5368 su-

512 5399 706 5467 perbus
759 5399 890 5453 velis
932 5413 1050 5454 esse
1074 5439 1088 5464 ,
1119 5409 1174 5454 et
1201 5399 1346 5453 dicas
1372 5401 1425 5454 in
1463 5401 1638 5455 anima
1681 5411 1764 5455 tua
1796 5421 1808 5455 :
1841 5403 2077 5459 Humiles

508 5490 722 5558 respicit
759 5490 927 5552 Deus,
956 5505 1039 5545 me
1087 5504 1190 5544 non
1246 5490 1490 5560 respicit;
1519 5489 1705 5545 faciam
1745 5493 1884 5563 quod
1932 5493 2073 5548 volo.

703 5668 808 5712 Mss.
829 5672 882 5713 At
905 5671 1009 5714 [λον.
1032 5700 1047 5725 ,
1072 5672 1126 5715 ει
1149 5665 1267 5727 quid
1307 5665 1499 5728 ﬁsciant.
1530 5675 1627 5718 Am.
1650 5675 1700 5718 et
1723 5675 1824 5730 ειη,
1868 5676 1925 5720 L't
1961 5669 2076 5735 quid

509 5721 706 5782 faciant.
1035 5721 1041 5725 ’

577 5781 598 5812 ³
618 5779 780 5829 Plures
801 5789 925 5846 Mss,
950 5787 1125 5847 plut-ia.

1738 329 1796 384 8.
1831 327 2198 386 ΑυουετιΝι
2235 329 2536 390 EPISCOPI

2899 401 2901 406 .
3662 350 3789 410 1780

2228 442 2358 510 Quis
2382 445 2524 501 enim
2552 462 2639 502 me
2672 448 2814 506 videt
2835 451 2860 505 ?
2881 451 3146 526 hominem
3172 453 3298 510 latet
3323 471 3338 517 ;
3375 455 3512 511 Deus
3549 472 3654 513 non
3685 463 3790 518 vult

2221 548 2307 590 me
2331 534 2513 592 videre
2535 579 2550 605 ,
2579 538 2699 608 quia
2726 538 2936 596 humilis
2960 559 3062 598 non
3088 559 3227 610 sum,
3253 545 3342 600 ille
3370 557 3545 603 autem
3574 547 3786 609 humilia

2221 625 2437 694 respicit
2465 643 2478 681 :
2511 628 2650 698 quod
2682 630 2802 686 volo
2828 631 2980 687 facio.
3001 634 3044 688 0
3064 634 3386 702 importune,
3411 640 3664 710 numquid
3694 641 3788 699 hnc

2217 714 2426 772 diceres
2445 758 2460 782 ,
2484 718 2527 772 si
2557 719 2722 776 scires
2749 721 2871 792 quid
2902 738 3080 778 amare
3106 724 3370 781 deberes?
3395 728 3534 800 Ecce
3574 730 3621 784 si
3661 731 3789 787 nolit

2219 815 2269 861 te
2296 807 2475 864 videre
2504 809 2663 875 Deus,
2693 809 2792 867 hoc
2840 812 3011 884 ipsum
3053 830 3156 869 non
3203 817 3385 884 times,
3413 819 3534 889 quia
3559 815 3633 875 "te
3686 836 3788 876 non

2218 899 2332 953 vult
2375 901 2598 956 videre?
2621 903 2677 958 Si
2722 904 2923 961 salutes
2965 907 3193 978 aliquem
3224 911 3478 978 maiorem
3507 923 3786 982 patronum

2214 985 2396 1056 tuum,
2424 1003 2477 1048 et
2521 994 2753 1050 intentus
2789 997 2840 1052 in
2883 999 3021 1053 aliud
3049 987 3153 1054 no'n
3194 1009 3246 1056 te
3289 1002 3498 1068 videat,
3522 1005 3786 1074 quomodo

2216 1082 2306 1136 tibi
2336 1085 2510 1137 anima
2541 1085 2725 1141 dolet?
2748 1086 2804 1144 Si
2846 1099 3021 1144 autem
3056 1091 3192 1146 Deus
3223 1101 3274 1148 te
3317 1109 3422 1148 non
3457 1095 3670 1159 videat,
3701 1112 3787 1151 se-

2210 1189 2395 1228 curum
2427 1184 2477 1231 te
2503 1179 2698 1248 putas?
2724 1179 2838 1234 Non
2881 1190 2932 1235 te
2957 1181 3099 1237 videt
3122 1181 3384 1248 Salvator,
3413 1196 3467 1240 et
3510 1187 3654 1240 videt
3691 1187 3783 1241 de-

2211 1266 2476 1334 praedator
2505 1269 2544 1322 ².
2564 1268 2632 1322 Et
2671 1278 2846 1325 tamen
2889 1281 2943 1327 et
2973 1273 3084 1341 ipse
3121 1283 3171 1329 te
3213 1274 3351 1330 Deus
3380 1275 3543 1330 videt.
3573 1277 3688 1332 Non
3738 1289 3784 1332 te

2209 1371 2363 1428 putes
2385 1375 2490 1416 non
2515 1362 2679 1419 videri
2705 1380 2719 1430 ;
2754 1365 2862 1420 imo
2892 1381 3014 1436 roga
3043 1376 3099 1420 ut
3143 1369 3395 1423 merearis
3423 1369 3589 1424 videri
3623 1387 3654 1424 ει
3680 1385 3783 1440 quo

2209 1450 2427 1506 videris.
2452 1453 2654 1508 Dictum
2683 1464 2765 1510 est
2793 1456 2934 1511 enim
2965 1473 2983 1510 :
3017 1454 3164 1511 Oculi
3189 1456 3397 1512 Domini
3423 1477 3577 1530 super
3593 1463 3777 1532 justas.

2208 1542 2338 1608 Quia
2390 1559 2492 1598 non
2537 1559 2699 1614 super
2742 1545 3002 1615 injustos,
3026 1547 3225 1603 faciant
3265 1564 3394 1620 ergo
3429 1550 3570 1621 quod
3596 1551 3782 1607 volunt

2205 1635 2383 1703 injusti
2417 1655 2429 1690 :
2464 1637 2611 1692 Oculi
2641 1637 2849 1693 Domini
2879 1656 3030 1710 super
3049 1641 3238 1712 justas.
3271 1641 3537 1712 Sequatur
3564 1643 3776 1700 adhuc:

2204 1726 2270 1780 Et
2295 1743 2442 1782 aures
2465 1730 2571 1800 ejus
2591 1729 2661 1782 ad
2684 1746 2852 1801 preces
2878 1747 3070 1786 eorum.
3092 1731 3274 1802 injusti
3303 1748 3430 1805 ergo
3450 1736 3538 1804 qui
3561 1749 3779 1791 securos

2203 1838 2262 1878 se
2293 1824 2579 1894 putabant,
2605 1825 2723 1894 quia
2751 1840 2857 1900 non
2883 1834 3036 1881 erant
3063 1827 3200 1882 oculi
3225 1827 3431 1882 Domini
3455 1843 3617 1898 super
3643 1844 3740 1884 eos
3760 1869 3777 1896 ,

2202 1934 2308 1972 non
2339 1918 2526 1973 timent
2552 1961 2567 1985 ,
2599 1919 2720 1989 quia
2761 1935 2865 1973 non
2911 1928 3035 1975 sunt
3062 1927 3116 1974 et
3156 1935 3314 1976 aures
3347 1921 3462 1990 ejus
3491 1921 3556 1976 ad
3590 1938 3778 1992 preces

2199 2008 2632 2064 eorum?Nonne
2679 2010 2870 2065 melius
2915 2019 2970 2064 et
3020 2010 3158 2066 oculi
3202 2011 3318 2080 ejus
3360 2027 3519 2081 super
3561 2028 3698 2079 nos,
3725 2023 3779 2069 et

2197 2113 2354 2154 aures
2378 2100 2494 2168 ejus
2519 2099 2584 2154 ad
2608 2116 2793 2170 preces
2821 2101 3070 2157 nostras?
3090 2101 3196 2156 Sed
3225 2116 3346 2156 cum
3374 2103 3505 2158 facis
3524 2118 3590 2158 ea
3615 2119 3778 2173 super

2196 2205 2315 2260 qua:
2345 2205 2451 2244 non
2482 2191 2562 2245 vis
2585 2205 2704 2246 esse
2729 2192 2912 2247 oculos
2942 2192 3184 2260 Domini,
3211 2208 3316 2247 non
3349 2195 3572 2249 mereris
3599 2197 3621 2226 ⁸
3656 2210 3777 2264 pre-

2196 2281 2350 2336 cibus
2381 2282 2486 2336 tuis
2511 2292 2566 2337 et
2589 2299 2746 2339 aures
2772 2283 2977 2339 Domini
3001 2301 3015 2347 ;
3045 2292 3100 2340 et
3129 2293 3305 2340 tamen
3336 2286 3476 2342 male
3501 2286 3772 2353 faciendo,

2194 2389 2224 2428 a
2250 2382 2299 2426 te
2327 2387 2431 2427 non
2463 2375 2658 2429 avertis
2685 2375 2870 2430 oculos
2898 2375 3128 2431 Domini.
3151 2375 3286 2444 Quid
3316 2377 3457 2432 enim
3486 2377 3557 2432 ibi
3587 2380 3774 2450 sequi-

2192 2464 2315 2518 tur?
2351 2462 2527 2519 Vultus
2552 2475 2716 2518 autem
2734 2464 2937 2520 Domini
2966 2482 3118 2538 super
3143 2468 3380 2537 facientes
3405 2467 3687 2524 mala.Sed
3708 2469 3773 2524 ad

2190 2554 2360 2625 quid?
2391 2553 2461 2609 Ut
2503 2557 2679 2627 perdat
2718 2557 2782 2611 de
2814 2566 2947 2610 terra
2981 2558 3272 2612 memoriam
3305 2575 3496 2613 eorum.
3525 2559 3688 2616 Vides
3722 2571 3774 2617 lc

2189 2646 2561 2704 videri?vidcs
2582 2658 2633 2704 te
2685 2649 2849 2705 latere
2897 2665 3000 2706 non
3049 2652 3249 2721 posse?
3274 2652 3405 2707 Cum
3443 2667 3576 2723 ergo
3613 2655 3770 2726 quid-

2188 2738 2312 2808 quid
2364 2738 2554 2794 feceris
2621 2738 2879 2806 videaris,
2933 2755 3097 2810 quare
3142 2740 3246 2796 hoc
3293 2756 3400 2797 non
3450 2743 3579 2799 facis
3627 2746 3770 2801 unde

2189 2828 2402 2898 placere
2429 2829 2884 2901 merearis?Ergo
2912 2840 2966 2885 et
2987 2831 3071 2886 hic
3100 2831 3265 2900 quid?
3297 2832 3548 2900 Quoniam
3576 2852 3767 2906 ntagna

2186 2930 2258 2974 est
2279 2921 2443 2991 gloria
2467 2919 2710 2986 Domini;
2732 2921 2968 2991 quoniam
2989 2923 3214 2977 excelsus
3239 2921 3504 2990 Dominus,
3527 2935 3574 2978 et
3597 2926 3767 2982 Immi-

2189 3013 2257 3067 liu
2280 3013 2496 3082 respicit.
2521 3013 2739 3067 Excelsa
2771 3023 2946 3067 autem
2978 3014 3126 3083 quasi
3159 3029 3262 3068 non
3293 3017 3508 3085 respicit
3540 3034 3554 3069 :
3585 3019 3765 3072 Immi-

2184 3106 2254 3159 lia
2295 3106 2434 3160 enim
2475 3105 2697 3173 respicit.
2726 3103 2940 3158 Excelsa
2961 3147 2976 3172 ,
2999 3105 3165 3176 quid?
3197 3106 3241 3158 Α
3287 3106 3434 3178 longe
3481 3109 3762 3180 cognoscit.

2181 3195 2316 3265 Quid
2342 3195 2443 3251 sibi
2471 3210 2595 3267 ergo
2618 3206 2836 3268 prmstat
2863 3197 3125 3266 superbus
3145 3198 3164 3229 ³
3187 3199 3209 3252 ?
3239 3197 3307 3254 Ut
3334 3215 3364 3252 a
3396 3190 3552 3271 longe
3580 3201 3766 3257 videa-

2185 3296 2303 3352 tur;
2329 3302 2432 3342 non
2455 3295 2515 3342 ut
2545 3301 2650 3342 non
2677 3287 2937 3343 videatur.
2979 3286 3085 3342 Nec
3110 3299 3264 3357 putes
3292 3298 3344 3344 te
3364 3290 3484 3345 ideo
3507 3305 3761 3348 securum

2179 3395 2300 3435 esse
2327 3379 2544 3447 debere,
2576 3379 2717 3450 quod
2749 3380 2921 3434 minus
2948 3378 3084 3434 bene
3112 3389 3163 3434 te
3189 3379 3328 3435 videt
3350 3380 3394 3447 ⁸,
3422 3383 3514 3453 qui
3541 3400 3571 3435 a
3599 3383 3764 3455 longe

2184 3481 2236 3528 te
2273 3472 2435 3528 videt.
2460 3471 2540 3526 Tu
2586 3471 2728 3527 enim
2771 3472 2910 3543 quod
2962 3489 2991 3527 a
3037 3472 3192 3544 longe
3235 3473 3417 3540 vides,
3456 3492 3564 3532 non
3618 3477 3762 3535 bene

2182 3563 2330 3618 vides
2361 3579 2379 3637 ε,
2407 3563 2544 3618 Deus
2574 3562 2674 3618 etsi
2703 3577 2732 3617 a
2760 3562 2917 3634 longe
2943 3571 2996 3618 te
3023 3563 3168 3619 videt
3197 3605 3213 3632 ,
3244 3565 3480 3635 perfecte
3503 3575 3558 3623 te
3589 3569 3760 3635 videt,

2181 3662 2237 3709 et
2260 3663 2432 3709 tecum
2462 3669 2569 3709 non
2595 3638 2697 3709 est.
2728 3653 2842 3709 Hoc
2867 3654 3014 3725 agis,
3045 3670 3152 3710 non
3199 3664 3255 3710 ut
3296 3656 3474 3712 minus
3515 3659 3761 3728 perfecte

2179 3745 2440 3811 videaris;
2471 3745 2566 3800 sed
2608 3754 2667 3800 ut
2704 3760 2808 3801 non
2849 3746 2922 3800 sis
2963 3760 3082 3800 cum
3128 3745 3219 3801 illo
3247 3761 3276 3800 a
3304 3763 3410 3818 quo
3438 3749 3661 3804 videris.
3690 3751 3765 3806 At

2180 3852 2309 3892 vero
2348 3835 2559 3890 humilis
2598 3835 2726 3906 quid
2766 3836 2865 3891 sibi
2908 3835 3162 3906 praastat?
3191 3834 3362 3907 Prope
3403 3847 3478 3892 est
3502 3837 3765 3895 Dominus

2179 3930 2257 3983 liis
2279 3929 2364 4000 qui
2385 3929 2685 3983 obtriverunt
2705 3945 2792 3984 cor
2811 3927 3032 4001 (Psalm.
3061 3944 3244 3994 χχχιιι,
3269 3928 3358 3997 16,
3387 3929 3474 3997 17,
3491 3929 3607 4000 19).
3633 3931 3766 3987 Eri-

2179 4032 2268 4094 gat
2294 4039 2352 4078 se
2378 4037 2505 4092 ergo
2531 4021 2812 4092 superbus,
2843 4031 3093 4092 quantum
3121 4021 3378 4086 voluerit;
3400 4033 3550 4077 certe
3571 4023 3627 4078 in
3648 4024 3765 4079 alto

2177 4113 2382 4168 habitat
2405 4113 2547 4168 Deus
2567 4155 2582 4180 ,
2613 4114 2664 4168 in
2691 4113 2828 4168 coelo
2855 4123 2937 4168 est
2967 4113 3106 4168 Deus
3130 4130 3142 4166 :
3168 4113 3246 4168 vis
3273 4113 3363 4167 tibi
3395 4115 3766 4184 pr0piuquet?

2179 4203 2406 4257 llumilia
2437 4213 2508 4259 te.
2536 4203 2665 4257 Nam
2694 4211 2841 4258 tanto
2869 4217 2898 4256 a
2930 4210 2982 4256 te
3008 4203 3112 4257 erit
3139 4202 3313 4269 altior,
3330 4213 3536 4273 quanto
3563 4215 3621 4260 tu
3647 4207 3769 4264 cla-

2178 4293 2281 4348 tior
2311 4311 2322 4348 :
2353 4293 2566 4348 Excelsa
2591 4302 2759 4347 autem
2780 4310 2813 4346 a
2839 4293 2984 4363 longe
3004 4295 3280 4364 cognoscit.

2250 4384 2338 4440 12.
2369 4383 2518 4457 [vet-s.
2549 4383 2626 4456 7.]
2653 4383 2714 4439 Si
2743 4383 3060 4439 ambulavero
3093 4384 3146 4438 in
3175 4386 3335 4438 medio
3365 4385 3723 4445 tribulationis
3747 4430 3766 4457 ,

2178 4477 2446 4546 viviﬁcabis
2473 4493 2566 4530 me.
2601 4476 2787 4531 Verum
2817 4485 2900 4531 est
2926 4494 2938 4528 :
2967 4477 3021 4531 in
3047 4491 3375 4546 quacumque
3403 4476 3773 4539 tribulatione

2177 4568 2360 4632 fueris,
2389 4568 2642 4624 confitere
2665 4607 2679 4630 ,
2710 4566 2926 4632 invoca;
2958 4567 3146 4623 liberat
3171 4575 3256 4635 te,
3287 4567 3515 4623 vivificat
3542 4580 3616 4626 te.
3648 4571 3772 4629 Sed

2177 4669 2350 4718 tamen
2378 4659 2572 4728 aliquid
2597 4659 2682 4713 hic
2706 4658 2960 4713 debemus
2979 4657 3169 4714 melius
3190 4658 3628 4730 intelligerc,quo
3642 4664 3770 4732 jam

2179 4752 2485 4808 familiarius
2531 4751 2878 4805 inluereamus
2927 4748 3432 4821 Deo,dicamusque
3476 4751 3592 4818 illi,
3645 4756 3774 4809 Cito

2177 4843 2359 4899 extrudi
2378 4859 2470 4896 me.
2497 4843 2707 4896 Dixerat
2734 4840 2896 4906 enim,
2922 4839 3134 4916 Excelsa
3161 4857 3193 4893 a
3216 4841 3361 4912 longe
3379 4844 3637 4912 cognoscit
3659 4862 3682 4899 :
3712 4858 3777 4902 et

2179 4937 2386 4992 excelsa
2418 4935 2642 5004 superba
2682 4948 2786 4988 non
2822 4941 3018 4988 norunt
3063 4932 3477 4990 tribulationem.
3499 4934 3620 4990 Non
3653 4953 3774 4993 no-

2179 5039 2325 5093 runt,
2353 5028 2587 5097 inquam,
2617 5026 3006 5081 tribulationem
3033 5024 3100 5081 de
3125 5040 3226 5096 qua
3254 5025 3446 5080 dicitur
3471 5025 3580 5081 alio
3604 5027 3778 5097 loco.

2181 5121 2573 5177 Tribulutionem
2591 5130 2640 5175 et
2665 5120 2886 5174 dolorem
2910 5119 3094 5186 inueni,
3111 5127 3158 5171 et
3182 5135 3361 5172 nomen
3381 5117 3587 5172 Domini
3612 5121 3782 5176 inoo-

2175 5215 2287 5269 cavi
2313 5213 2330 5283 (
2356 5213 2498 5268 Psal.
2529 5227 2668 5278 cstv,
2690 5213 2743 5277 5,
2773 5210 2847 5281 4).
2879 5209 3013 5278 Quid
3042 5210 3182 5265 enim
3212 5225 3479 5280 magnum,
3508 5212 3555 5264 si
3581 5211 3777 5267 tribu-

2180 5307 2305 5361 latio
2348 5314 2398 5361 te
2425 5305 2692 5360 inveniat?
2719 5303 2773 5360 Si
2801 5301 2994 5373 aliquid
3023 5310 3174 5372 potes
3192 5342 3208 5368 ,
3236 5311 3293 5356 tu
3318 5302 3492 5356 inveni
3526 5301 3782 5361 tribula-

2246 5487 2260 5516 ί
2291 5492 2388 5533 Am.
2408 5496 2517 5534 cum
2531 5483 2674 5532 unico
2694 5488 2822 5541 Mss,
2839 5486 2885 5531 et
2901 5479 3027 5530 videt
3048 5477 3316 5530 damnatur.
3340 5484 3436 5538 an,
3455 5483 3504 5528 et
3516 5479 3649 5530 ridet
3679 5480 3780 5532 dc-

2183 5545 2426 5610 prtedator
2447 5552 2493 5594 et
2517 5545 2783 5610 damnator.
3161 5600 3172 5610 _
3448 5601 3460 5610 _
3544 5609 3549 5610 ,
3667 5601 3679 5609 .

2245 5612 2264 5640 ³
2289 5615 2361 5656 Er.
2389 5615 2438 5656 et
2462 5607 2636 5669 Regius
2657 5613 2758 5666 ius,
2799 5616 2944 5666 super
2983 5615 3091 5666 que
3125 5601 3196 5653 vis
3229 5614 3330 5653 esse
3351 5601 3779 5666 cmmemini,

2183 5678 2295 5734 tunc
2317 5667 2548 5734 mererisf
2561 5677 2654 5716 etc.
3055 5726 3067 5734 _
3197 5725 3207 5734 _
3239 5725 3250 5734 _

2250 5733 2359 5797 iter.
2386 5722 2527 5794 Lugd
2550 5737 2664 5777 v'en.
2687 5735 2739 5777 et
2760 5735 2886 5786 Lov.,
2905 5726 3134 5797 superbus
3156 5725 3250 5797 ttisi
3271 5722 3413 5776 ul...?
3501 5727 3561 5772 ll.

2248 5794 2269 5823 ‘*
2293 5799 2362 5841 Er.
2383 5791 2494 5851 ωε.
2520 5799 2636 5840 ven.
2665 5798 2712 5840 et
2734 5797 2863 5848 ιον,
2890 5791 3059 5839 rideat.
3157 5795 3211 5836 tt.
