4082 6204
552 336 692 395 ῗῗεῖἰ

623 430 709 506 Hi.
734 449 830 505 Est
874 449 963 505 hic
997 449 1131 505 alius
1156 451 1465 506 intellectus
1508 466 1612 504 non
1657 453 1989 522 negligendus
2013 498 2027 516 ,
2058 466 2112 511 et

552 540 686 596 forte
727 541 891 611 magis
930 540 1216 610 eligendus.
1252 542 1464 596 Domine
1488 542 1733 609 Christe,
1760 546 1995 600 retn'bues
2020 564 2111 617 pro

550 648 646 685 me.
676 630 786 700 Ego
810 630 948 685 enim
966 632 1010 684 si
1033 632 1264 694 reddam,
1288 634 1466 701 rapui;
1496 643 1549 687 tu
1571 635 1708 703 quod
1741 651 1841 689 non
1869 639 2104 708 rapuisti,

548 720 746 772 solvisti
777 738 790 772 :
819 719 1067 783 Domine,
1098 722 1334 776 retribues
1363 740 1452 792 pro
1479 740 1574 777 me.
1609 725 1736 780 Vide
1776 726 1918 781 illum
1950 731 2109 783 retri-

548 811 793 865 liuentem
825 820 919 880 pro
946 811 1115 865 nobis.
1143 811 1409 868 Venerunt
1433 815 1519 884 qui
1543 816 1790 871 tributum
1814 819 2103 889 exigerent;

544 902 821 968 exigebant
842 902 1087 957 tributum
1109 902 1484 968 didrachmam,
1511 905 1560 959 id
1581 915 1663 960 est
1680 907 1809 962 duas
1831 909 2107 967 drachmas

546 991 599 1044 in
626 1006 729 1044 uno
756 992 966 1047 homine
995 1012 1008 1046 :
1034 1002 1247 1047 ventum
1273 1002 1353 1048 est
1375 994 1440 1049 ad
1466 995 1765 1062 Dominum,
1794 1007 1852 1052 ut
1878 1000 2108 1057 solveret

545 1081 830 1147 tributum;
859 1082 965 1136 imo
1000 1098 1104 1136 non
1132 1082 1197 1137 ad
1228 1085 1396 1153 ipsum
1420 1126 1435 1151 ,
1466 1085 1560 1141 sed
1596 1086 1663 1143 ad
1699 1088 2022 1159 discipulos;
2052 1100 2108 1148 et

543 1172 739 1227 dictum
777 1182 859 1227 est
897 1172 999 1228 illis
1021 1174 1305 1245 :Jiagister
1328 1185 1481 1232 vester
1508 1193 1608 1232 non
1643 1180 1784 1233 solvit
1827 1181 2108 1236 tributum?

541 1261 619 1315 illi
663 1262 953 1317 retulerunt
990 1263 1056 1318 ad
1084 1279 1229 1320 eum.
1260 1266 1325 1319 Et
1352 1267 1440 1322 ille
1469 1285 1484 1322 :
1514 1268 1671 1338 Reges
1711 1279 1855 1325 terra:
1875 1289 1906 1324 a
1930 1274 2106 1342 quibus

542 1353 744 1421 exigunt
789 1353 1062 1407 tributum?
1089 1372 1121 1407 a
1145 1357 1264 1424 ﬁliis
1288 1357 1410 1423 suis,
1436 1362 1506 1412 an
1529 1360 1592 1413 ab
1620 1361 1837 1415 alienis?
1862 1362 2105 1431 Respuit-

540 1439 767 1494 derunt:
794 1441 868 1494 Ab
893 1442 1087 1496 alienis.
1112 1442 1246 1514 Ergo
1269 1486 1285 1510 ,
1314 1445 1515 1514 inquit,
1547 1446 1685 1501 liberi
1712 1459 1824 1502 sunt
1851 1451 1964 1513 ﬁlii.
1998 1451 2106 1507 Sed

543 1541 707 1583 tamen
734 1547 798 1585 ne
818 1533 1212 1588 scandalizemus
1233 1551 1340 1601 eos,
1370 1536 1444 1589 ait
1473 1537 1649 1605 Petro,
1681 1540 1824 1604 vade,
1851 1543 1988 1595 mitte
2012 1545 2105 1596 ha-

542 1636 676 1672 mum
700 1622 752 1674 in
775 1639 929 1690 mare,
958 1624 1122 1695 et'qui
1152 1626 1341 1696 primus
1364 1628 1512 1696 piscis
1535 1630 1845 1699 ascenderit,
1875 1636 2015 1705 aperi
2046 1642 2106 1691 os‘

536 1714 665 1780 ejus,
688 1722 733 1767 et
756 1714 972 1770 invenies
995 1726 1245 1782 staterem;
1273 1718 1324 1772 id
1354 1730 1435 1774 est
1461 1719 1593 1775 duas
1619 1721 1967 1780 didrachmas.
1994 1726 2105 1782 Sta-

542 1816 620 1858 ter
661 1807 909 1875 ponderis
948 1823 1113 1879 genus
1148 1821 1229 1866 est
1253 1850 1269 1877 ,
1292 1813 1496 1869 habens
1533 1825 1758 1883 quatuor
1800 1817 2099 1874 drachmas.

540 1894 766 1951 Invenies
789 1899 894 1962 ibi;
917 1899 983 1952 da
1006 1900 1108 1955 illis
1136 1918 1226 1972 pro
1252 1919 1329 1956 me
1351 1913 1396 1957 et
1417 1913 1462 1957 te
1492 1904 1699 1976 (Matth.
1729 1923 1865 1976 xvn,
1892 1909 2099 1984 23.26).

542 1984 785 2052 Domine,
812 1990 1050 2044 retribues
1093 2008 1187 2060 pro
1222 2008 1319 2053 me.
1346 1993 1531 2050 Merito
1574 1996 1833 2054 habemus
1876 2000 2101 2069 primum

539 2075 733 2143 piscem
756 2076 911 2133 hamo
926 2088 1154 2149 captum,
1172 2080 1330 2136 hamo
1349 2085 1786 2154 comprehensum
1809 2089 1849 2154 ²;
1872 2089 2098 2158 primum

408 2149 429 2169 ’
494 2188 497 2191 λ
535 2175 837 2236 surgentem
863 2169 929 2224 de
956 2172 1084 2225 mari
1103 2212 1122 2236 ,
1152 2149 1557 2244 primogenitum
1584 2191 1613 2230 a
1641 2149 1889 2235 mortuis:
1906 2179 1961 2234 ln
1985 2181 2101 2251 ejus

539 2273 630 2313 ore
671 2261 963 2318 invenimus
990 2262 1119 2318 duas
1147 2264 1479 2321 didrachmas
1501 2308 1517 2334 ,
1549 2267 1600 2322 id
1628 2276 1710 2322 est
1732 2278 1956 2339 quatuor
1977 2270 2103 2326 dra-

534 2350 715 2403 elimas
746 2366 760 2404 :
788 2351 842 2405 in
885 2352 999 2421 epis
1037 2368 1132 2409 ore
1170 2354 1475 2415 invenimus.
1517 2365 1744 2426 quatuor
1793 2359 2098 2431 Evangelia.

536 2438 652 2493 Istis
677 2448 902 2510 quatuor
920 2441 1184 2499 drachmis
1207 2444 1274 2500 ab
1296 2446 1570 2503 exactione
1595 2446 1749 2518 hujus
1772 2451 1947 2506 saeculi
1969 2450 2101 2508 libe-

534 2545 730 2597 ramur;
764 2546 856 2602 per
881 2542 1103 2605 quatuor
1127 2536 1407 2608 Evangelia
1432 2537 1698 2596 debitores
1716 2556 1825 2596 non
1851 2558 2099 2599 remane.

534 2620 706 2677 bimus
735 2640 749 2676 :
781 2623 851 2678 ibi
901 2625 1040 2679 enim
1086 2636 1298 2695 peccata
1343 2635 1522 2685 nostra
1566 2631 1741 2686 omnia
1794 2632 2095 2688 solvuntur.

538 2708 797 2766 Retribuit
832 2726 967 2782 ergo.
979 2728 1073 2783 pro
1097 2714 1246 2773 nobis
1269 2706 1498 2787 :gratias
1514 2718 1887 2776 misericordiae
1914 2722 2098 2792 ipsius.

531 2798 671 2854 Nihil
691 2800 933 2867 debebat;
964 2818 1060 2873 pro
1082 2819 1143 2860 se
1168 2819 1273 2859 non
1298 2806 1548 2873 reddidit,
1566 2808 1659 2864 sed
1684 2824 1779 2880 pro
1801 2812 1952 2868 nobis
1971 2813 2098 2868 red-

534 2890 687 2947 didit.
714 2890 878 2959 Ecce,
901 2893 1067 2965 inquit
1086 2936 1101 2961 ,
1125 2897 1259 2951 venit
1292 2898 1521 2969 princeps
1546 2899 1718 2955 mundi
1752 2901 1904 2973 hujus
1928 2943 1946 2967 ,
1973 2914 2019 2959 et
2043 2906 2097 2959 in

532 2997 614 3035 me
636 2982 764 3037 nihil
786 2983 1015 3038 inveniet.
1036 2984 1170 3055 Quid
1184 2994 1284 3055 est,
1301 2988 1355 3042 in
1379 3004 1459 3044 me
1476 2989 1603 3044 nihil
1620 2990 1828 3047 inveniet
1842 2992 1868 3046 Ρ
1884 2992 2097 3050 Nullum

533 3081 804 3141 peccatum
830 3072 885 3127 in
911 3088 998 3129 me
1033 3075 1296 3143 inveniet;
1325 3092 1488 3146 quare
1513 3079 1717 3135 occidat
1739 3096 1845 3149 me,
1874 3097 1975 3139 non
1997 3082 2101 3138 ha-l

532 3164 636 3217 bet.
669 3164 774 3218 Sed
811 3172 865 3218 ut
903 3167 1062 3220 sciant
1097 3183 1300 3233 omnes,
1327 3170 1432 3235 ait,
1457 3171 1575 3238 quia
1599 3172 1900 3227 voluntatem
1923 3174 2096 3232 Patris

529 3254 624 3306 mei
664 3255 799 3322 facio
817 3295 833 3320 ,
859 3257 1047 3328 surgite
1071 3296 1087 3322 ,
1115 3274 1283 3312 camus
1326 3259 1441 3312 hinc
1469 3260 1644 3329 (Joan.
1690 3277 1810 3328 xw,
1838 3264 1909 3319 50
1932 3306 1947 3330 ,
1976 3265 2089 3334 51).

529 3342 663 3407 Quid
701 3351 814 3408 est,
850 3345 1037 3413 surgite
1058 3385 1075 3407 ,
1104 3362 1274 3400 cantus
1319 3348 1475 3401 hinc?
1495 3349 1549 3403 id
1575 3361 1656 3405 est
1677 3391 1692 3416 ,
1723 3366 1827 3407 non
1856 3356 2096 3411 necessi—

531 3440 665 3496 tate,
692 3433 784 3486 sed
815 3433 1083 3491 voluntate
1119 3436 1306 3505 patior,
1337 3437 1563 3494 reddens
1582 3441 1720 3511 quod
1747 3458 1850 3499 non
1876 3445 2043 3502 debeo
2074 3464 2088 3501 :

525 3518 742 3579 Domine
761 3555 778 3587 ,
807 3523 1043 3579 retribues
1070 3537 1171 3594 pro‘
1189 3542 1287 3582 me.

596 3612 689 3667 17-
715 3612 929 3669 Domine
947 3655 964 3681 ,
988 3616 1441 3674 misericordia-tua
1467 3621 1521 3675 in
1543 3632 1799 3678 (sternam.
1826 3626 1962 3698 Quid
1988 3626 2089 3684 de-

524 3701 786 3758 siderem?
806 3703 920 3759 Non
945 3704 1084 3760 diem
1125 3707 1395 3764 hominum
1420 3712 1462 3765 ¹.
1496 3710 1617 3766 Νοη
1655 3713 1875 3770 laboravi
1914 3717 2092 3774 subse-

526 3807 678 3860 quens
702 3802 767 3860 te,
797 3793 1012 3850 Domine
1030 3837 1044 3863 ,
1077 3806 1122 3851 et
1143 3798 1272 3853 diem
1302 3800 1561 3855 hominum
1583 3819 1681 3857 non
1708 3807 2006 3875 concupiui;
2035 3818 2090 3863 tu

525 3884 622 3939 scis
650 3882 856 3955 (Jerem.
884 3902 1021 3955 xvn,
1053 3890 1162 3959 16).
1189 3890 1328 3948 Ecce
1353 3902 1552 3964 martyr
1578 3906 1756 3950 sancta
1779 3897 2017 3969 Crispina
2042 3902 2090 3955 si

522 3972 847 4030 desideraret
884 3976 1024 4032 diem
1053 3978 1321 4035 hominum
1344 4024 1359 4048 ,
1389 3994 1604 4054 negaret
1645 3985 1931 4042 Christum.
1961 3989 2093 4048 Plus.

526 4062 609 4117 hic
637 4064 869 4132 viveret,
900 4068 996 4123 sed
1037 4068 1089 4123 in
1132 4079 1388 4127 aeternum
1433 4090 1536 4128 non
1563 4077 1781 4132 viveret.
1826 4080 2004 4136 Maluit
2032 4083 2085 4137 in

520 4163 777 4210 aeternum
816 4159 1029 4226 vivere,
1058 4176 1216 4231 quam
1263 4165 1418 4232 paulo
1464 4166 1689 4236 amplius
1730 4171 2087 4239 temporaliter

522 4247 716 4319 vivere.
748 4248 981 4320 Denique
1008 4251 1242 4320 Domine,
1273 4256 1613 4311 misericordia
1633 4268 1718 4311 tua
1736 4260 1788 4312 in
1815 4270 2087 4327 teternum;

522 4351 627 4391 non
682 4338 746 4391 ad
813 4348 1017 4410 tempus
1070 4343 1189 4397 volo
1237 4344 1467 4399 liberari.
1517 4346 1864 4403 Misericordia
1899 4359 1985 4404 tua
2031 4351 2086 4406 in

520 4437 798 4495 atomum,
842 4445 952 4499 qua
980 4430 1001 4461 ³
1027 4443 1286 4504 martyres
1333 4435 1565 4491 liherasti
1594 4478 1609 4501 ,
1651 4450 1704 4494 et
1745 4441 1821 4495 sic
1863 4443 1968 4497 cito
2017 4442 2086 4499 de

522 4520 623 4572 hac
646 4521 750 4579 vita
777 4522 1059 4577 abstulisti.
1082 4523 1329 4593 Domine,
1357 4527 1697 4583 misericordia
1723 4539 1809 4584 tua
1850 4534 1900 4586 in
1942 4543 2084 4588 aeter-

517 4627 656 4664 num.
909 4672 915 4684 ,

592 4703 683 4761 18.
698 4702 872 4770 Opera
909 4721 1145 4760 manuum
1174 4714 1372 4762 tuarum
1399 4726 1459 4763 ne
1500 4710 1761 4780 despicias.
1796 4712 1911 4767 Non
1941 4713 2080 4784 dico,

508 4792 772 4856 Domine,
804 4793 879 4848 Ne
902 4793 1162 4863 despicias
1187 4810 1345 4867 Opera
1373 4814 1623 4854 manuum
1667 4817 1898 4855 mearum
1927 4821 1941 4867 ;
1974 4819 2081 4858 non

506 4896 600 4935 .ine
636 4880 779 4948 jacto
820 4882 886 4936 de
928 4885 1174 4953 Operibus
1212 4888 1335 4941 mei.
1384 4888 1676 4958 Exquisivi,
1723 4891 1935 4961 quidem
1983 4893 2085 4947 Do-

517 4971 708 5025 minum
739 4974 965 5029 manibus
994 4976 1113 5028 meis
1154 4986 1293 5030 nocte
1338 4994 1505 5031 coram
1531 4996 1586 5032 eo
1610 5021 1624 5045 ,
1655 4993 1701 5034 et
1727 4998 1827 5035 non
1860 4999 1969 5036 sum
1994 4984 2082 5036 de-

511 5073 682 5132 ceptus
716 5062 892 5134 (Psal.
931 5082 1085 5121 um
1115 5108 1130 5129 ,
1161 5069 1254 5138 5);
1284 5069 1377 5125 sed
1423 5080 1595 5126 tamen
1624 5088 1727 5127 non
1768 5073 2082 5130 commendo

510 5169 667 5223 opera
712 5171 957 5213 manuum
996 5144 1230 5213 mearum
1264 5178 1277 5214 :
1312 5161 1471 5216 timeo
1496 5177 1564 5216 ne
1591 5178 1710 5217 cum
1751 5164 2076 5232 inspexeris,

512 5245 750 5300 invenias
780 5248 927 5316 plura
948 5257 1160 5317 peccata
1187 5249 1341 5319 quam
1369 5252 1573 5305 merita.
1599 5252 1707 5307 Hoc
1734 5254 1901 5307 solum
1929 5269 2075 5323 rogo,

498 5333 612 5403 ,hoc
655 5335 813 5402 dico,
844 5335 944 5392 hoc
990 5337 1272 5406 impetrare
1314 5339 1557 5395 desidero
1587 5358 1599 5394 :
1634 5339 1800 5411 Opera
1839 5358 2078 5396 manuum

512 5437 707 5482 tuarum
722 5447 783 5483 ne
801 5430 1063 5497 despicias.
1081 5428 1225 5500 Opus
1246 5442 1389 5486 tuum
1407 5433 1459 5487 in
1487 5447 1571 5487 me
1585 5434 1722 5501 vide,
1742 5449 1846 5489 non
1870 5449 2075 5501 meum;

577 5576 715 5647 ipim.
737 5582 1048 5647 ἣπκδ-οσῖηονε
1070 5575 1476 5647 matellaemat-
1690 5636 1719 5647 ..
1804 5635 1836 5647 ..
1938 5637 1949 5647 .
2046 5637 2057 5647 .

511 5635 978 5742 ηιιῖΐέᾴὲιΐίδίιηὶυωιυδ
1001 5646 1102 5686 Mss.
1125 5673 1139 5695 ,
1162 5635 1283 5698 Quid
1307 5638 1575 5690 desiderem
1598 5636 1719 5690 nosti
1743 5650 1760 5689 .'
1780 5635 1909 5689 diem
1929 5637 2078 5690 hami.

494 5736 504 5756 ³
574 5754 594 5786 ³
617 5762 698 5801 Am
743 5762 792 5803 ct
812 5770 827 5815 ι
844 5755 974 5806 iures
992 5765 1119 5817 Mss,
1141 5758 1267 5819 q:.ia.

1795 335 1851 399 S.
1891 335 1931 396 Α
1940 342 2250 400 UGUSTINI
2289 342 2589 399 EPISCOPI

3636 345 3781 404 ηδε

2217 471 2337 509 nam
2367 471 2541 510 meum
2568 455 2613 509 si
2643 454 2855 519 videris,
2876 453 3115 519 damnas;
3141 463 3285 509 tuum
3306 455 3353 511 si
3378 453 3591 520 videris,
3621 473 3791 513 comm

2215 561 2327 602 nas.
2352 546 2484 612 Quia
2524 555 2580 601 et
2606 561 2946 615 quascumque
2969 556 3091 601 sunt
3118 546 3255 601 bona
3293 562 3451 616 opera
3490 563 3608 602 mea
3636 589 3655 613 ,
3678 538 3792 604 abs.

2216 646 2266 692 te
2294 638 2422 691 mihi
2447 646 2601 703 sunt,
2622 646 2684 692 et
2709 637 2828 692 ideo
2856 646 2941 691 tua
2968 639 3134 707 magis
3161 653 3317 707 quam
3348 654 3461 692 mea
3487 648 3632 694 sunt.
3664 643 3778 694 Λιι-

2210 728 2298 781 dio
2334 728 2526 797 qnippe
2565 727 2637 783 ab
2675 727 2925 797 Apostolo
2965 736 3054 783 tuo
3082 744 3096 780 :
3127 727 3303 782 Gratia
3346 729 3473 783 salvi
3499 731 3621 799 facta
3659 732 3777 784 estis

2211 834 2297 887 per
2325 817 2496 886 fidem,
2522 828 2568 871 et
2596 818 2690 872 hoc
2708 834 2817 871 non
2840 834 2903 871 ea:
2921 818 3054 872 vobis
3072 859 3085 883 ,
3108 819 3197 873 sed
3224 817 3315 872 Dei
3332 819 3521 872 donum
3540 829 3647 886 est,
3675 838 3775 875 non

2209 926 2271 963 ea:
2294 910 2542 980 aperibus,
2573 926 2636 964 ne
2654 911 2782 981 forte
2808 910 2917 979 quis
2940 908 3231 964 extollatur.
3254 907 3429 980 Ipsius
3447 912 3581 965 enim
3602 929 3777 967 sumus

2209 999 2496 1069 ﬁgmentum
2514 1040 2535 1064 ,
2558 1000 2718 1053 creati
2758 1000 2810 1052 in
2857 998 3051 1053 Christo
3090 999 3219 1054 Jesu
3239 1001 3313 1054 ~in
3356 1001 3586 1071 Operibus
3632 1002 3775 1056 bonis

2212 1089 2521 1161 (Ephes.'u,
2551 1089 2727 1162 8-10).
2772 1091 2930 1161 Ergo,
2959 1091 3069 1146 sive
3092 1091 3143 1145 in
3168 1105 3236 1147 eo
3257 1091 3396 1161 quod
3419 1092 3776 1147 homines.su-

2208 1196 2324 1237 mus
2351 1221 2367 1245 ,
2396 1182 2507 1237 sive
2547 1183 2600 1236 in
2643 1196 2710 1237 eo
2736 1182 2876 1252 quod
2902 1197 2965 1238 ex
2993 1190 3169 1237 nostra
3200 1170 3470 1252 impietate
3504 1184 3696 1238 mutati
3720 1193 3776 1239 et

2201 1272 2469 1341 jnstilieati
2511 1287 2713 1341 sumus,
2740 1273 2980 1341 Domine,
3011 1290 3162 1343 opera
3203 1290 3443 1329 nianuum
3470 1283 3672 1329 tuarum
3709 1290 3771 1330 ne

2205 1364 2468 1435 despicias.

2518 1589 2599 1649 IN
2640 1589 3016 1652 PSALMUM
3055 1590 3436 1651 CXXXVIII

2762 1710 3174 1766 ENARRATIO.

2710 1837 2886 1880 anno
2916 1840 2982 1879 an
3008 1807 3233 1880 paean.

2275 1937 2329 1990 l.
2388 1936 2653 1991 Psalmum
2698 1936 2849 1992 nobis
2896 1937 3106 1992 brevem
3152 1948 3561 2022 paraveramus,
3604 1951 3769 2007 quem

2170 2028 2635 2084 .mandaveramus
2670 2028 2868 2083 cantari
2906 2042 2937 2082 a
2975 2028 3235 2093 Lectore;
3278 2026 3372 2081 sed
3415 2027 3485 2082 ad
3529 2026 3719 2083 horam
3746 2069 3767 2096 ,

2201 2127 2452 2188 quantum
2477 2119 2702 2186 videtur,
2732 2120 3083 2189 perturbatus,
3109 2118 3330 2174 alterum
3361 2132 3457 2188 pro
3478 2119 3649 2174 altero
3675 2121 3761 2176 lc-

2200 2212 2293 2280 git.
2325 2210 2603 2265 Maluimus
2643 2225 2740 2266 nos
2776 2212 2828 2265 in
2859 2225 3041 2266 errore
3068 2210 3304 2266 Lectoris
3341 2211 3491 2282 sequi
3518 2211 3768 2267 volunta-

2203 2312 2306 2357 tem
2338 2303 2429 2358 Dei
2454 2344 2471 2369 ,
2500 2316 2653 2372 quam
2683 2312 2912 2356 nostram
2942 2302 2993 2355 in
3021 2311 3202 2356 nostro
3229 2300 3520 2373 propoSito.
3551 2301 3608 2357 Si
3635 2317 3770 2373 ergo

2199 2408 2295 2447 vos
2323 2392 2374 2446 in
2408 2392 2528 2463 ejus
2564 2392 2871 2463 prolixitate
2894 2391 3194 2462 aliquandiu
3221 2393 3542 2462 tenuerimus
3565 2433 3583 2460 ,
3612 2393 3769 2448 nobis

2198 2498 2302 2537 non
2324 2482 2590 2552 imputetis
2609 2498 2626 2547 ;
2648 2481 2742 2537 sed
2763 2481 2990 2537 credatis
3011 2482 3174 2537 Deum
3197 2490 3292 2537 nos
3313 2496 3417 2537 non
3439 2481 3766 2539 infructuose

2198 2574 2441 2630 laborare
2477 2574 2732 2629 voluisse.
2750 2572 2942 2644 Neque
2973 2574 3113 2629 enim
3140 2573 3331 2628 frustra
3358 2573 3413 2628 in
3437 2574 3610 2644 primo
3634 2587 3765 2643 pec-

2196 2672 2316 2722 cato
2352 2672 2532 2720 nostro
2569 2679 2779 2734 poenam
2815 2663 3133 2734 accepimus,
3176 2672 3235 2718 ut
3270 2664 3322 2719 in
3357 2663 3552 2720 sudore
3583 2664 3763 2719 vultus

2198 2755 2362 2810 nostri
2390 2768 2579 2824 panem
2609 2752 2983 2809 manducemus
3007 2751 3171 2825 (Gen.
3200 2768 3279 2818 ιιι,
3312 2752 3379 2808 19
3397 2754 3440 2823 ).
3460 2751 3688 2815 ,Τειηιωη
3710 2753 3760 2809 si

2197 2845 2346 2915 panis
2369 2853 2472 2911 est,
2498 2845 2772 2901 attendite.
2799 2845 2955 2925 Panis
2979 2853 3154 2899 autem
3179 2852 3282 2911 est,
3306 2843 3351 2899 si
3374 2844 3613 2901 Christus
3629 2854 3719 2901 est
3736 2861 3757 2901 :

2195 2935 2306 3008 Ego
2338 2952 2472 3002 sum,
2518 2936 2725 3007 inquit,
2766 2935 2911 3006 panis
2945 2935 3084 2991 vivus
3130 2935 3216 3007 qui
3255 2936 3319 2990 de
3358 2936 3481 2991 otelo
3521 2937 3760 2993 ἄεισαιᾶ

2195 3027 2373 3099 (Joan.
2420 3045 2492 3091 vi,
2513 3028 2624 3099 ll).
2647 3027 2812 3096 Quem
2834 3025 3221 3082 manifestatum
3241 3027 3493 3083 habemus
3511 3028 3562 3082 in
3581 3027 3758 3083 Evan-

2192 3118 2350 3188 gelia,
2383 3118 2553 3188 ipsum
2582 3131 2880 3188 quaeramus
2900 3124 2954 3171 et
2976 3116 3027 3170 in
3053 3116 3350 3186 Prophetis.
3377 3116 3529 3172 Hunc
3550 3118 3620 3173 ibi
3647 3131 3755 3173 non

2195 3210 2372 3266 vident
2403 3225 2562 3281 super
2587 3224 2810 3281 quorum
2839 3223 2933 3265 eor
2959 3209 3130 3264 adhuc
3155 3209 3394 3265 velamen
3422 3210 3648 3280 positum
3673 3218 3757 3265 est

2194 3299 2262 3369 (ll
2289 3300 2404 3355 Cor.
2434 3315 2509 3365 ιιι,
2540 3299 2653 3371 is),
2684 3298 2827 3354 unde
2850 3297 3055 3354 audivit
3080 3297 3324 3354 Charitas
3348 3307 3520 3354 vestra
3546 3299 3755 3355 hester-

2193 3404 2263 3448 no
2306 3389 2411 3445 die.
2454 3389 2617 3445 Nobis
2658 3400 2834 3443 autem
2876 3388 2994 3458 quia
3041 3388 3354 3445 sacriﬁcium
3394 3390 3751 3459 vespertinum

2192 3481 2365 3535 crucis
2393 3480 2600 3535 Domini
2628 3479 2886 3535 conscidit
2912 3478 3085 3534 velum
3111 3477 3319 3551 (Matth.
3345 3494 3490 3533 xxvn
3506 3520 3521 3543 ,
3547 3480 3663 3549 5|),
3693 3489 3752 3535 ut

2192 3580 2406 3642 pateant
2438 3571 2546 3641 jam
2573 3571 2755 3642 templi
2784 3579 3023 3637 secreta;
3060 3569 3308 3640 quamdiu
3333 3570 3487 3625 nobis
3509 3568 3753 3628 Christus

2193 3663 2503 3734 praedicatur
2519 3704 2534 3731 ,
2561 3664 2663 3719 etsi
2690 3678 2811 3720 cum
2836 3662 3017 3718 labore
3038 3671 3091 3719 et
3115 3662 3328 3728 sudore,
3356 3663 3751 3720 manducandus

2174 3758 2268 3810 'est
2298 3754 2470 3824 panis.

2257 3843 2312 3898 2.
2354 3844 2611 3915 Loquitur
2647 3852 2822 3900 autem
2849 3845 3101 3899 Dominus
3124 3852 3306 3900 noster
3329 3840 3485 3900 Jesus
3507 3843 3745 3902 Christus

2190 3934 2242 3988 in
2266 3934 2543 4004 Prophetis
2567 3934 2847 4004 aliquando
2871 3950 2936 3990 ex
2965 3935 3403 4005 personacapitis
3427 3938 3593 3990 nostri
3613 3976 3630 4000 ,
3654 3936 3744 4007 qui

2188 4036 2270 4081 est
2288 4026 2400 4095 ipse
2420 4026 2662 4082 Christus
2686 4027 2931 4093 salvator,
2955 4027 3146 4083 sedens
3164 4025 3231 4081 ad
3249 4026 3518 4082 dexteram
3538 4027 3739 4089 Patris;

2188 4117 2275 4183 qui
2304 4117 2463 4170 etiam
2490 4124 2704 4187 propter
2726 4132 2822 4171 nos
2847 4125 2997 4171 natus
3018 4116 3083 4171 de
3101 4116 3304 4186 virgine
3321 4155 3336 4181 ,
3360 4127 3417 4171 et
3435 4116 3535 4171 sub
3555 4115 3742 4171 Pontio

2186 4204 2376 4275 Pilato,
2404 4206 2576 4277 qualia
2601 4208 2787 4274 nostis,
2816 4222 3000 4277 passus
3020 4216 3110 4262 est
3133 4224 3148 4272 ;
3175 4206 3295 4262 fuso
3319 4207 3600 4263 innocente
3620 4222 3741 4263 san-

2184 4298 2343 4367 guine
2366 4338 2380 4362 ,
2411 4299 2550 4369 quod
2576 4306 2660 4354 est
2682 4299 2907 4369 pretium
2932 4307 3169 4353 nostrum
3191 4336 3210 4375 ,
3245 4297 3469 4353 redemit
3492 4306 3747 4355 nocentes

2186 4404 2216 4442 a
2245 4389 2542 4457 captivitate
2566 4430 2581 4455 ,
2613 4390 2664 4443 in
2693 4404 2795 4458 qua
2827 4388 3237 4445 detinebamura
3261 4389 3471 4442 diabolo
3491 4428 3507 4453 ,
3539 4388 3741 4442 donans

2188 4478 2340 4532 nobis
2368 4477 2556 4533 delicta
2575 4519 2590 4542 ,
2610 4488 2672 4534 et
2698 4478 2813 4546 ipso
2841 4478 3008 4546 pretio
3036 4484 3217 4533 nostro
3242 4476 3497 4546 sanguine
3522 4490 3622 4531 suo
3644 4476 3739 4531 dc-

2187 4567 2301 4621 lens
2326 4567 2731 4637 chirographum
2769 4582 2875 4637 quo
2901 4566 3167 4622 debitores
3190 4566 3496 4638 tenebamur
3521 4565 3735 4637 (Caloss.

2187 4673 2258 4723 ιι,
2288 4659 2354 4712 t5
2376 4659 2479 4721 ,‘14
2499 4658 2541 4727 ).
2575 4658 2688 4727 Ipse
2719 4666 2800 4713 est
2820 4666 2999 4715 rector
3022 4666 3077 4712 et
3109 4671 3335 4726 sponsus
3361 4666 3415 4711 et
3438 4656 3740 4727 redemptor

2187 4747 2439 4801 Ecclesia:
2462 4789 2476 4814 ,
2502 4756 2659 4815 caput
2679 4756 2934 4802 nostrum.
2960 4747 3028 4801 Et
3052 4747 3229 4817 utique
3255 4747 3301 4802 si
3323 4754 3479 4816 caput
3500 4756 3581 4802 est
3599 4747 3740 4813 φιλε-

2186 4838 2275 4892 bet
2301 4852 2510 4907 corpus.
2541 4839 2741 4907 Corpus
2768 4849 2943 4892 autem
2970 4840 3085 4906 ejus
3117 4847 3293 4892 sancta
3326 4838 3554 4892 Ecclesia
3580 4878 3597 4903 ,
3627 4851 3741 4906 qua

2186 4929 2343 4983 etiam
2385 4928 2576 4996 conjux
2614 4928 2767 4998 ejus;
2800 4931 2883 4982 cui
2911 4928 3041 4982 dicit
3079 4926 3394 4998 Apostolus,
3441 4925 3542 4981 Vos
3578 4936 3743 4985 autem

2185 5021 2302 5072 estis
2327 5035 2505 5088 corpus
2530 5018 2711 5073 Christi
2739 5029 2784 5071 et
2813 5019 3030 5072 membra
3057 5022 3076 5089 (
3101 5019 3115 5070 Ι
3142 5018 3259 5072 Cor.
3297 5035 3392 5084 xu,
3420 5017 3488 5071 27
3514 5018 3555 5088 ).
3582 5019 3741 5073 Totus

2186 5111 2359 5175 itaque
2383 5108 2622 5162 Christus
2643 5117 2801 5177 caput
2822 5119 2876 5164 et
2898 5125 3106 5185 corpus,
3137 5118 3379 5178 tanquam
3401 5109 3603 5179 integer
3626 5110 3703 5163 vir
3718 5125 3738 5163 ε

2184 5201 2302 5270 quia
2329 5209 2383 5255 et
2404 5200 2593 5255 femina
2613 5201 2681 5256 de
2704 5204 2814 5255 viro
2843 5200 2976 5255 facta
2997 5212 3098 5265 est,
3125 5211 3177 5254 et
3200 5200 3266 5255 ad
3289 5201 3460 5255 virum
3489 5201 3735 5271 pertinet;

2182 5300 2237 5346 et
2267 5291 2464 5346 dic‘tum
2492 5299 2577 5346 est
2612 5291 2685 5345 de
2715 5291 2883 5360 primo
2911 5290 3352 5360 conjugio,l€runt
3389 5291 3490 5345 duo
3515 5291 3569 5344 in
3595 5304 3739 5344 carne

2181 5398 2282 5435 una
2312 5383 2459 5452 (Gen.
2489 5398 2544 5447 ιι,
2572 5381 2686 5451 94).
2716 5382 2824 5437 Hoc
2852 5393 3025 5437 autem
3053 5381 3117 5436 ad
3144 5385 3453 5452 mysterium
3477 5384 3736 5451 interpre-

2183 5485 2320 5529 tatur
2346 5474 2630 5544 Apostolus
2655 5490 2759 5528 non
2789 5473 2979 5528 frustra
3006 5488 3123 5528 esse
3150 5473 3347 5527 dictum
3371 5473 3439 5529 de
3468 5473 3572 5526 illis
3598 5472 3761 5547 duo-5

2180 5569 2277 5623 bus
2308 5567 2628 5632 hominibus,
2659 5566 2759 5621 nisi
2784 5568 2903 5635 quia
2931 5567 2979 5621 in
3006 5567 3083 5621 eis
3101 5562 3207 5635 jam
3237 5566 3553 5634 ﬁgurabatur
3578 5561 3723 5617 Chri-

2178 5669 2292 5714 stus
2306 5669 2357 5713 et
2381 5657 2629 5711 Ecclesia.
2647 5657 2773 5710 Nam
2798 5656 2898 5711 hoc
2916 5656 2991 5711 sic
3006 5658 3216 5725 exponit
3240 5659 3276 5709 Α
3288 5657 3553 5724 poswlus:
3576 5654 3734 5707 Erunt

2182 5752 2279 5804 duo
2302 5750 2351 5803 in
2380 5765 2556 5813 carne,
2587 5746 2783 5814 inquit,
2816 5764 2913 5805 una
2949 5762 2965 5802 :
3000 5759 3360 5803 sacramculum
3384 5746 3475 5800 hoc
3503 5758 3731 5815 magnum
