4082 6204
349 421 483 477 i785

347 547 415 588 est
443 552 458 596 ;
483 551 572 604 ego
597 542 756 585 autem
785 532 892 584 dico
918 572 930 593 ,
962 530 1010 581 in
1039 529 1235 584 Cl'risto
1263 537 1306 580 ει
1340 526 1562 580 Ecclesia
1584 528 1599 594 (
1620 525 1802 594 Epltes.
1830 539 1863 577 v
1886 563 1902 587 ,

348 625 405 678 51
431 635 475 676 et
493 625 600 690 5‘2).
639 623 769 676 Dicit
792 623 944 676 ctiam
965 621 1131 688 ipsum
1151 619 1314 672 Adam
1341 617 1560 671 formam
1589 615 1743 669 futuri
1769 632 1780 667 :
1806 613 1906 678 Qui

347 729 434 776 est,
470 716 659 784 inquit,
691 721 850 783 forma
876 714 1031 781 futuri
1056 713 1073 782 (
1096 712 1244 765 Rom.
1268 727 1325 773 ν,
1357 711 1422 763 14
1441 711 1480 779 ).
1510 710 1564 764 Si
1591 725 1715 779 ergo
1738 708 1904 772 Adam

348 809 510 860 forma
539 805 694 858 futuri
718 821 732 868 ;
762 805 1022 873 quomodo
1044 804 1110 858 de
1131 805 1290 858 latere
1313 801 1620 856 dormientis
1643 801 1750 854 Eva
1774 800 1904 852 facta

344 908 425 951 est
456 897 604 969 (Gen.
636 912 689 950 tt.
721 896 809 961 2|,
838 896 950 967 2’2),
982 897 1058 950 sic
1078 912 1140 950 ex
1163 896 1322 948 latere
1346 893 1549 947 Domini
1571 892 1904 954 dormientis,

348 988 395 1041 id
428 999 527 1052 est,
559 987 608 1040 in
643 987 883 1056 passione
906 987 1199 1049 morientis,
1227 995 1281 1040 et
1309 985 1357 1038 in
1385 999 1540 1038 cruce
1569 998 1815 1052 percusso
1839 982 1906 1036 de

347 1082 524 1136 lancea
551 1081 741 1153 (Joan.
759 1097 869 1145 xix,
892 1081 1004 1150 54),
1035 1087 1375 1133 manaverunt
1401 1077 1764 1141 Sacramenta,
1789 1075 1905 1144 qui-

343 1172 440 1226 lius
476 1172 789 1225 lormaretur
832 1169 1081 1224 Ecclesia.
1112 1168 1241 1222 Nam
1271 1168 1337 1222 de
1377 1165 1544 1220 futura
1571 1164 1754 1220 eadem
1782 1179 1904 1233 pas-

342 1265 493 1316 sione
535 1278 627 1316 sua
675 1263 751 1316 sic
789 1261 914 1316 dicit
955 1261 1006 1314 in
1040 1259 1142 1313 alio
1184 1259 1382 1327 psalmo
1413 1276 1426 1311 :
1459 1257 1565 1328 ligo
1593 1256 1829 1316 dormivi,
1861 1264 1905 1308 et

341 1370 571 1406 somnum
600 1353 742 1422 cepi;
767 1362 812 1404 et
841 1351 1117 1414 exsurrexi,
1145 1349 1380 1416 quoniam
1407 1346 1648 1400 Dominus
1673 1347 1906 1416 suscipiet

345 1459 424 1498 me
458 1443 476 1510 (
505 1442 646 1497 Psat.
676 1459 729 1497 ιιι
754 1485 767 1506 ,
798 1441 892 1514 6).
923 1441 1064 1511 Ergo
1100 1440 1346 1505 dormitio
1382 1437 1684 1508 intelligitur
1709 1437 1900 1507 passio.

343 1535 452 1590 Eva
478 1535 544 1589 de
573 1535 734 1590 latere
760 1533 1092 1598 dormientis,
1117 1531 1348 1586 Ecclesia
1369 1531 1435 1586 de
1455 1531 1618 1586 latere
1639 1528 1901 1600 patientis.

341 1629 600 1696 Loquitur
623 1643 749 1698 ergo
780 1627 1028 1680 Dominus
1055 1635 1233 1679 noster
1253 1623 1404 1678 Jesus
1432 1622 1672 1676 Christus
1697 1621 1747 1675 in
1777 1620 1907 1675 Pro-

343 1719 518 1787 phetis
545 1717 822 1787 aliquando
851 1733 915 1771 ex
942 1732 1069 1770 voce
1093 1731 1187 1770 sua
1211 1757 1226 1780 ,
1252 1713 1530 1784 aliquando
1559 1728 1622 1767 ex
1651 1727 1781 1766 voce
1807 1725 1904 1764 no-

345 1821 479 1872 stra,
511 1810 629 1878 quia
661 1825 817 1863 unum
845 1824 901 1863 se
923 1807 1042 1862 facit
1070 1807 1337 1861 nobiscum
1362 1823 1376 1870 ;
1405 1805 1538 1859 sicut
1565 1804 1760 1858 dictum
1788 1815 1866 1858 εει
1887 1844 1902 1867 ,

343 1901 512 1954 Erunt
556 1901 653 1954 duo
690 1903 740 1954 in
783 1917 931 1953 carne
957 1916 1075 1952 una.
1103 1897 1255 1953 Unde
1283 1895 1410 1951 dicit
1438 1891 1490 1950 et
1518 1895 1628 1964 ipse
1657 1894 1905 1947 Dominus

342 1994 395 2046 in
430 1993 732 2061 Evangelio,
759 2007 876 2046 cum
903 1990 968 2045 de
992 1989 1233 2059 coningio
1258 1989 1559 2056 loqueretur
1586 2003 1598 2038 :
1622 1984 1789 2056 Igitur
1794 1985 1906 2054 jam

340 2103 445 2140 non
473 2094 586 2137 sunt
611 2085 730 2147 duo,
761 2083 848 2136 sed
875 2100 974 2136 una
998 2099 1114 2136 caro
1143 2079 1350 2152 (Matth.
1380 2095 1487 2144 xu,
1516 2078 1592 2148 ﬁ).
1620 2077 1733 2133 Una
1759 2091 1906 2142 caro,

339 2178 467 2246 quia
502 2176 567 2231 de
597 2185 776 2230 nostra
806 2175 1119 2230 mortalitate
1143 2189 1354 2229 carnem
1384 2171 1658 2241 suscepit:
1681 2185 1785 2224 non
1815 2185 1907 2223 au-

340 2281 452 2324 tem
493 2285 592 2322 una
629 2269 906 2334 divinitas;
944 2268 1064 2338 quia
1105 2267 1190 2322 ille
1223 2267 1474 2328 Creator,
1515 2279 1612 2319 nos
1644 2271 1903 2318 creatura.

337 2361 605 2430 Quidquid
628 2361 781 2430 igitur
801 2361 1050 2416 Dominus
1070 2359 1302 2428 loquitur
1321 2374 1382 2412 ex
1407 2372 1627 2427 persona
1649 2365 1906 2427 suscepta:

335 2454 539 2515 carnis,
566 2453 708 2506 et-ad
737 2452 864 2506 illud
888 2460 1044 2521 caput
1065 2451 1288 2520 pertinet
1310 2450 1448 2520 quod
1465 2450 1572 2520 jam
1591 2449 1829 2506 ascendit
1855 2450 1906 2503 in

333 2544 561 2606 ctrlum,
587 2553 640 2598 et
667 2544 731 2597 ad
761 2543 862 2597 ista
889 2543 1120 2597 membra
1145 2557 1261 2612 qua:
1282 2541 1452 2596 adhuc
1477 2541 1527 2594 in
1557 2549 1760 2595 terrena
1783 2555 1907 2608 per-

332 2636 669 2702 egrinatione
699 2635 936 2690 laborant
974 2653 988 2688 :
1025 2649 1119 2704 pro
1144 2634 1331 2703 quibus
1356 2633 1714 2687 laborantibus
1736 2647 1906 2688 mem-

333 2727 486 2792 bris,
515 2742 631 2782 cum
661 2743 721 2781 ea
747 2709 936 2782 Saulus
963 2726 1350 2794 insequeretur,
1382 2724 1631 2780 clamavit
1656 2723 1723 2779 de
1749 2723 1904 2788 cmlo,

333 2818 524 2884 Saule,
557 2820 732 2884 Saule,
758 2818 878 2889 quid
903 2835 979 2871 me
1004 2818 1305 2887 persequeris
1325 2815 1462 2884 (Act.
1491 2830 1569 2880 Ix,
1595 2815 1689 2884 4)?
1714 2813 1908 2868 Audia-

337 2927 461 2965 mus
498 2925 624 2980 ergo
667 2895 966 2978 loquentem
1009 2908 1283 2962 Dominum
1322 2906 1502 2962 .lesum
1547 2906 1812 2961 Christum
1853 2907 1904 2962 in

339 3001 635 3070 prophetia.
666 2998 867 3054 Cantati
897 2999 1036 3054 enim
1071 3004 1193 3052 Sunt
1223 2998 1317 3067 ipsi
1347 2997 1541 3052 Psalmi
1573 2998 1728 3068 longe
1754 3006 1904 3053 ante-

337 3109 498 3162 quam
542 3091 788 3146 Dominus
818 3090 883 3146 de
920 3089 1076 3144 Maria
1115 3097 1454 3156 nasceretur,
1483 3105 1586 3144 non
1623 3086 1905 3160 antequam

341 3184 600 3240 Dominus
625 3191 806 3238 esset:
837 3196 1046 3254 semper
1085 3181 1223 3236 enim
1261 3179 1478 3236 Creator
1504 3181 1772 3245 omnium;
1803 3180 1906 3234 ali-

338 3274 553 3346 quando
577 3283 750 3328 autem
776 3282 830 3327 et
859 3284 1009 3326 natus
1033 3287 1096 3328 ex
1121 3281 1382 3327 creatura.
1412 3271 1741 3326 Divinitatem
1766 3271 1906 3326 illam

336 3366 638 3431 credamus,
665 3373 719 3418 et
745 3373 994 3433 quantum
1021 3378 1302 3433 possumus
1319 3405 1331 3427 ,
1361 3363 1710 3432 intelligamus
1733 3378 1909 3431 atqua-

340 3458 443 3512 lem
491 3457 650 3511 Patri.
684 3456 785 3511 Sed
815 3457 902 3510 illa
930 3456 1176 3510 divinitas
1203 3455 1340 3509 Patri
1371 3454 1588 3524 :cqualis
1612 3495 1626 3518 ,
1665 3452 1796 3512 iacta
1825 3462 1908 3510 est

339 3550 605 3618 particeps
634 3557 828 3602 nostra:
853 3547 1204 3610 mortalitatis,
1236 3563 1340 3601 non
1369 3547 1434 3600 de
1458 3561 1573 3609 suo,
1604 3546 1695 3600 sed
1722 3547 1788 3601 de
1811 3562 1909 3601 no-

339 3650 452 3694 stro
475 3659 488 3705 ;
519 3649 574 3694 ut
602 3649 655 3694 et
679 3655 776 3694 nos
799 3638 1130 3694 ellieeremur
1157 3639 1437 3708 participes
1459 3637 1745 3692 divinitatis
1766 3637 1902 3707 ejus,

339 3748 444 3786 non
475 3732 541 3786 de
571 3741 771 3794 nostro,
801 3731 893 3785 sed
922 3731 989 3785 de
1019 3731 1201 3798 ipsius.

407 3825 462 3878 5.
508 3821 654 3893 [vers.
684 3822 760 3891 ιι
799 3819 1032 3885 Domine,
1067 3818 1284 3887 probasti
1314 3834 1407 3880 me,
1441 3827 1488 3872 et
1516 3818 1786 3888 cognovisti
1807 3834 1902 3872 me.

343 3915 491 3968 hicat
517 3914 617 3967 hoc
642 3914 754 3983 ipse
782 3912 1030 3966 Dominus
1050 3909 1203 3965 .lesus
1233 3908 1493 3976 Christus,
1521 3910 1660 3966 dicat
1685 3919 1738 3966 et
1766 3911 1900 3981 ipse,

342 4008 558 4062 Domine
579 4049 592 4070 ,
626 4007 786 4060 Patri.
827 4006 939 4059 Non
970 4006 1109 4060 enim
1141 4005 1397 4060 Dominus
1426 4006 1540 4075 ejus
1570 4006 1722 4060 Pater
1751 4005 1864 4073 ejus
1885 4037 1904 4070 ,-

343 4101 440 4154 nisi
473 4101 592 4168 quia
623 4098 864 4168 dignatus
894 4107 973 4151 est
1004 4097 1144 4151 nasci
1174 4095 1460 4150 secundum
1491 4111 1724 4150 carnem.
1753 4095 1907 4150 Pater

341 4203 420 4246 est
460 4191 590 4254 Dei,
622 4191 872 4243 Dominus
893 4188 1149 4242 ‘hominis.
1189 4188 1277 4241 Vis
1305 4202 1464 4243 nosse
1491 4187 1572 4241 cui
1605 4187 1758 4241 Pater
1782 4186 1905 4241 est?

343 4283 556 4351 A‘Iqttali
597 4283 694 4336 sibi
733 4281 884 4335 Filio.
912 4280 1192 4349 Apostolus
1228 4279 1390 4333 dicit:
1418 4279 1518 4344 Qtti
1541 4296 1650 4332 cum
1674 4281 1724 4332 in
1744 4283 1906 4350 forma

342 4373 440 4427 Dei
468 4382 609 4433 esset,
643 4390 742 4425 non
771 4372 999 4442 rapinam
1026 4370 1293 4424 arbitratus
1319 4379 1390 4424 est
1415 4387 1516 4423 esse
1543 4371 1748 4440 wqualis
1774 4369 1903 4424 Deo.

345 4466 476 4519 llnic
506 4467 685 4518 l’ormm
716 4464 869 4517 Pater
895 4472 975 4516 est
1003 4461 1139 4516 Deus
1161 4503 1176 4527 ,
1205 4462 1390 4530 aequali
1421 4462 1518 4516 sibi
1548 4461 1756 4527 formze,
1785 4462 1901 4516 uni-

343 4559 521 4627 genito
535 4557 669 4610 Filio
685 4565 808 4610 nato
828 4556 894 4609 de
914 4554 1200 4620 substantia
1223 4568 1336 4607 sua.
1358 4553 1578 4623 Pmpter
1595 4569 1690 4608 nos
1707 4564 1903 4620 autem,

345 4657 398 4700 ut
429 4648 770 4701 reﬁcerentur
793 4686 806 4709 ,
849 4655 902 4699 et
938 4644 1270 4699 efﬁcercmur
1311 4644 1590 4713 participes
1623 4645 1906 4700 divinitatis

345 4742 458 4806 ejus
479 4781 492 4802 ,
523 4740 746 4808 reparati
773 4738 836 4790 ad
859 4738 1294 4801 vitamaeternam
1315 4778 1331 4804 ,
1359 4737 1478 4806 quia
1507 4738 1618 4807 ipse
1638 4779 1651 4800 .
1683 4747 1740 4791 ut
1763 4738 1902 4803 dixi,

346 4836 511 4888 laetus
547 4826 634 4887 'est
671 4831 931 4900 particeps
960 4831 1294 4885 mortalitatis
1324 4839 1551 4896 nostra);
1578 4831 1700 4899 quid
1727 4831 1793 4886 de
1817 4832 1908 4885 illo

297 4973 310 4984 κ
343 4927 415 4978 ait
446 4924 725 4993 Apostolus
757 4923 857 4988 ibi,
886 4923 970 4975 ubi
998 4922 1236 4987 dixerat,
1283 4922 1379 4986 Qui
1403 4938 1514 4974 cum
1543 4922 1594 4973 in
1625 4925 1786 4991 forma
1812 4921 1906 4975 Dei

343 5027 482 5080 esset,
508 5033 605 5069 non
625 5016 856 5084 rapinam
879 5014 1144 5067 arbitratus
1167 5023 1239 5066 est
1259 5029 1360 5066 esse
1381 5011 1587 5082 tequalis
1617 5012 1762 5066 Deo?
1804 5013 1907 5067 Sed

342 5110 672 5176 semetipsum,
703 5107 886 5176 inquit,
916 5107 1205 5171 exinanivit,
1237 5109 1446 5176 [omium
1471 5106 1596 5159 servi
1619 5105 1906 5175 accipiens;

339 5201 389 5252 in
417 5199 739 5252 similitudine
775 5198 1030 5250 hominum
1070 5201 1264 5267 factus,
1307 5205 1350 5249 et
1386 5195 1555 5248 habitu
1589 5197 1812 5249 inventus
1851 5205 1902 5248 ut

343 5293 487 5343 homo
506 5289 756 5358 (Philipp.
779 5305 834 5352 ιι,
853 5289 906 5349 6,
926 5289 1003 5356 7).
1024 5288 1150 5342 Erat
1169 5297 1340 5341 autem
1367 5287 1417 5340 in
1436 5286 1597 5340 forma
1624 5287 1710 5340 Dei
1732 5301 1907 5354 requa-

342 5381 404 5434 lis
444 5382 614 5445 Patri;
653 5389 705 5435 et
744 5381 945 5448 accepit
985 5379 1204 5433 formam
1234 5379 1371 5433 servi
1398 5420 1412 5444 ,
1441 5395 1540 5448 qua
1567 5378 1740 5432 minor
1765 5385 1907 5432 esset

345 5472 513 5525 Patre.
548 5471 696 5527 Unde
724 5481 1003 5540 utrumque
1029 5469 1154 5523 dicit
1181 5471 1231 5523 in
1263 5470 1543 5539 Evangelio
1563 5511 1576 5529 ,
1607 5478 1689 5533 et,
1723 5467 1834 5536 Ego
1862 5476 1909 5521 et

343 5555 498 5610 l’atrr
523 5573 674 5610 ttnunt
699 5573 869 5609 sumus
897 5554 1082 5624 (Joan.
1114 5571 1166 5618 Χ,
1199 5555 1267 5609 50
1287 5553 1340 5624 );
1369 5562 1440 5617 ct,
1472 5553 1721 5618 Quoniam
1754 5551 1909 5606 Pater

341 5651 501 5718 nmjor
525 5665 604 5701 me
627 5657 696 5701 est
724 5647 830 5717 (Ιιι.
863 5662 972 5710 xxv,
1002 5646 1112 5708 ‘23).
1147 5645 1256 5716 Ego
1283 5656 1328 5698 et
1354 5644 1506 5698 Pater
1533 5661 1690 5697 unum
1713 5659 1907 5708 sumus,

340 5742 621 5795 semiudum
647 5740 864 5793 formam
896 5739 982 5792 llci
1009 5756 1023 5800 ;
1051 5738 1202 5791 Pater
1221 5739 1384 5806 major
1405 5753 1481 5790 me
1501 5747 1592 5800 est,
1615 5735 1904 5790 secundum

342 5829 556 5885 fortnam
583 5830 738 5885 servi.
774 5828 910 5898 Ergo
935 5829 1052 5897 quia
1079 5837 1130 5881 et
1159 5827 1310 5882 Pater
1336 5837 1384 5881 et
1410 5827 1657 5880 Dominus
1679 5834 1777 5890 est,
1804 5824 1899 5878 Pu-

1370 413 1754 470 ENARRATIO
1792 413 1855 468 IN
1894 411 2212 476 PSALMU.“
2240 406 2576 470 CXXXVIII.

3466 416 3570 472 786

2014 534 2094 578 ter
2116 526 2296 579 formae
2324 527 2435 593 Dei,
2467 527 2717 581 Dominus
2740 525 2920 581 forma:
2941 527 3076 582 servi
3097 543 3111 594 ;
3133 528 3271 582 dicat
3290 543 3415 598 ergo
3436 529 3566 598 ipse,

2013 632 2110 671 nec
2141 619 2409 682 miremur,
2437 635 2532 674 nec
2556 620 2989 686 scandalizentur,
3013 622 3130 690 quia
3158 622 3318 677 Filius
3341 624 3430 677 Dei
3456 624 3570 676 uni-

2012 723 2106 762 cus
2133 710 2259 764 dicit
2283 727 2297 763 :
2325 709 2553 777 Domine,
2583 713 2804 779 probasti
2827 730 2920 779 me,
2951 724 2997 766 et
3022 714 3289 783 cognovisti
3309 731 3404 766 me.
3437 715 3569 768 Pro-

2013 801 2140 854 basti
2162 843 2176 864 ,
2209 812 2255 856 et
2295 804 2564 872 regnavisti
2590 820 2608 858 :
2634 819 2735 858 non
2767 804 2882 874 quia
2915 822 3016 859 non
3049 815 3299 871 noverat,
3332 807 3422 862 sed
3450 808 3569 875 quia

2013 903 2190 946 notum
2205 893 2320 948 aliis
2338 894 2551 948 fecerat.
2570 895 2800 948 Probasti
2817 913 2912 963 me,
2931 897 3114 966 inquit,
3131 907 3174 950 et
3191 899 3458 966 cognovisti
3473 917 3566 952 me.
3645 899 3648 901 ’

2082 983 2134 1037 4.
2177 982 2322 1055 [vers.
2351 983 2428 1056 2.]
2472 983 2544 1038 Tu
2575 987 2841 1056 cognovisti
2868 989 3127 1040 sessionem
3154 1005 3310 1041 nteant
3336 999 3380 1042 et
3407 1006 3572 1044 resur-

2012 1076 2277 1128 rccliOnem
2299 1076 2613 1144 meam.Quid
2643 1077 2726 1132 hic
2747 1079 2945 1132 sessio?
2965 1081 3086 1148 quid
3110 1081 3192 1134 hic
3213 1082 3572 1154 resurrectio?

2013 1166 2109 1233 Qui
2141 1167 2308 1235 sedet,
2336 1169 2576 1224 humiliat
2598 1185 2673 1224 se.
2699 1169 2850 1225 Sedit
2876 1187 3000 1240 ergo
3026 1173 3274 1226 Dominus
3300 1173 3350 1226 in
3373 1173 3573 1242 passio-

2013 1277 2100 1325 ne,
2132 1262 2360 1317 surrexit
2391 1262 2440 1316 in
2461 1261 2881 1318 resurrectione.
2912 1262 3010 1323 Tu,
3041 1265 3224 1333 inquit,
3257 1265 3357 1319 hoc
3385 1281 3570 1335 cogno-

2011 1351 2124 1405 visti
2146 1368 2165 1405 :
2191 1352 2239 1405 id
2279 1361 2395 1415 est,
2442 1361 2496 1406 tu
2539 1353 2781 1419 voluisti,
2815 1363 2868 1407 tu
2910 1337 3244 1423 approba-sti;
3285 1353 3570 1408 secundum

2011 1433 2328 1497 Voluntatem
2359 1452 2497 1497 tuam
2531 1443 2722 1498 factum
2754 1454 2854 1499 est.
2891 1445 2944 1500 Si
2974 1455 3146 1499 autem
3176 1445 3406 1498 volueris
3431 1442 3570 1496 acci-

2011 1549 2138 1603 pere
2167 1549 2347 1589 vocem
2384 1535 2566 1604 capitis
2601 1551 2665 1590 ex
2700 1524 2932 1604 persona
2953 1537 3189 1604 corporis
3214 1578 3226 1601 ,
3258 1536 3492 1589 dicamus
3519 1541 3574 1586 et

2012 1641 2110 1682 nos
2133 1669 2146 1692 ,
2190 1627 2267 1680 Tu
2303 1629 2572 1698 cognovisti
2608 1629 2872 1682 sessionem
2911 1645 3069 1681 meam
3097 1639 3142 1681 et
3170 1629 3572 1682 resurrectionem

2012 1735 2191 1772 meam.
2222 1718 2381 1774 Sedet
2409 1720 2546 1773 enim
2576 1719 2753 1785 homo,
2785 1719 2994 1788 quando
3024 1711 3261 1772 humiliat
3287 1734 3345 1772 se
3377 1718 3427 1772 in
3457 1731 3572 1786 pos-

2013 1808 2263 1870 nitentia;
2294 1807 2461 1878 surgit
2487 1817 2661 1861 autem
2692 1809 2925 1863 remissis
2951 1808 3198 1876 peccatis,
3230 1805 3438 1876 quando
3464 1805 3574 1860 cri-

2011 1898 2150 1967 gitur
2172 1898 2221 1952 in
2243 1913 2390 1967 spem
2410 1899 2530 1953 vita}
2549 1908 2778 1952 arternaz.
2805 1899 3083 1968 Propterea
3101 1906 3154 1952 et
3171 1898 3220 1951 in
3245 1897 3348 1950 alio
3371 1897 3570 1965 psalmo

2012 1987 2202 2044 dicitur
2232 2009 2245 2044 :
2276 1990 2479 2061 Surgite
2517 2003 2837 2062 posteaquam
2881 1989 3073 2044 setlistis
3097 2031 3111 2053 ,
3143 1989 3226 2057 qui
3263 1987 3574 2041 manducetis

2013 2101 2189 2154 panem
2210 2085 2395 2138 doloris
2415 2084 2582 2155 (Psal.
2601 2099 2778 2147 cxxw,
2794 2081 2870 2155 9.).
2893 2084 3085 2137 Panem
3103 2081 3298 2136 doloris
3311 2079 3543 2150 pmnitcn
3557 2107 3573 2119 -

2013 2185 2094 2232 tes
2123 2177 2458 2241 manducant,
2493 2177 2576 2246 qui
2605 2186 2816 2231 cantant
2843 2175 2894 2229 in
2917 2175 3017 2228 alio
3038 2174 3257 2244 psalmo,
3282 2179 3336 2226 et
3353 2170 3572 2226 dicunt:

2017 2268 2189 2323 Facta:
2211 2261 2467 2350 s'unt‘milti
2489 2271 2723 2340 lacryma:
2745 2284 2864 2322 mea:
2886 2268 3030 2337 panis
3050 2266 3130 2319 die
3157 2282 3215 2319 ac
3240 2273 3378 2318 nocte
3402 2261 3573 2331 (Psal.

2015 2374 2127 2424 xu,
2159 2357 2237 2430 4).
2281 2359 2413 2426 Quid
2441 2369 2521 2414 est
2557 2375 2703 2430 ergo,
2747 2359 2952 2429 Surgite
2988 2367 3304 2428 posteaquam
3340 2353 3577 2409 sedistis?

2013 2449 2182 2504 Nolite
2205 2449 2443 2514 exaltari,
2480 2449 2578 2503 nisi
2607 2448 2860 2502 humiliati
2892 2447 3113 2502 fueritis.
3139 2446 3285 2502 Multi
3313 2443 3453 2500 enim
3480 2458 3578 2496 vo-

2013 2538 2128 2594 lunt
2155 2554 2389 2609 surgere,
2419 2547 2698 2609 antequam
2726 2538 2993 2603 sederint;
3025 2537 3206 2592 volunt
3224 2551 3282 2590 se
3303 2535 3473 2604 justos
3497 2533 3575 2588 vi-

2014 2633 2146 2699 deri,
2175 2641 2451 2702 antequam
2479 2641 2780 2702 peccatores
2805 2647 2864 2688 sc
2887 2647 3007 2686 esse
3031 2629 3257 2686 confessi
3283 2629 3408 2684 sint.
3436 2627 3578 2697 Ergo

2013 2727 2056 2780 si
2084 2742 2148 2780 ex
2184 2739 2406 2795 persona
2433 2725 2617 2794 capitis
2643 2724 2806 2779 nostri
2827 2723 3023 2793 accipis
3045 2763 3059 2785 ,
3089 2723 3167 2778 sic
3193 2721 3425 2790 intelligo
3453 2735 3468 2773 :
3497 2717 3577 2773 Tu

2013 2819 2279 2888 cognovisti
2302 2818 2567 2872 sessionem
2591 2833 2748 2870 meant
2770 2827 2814 2870 et
2833 2816 3237 2872 resurrectionem
3257 2830 3435 2880 meam,
3459 2827 3579 2883 pas-

2012 2909 2215 2964 sionem
2243 2923 2411 2963 meam
2434 2918 2487 2964 et
2508 2909 2948 2964 resurrectionem
2976 2923 3164 2962 meam.
3189 2906 3243 2962 Si
3265 2922 3327 2961 ex
3351 2919 3576 2976 persona

2012 3001 2248 3070 corporis
2277 3017 2290 3054 :
2321 2999 2394 3054 Tu
2419 3001 2689 3071 cognovisti
2716 3002 2982 3056 sessionem
3007 3017 3166 3054 meam
3191 3009 3238 3053 et
3263 2998 3578 3054 resurrectio-

2012 3109 2124 3146 nem
2165 3107 2366 3158 meam;
2409 3107 2585 3148 coram
2625 3091 2792 3147 oculis
2831 3092 2934 3147 tuis
2974 3101 3028 3147 et
3063 3099 3276 3162 peccata
3302 3088 3577 3145 confessus

2012 3199 2149 3248 sum,
2181 3193 2234 3238 et
2260 3195 2343 3238 tua
2371 3184 2533 3253 gratia
2559 3184 2877 3254 justiﬁcatus
2905 3199 3042 3238 sum.

2081 3276 2134 3330 5.
2177 3273 2305 3346 [vers
2347 3274 2424 3347 5.]
2461 3274 2760 3329 Intellexisti
2787 3275 3103 3344 cogitationes
3129 3289 3262 3326 meas
3289 3273 3350 3326 de
3377 3271 3575 3341 longin-

2011 3382 2110 3436 quo
2136 3381 2154 3419 :
2178 3368 2400 3420 semitam
2443 3383 2603 3420 nteant
2640 3374 2686 3420 et
2723 3365 2927 3418 limitem
2960 3381 3122 3418 meum
3162 3361 3496 3431 investigasti,
3525 3368 3576 3415 et

2012 3475 2178 3514 omnes
2213 3459 2317 3513 vias
2357 3475 2494 3512 meas
2527 3459 2816 3527 prtevitlisti.
2856 3457 2991 3526 Quid
3033 3465 3114 3512 est
3137 3498 3153 3523 ,
3183 3455 3244 3509 de
3268 3455 3576 3526 longinquo?

2012 3553 2141 3608 Cum
2171 3551 2343 3607 adhuc
2366 3551 2417 3605 in
2441 3551 2861 3622 peregrinatione
2885 3565 3022 3611 sum,
3049 3558 3327 3619 antequam
3347 3546 3411 3601 ad
3433 3546 3576 3600 illam

2014 3646 2233 3717 patriam
2274 3643 2479 3698 veniam
2503 3684 2518 3707 ,
2549 3652 2602 3697 tu
2641 3640 2929 3712 cognovisti
2969 3639 3336 3709 cogitationem
3375 3651 3574 3690 meam.

2012 3739 2235 3794 Attende
2261 3737 2404 3790 illum
2436 3735 2598 3788 ﬁlium
2624 3733 2880 3786 minorem
2903 3731 3062 3799 ;-quia
3092 3730 3203 3798 ipse
3229 3726 3578 3782 etiam‘l'actus

2010 3841 2090 3884 est
2111 3843 2298 3896 corpus
2321 3823 2536 3889 Christi,
2562 3821 2791 3876 Ecclesia
2815 3819 2882 3873 de
2899 3817 3155 3874 Gentibus
3175 3817 3415 3870 veniens.
3438 3812 3576 3868 lerat

2011 3919 2206 3990 quippe
2235 3917 2287 3971 in
2317 3915 2656 3985 longinquum
2679 3912 2695 3942 ¹
2724 3911 2861 3964 lilius
2883 3908 3074 3962 minor.
3103 3907 3243 3961 Duos
3271 3905 3410 3960 enim
3439 3903 3576 3959 ﬁlios

2014 4011 2237 4068 habebat
2258 4008 2467 4079 quidam
2493 4002 2869 4075 paterfamilias
2893 4019 2906 4056 :
2929 3999 3098 4070 major
3118 4013 3223 4054 non
3247 3998 3398 4068 longe
3420 3997 3570 4061 ierat,

2011 4105 2102 4159 sed
2136 4105 2186 4156 in
2212 4115 2338 4172 agro
2364 4098 2697 4168 operabatur,
2743 4105 2798 4149 et
2822 4092 3080 4163 signiﬁcat
3106 4098 3315 4146 sanctos
3354 4087 3408 4142 in
3433 4087 3574 4156 Lege

2013 4195 2261 4250 t’acientes
2291 4206 2448 4260 opera
2479 4197 2534 4244 et
2572 4195 2829 4257 praecepta
2857 4184 3030 4254 Legis.
3063 4183 3242 4238 Genus
3267 4189 3440 4234 autem
3477 4179 3576 4233 hu-

2013 4301 2223 4341 manum
2254 4283 2392 4354 quod
2423 4281 2745 4354 dellexerat’
2777 4277 2828 4330 in
2874 4276 3128 4330 idolorum
3176 4273 3429 4327 culturam
3452 4311 3466 4332 ,
3516 4269 3572 4324 in

2011 4377 2296 4446 longinquo
2322 4373 2489 4427 fuerat
2519 4369 2925 4440 peregrinatum.
2949 4364 3082 4432 Quid
3106 4372 3209 4416 tam
3239 4363 3392 4430 longe
3413 4360 3481 4415 ab
3507 4375 3574 4415 eo

2011 4468 2100 4538 qui
2129 4466 2251 4520 fecit
2278 4476 2358 4530 te,
2407 4477 2561 4534 quam
2593 4461 2895 4530 ﬁgmentum
2924 4455 3062 4526 quod
3103 4453 3195 4508 tibi
3223 4453 3334 4532 ipse
3360 4450 3528 4506 fecisti
3547 4452 3572 4504 ‘l

2013 4557 2282 4613 Proiectus
2311 4564 2392 4610 est
2431 4569 2554 4624 ergo
2595 4552 2734 4605 ﬁlius
2771 4551 2943 4604 minor
2972 4549 3023 4600 in
3053 4546 3320 4616 regionem
3369 4542 3574 4612 longin-

2011 4662 2185 4717 quam,
2217 4655 2432 4715 portans
2459 4658 2636 4698 secum
2668 4639 3013 4696 substantiam
3040 4650 3210 4695 suam,
3235 4643 3288 4689 et
3316 4633 3451 4687 sicut
3478 4647 3573 4686 no-

2011 4739 2182 4791 vimus
2209 4737 2262 4790 in
2309 4735 2619 4805 Evangelia,
2669 4731 2944 4799 dissipavit
2981 4742 3097 4782 eam
3137 4727 3316 4780 vivens
3355 4722 3574 4794 prodige

2011 4845 2129 4884 emn
2161 4804 2554 4889 meretricibus;
2587 4804 2640 4878 et
2666 4821 2854 4875 famem
2887 4833 3070 4886 passus
3096 4814 3345 4884 applicuit
3371 4827 3430 4868 se
3455 4814 3573 4866 cui-

2010 4921 2130 4976 dam
2172 4917 2394 4991 principi
2425 4914 2652 4985 regionis
2689 4912 2855 4976 illius;
2886 4919 2936 4964 et
2966 4909 3053 4962 ille
3091 4922 3208 4960 eum
3238 4904 3410 4974 porcis
3449 4917 3573 4971 pas-

2010 5013 2191 5068 cendis
2217 5008 2519 5082 pra-posuit,
2545 5006 2613 5059 de
2638 5017 2858 5073 quorum
2884 5000 3087 5069 siliquis
3113 4997 3133 5028 ³
3160 4996 3403 5066 cupiebat
3429 5002 3574 5048 satu-

2009 5106 2145 5178 _rari,
2179 5120 2275 5158 nec
2315 5109 2540 5171 poterat.
2571 5098 2692 5150 Post
2718 5094 2976 5158 laborem,
3007 5099 3059 5144 et
3097 5090 3330 5144 trituram
3353 5129 3366 5152 ,
3397 5095 3450 5139 ct
3483 5083 3572 5136 tri-
3621 5091 3625 5096 '

2014 5195 2354 5259 bulationem,
2383 5201 2433 5246 et
2459 5197 2763 5260 egestatem,
2793 5185 2934 5238 venit
2963 5183 3034 5236 illi
3062 5182 3112 5234 in
3142 5189 3370 5233 mentem
3401 5183 3567 5244 pater.

2014 5296 2068 5340 et.
2091 5285 2256 5339 voluit
2291 5283 2498 5345 redire;
2527 5290 2580 5334 et
2605 5279 2681 5333 sic
2706 5278 2777 5331 ait
2802 5294 2812 5328 :
2845 5275 3083 5345 Surgam,
3114 5281 3156 5325 et
3186 5271 3263 5323 ibo
3287 5269 3354 5321 ad
3381 5275 3568 5336 patrent

2013 5392 2196 5430 meum.
2230 5374 2469 5444 Surgam,
2497 5371 2658 5432 dixit;
2690 5368 2899 5423 sederat
2918 5366 3076 5420 enim.
3101 5363 3226 5432 Ejus
3245 5375 3368 5429 ergo
3389 5372 3569 5411 vocem

2015 5469 2100 5523 hic
2121 5483 2351 5538 agnosce
2377 5465 2617 5526 dicentis,
2652 5460 2693 5514 T
2696 5478 2726 5514 ιι
2752 5458 3017 5530 cognovisti
3040 5456 3304 5510 sessionem
3329 5464 3488 5504 meam
3519 5456 3568 5502 et
3611 5471 3630 5484 ν

2078 5584 2094 5614 ί
2122 5582 2304 5642 Aliquot
2325 5587 2452 5640 3138.,
2479 5585 2587 5628 Erat
2609 5577 2780 5641 quippe
2814 5575 2865 5626 in
2901 5570 3185 5635 longinquo:
3210 5575 3262 5619 et
3281 5564 3422 5631 paulo
3442 5568 3573 5628 post,

2015 5658 2105 5694 non
2125 5643 2259 5704 longe
2282 5650 2401 5691 erat.

2076 5709 2096 5737 ³
2121 5695 2378 5764 δῆθ’ᾗιιιιινρδ
2398 5710 2502 5751 Mss.
2530 5701 2636 5750 de.
2665 5713 2800 5755 vero,
2829 5695 3110 5807 deﬂuxerat.

2081 5770 2098 5799 3
2125 5768 2202 5807 nit:
2225 5773 2295 5807 in:
2333 5775 2375 5807 oi
2405 5772 2511 5807 tm.
2547 5763 2739 5807 addunt.
2763 5767 2807 5807 et
2832 5772 2882 5807 re
2901 5771 3044 5807 uiuus
3069 5770 3110 5805 τι

2005 5759 2010 5764 ’
2081 5770 2098 5799 ³
2125 5755 2296 5814 llic-Er.
2333 5775 2380 5815 et
2405 5772 2511 5815 Iov.
2547 5763 2739 5822 addunt,
2763 5767 2807 5810 cl
2832 5755 3044 5819 reliquiis
3069 5755 3226 5820 :qttod
3265 5764 3361 5805 Am.
3395 5765 3440 5808 et
3464 5761 3570 5832 Mss.

2021 5845 2113 5878 non
2138 5832 2212 5877 bal
2234 5838 2331 5878 ent.
