4082 6204
539 321 560 376 1
571 320 673 376 787

537 431 935 490 resurrectionem
961 444 1136 481 meam.
1168 427 1290 482 δραι
1317 425 1369 480 in
1399 431 1649 494 egestate,
1678 421 1884 479 surrexi
1909 421 1960 474 in
1986 419 2081 475 de-

499 579 510 587 ,
536 525 733 579 siderio
775 523 919 593 panis
954 520 1048 575 tui.
1075 519 1375 574 Intellexisti
1396 517 1714 587 cogitationes
1733 531 1866 568 meas
1892 516 1951 568 de
1976 515 2085 568 lon-

535 616 735 684 ginquo.
770 613 944 682 Longe
969 612 1108 664 enim
1138 625 1280 665 eram
1311 608 1607 678 profectus;
1637 605 1730 659 sed
1761 606 1844 660 ubi
1873 621 1976 660 non
2002 613 2086 660 est

535 720 688 775 quem
709 703 1079 758 deserueram?
1100 700 1396 754 Intellexisti
1415 698 1734 768 cogitationes
1749 712 1883 749 meas
1897 696 1962 750 de
1976 696 2086 749 lon-

533 799 732 869 ginquo.
778 793 1054 862 Propterea
1098 791 1175 846 sic
1220 790 1346 846 dicit
1389 787 1639 842 Dominus
1682 787 1732 840 in
1764 784 2082 854 Evangelio,

532 891 654 958 quia
679 888 892 942 occurrit
915 886 991 940 illi
1015 895 1154 954 pater
1183 883 1390 951 venienti
1416 881 1563 952 (Luc.
1587 897 1673 943 xv,
1698 880 1897 950 ΔιΙ-›Ε³.0).
1925 878 2082 946 Vere,

531 980 649 1047 quia
683 976 1018 1031 intellexerat
1054 975 1393 1043 cogitationes
1419 972 1532 1042 ejus
1562 971 1629 1026 de
1658 971 1956 1043 longinquo.
1987 969 2084 1025 Se-

531 1072 702 1123 ntitam
732 1086 891 1124 meant
928 1078 973 1122 et
1010 1069 1209 1140 limitem
1247 1083 1410 1120 meum
1446 1064 1764 1134 investigasti.
1808 1063 2080 1129 Semitam,

525 1161 719 1230 inquit,
749 1175 906 1213 meant
930 1175 948 1212 :
977 1174 1154 1228 quam,
1189 1157 1285 1212 nisi
1315 1156 1524 1220 malam,
1556 1170 1711 1223 quam
1743 1153 1828 1207 ille
1853 1152 2085 1206 ambula-

530 1259 696 1314 verat,
730 1258 784 1302 ιιι
813 1259 1010 1318 patrem
1034 1248 1318 1311 desereret,
1343 1244 1490 1315 quasi
1517 1243 1751 1298 occultus
1773 1257 1888 1297 esse
1909 1249 2086 1312 posset

526 1341 597 1394 ab
621 1342 783 1395 oculis
809 1339 1120 1394 vi-ndioantis
1141 1355 1154 1405 ;
1179 1347 1269 1393 aut
1298 1351 1421 1392 vero
1447 1336 1496 1390 in
1530 1335 1614 1389 illa
1642 1342 1874 1406 egestate
1897 1342 2083 1390 conte-

530 1442 754 1497 reretur,
781 1439 872 1486 aut
899 1445 1087 1501 porcos
1113 1445 1324 1499 pascere
1349 1440 1651 1498 poneretur,
1679 1427 1778 1481 nisi
1802 1436 1952 1496 pater
1976 1425 2084 1480 vel-

529 1523 601 1578 let
629 1522 890 1591 llagellare
919 1521 1257 1592 longinquum
1275 1560 1293 1587 ,
1324 1528 1381 1574 ut
1409 1519 1665 1586 reciperet
1697 1516 2083 1588 propinquum?

529 1612 666 1681 Ergo
710 1622 955 1680 tanquam
1001 1609 1356 1679 deprehensus
1401 1607 1682 1678 fugitivus,
1731 1615 1983 1672 sequente
2024 1618 2084 1661 se

526 1703 753 1757 vindicta
798 1702 1023 1772 legitima
1071 1701 1196 1768 Dei,
1235 1699 1546 1756 viudicantis
1574 1699 1626 1754 in
1654 1697 1958 1754 aliectiones
1983 1711 2082 1751 no-

526 1802 694 1859 stras,
740 1807 1065 1862 quacumque
1111 1791 1324 1846 ierimus
1361 1799 1415 1844 et
1455 1803 1784 1860 quocumque
1822 1785 2083 1857 progressi

528 1884 777 1938 fuerimus
807 1885 856 1946 ις
887 1893 1128 1953 tanquam
1161 1897 1287 1952 ergo
1324 1881 1684 1950 deprehensus
1721 1877 1970 1948 fugitivus
1995 1877 2077 1931 loo

528 1975 704 2044 quitur
727 1992 740 2028 :
773 1973 1013 2028 Semitam
1041 1989 1198 2026 meant
1217 1978 1236 2039 ,'
1263 1982 1308 2025 et
1337 1972 1540 2024 limitem
1569 1986 1730 2024 meum
1758 1965 2078 2038 investigasti.

525 2064 658 2132 Quid
689 2072 801 2130 est,
845 2064 1071 2119 semitam
1099 2063 1293 2116 meam?
1319 2062 1429 2130 Qua
1462 2059 1724 2131 profectus
1763 2074 1900 2114 sum.
1947 2055 2083 2124 Quid

525 2161 639 2220 est,
685 2157 890 2208 limitem
934 2155 1136 2210 meum?
1178 2154 1292 2221 Quo
1339 2169 1502 2222 usque
1551 2151 1785 2220 perveni.
1837 2151 2083 2207 Semitam

528 2255 747 2299 meamet
766 2245 968 2298 limitem
989 2261 1147 2298 meum
1166 2244 1486 2315 investigasti.
1505 2243 1680 2297 Limes
1697 2256 1843 2296 meus
1865 2241 1953 2296 ille
1970 2241 2084 2296 lon-

525 2339 748 2408 ginquus
767 2351 868 2390 non
890 2335 979 2389 fuit
1001 2337 1154 2406 longe
1170 2335 1412 2391 aboculis
1434 2335 1567 2389 tuis:
1592 2334 1808 2388 multum
1829 2337 2010 2398 leram,
2028 2340 2083 2387 et

527 2438 581 2481 tu
603 2427 670 2480 ibi
693 2442 829 2482 cras.
856 2424 1097 2481 Sentitam
1118 2443 1276 2479 nteant
1293 2435 1338 2478 et
1360 2424 1563 2478 limitem
1583 2440 1743 2478 meum
1758 2424 2079 2494 investigasti.

601 2521 653 2574 6.
681 2516 826 2589 [vers.
855 2515 932 2590 ι]
983 2515 1048 2569 Et
1084 2533 1252 2570 omnes
1301 2516 1405 2570 uias
1454 2533 1587 2570 meas
1636 2515 1922 2584 prmidisti.
1971 2513 2082 2568 Non

525 2606 695 2675 dixit,
725 2607 896 2662 vidisti
921 2624 934 2670 ;
963 2605 1056 2661 sed
1078 2645 1097 2673 ,
1128 2606 1417 2678 prwvidisti.
1467 2605 1754 2672 Antequam
1793 2619 1883 2659 eas
1909 2603 2038 2658 irem
2063 2643 2079 2670 ,

529 2707 804 2767 antequam
825 2711 915 2750 eas
942 2696 1310 2760 ambularem,
1363 2693 1800 2765 pratvidistieas;
1858 2702 1912 2749 et
1959 2708 2081 2763 per-
2165 2747 2179 2763 ,

527 2793 712 2846 misisti
740 2808 823 2845 me
856 2791 906 2844 in
935 2790 1109 2845 labere
1132 2789 1209 2844 ire
1234 2790 1344 2844 vias
1374 2803 1519 2844 meas
1537 2830 1552 2854 ,
1579 2800 1636 2842 ut
1655 2788 1698 2842 si
1719 2787 1910 2842 nollem
1939 2786 2084 2841 labo-

529 2899 676 2946 rare,
707 2881 931 2936 redirem
959 2881 1011 2934 in
1039 2880 1148 2934 vias
1170 2889 1304 2934 tuas.
1363 2879 1612 2947 Quoniam
1639 2894 1737 2932 non
1765 2887 1834 2931 est
1865 2876 2010 2932 dolus
2031 2877 2086 2930 in

533 2975 703 3044 lingua
733 2991 858 3026 utea.
883 2972 1056 3040 Quare
1084 2972 1183 3026 huc
1224 2971 1394 3026 dixit?
1422 2971 1549 3039 Quia
1590 2986 1715 3026 ecce
1742 2971 1907 3025 fateor
1955 2969 2083 3035 tibi;

530 3056 794 3119 ambulavi
845 3064 1081 3118 semitam
1123 3078 1292 3118 meam
1318 3103 1332 3126 ,
1377 3061 1544 3117 l‘actus
1573 3077 1687 3116 sum
1715 3060 2026 3131 longinquus
2053 3073 2085 3114 a

530 3165 615 3217 te;
645 3153 863 3210 discessi
893 3169 922 3204 a
955 3163 1004 3208 te
1023 3194 1038 3217 ,
1069 3169 1188 3207 eum
1211 3167 1316 3222 quo
1345 3150 1473 3206 mihi
1515 3152 1648 3206 bene
1672 3161 1785 3206 erat
1806 3192 1821 3215 ,
1863 3159 1916 3205 et
1945 3150 2082 3203 bono

529 3265 649 3303 meo
678 3248 811 3301 male
834 3246 958 3300 mihi
990 3245 1084 3299 fuit
1109 3245 1224 3299 sine
1254 3255 1322 3299 te.
1354 3244 1482 3297 Nam
1529 3244 1573 3297 si
1602 3243 1726 3297 mihi
1770 3242 1906 3298 bene
1945 3249 2086 3297 esset

531 3339 646 3398 sine
675 3349 723 3392 te
747 3380 760 3403 ,
794 3338 985 3392 nollem
1012 3336 1228 3391 forsitan
1259 3334 1432 3389 redire
1458 3333 1524 3388 ad
1555 3344 1624 3391 te.
1653 3335 1790 3404 Ergo
1829 3335 1924 3387 iste
1951 3347 2083 3386 con-

531 3429 683 3482 liteus
712 3435 920 3495 peccata
947 3440 1061 3491 sua,
1084 3423 1265 3479 dicens
1282 3438 1471 3494 corpus
1491 3423 1683 3478 Christi
1709 3421 2044 3491 justilicatum
2068 3463 2082 3489 ,

533 3536 637 3574 non
668 3519 718 3572 iu
749 3534 808 3572 se
833 3558 847 3582 ,
878 3515 971 3570 sed
1002 3515 1053 3570 in
1082 3515 1219 3570 illius
1255 3516 1419 3585 gratia
1439 3555 1454 3582 ,
1485 3515 1646 3582 dixit,
1680 3513 1799 3568 Non
1827 3524 1900 3568 est
1939 3512 2086 3567 dolus

528 3609 579 3664 in
605 3610 774 3678 lingua
799 3623 923 3661 mea.

598 3703 649 3756 7.
666 3700 814 3774 [rem
844 3698 922 3772 5.]
945 3698 1070 3754 Ecce
1098 3710 1170 3765 tu,
1193 3696 1425 3763 Domine,
1450 3696 1716 3768 cognovisti
1735 3695 1900 3750 omnia
1924 3695 2088 3750 novis-

531 3795 656 3848 sinta
702 3802 748 3846 et
787 3792 1011 3862 antiqua.
1061 3787 1360 3859 Cognovisti
1391 3787 1670 3842 novissima
1696 3800 1833 3850 mea,
1876 3783 2085 3854 quando

535 3900 721 3955 porcos
774 3883 892 3954 pavi
921 3899 936 3943 ;
989 3880 1275 3952 cognovisti
1316 3880 1530 3948 antiqua
1557 3893 1676 3934 mea
1698 3919 1713 3945 ,
1743 3876 1951 3948 quando
1977 3891 2005 3929 a
2037 3886 2088 3931 te

536 3986 738 4048 partem
765 3971 1071 4038 substantize
1100 3986 1231 4026 mea:
1259 3969 1510 4040 expetivi.
1559 3968 1784 4038 Antiqua
1823 3966 1950 4021 mihi
1978 3964 2091 4021 fae-

533 4079 654 4125 runt
680 4067 892 4123 exordia
921 4065 1174 4120 malorttm
1206 4062 1626 4117 novissimorum.
1659 4060 1941 4130 Autiquum
1969 4072 2090 4128 pec—

531 4143 727 4218 catum,
751 4157 960 4229 quando
981 4155 1111 4223 lapsi
1139 4169 1339 4214 sumus;
1360 4151 1644 4206 novissima
1677 4165 1850 4220 paena,
1876 4148 2086 4218 quando

533 4250 586 4304 in
643 4249 792 4303 istam
840 4244 1210 4300 mortalitatem
1274 4241 1586 4296 laboriosam
1638 4239 2089 4308 periculosamque

534 4339 888 4412 pervenimus.
916 4335 1087 4403 Atque
1113 4330 1307 4386 utinam
1340 4330 1489 4384 nobis
1537 4330 1632 4383 ista
1671 4328 1739 4382 sit
1764 4326 2086 4382 novissima!

534 4431 644 4486 Erit
672 4418 768 4483 ista
799 4425 1083 4480 novissima
1105 4464 1120 4487 ,
1148 4424 1192 4477 si
1235 4422 1341 4491 jam
1393 4421 1566 4476 redire
1618 4421 1955 4474 voluerimus.
1995 4418 2093 4472 Est

533 4523 672 4578 enim
700 4520 799 4572 alia
829 4516 1135 4589 quibusdam
1169 4513 1340 4582 impiis
1366 4511 1645 4566 novissima
1665 4549 1683 4577 ,
1713 4510 1899 4580 quibus
1945 4508 2091 4564 dice-

535 4623 620 4668 tur
650 4629 662 4664 :
697 4609 774 4664 Ite
799 4611 850 4663 in
878 4610 1041 4678 ignem
1069 4615 1302 4660 internum
1325 4645 1340 4671 ,
1365 4603 1448 4674 qui
1476 4610 1784 4672 praeparatus
1803 4610 1876 4654 est
1895 4598 2092 4652 diabolo

534 4714 580 4761 et
609 4702 796 4775 angelis
822 4702 968 4771 εἰπε(
993 4699 1177 4753 Matth.
1207 4712 1337 4760 xxv,
1366 4697 1426 4751 41
1459 4693 1500 4767 ).
1528 4693 1635 4748 Nos
1654 4702 1848 4757 autem,
1881 4692 2090 4753 intres.

541 4797 646 4853 huc
673 4810 837 4865 usque
856 4791 1185 4848 deseruimus
1214 4791 1376 4844 Deum
1411 4806 1422 4842 :
1452 4802 1615 4858 usque
1659 4785 1724 4840 ad
1774 4784 1930 4854 hujus
1973 4781 2092 4837 vita:

535 4886 908 4945 mortalitatem
941 4883 1166 4939 sufficiat
1193 4882 1339 4936 labor
1388 4887 1585 4934 uoster.
1617 4876 1974 4932 Recordemur
2003 4889 2094 4944 pa-

541 4997 662 5038 nem
690 4979 861 5036 Patris
908 4977 1107 5040 nostri,
1154 4974 1450 5030 recolamus
1481 4969 1854 5026 beatitudinem
1904 4967 2093 5022 domus

536 5074 704 5144 patris
743 5069 948 5136 nostri;
979 5083 1081 5123 non
1113 5082 1210 5122 nos
1247 5065 1508 5120 delectent
1533 5062 1734 5132 siliquae
1779 5074 2054 5130 porcorum
2076 5098 2092 5121 ,

535 5165 791 5221 doctrina:
820 5161 1220 5218 daemoniorum.
1253 5157 1382 5211 Ecce
1407 5166 1460 5209 tu
1482 5196 1496 5220 ,
1541 5155 1756 5210 Domine
1775 5195 1792 5221 ,
1819 5152 2093 5225 cognovisti

505 5258 703 5330 ,omnia
726 5254 993 5309 novissima
1019 5262 1064 5304 et
1091 5249 1297 5321 antiqua
1324 5266 1338 5302 :
1371 5247 1637 5302 novissima
1659 5287 1674 5312 ,
1707 5261 1810 5316 quo
1837 5245 2050 5316 perveni
2075 5261 2090 5310 ;

537 5348 774 5418 antiqua,
803 5344 886 5399 ubi
910 5353 961 5398 te
981 5340 1194 5396 offendi.
1223 5337 1302 5393 Tu
1318 5338 1505 5407 ﬁnxisti
1529 5353 1624 5401 me,
1651 5345 1696 5391 et
1719 5337 1929 5406 posuisti
1947 5350 2098 5404 super

537 5455 614 5492 me
642 5455 843 5492 manum
866 5447 1019 5490 tuam.
1046 5431 1261 5486 Finxisti
1287 5446 1363 5484 me
1385 5444 1403 5484 :
1426 5429 1539 5484 ubi?
1553 5427 1608 5484 lu
1635 5429 1733 5482 ista
1759 5425 2095 5490 mortalitate;

529 5530 642 5600 jam
673 5531 736 5586 ad
768 5530 1008 5595 labores,
1059 5525 1123 5581 ad
1149 5539 1280 5596 quos
1331 5536 1516 5578 omnes
1568 5521 1674 5575 nati
1729 5534 1932 5575 sumus.
1983 5518 2097 5573 Non

576 5662 980 5775 ιίιὲῐέξὶίὲάὴξδὶοεῑ,
1003 5660 1250 5726 uictimas,
1269 5659 1474 5720 additur,
1497 5655 1793 5721 agnoscimur
1812 5653 2100 5715 :redundat,

544 5737 597 5778 αι
615 5737 755 5774 ωεδῑ
768 5737 795 5774 8
813 5737 918 5774 ωε.

1751 309 1807 366 5.
1850 306 2207 366 AUGUSTINI
2247 306 2542 364 EPISCOPI

3617 306 3751 361 i788

2179 397 2332 476 enim
2355 421 2628 490 quisquam
2659 419 2912 484 nascitur,
2956 418 3057 475 nisi
3082 432 3238 488 quem
3267 416 3404 472 Deus
3435 415 3646 470 finxerit
3698 418 3752 471 in

2189 521 2338 566 utero
2363 513 2545 566 matris
2569 527 2676 566 sua:
2700 529 2714 576 ;
2739 521 2829 565 aut
2859 512 2959 565 ulla
2989 521 3231 566 creatura
3263 518 3345 564 est
3367 508 3516 576 cujus
3540 525 3642 564 non
3669 519 3756 565 est

2189 600 2275 656 ille
2305 602 2608 670 plasmator.
2634 601 2735 656 Sed
2765 602 2953 670 ﬁnxisti
2980 617 3058 654 me
3096 601 3146 654 iu
3193 599 3295 654 isto
3337 599 3514 654 labore
3543 616 3557 653 :
3583 609 3630 652 et
3659 615 3755 667 po-

2186 691 2330 745 suisti
2357 708 2505 760 super
2531 707 2608 744 me
2636 707 2834 744 manum
2861 699 2996 743 tuam
3018 705 3037 753 ,'
3064 689 3321 747 vindicent
3369 704 3602 748 manum,
3633 704 3758 758 gra-

2187 785 2394 828 vantem
2423 773 2726 844 superbum.
2752 773 2822 828 Ita
2845 775 2983 828 enim
3013 773 3292 828 salubriter
3312 772 3501 841 dejecit
3529 772 3752 836 elatum,

2189 873 2246 920 ut
2271 867 2436 936 erigat
2462 865 2736 923 humilem.
2780 865 2858 920 Tu
2885 866 3079 936 ﬁnxisti
3108 882 3185 920 me
3206 906 3221 931 ,
3265 875 3311 920 et
3343 866 3556 936 posuisti
3600 882 3758 938 super

2187 972 2266 1010 me
2293 973 2491 1009 manum
2519 966 2676 1010 tuam.

2257 1047 2308 1102 8.
2341 1044 2488 1120 [vers.
2520 1046 2595 1118 6].
2622 1047 2892 1116 Miriﬁeata
2920 1056 2991 1101 est
3017 1046 3223 1102 scientia
3259 1057 3344 1100 tua
3367 1062 3430 1102 ea:
3466 1064 3544 1102 me
3567 1064 3586 1100 :
3610 1049 3757 1103 inva—

2187 1136 2319 1200 luit;
2355 1153 2452 1189 non
2501 1145 2670 1206 potero
2710 1136 2778 1189 ad
2822 1135 2986 1190 illant.
3032 1133 3239 1205 Aliquid
3282 1135 3422 1206 quod
3465 1137 3752 1191 obscurum

2185 1225 2396 1294 quidem
2424 1233 2526 1289 est,
2548 1225 2639 1280 sed
2661 1242 2780 1280 cum
2810 1242 2912 1280 non
2942 1242 3097 1296 parva
3121 1225 3401 1282 dulcedine
3421 1227 3751 1298 intelligitur,

2185 1316 2517 1376 advertentes
2543 1316 2735 1371 audite.
2759 1315 2965 1388 Moyses
2986 1327 3200 1372 sanctus
3233 1318 3320 1372 Dei
3349 1317 3593 1380 famulus.
3625 1335 3749 1372 cum

2186 1421 2290 1476 quo
2316 1403 2627 1478 loquebatur
2657 1407 2795 1461 Deus
2847 1422 2941 1476 per
2967 1407 3191 1474 nubem,
3240 1409 3362 1479 quia
3390 1410 3752 1478 temporaliter

2185 1495 2404 1567 loquens
2422 1497 2602 1567 utique
2631 1511 2724 1568 per
2749 1506 3071 1567 assumptum
3095 1506 3388 1552 creaturam
3419 1499 3754 1569 'loqucbatnr

2183 1600 2338 1642 servo
2358 1601 2488 1653 suo;
2522 1586 2572 1641 id
2601 1595 2712 1653 est,
2743 1602 2848 1642 non
2898 1601 2994 1657 per
3037 1587 3382 1643 substantiam
3421 1603 3568 1642 suam
3593 1630 3610 1656 ,
3653 1590 3751 1645 sed

2185 1692 2281 1748 per
2303 1686 2619 1747 assumptum
2647 1677 2877 1748 aliquam
2903 1678 3232 1748 corporalem
3272 1687 3568 1733 creaturam
3595 1721 3609 1741 ,
3655 1695 3752 1749 per

2185 1783 2342 1839 qnam
2369 1782 2527 1824 voces
2555 1768 2658 1824 illa:
2682 1768 2890 1834 fierent,
2915 1779 2969 1822 et
2992 1767 3234 1824 humanis
3253 1777 3410 1839 atque
3440 1771 3753 1826 mortalibus

2184 1860 2398 1916 auribus
2427 1868 2768 1930 personarent
2800 1859 2910 1930 (Sic
2933 1859 3072 1914 enim
3106 1860 3415 1931 loquebatur
3441 1871 3568 1914 tunc
3591 1862 3750 1924 Deus.

2185 1964 2290 2004 non
2319 1948 2582 2019 quomodo
2613 1947 2845 2019 loquitur
2891 1949 2944 2003 in
2972 1948 3266 2003 substantia
3314 1964 3428 2003 sua.
3469 1951 3754 2016 Quomodo

2185 2042 2324 2096 enim
2355 2041 2581 2111 quuitttr
2611 2040 2662 2094 iu
2692 2041 2978 2096 substantia
3009 2040 3142 2094 sua?
3172 2039 3394 2096 Locutio
3446 2041 3537 2095 Dei
3565 2083 3580 2104 ,
3613 2041 3750 2096 Ver-

2185 2134 2308 2190 bum
2340 2132 2433 2188 Dei
2456 2143 2557 2199 est;
2577 2131 2807 2188 Verbum
2841 2132 2931 2187 Dei
2959 2133 3202 2189 Christus
3223 2143 3304 2188 cst
3328 2151 3341 2186 :
3363 2132 3599 2188 Verbum
3623 2134 3750 2190 illud

2186 2237 2288 2279 non
2316 2229 2468 2276 sonat
2517 2230 2572 2276 et
2618 2222 2838 2287 transit,
2873 2221 2966 2276 sed
2994 2237 3204 2292 semper
3251 2223 3752 2278 ineommutahiliter

2185 2320 2362 2367 manet
2391 2307 2611 2366 Verbum
2636 2352 2650 2374 ,
2684 2327 2780 2382 per
2807 2313 2945 2381 quod
2997 2310 3132 2366 facta
3179 2322 3300 2365 sunt
3344 2315 3519 2366 omnia
3548 2312 3746 2384 (Joan.

2187 2417 2224 2467 ι,
2255 2401 2344 2471 5).
2375 2399 2470 2455 Cui
2499 2399 2672 2456 Verbo
2702 2401 2893 2455 dicitur
2919 2401 3068 2473 (ipsa
3097 2410 3178 2456 est
3213 2403 3354 2456 enim
3401 2412 3452 2457 et
3481 2403 3747 2470 Sapientia

2187 2488 2302 2560 Dei)
2328 2507 2343 2556 ;
2377 2490 2594 2545 Mutabis
2620 2508 2702 2558 ea,
2729 2502 2775 2546 et
2797 2493 3158 2556 mutabuntur;
3198 2503 3252 2545 tu
3297 2504 3462 2546 autem
3489 2495 3620 2548 idem
3647 2495 3755 2563 ipse

2185 2593 2236 2637 es
2263 2581 2282 2653 (
2306 2580 2446 2636 Psal.
2476 2597 2550 2648 et,
2577 2581 2667 2646 27,
2699 2581 2768 2652 28
2800 2581 2821 2653 )
2849 2600 2860 2637 :
2891 2591 2941 2637 et
2971 2583 3075 2637 alio
3107 2583 3222 2637 loco
3247 2583 3316 2638 de
3339 2583 3605 2653 Sapientia
3631 2602 3751 2639 cunt

2185 2672 2453 2744 Scriptura
2505 2673 2736 2730 diceret:
2790 2673 2857 2729 In
2899 2674 3066 2746 seipse
3107 2691 3313 2730 manens
3338 2717 3352 2741 ,
3383 2677 3496 2742 ait,
3549 2678 3753 2731 innovat

2187 2765 2543 2838 onmia(8ap.
2584 2782 2676 2833 vn,
2724 2767 2854 2838 27).
2885 2767 2972 2822 Illa
3001 2784 3129 2839 ergo
3172 2769 3442 2839 Sapientia
3487 2780 3634 2824 stans
3663 2772 3680 2840 (
3703 2771 3750 2826 si

2185 2855 2287 2912 dici
2313 2857 2470 2913 debet
2495 2858 2576 2913 vel
2622 2867 2768 2913 stans
2801 2877 2813 2911 :
2842 2859 3030 2914 dicitur
3058 2869 3231 2914 autem
3283 2870 3512 2929 prepter‘
3549 2861 3751 2914 incom-

2188 2948 2606 3013 mutabilitatem,
2633 2963 2736 3004 non
2765 2959 2975 3019 propter
3003 2949 3455 3020 immobilitatcm)
3485 2961 3534 3004 et
3557 2951 3746 3006 eodem

2187 3041 2344 3096 modo
2369 3056 2427 3096 se
2453 3057 2661 3111 semper
2687 3042 2918 3107 habens,
2952 3041 3098 3096 nullo
3142 3043 3292 3109 loco,
3327 3043 3472 3096 nullo
3513 3052 3752 3113 tempore

2187 3131 2424 3197 variata,
2484 3147 2740 3202 nusquam
2781 3131 2937 3187 aliter
2979 3147 3135 3202 quam
3161 3132 3262 3186 ’hic
3311 3142 3402 3186 aut
3459 3132 3573 3197 ibi,
3619 3149 3753 3187 tutn-

2188 3239 2342 3293 quam
2374 3223 2527 3278 aliter
2552 3239 2709 3293 quam
2746 3237 2884 3278 nunc
2929 3233 3019 3277 aut
3047 3233 3234 3285 antea,
3282 3223 3391 3293 ipsa
3419 3233 3502 3278 est
3555 3223 3752 3277 locutio

2190 3315 2304 3370 Dei.
2335 3315 2553 3370 Locutio
2580 3331 2706 3370 vero
2734 3315 2820 3369 illa
2849 3329 2964 3387 qua;
2993 3314 3152 3369 fiebat
3177 3314 3242 3367 ad
3274 3313 3485 3383 Moysen
3515 3314 3623 3374 .ad
3654 3315 3750 3365 ho-
3787 3342 3800 3353 -

2189 3404 2384 3458 minem
2433 3405 2590 3459 fiebat
2636 3419 2728 3473 per
2751 3403 2977 3475 syllabas
3000 3443 3015 3468 ,
3050 3419 3146 3471 per
3186 3412 3518 3457 transeuntes
3566 3419 3747 3456 sonos.

2187 3495 2303 3550 Non
2343 3504 2518 3550 autem
2561 3496 2746 3550 tierent
2786 3495 2914 3560 ista,
2963 3495 3062 3548 nisi
3092 3494 3229 3549 Deus
3275 3502 3570 3548 assumeret
3597 3494 3749 3547 talem

2188 3597 2518 3649 creaturam,
2594 3601 2686 3655 per
2744 3600 2900 3656 quam
2968 3583 3265 3655 hujusmodi
3328 3599 3630 3639 sermonem
3698 3591 3752 3637 et

2190 3691 2347 3732 voces
2395 3672 2708 3746 emitteret)
2766 3690 2780 3727 :
2822 3674 3030 3745 Moyses
3072 3683 3284 3728 sanctus
3324 3682 3545 3727 noverat
3600 3677 3749 3726 istam

2191 3767 2507 3822 locutionem
2575 3765 2668 3822 Dei
2735 3765 3017 3835 assumptis
3077 3764 3390 3835 quibusdam
3479 3765 3750 3833 corporeis

2189 3858 2444 3913 creaturis
2492 3857 2640 3921 fieri;
2693 3864 2747 3911 et
2797 3855 3116 3912 desideravit
3154 3865 3207 3911 et
3234 3855 3535 3926 concupivit
3568 3855 3746 3908 videre

2190 3947 2356 4016 ipsum
2386 3947 2616 4016 speciem
2646 3945 2776 4012 Dei,
2831 3953 2886 4000 et
2936 3945 3167 4016 loquenti
3223 3961 3403 4000 secum
3437 3946 3542 3999 Deo
3571 3944 3702 3998 dixit
3732 3959 3748 3996 :

2193 4038 2253 4094 Si
2277 4038 2440 4092 inveni
2467 4039 2681 4109 gratiant
2725 4048 2842 4090 ante
2893 4045 2939 4090 te
2960 4078 2976 4104 ,
3022 4037 3225 4091 ostende
3250 4037 3371 4089 nti/ti
3419 4037 3750 4104 temetipsum.

2191 4129 2329 4184 Cum
2349 4128 2448 4183 hoc
2475 4127 2814 4183 vehementer
2839 4128 3236 4197 concupisceret
3255 4168 3268 4189 ,
3297 4137 3348 4180 et
3379 4126 3479 4181 huc
3502 4127 3752 4196 quadam,

2193 4221 2237 4276 si
2281 4219 2560 4275 "dicendum
2584 4229 2698 4286 est,
2751 4218 2918 4273 amica
2974 4217 3361 4282 familiaritate,
3391 4233 3492 4287 qua
3523 4219 3634 4285 ipse
3673 4216 3754 4270 di-
3799 4273 3804 4278 ,

2192 4320 2380 4382 gnatus
2399 4319 2500 4376 est,
2524 4319 2839 4380 extorquere
2859 4309 3020 4364 vellet
3043 4309 3170 4374 Deo,
3199 4319 3254 4361 ut
3269 4309 3471 4363 videret
3499 4308 3615 4376 ejus
3643 4323 3755 4361 ma-

2190 4405 2431 4475 iestatem
2454 4410 2509 4458 et
2532 4403 2714 4457 faciem
2731 4443 2746 4466 ,
2773 4401 3038 4473 quomodo
3061 4400 3166 4455 dici
3212 4409 3390 4472 potest
3416 4399 3576 4455 facies
3616 4398 3752 4464 Dei;

2193 4495 2266 4548 ait
2289 4495 2363 4548 illi
2416 4511 2430 4548 :
2486 4492 2604 4548 Non
2647 4502 2782 4563 potes
2824 4492 2989 4546 videre
3034 4493 3212 4563 faciem
3239 4505 3603 4546 nteammemo
3623 4491 3757 4543 enim

2194 4587 2314 4640 uidit
2337 4586 2513 4656 faciem
2545 4600 2706 4639 meam
2726 4626 2741 4651 ,
2769 4594 2815 4638 et
2837 4584 2979 4638 vixit.
3011 4583 3116 4639 Sed
3139 4599 3321 4652 ponant
3347 4592 3392 4635 te
3420 4582 3472 4634 in
3516 4580 3759 4651 spelunca

2196 4687 2348 4746 petrte
2367 4715 2381 4742 ,
2408 4685 2454 4730 et
2480 4674 2698 4729 transibo
2716 4715 2732 4741 ,
2759 4683 2805 4728 et
2833 4689 3017 4744 ponam
3054 4689 3204 4740 super
3240 4682 3286 4726 te
3320 4687 3524 4725 manum
3553 4686 3713 4723 meam
3738 4685 3758 4734 ;

2194 4784 2310 4820 cum
2335 4777 2500 4820 autem
2521 4766 2792 4832 transiero,
2841 4764 3120 4836 posteriora
3184 4779 3295 4816 mea
3337 4761 3520 4817 uidebis
3567 4760 3762 4831 (Exod

2197 4876 2381 4925 xxxnt,
2409 4859 2599 4928 9-25).
2653 4857 2720 4912 Et
2761 4873 2825 4911 ex
2879 4857 2961 4910 bis
2997 4855 3173 4910 verbis
3217 4865 3396 4909 natum
3425 4862 3507 4910 est
3532 4854 3764 4907 alterum

2197 4953 2420 5020 aenigma
2447 4990 2462 5014 ,
2489 4949 2538 5004 id
2570 4959 2650 5004 cst
2673 4949 2895 5002 obscura
2924 4939 3162 5016 quaedam
3195 4947 3355 5015 figura
3403 4960 3602 5000 rerum.
3636 4943 3764 4996 Cum

2201 5042 2439 5096 transiero
2463 5081 2478 5105 ,
2502 5039 2773 5109 posteriora
2798 5054 2906 5090 mea
2929 5036 3112 5090 uidebis
3131 5077 3147 5100 ,
3169 5036 3296 5090 dicit
3318 5036 3455 5090 Deus
3477 5049 3492 5098 ;
3521 5033 3671 5102 quasi
3693 5047 3764 5089 ex

2199 5134 2301 5188 alia
2332 5141 2482 5202 parte
2509 5130 2698 5185 habeat
2753 5129 2967 5192 faciem,
3016 5145 3081 5183 ex
3129 5128 3228 5182 alia
3255 5127 3494 5181 dorsum.
3541 5123 3691 5178 Absit
3734 5138 3766 5177 a

2201 5225 2354 5280 nobis
2382 5223 2486 5277 tale
2511 5221 2709 5291 aliquid
2739 5221 2804 5276 de
2830 5221 2914 5274 illa
2942 5219 3210 5289 Majestate
3236 5218 3454 5272 sentire.
3499 5215 3630 5270 Nam
3676 5214 3766 5283 qui

2201 5316 2301 5370 hoc
2338 5315 2495 5370 sentit
2521 5313 2587 5367 de
2613 5314 2753 5378 Deo,
2803 5311 2927 5382 quid
2980 5311 3028 5365 ei
3081 5309 3294 5379 prodest
3320 5306 3460 5378 quod
3504 5305 3701 5374 templa
3751 5305 3768 5336 ί
3859 5346 3864 5350 .

2201 5409 2380 5464 clausa
2409 5406 2573 5460 sunt?
2598 5404 2796 5458 Idolum
2827 5403 2878 5457 in
2900 5403 3059 5459 corde
3083 5419 3179 5456 suo
3203 5401 3441 5456 fabricat.
3473 5399 3610 5452 Sunt
3640 5411 3769 5465 ergo

2267 5529 2282 5558 ι
2311 5533 2408 5573 Am.
2435 5529 2486 5573 et
2507 5528 2603 5580 RL,
2626 5518 2800 5584 templa
2828 5519 2928 5569 Dei.
2953 5526 3071 5574 Vox,
3107 5517 3206 5576 Dei,
3231 5531 3339 5580 quae
3356 5529 3453 5584 non
3473 5517 3521 5565 in
3547 5513 3768 5584 omnibus

2202 5595 2309 5638 Mss.
2334 5591 2512 5636 exstat.
2536 5579 2982 5643 merito'expuncta
3007 5588 3083 5630 est
3116 5593 3203 5642 per
3237 5579 3586 5643 levanienses,
3619 5583 3672 5623 ut
3704 5587 3765 5622 ne

2203 5651 2295 5699 alia
2314 5659 2456 5710 quam
2480 5644 2712 5710 idolorum
2733 5639 2914 5710 templa
2934 5640 3102 5710 clausa
3117 5639 3250 5710 fesse
3279 5639 3618 5710 intelligantur
3633 5647 3763 5710 ..εἰς

2205 5693 2311 5762 iis}:
2320 5693 2507 5760 scilicet
2519 5704 2649 5758 cultu
2658 5705 2813 5756 vetito
2827 5693 2914 5767 per
2929 5709 3269 5767 imperatorum
3279 5693 3760 5765 legegibannom.
