1992 3100
155 176 233 204 1789

163 235 189 262 in
204 233 255 260 illis
267 232 353 259 verbis
367 238 458 266 magna
472 230 605 266 mysteria.
628 230 794 265 Loqnehatnr
808 230 942 261 Dominus,

163 284 191 306 ut
202 278 254 305 dixi
266 299 273 309 ,
288 286 333 312 per
344 282 505 307 creaturam,
521 275 654 311 quomodo
678 276 758 302 vellet
772 275 870 302 famulo
884 282 941 301 suo.

164 325 297 352 Intellecta
307 329 352 351 est
366 324 418 350 illic
432 330 542 357 persona
555 322 634 357 ipsius
647 321 747 348 Domini
762 326 788 349 et
801 321 944 348 Salvatoris

163 371 246 398 nostri
260 370 321 397 Jcsu
344 368 450 395 Christi.
476 368 525 401 Qui
548 367 652 402 quidem
676 367 818 394 secundum
833 366 942 393 formam

164 416 209 443 Dei
219 437 227 447 ,
243 423 292 450 qua
306 414 413 448 mqualis
431 418 472 441 est
494 413 579 445 Patri,
593 413 712 440 similiter
726 413 808 439 oculis
824 412 944 438 humanis

163 460 301 488 invisibilis
315 464 356 487 est
366 480 374 492 ,
387 460 454 486 sicut
468 463 494 485 ct
508 458 594 485 Pater.
608 458 635 485 Si
650 458 719 485 enim
742 457 868 492 sapientia
892 457 943 483 hu-

162 513 240 534 mana
253 504 335 532 videri
347 504 432 531 oculis
456 511 507 530 non
529 507 634 538 potest,
651 502 741 529 Virtus
764 507 790 529 et
811 502 943 535 Sapientia

163 552 208 583 Dei
223 550 304 578 videri
316 550 399 577 oculis
412 549 515 576 carneis
540 548 646 583 potest?
673 547 724 575 Sed
739 547 798 582 quia
814 552 871 574 erat
891 547 944 573 Do-

163 597 249 624 minus
262 600 410 631 opportuno
435 600 554 629 tempore
574 600 679 621 carnem
700 596 889 626 suscepturus,
916 595 944 618 ut

162 642 245 669 oculis
257 642 336 669 etiam
358 639 461 668 carneis
489 643 595 674 propter
617 637 798 664 salubritatem
822 636 944 664 curanda:

163 688 232 715 intus
257 686 352 714 mentis
376 677 528 720 appareret,
544 683 648 719 quando
673 682 707 709 ita
733 690 859 717 apparere
877 689 945 716 opus

162 732 316 764 esset;hoc
341 730 485 766 prrcdicens
513 728 596 764 Moysi
624 727 733 762 ﬁgurate
760 727 815 759 ait,
842 725 944 753 Faciem

162 786 242 805 nteant
255 777 336 804 videre
351 784 400 803 non
424 779 512 810 putes;
538 773 675 808 posteriora
694 780 749 798 utea
762 771 854 798 videbis
866 792 874 804 ,
897 771 943 798 sed

161 832 218 851 cum
231 822 351 850 transiero
366 829 375 848 :
390 825 417 847 ut
431 824 518 847 autem
544 826 594 845 non
616 817 706 845 videas
721 817 813 845 faciem
836 824 922 844 meam
934 836 941 847 .

162 877 255 898 manus
269 876 326 896 mea
340 867 388 895 erit
404 874 483 902 super
497 870 532 892 te.
547 864 669 892 Transire
682 863 743 899 quid
756 863 804 889 fuit
819 862 940 896 Domino,

163 915 212 943 nisi
226 915 294 950 quod
309 912 466 948 evangelista
480 910 558 942 dicit,
576 909 638 937 Cant
650 914 733 936 autem
748 909 851 936 venisset
870 908 942 942 liora,

162 966 189 987 ut
204 959 318 987 transiret
342 958 415 985 Iesus
438 957 469 983 de
495 956 541 982 Itoc
562 955 655 982 mundo
678 954 711 980 ad
733 953 833 980 Patrem
849 953 942 988 (Joau.

162 1014 227 1037 xm,
244 1003 375 1040 l}?Nam
399 1002 485 1037 ipsum
513 1000 650 1027 transitum
678 999 808 1034 significat
828 998 941 1025 Pascha.

162 1052 236 1086 Quod
258 1051 326 1078 enim
351 1048 472 1077 hebraico
494 1047 575 1074 verbo
601 1045 696 1073 dicitur
722 1044 841 1076 Pascha,
864 1044 944 1071 latine

162 1097 297 1125 Transitus
311 1096 506 1130 interpretatur.
522 1092 589 1126 Quid
603 1096 643 1118 est
653 1111 660 1123 ,
678 1090 780 1117 Faciem
798 1098 878 1117 nteam
893 1098 942 1116 non

162 1142 253 1170 ridebis
267 1163 275 1174 ,
294 1140 339 1168 sed
356 1140 491 1174 posteriora
504 1146 558 1165 mea
570 1136 680 1164 videbis?
700 1135 780 1171 Cujus
804 1143 943 1170 personam

161 1188 269 1223 gerebat
283 1186 325 1213 ille
338 1186 440 1220 Moyses
451 1205 459 1216 ,
473 1183 578 1219 quando
590 1182 613 1209 ei
637 1182 736 1208 dictum
759 1185 817 1213 est,
842 1179 944 1207 Facient

162 1242 245 1261 nicum
257 1241 306 1259 non
320 1231 423 1264 videbis,
435 1230 481 1257 sed
498 1229 641 1264 "posteriora
659 1236 714 1254 mea
726 1227 818 1254 videbis
827 1247 835 1260 ,
853 1231 880 1254 et
894 1226 944 1254 hoc

161 1288 218 1306 cum
235 1278 415 1305 trunsierowt
437 1280 524 1303 autem
546 1281 597 1301 non
613 1273 701 1300 videas
724 1271 817 1299 faciem
839 1278 941 1304 meam,

163 1334 254 1361 ponam
268 1333 341 1359 super
355 1328 377 1350 te
392 1330 494 1349 manum
518 1328 597 1347 meam
607 1320 620 1347 7
634 1318 738 1346 Faciem
760 1325 833 1345 suam
858 1317 941 1349 dixit,

163 1362 245 1405 prima
255 1369 320 1396 sua?
333 1374 360 1396 et
372 1367 484 1403 quodam
499 1365 576 1394 modo
593 1364 737 1400 posteriora
764 1371 810 1391 sua
823 1384 831 1396 ,
855 1367 943 1390 trans-

119 1427 124 1431 -
162 1416 227 1443 itum
241 1415 274 1442 de
287 1415 335 1441 hoc
353 1413 451 1440 mundo
466 1412 594 1447 passionis
616 1409 943 1445 sum.ApparuitJuda-is;

163 1469 214 1489 ιιοη
239 1468 298 1488 cum
320 1462 510 1494 cognoverunt.
536 1457 632 1484 Eorum
666 1463 805 1490 personant
837 1455 945 1490 gerebat

163 1506 268 1542 Moyses
278 1504 401 1540 ,quando
413 1503 437 1531 ei
452 1502 598 1533 dicebatur,
614 1500 715 1527 Faciem
740 1508 820 1527 meam
834 1508 883 1527 non
897 1508 943 1533 po-

163 1558 197 1579 tes
210 1553 299 1578 videre.
315 1550 390 1578 Unde
402 1553 488 1576 autem
502 1556 553 1575 non
569 1547 689 1574 viderunt
704 1546 786 1573 Deum
810 1545 835 1573 in
859 1553 940 1573 carne

161 1598 295 1634 positum?
308 1597 372 1631 Quia
387 1599 496 1631 gravata
510 1599 566 1622 erat
579 1601 658 1628 super
669 1600 714 1620 eos
723 1600 816 1619 tnanus
828 1593 941 1620 Domini.

162 1644 201 1671 De
209 1644 258 1670 illis
268 1643 337 1671 enim
349 1642 454 1669 dixerat
463 1640 550 1671 Isaias,
563 1638 681 1665 Iacrassa
689 1646 731 1664 cor
739 1638 826 1672 populi
835 1638 943 1673 Itujus,et

162 1689 247 1717 oculos
257 1689 311 1724 ejus
322 1696 398 1723 gravu
406 1686 480 1722 (Isai.
488 1693 523 1718 vt,
533 1684 576 1720 10)
590 1694 596 1712 :
608 1689 634 1711 et
646 1692 736 1711 eorum
745 1691 794 1711 vox
806 1688 845 1710 cst
856 1684 881 1711 in
890 1684 942 1711 alio

162 1735 273 1770 psalmo,
287 1733 410 1767 Quoniam
417 1737 519 1767 gravata
527 1735 562 1757 est
569 1737 645 1765 super
653 1737 690 1756 me
698 1737 786 1755 manus
797 1733 840 1754 tua
855 1728 940 1765 (Psal.

162 1790 235 1812 xxxt.
251 1781 291 1814 ι).
307 1779 339 1807 Ut
353 1786 417 1813 ergo
431 1784 484 1804 non
498 1779 687 1811 cognoscerent
702 1778 763 1801 tttnc
777 1773 940 1800 divinitatem

162 1826 258 1854 Christi
273 1826 280 1841 ¹
296 1825 305 1860 (
321 1824 342 1851 si
358 1823 424 1850 enim
440 1821 640 1856 cognovissent,
655 1826 787 1853 nunquam
800 1818 940 1845 Dominttm

162 1873 253 1909 gloria:
278 1870 469 1899 cruciﬁxissent
497 1867 517 1903 [Ι
534 1867 591 1893 Cor.
607 1873 636 1898 tt,
661 1864 720 1900 8]:
742 1872 794 1891 non
817 1864 941 1892 crucilixo

162 1908 250 1946 autem
265 1915 375 1944 Domino
387 1935 393 1946 ,
410 1913 514 1948 sanguis
528 1911 596 1938 illius
609 1918 661 1937 non
683 1908 825 1937 redimeret
846 1908 939 1935 orbem

162 1970 290 1992 terrarum
303 1962 322 1997 ),
336 1960 397 1995 quid
412 1958 465 1994 egit
477 1958 545 1985 Deus
557 1977 563 1988 ,
579 1956 628 1983 nisi
642 1954 712 1990 quod
725 1954 762 1981 ait
775 1953 920 1988 Apostolus
933 1973 940 1985 ,

162 2009 325 2038 altitudinem
340 2005 487 2034 divitiarum
499 2002 635 2037 sapientiae
646 2006 673 2028 et
687 2000 804 2028 scientiae
820 1999 881 2032 Dei,
898 1999 941 2026 ubi

163 2056 290 2084 exclamat
307 2063 315 2081 ε
332 2053 353 2080 0
366 2051 472 2079 altitudo
487 2049 629 2076 divitiarum
641 2047 773 2080 sapientia:
792 2051 815 2073 et
834 2046 944 2073 scientia:

163 2102 210 2130 Dei
221 2102 230 2128 !
242 2108 317 2136 quam
330 2094 587 2133 incomprehensibilia
601 2098 658 2121 sunt
665 2092 764 2128 judicia
777 2092 831 2127 ejus
843 2112 850 2125 ,
861 2096 883 2118 et
902 2091 942 2118 in-

162 2147 316 2182 aestigabilcs
328 2145 373 2172 uia:
383 2142 458 2179 ejus!
473 2141 534 2175 Quis
545 2142 611 2168 enim
631 2138 744 2174 cognovit
765 2146 864 2165 sensum
886 2136 942 2164 Do-

163 2193 248 2221 mini?
260 2196 303 2218 aut
316 2191 371 2226 quis
390 2187 548 2216 consiliarius
570 2186 623 2220 ejus
647 2184 716 2219 fuit?
733 2183 782 2209 Aut
803 2183 857 2216 quis
876 2182 944 2217 prior

163 2239 231 2266 dedit
246 2238 283 2265 tlli
297 2257 304 2269 ,
317 2241 340 2263 et
353 2234 500 2262 retribuetur
515 2231 536 2258 ei
545 2232 557 2258 ἰ)
573 2230 697 2264 Quoniam
722 2236 753 2255 ea:
776 2229 830 2263 ipso
840 2249 847 2258 ,
863 2233 886 2255 ct
901 2236 945 2262 per

163 2287 266 2320 ipsum,
279 2288 301 2310 et
316 2283 342 2309 in
356 2282 411 2316 ipso
430 2284 489 2307 sunt
507 2277 614 2307 omnia;
634 2275 683 2311 ipsi
703 2274 785 2309 gloria
806 2275 832 2301 in
853 2273 945 2320 strcula

163 2319 321 2358 circulorum.
335 2326 477 2362 Apostolus
491 2324 540 2351 hoc
562 2322 625 2349 dicit
637 2330 643 2351 :
659 2321 720 2356 quia
741 2320 860 2355 superius
871 2319 945 2346 dixe-

164 2381 205 2405 rat
217 2385 224 2403 :
236 2374 338 2402 Ciuitas
349 2380 379 2399 ea:
389 2376 458 2406 parte
470 2368 551 2397 Israel
562 2370 628 2403 facta
640 2371 690 2399 est,
703 2371 729 2393 ut
739 2365 868 2401 plenitudo
880 2364 946 2392 Gan-

165 2422 227 2447 tiutit
241 2420 361 2449 intraret,
378 2421 401 2443 et
420 2415 455 2442 sic
469 2413 549 2441 omnis
560 2412 641 2439 Israel
661 2411 743 2438 salvus
757 2411 825 2445 fieret
838 2409 847 2444 (
868 2409 943 2436 Rom.

164 2452 309 2497 xt.35—36,
331 2462 377 2495 25,
399 2460 433 2487 26
445 2459 467 2496 ).
494 2457 624 2486 Excaecati
648 2461 709 2484 sunt
731 2463 795 2490 ergo
818 2463 849 2482 ex
871 2460 945 2490 parte

164 2512 248 2540 Jlldiﬁl
259 2531 267 2543 ,
279 2509 374 2536 merito
385 2505 514 2541 superbia:
524 2512 591 2535 suae,
607 2503 666 2538 quia
679 2502 801 2537 sejustos
813 2501 943 2534 dicebant;

164 2562 193 2584 et
204 2554 327 2584 excmcati
341 2552 526 2581 crucilixerunt
541 2549 689 2576 Dominum.
704 2546 794 2574 Posuit
806 2554 885 2580 super
899 2554 945 2573 eos

166 2609 272 2631 manuni
286 2607 359 2627 suam
371 2619 378 2631 ,
403 2605 436 2624 ne
460 2595 579 2623 viderent
600 2601 659 2621 eum
672 2614 680 2626 ,
703 2592 788 2620 donec
803 2591 944 2624 transiret,

165 2648 267 2677 scilicet
278 2646 311 2673 de
322 2645 373 2672 hoc
386 2642 484 2670 mundo
496 2641 528 2668 ad
544 2640 658 2667 Patrem.
676 2638 816 2665 Videamus
837 2637 858 2664 si
872 2641 946 2672 post-

167 2701 279 2729 eaquam
304 2690 425 2723 transiit,
451 2688 571 2715 viderunt
597 2684 741 2720 posteriora
763 2683 830 2729 ejus.
846 2683 947 2710 Resur-

166 2728 240 2769 rcxit
253 2738 379 2766 Dominus
391 2756 399 2767 .
422 2732 542 2769 apparuit
562 2730 698 2764 discipulis
718 2730 773 2756 suis
788 2728 884 2764 (Joaa.
899 2736 945 2761 xx,

170 2794 216 2815 ιιι
230 2786 240 2821 )
255 2789 281 2813 et
295 2782 417 2811 omnibus
427 2780 469 2815 qui
485 2780 510 2806 in
532 2784 592 2805 eum
612 2776 665 2812 jam
688 2774 872 2807 crediderant;
894 2781 946 2801 non

169 2862 210 2920 ab:
223 2865 263 2886 me
274 2861 298 2886 in
308 2858 364 2884 md.
376 2856 476 2885 additur,
484 2851 575 2887 gravati
583 2854 636 2878 sunt
647 2857 655 2876 :
663 2851 727 2883 quod
733 2856 747 2877 a
754 2850 880 2883 praecipuis
888 2852 942 2875 ttss.

203 2897 247 2919 rst-

203 2897 247 2919 rst-

671 172 866 201 ENARRATIO
885 172 917 201 IN
936 173 1093 202 PSALIIUM
1113 175 1264 204 CXXXVIII

1705 181 1771 210 ΠΜ

996 232 1035 257 eis
1049 238 1062 257 a
1078 231 1172 266 quibus
1185 232 1325 260 crucifixus
1339 237 1415 267 erat,
1429 234 1488 269 quia
1502 242 1582 271 super
1596 236 1656 264 illos
1664 244 1772 265 manum

996 283 1135 310 posuerat,
1149 277 1233 305 donec
1244 279 1377 306 transiret.
1392 280 1518 308 Ascendit
1530 286 1617 308 autem
1630 282 1655 309 in
1666 283 1773 315 ccelutn,

996 321 1165 357 quadraginta
1177 323 1270 351 diebus
1281 324 1355 351 factis
1368 333 1426 352 cum
1440 326 1576 361 discipulis
1584 328 1649 355 suis.
1663 328 1775 363 lmplcto

996 373 1082 394 autem
1095 369 1138 396 die
1154 369 1320 397 Pentecostes
1332 391 1339 401 .
1356 372 1426 398 misit
1438 372 1477 399 eis
1491 373 1619 407 Spiritum
1641 381 1771 403 sancttttn.

997 412 1098 447 Repleti
1113 414 1210 448 Spiritu
1234 420 1343 449 sancto,
1372 423 1511 451 coeperunt
1534 420 1650 446 omnium
1676 420 1772 455 linguis

996 458 1075 493 loqui,
1086 459 1129 493 qui
1140 459 1165 485 in
1177 465 1226 486 una
1240 461 1292 487 nati
1303 466 1388 493 erant,
1398 466 1424 489 et
1435 470 1511 490 uuam
1523 464 1606 491 solam
1617 464 1774 493 didicerant.

996 503 1179 538 Expavcrnnt,
1205 510 1232 532 et
1257 507 1450 533 exhorruerunt
1474 512 1573 534 tantum
1601 509 1774 542 miraculum,

996 548 1075 574 millia
1089 556 1179 575 eorum
1194 550 1237 583 qui
1252 550 1435 578 crucifixerant
1455 551 1591 579 Dominum
1605 562 1611 579 :
1625 555 1775 588 compnncti

995 593 1075 621 c0rde
1088 593 1121 620 de
1136 598 1208 621 tanto
1236 595 1378 628 miraculo,
1402 597 1564 630 quassierunt
1583 599 1720 626 consilium
1742 600 1775 627 ab

995 638 1129 672 Apostolis
1140 659 1147 670 ,
1162 639 1224 673 quid
1239 639 1367 672 facerent,
1380 646 1551 676 posteaquam
1566 643 1604 670 eis
1617 644 1775 678 pra-dicatus

995 688 1036 710 est
1049 683 1167 711 Christus
1180 703 1190 717 ,
1203 686 1357 713 mirantibus
1366 687 1434 713 unde
1445 687 1532 715 idiota:
1545 688 1665 716 homines
1679 689 1775 724 linguis

994 728 1116 756 omnibus
1130 730 1306 764 loquerentur.
1328 731 1379 758 Per
1402 732 1507 759 Petrum
1532 734 1610 769 igitur
1625 736 1774 769 apostolum

993 774 1148 801 annuntiato
1155 775 1194 802 eis
1202 775 1319 809 Christo,
1335 784 1412 811 quem
1427 778 1451 804 in
1465 785 1542 805 cruce
1553 783 1775 814 contempserant,

994 828 1072 854 quem
1098 826 1220 856 tanquam
1244 823 1381 850 mortalem
1406 823 1538 851 hominem
1562 825 1714 854 irriserant:
1735 826 1775 853 cui

995 871 1133 900 propterea
1161 867 1337 900 insnltahant,
1363 869 1423 903 quia
1438 869 1471 897 de
1486 878 1563 897 eruca
1588 879 1638 898 non
1661 872 1773 899 descen-

995 910 1089 943 debat,
1105 920 1163 939 cum
1178 913 1266 948 utique
1282 914 1366 948 majus
1381 915 1465 942 ntttlto
1481 916 1557 943 fuerit
1569 918 1638 951 quod
1652 917 1722 950 fecit,
1743 919 1776 946 de

994 958 1116 992 sepulcro
1130 966 1267 994 resurgere
1279 980 1286 992 ,
1301 967 1379 994 (Illam
1393 961 1426 988 de
1439 969 1517 989 cruce
1532 962 1692 990 descendere
1709 973 1714 989 :
1727 972 1776 990 an-

996 1003 1114 1030 nuntiuto
1129 1011 1191 1039 ergo
1204 1005 1253 1031 sibi
1268 1005 1374 1032 Christo
1397 1006 1520 1034 dixerunt
1532 1028 1539 1037 .
1555 1008 1621 1040 Quid
1636 1009 1777 1044 faciemus?

996 1048 1034 1075 llli
1048 1050 1091 1084 qui
1104 1050 1245 1077 smvicrunt
1258 1051 1284 1077 in
1299 1051 1437 1079 Dominum
1450 1073 1457 1086 ,
1474 1061 1550 1087 quem
1565 1054 1688 1081 videbant
1699 1075 1705 1086 ,
1719 1055 1773 1089 jam

995 1095 1132 1122 consilium
1155 1101 1246 1130 petunt
1268 1097 1379 1130 salutis;
1401 1104 1425 1126 et
1451 1099 1548 1127 dictum
1569 1106 1609 1127 est
1632 1102 1670 1127 eis
1685 1111 1690 1128 :
1708 1102 1778 1137 Agite

996 1141 1163 1173 penitentiam
1176 1163 1183 1174 ,
1194 1147 1217 1168 et
1231 1142 1369 1177 baptizetur
1384 1146 1553 1180 unusquisque
1569 1152 1676 1173 vestrum
1691 1148 1716 1174 in
1730 1156 1777 1174 no-

995 1187 1062 1213 mine
1078 1186 1179 1214 Domini
1193 1189 1271 1214 nostri
1289 1188 1351 1215 Jcsu
1370 1189 1477 1222 Christi;
1497 1196 1519 1217 et
1541 1192 1695 1218 dimittantur
1710 1193 1778 1220 vobis

995 1237 1096 1267 peccata
1115 1238 1195 1259 vestra
1212 1233 1222 1267 (
1235 1234 1290 1260 Act.
1303 1241 1320 1266 t,
1338 1242 1354 1260 tt
1365 1234 1385 1269 ).
1407 1235 1474 1262 Ecce
1496 1235 1618 1263 viderunt
1632 1238 1777 1271 posteriora

995 1278 1062 1313 ejus,
1073 1278 1148 1313 cuius
1161 1279 1253 1306 faciem
1268 1280 1357 1307 videre
1373 1289 1423 1307 non
1439 1287 1590 1316 potuerunt.
1605 1283 1697 1310 Manus
1707 1284 1777 1311 enim

995 1325 1052 1359 ejus
1066 1330 1124 1351 erat
1136 1332 1217 1359 super
1227 1325 1318 1352 oculos
1329 1333 1432 1359 eorum;
1445 1335 1495 1353 non
1510 1335 1622 1362 semper.
1637 1329 1682 1355 sed
1693 1329 1778 1357 (lance

996 1371 1128 1398 transiret.
1155 1371 1328 1406 Posteaquam
1358 1373 1474 1405 transiit,
1496 1374 1603 1401 abstulit
1619 1383 1724 1402 manum
1744 1376 1778 1403 ab

995 1417 1079 1444 oculis
1091 1425 1181 1444 eorum
1196 1418 1298 1444 :ablata
1319 1426 1396 1445 mantt
1423 1419 1455 1445 al)
1477 1419 1561 1446 oculis
1587 1421 1662 1452 suis,
1686 1421 1779 1448 dicunt

995 1462 1131 1497 discipulis
1141 1484 1148 1495 ,
1165 1463 1231 1496 Quid
1251 1463 1392 1497 faciemus?
1406 1464 1494 1494 Primo
1509 1466 1570 1491 Szlwi
1584 1486 1591 1498 ,
1607 1471 1698 1498 postea
1722 1466 1755 1500 pii
1768 1475 1776 1499 ;

996 1509 1081 1543 primo
1096 1509 1154 1536 irati
1165 1530 1172 1540 .
1187 1514 1277 1544 postea
1293 1509 1394 1542 timidi;
1408 1510 1492 1544 primo
1507 1511 1563 1537 duri
1576 1532 1582 1542 ,
1598 1516 1686 1546 pastea
1702 1512 1776 1543 flexi;

996 1555 1081 1590 primo
1096 1555 1157 1582 emet
1171 1576 1177 1587 ,
1191 1560 1282 1590 postea
1298 1555 1445 1583 illuminati.

1030 1601 1056 1629 9.
1071 1601 1137 1628 Puto
1153 1601 1221 1636 quod
1236 1609 1408 1636 agnoscamus
1422 1607 1447 1629 et
1463 1602 1488 1629 in
1512 1602 1563 1630 hoc
1587 1603 1688 1637 psalmo
1701 1611 1778 1631 voces

995 1646 1142 1681 hujusmodi
1155 1646 1233 1673 etiant
1248 1646 1369 1673 Gentium
1385 1647 1577 1674 recordantium
1599 1647 1777 1676 infidelitatem

993 1697 1078 1718 suam.
1101 1690 1227 1718 Conclusit
1250 1691 1315 1717 enim
1342 1691 1409 1718 Deus
1429 1700 1513 1719 omnes
1528 1692 1553 1719 in
1577 1693 1732 1727 inﬁdelitate.
1750 1698 1779 1720 ut

993 1737 1103 1764 omnium
1115 1737 1258 1763 misereatur
1270 1737 1278 1771 (
1293 1736 1367 1763 Rom.
1382 1745 1418 1769 xt,
1440 1737 1474 1764 52
1489 1736 1509 1772 ).
1523 1737 1561 1764 Tu
1572 1738 1667 1772 ﬁnxisti
1691 1747 1740 1771 me,
1754 1743 1778 1765 et

993 1783 1097 1817 posuisti
1110 1790 1185 1817 super
1199 1790 1237 1809 me
1251 1791 1352 1809 manum
1366 1788 1444 1810 tuam.
1466 1783 1602 1817 Mirificata
1618 1789 1654 1811 est
1674 1785 1779 1812 scientia

993 1832 1036 1854 tua
1048 1835 1078 1854 ea;
1093 1835 1131 1853 me
1144 1835 1154 1854 .'
1167 1827 1271 1854 invaluit
1284 1836 1293 1860 ;
1307 1836 1355 1854 non
1377 1833 1463 1862 potero
1477 1829 1510 1855 ad
1522 1829 1603 1856 illam.
1618 1829 1703 1856 Veluti
1730 1838 1776 1865 po-

993 1871 1067 1899 suisti
1081 1878 1161 1905 super
1183 1879 1224 1898 me
1238 1879 1343 1898 manuni
1357 1877 1426 1898 tuam
1445 1881 1452 1898 :
1468 1872 1550 1899 mirus
1560 1873 1623 1900 mihi
1635 1873 1717 1901 factus
1724 1882 1752 1902 es
1768 1883 1776 1905 ;

994 1924 1046 1944 non
1061 1921 1085 1943 te
1098 1916 1292 1951 comprehendo
1304 1924 1363 1943 cum
1377 1925 1429 1952 qtto
1437 1925 1519 1944 eram.
1534 1918 1615 1951 Quam
1629 1918 1711 1946 facilis
1726 1919 1777 1946 mi—

993 1961 1020 1989 bi
1030 1967 1086 1989 erat
1098 1962 1184 1989 vultus
1195 1962 1287 1997 patris,
1298 1962 1402 1997 quando
1414 1962 1478 1995 dixi,
1491 1962 1531 1990 Da
1541 1963 1603 1990 milii
1614 1963 1778 1992 substantiam

993 2016 1084 2041 nteant,
1097 2016 1152 2043 qua:
1165 2016 1203 2034 me
1216 2008 1345 2043 contingit.
1369 2008 1435 2035 Ecce
1459 2008 1575 2043 profecto
1602 2009 1627 2036 in
1644 2010 1777 2045 regionem

994 2052 1162 2089 longinquam
1182 2058 1209 2081 et
1231 2053 1298 2081 fame
1322 2054 1457 2089 contrit0(
1476 2054 1537 2081 Luc.
1560 2063 1643 2088 xxxv,
1660 2056 1742 2083 {2-H
1754 2056 1776 2091 ),

994 2100 1105 2127 multum
1119 2099 1183 2126 mihi
1192 2103 1242 2132 est,
1259 2105 1285 2126 et
1299 2099 1371 2126 labor
1383 2104 1422 2126 est
1436 2104 1497 2127 ante
1524 2108 1566 2128 me
1581 2109 1589 2133 ;
1604 2109 1655 2127 non
1670 2108 1776 2135 possunt

995 2145 1130 2180 percipere
1143 2144 1212 2180 qttod
1237 2145 1334 2172 dimisi.
1361 2144 1498 2179 Miriﬁcata
1520 2150 1557 2172 est
1572 2146 1654 2178 enim,
1682 2146 1776 2181 inquit,

995 2190 1095 2216 scientia
1107 2194 1150 2216 tua
1162 2198 1192 2216 ea:
1210 2198 1257 2216 me.
1275 2189 1314 2217 Ex
1337 2195 1444 2225 peccato
1459 2198 1517 2218 meo
1529 2190 1624 2218 factum
1638 2196 1716 2219 estut
1727 2192 1780 2219 mi.

995 2235 1095 2263 rilicata
1119 2234 1182 2262 milti
1197 2240 1276 2269 esset,
1304 2240 1330 2263 et
1352 2235 1622 2270 incomprehensibilis
1645 2237 1708 2264 mihi
1721 2237 1779 2264 exi.

995 2284 1086 2308 steret.
1111 2279 1176 2307 Nam
1206 2285 1262 2308 erat
1289 2280 1353 2308 mihi
1378 2280 1491 2308 facilitas
1513 2282 1706 2315 contemplandi
1733 2287 1781 2316 te,

995 2326 1100 2362 quando
1119 2334 1170 2353 non
1195 2326 1318 2361 superbia
1344 2327 1498 2362 reliqueram
1526 2331 1560 2354 te.
1585 2328 1721 2360 Miriﬁcata
1744 2334 1780 2355 est

996 2372 1099 2399 scientia
1113 2378 1157 2399 tua
1168 2381 1199 2399 ex
1212 2381 1251 2399 me
1264 2380 1272 2399 :
1283 2372 1385 2399 invaluit
1399 2381 1408 2404 ;
1423 2381 1471 2399 non
1486 2377 1571 2407 poterd
1579 2373 1613 2399 ad
1631 2373 1701 2400 illam
1715 2373 1779 2402 :scd

996 2418 1130 2450 subaudis,
1146 2426 1177 2445 ea;
1196 2426 1243 2445 me.
1268 2417 1328 2444 Non
1352 2423 1436 2452 potero
1459 2418 1492 2444 ad
1506 2418 1577 2445 illam
1598 2427 1629 2446 ca:
1643 2427 1691 2446 me.
1712 2418 1780 2447 Cum

997 2471 1060 2499 ergo
1070 2469 1171 2499 potero,
1182 2471 1233 2491 non
1245 2468 1337 2498 potero
1351 2463 1402 2490 nisi
1416 2471 1448 2490 ex
1463 2468 1498 2490 te.

1033 2510 1074 2538 l0.
1089 2509 1099 2546 Ῐ
1112 2518 1174 2536 vers.
1190 2509 1235 2545 7.]
1249 2509 1316 2536 Ecce
1333 2509 1433 2535 invenis
1447 2508 1472 2535 in
1487 2509 1629 2544 longinquo
1644 2508 1781 2543 fugitivum

997 2562 1049 2582 non
1065 2555 1145 2582 latere
1153 2554 1243 2581 oculos
1255 2553 1313 2588 ejus
1326 2561 1340 2580 a
1356 2561 1408 2588 quo
1425 2553 1498 2589 fugit.
1513 2554 1547 2581 Et
1569 2562 1626 2588 quo.
1644 2556 1726 2581 iturus
1739 2559 1781 2581 est

995 2600 1059 2634 jam,
1074 2599 1150 2634 cujus
1162 2599 1237 2626 limes
1260 2599 1476 2634 estinvcsligattts
1489 2599 1500 2626 ?
1515 2599 1606 2627 Videte
1618 2599 1679 2634 quid
1694 2599 1756 2626 dicit
1772 2608 1780 2629 :

1000 2647 1054 2680 Quo
1064 2646 1103 2673 ibo
1116 2645 1238 2680 aSpin'tu
1250 2645 1311 2672 tuo?
1324 2645 1437 2680 Spiritus
1457 2645 1527 2673 ettim
1552 2645 1655 2673 Domini
1671 2645 1781 2680 replevit

998 2692 1088 2720 orbem
1102 2697 1229 2719 terrarum
1247 2691 1256 2726 (
1273 2691 1337 2726 Sap.
1349 2699 1368 2723 I,
1383 2692 1399 2718 7
1412 2691 1423 2727 )
1440 2700 1447 2718 :
1464 2692 1523 2726 quis
1550 2695 1636 2726 potest
1650 2691 1739 2726 fugere
1753 2691 1780 2719 in

998 2737 1096 2764 mundo
1106 2737 1193 2764 abillo
1212 2736 1321 2771 Spiritu,
1344 2744 1397 2772 quo
1413 2736 1503 2771 plenus
1515 2741 1555 2764 est
1568 2736 1703 2763 mundus?
1722 2736 1779 2769 Quo

998 2773 1038 2810 ibo
1048 2791 1064 2809 a
1074 2782 1171 2818 Spiritu
1181 2786 1223 2809 tuo
1237 2782 1249 2808 9
1273 2786 1295 2808 et
1308 2789 1356 2816 quo
1380 2790 1396 2808 a
1409 2781 1472 2816 facie
1492 2786 1534 2808 tua
1548 2781 1642 2817 fugiant
1654 2782 1667 2809 Ρ
1683 2782 1783 2811 Locum

999 2829 1094 2864 quierit
1124 2836 1176 2863 qtto
1196 2827 1277 2863 fugiat
1296 2828 1329 2855 ab
1353 2828 1390 2855 ira
1418 2828 1474 2855 Dei.
1489 2827 1552 2861 Quis
1578 2832 1619 2855 est
1640 2828 1713 2855 locus
1736 2836 1783 2856 re-

1001 2880 1126 2910 cepturus
1157 2874 1292 2909 fugitivum
1313 2873 1384 2901 Dei!
1416 2873 1541 2903 Homines
1570 2876 1613 2909 qui
1637 2874 1779 2909 susciplud
