4082 6204
506 345 643 403 .1791

496 458 773 525 .fugitivos,
798 455 1150 527 ’qnarnmtah
1193 453 1289 519 eis,
1317 469 1346 508 a
1375 459 1479 523 quo
1521 452 1786 523 fugerint;
1831 460 1884 505 et
1909 466 2064 520 quem

511 565 714 603 servum
756 547 1049 602 invenerint
1096 546 1315 614 alicujus
1355 544 1551 599 domini
1596 542 1770 598 minus
1815 530 2065 612 potentis,

511 649 752 709 tanquam
774 640 887 693 sine
914 639 1019 692 ullo
1061 638 1250 692 timore
1270 637 1582 707 suscipiunt,
1610 636 1845 692 dicentes
1874 636 1924 689 in
1950 650 2067 689 cor-

509 731 579 783 de
600 746 696 783 suo
723 748 738 785 :
769 731 877 785 Non
908 731 1067 784 habet
1113 732 1209 785 iste
1260 731 1411 783 talem
1442 731 1709 783 dontinum
1731 746 1759 782 a
1790 746 1892 800 quo
1940 744 2066 799 pos-

506 822 576 874 sit
622 822 942 892 investigari.
969 820 1101 876 Cum
1128 832 1301 876 autem
1352 822 1611 875 audierint
1654 822 1923 875 dominum
1975 837 2070 891 po»

508 923 722 976 tentem,
745 924 835 968 aut
864 931 967 968 non
1007 915 1314 983 suscipiunt,
1343 924 1433 968 aut
1481 929 1599 967 cum
1657 929 1844 985 magno
1875 914 2067 968 timore

504 1003 793 1073 suscipiunt
820 1025 836 1059 :
864 1005 983 1074 quia
1005 1016 1057 1057 et
1086 1004 1241 1057 homo
1271 1012 1456 1075 potens
1488 1004 1589 1057 falli
1617 1014 1805 1071 potest.
1838 1003 1935 1058 Ubi
1957 1019 2063 1059 non

504 1104 587 1147 est
614 1094 792 1148 Deus?
823 1096 939 1164 quis
967 1094 1095 1148 fallit
1132 1095 1295 1149 Deum
1316 1094 1338 1147 ?
1359 1108 1511 1163 quem
1541 1108 1641 1146 non
1660 1093 1798 1147 videt
1822 1093 2004 1148 Deus?
2033 1108 2063 1148 a

505 1197 609 1250 quo
636 1183 905 1253 fugitivum
933 1200 1083 1239 suum
1113 1200 1216 1239 non
1243 1186 1431 1253 repetit
1478 1185 1615 1238 Dens
1639 1184 1662 1237 ?
1684 1182 1798 1250 Quo
1819 1199 1944 1254 ergo
1970 1184 2065 1239 ibit
2132 1250 2139 1255 θ

506 1271 752 1342 fugitivus
781 1274 880 1329 iste
906 1288 934 1327 a
971 1274 1102 1329 facie
1131 1274 1221 1328 Dei
1249 1275 1272 1329 ?
1302 1273 1465 1329 Vertit
1494 1289 1552 1329 se
1588 1273 1685 1330 hac
1711 1282 1868 1344 atque
1921 1274 2060 1340 illac,

502 1364 650 1432 quasi
672 1379 915 1432 qumrens
939 1364 1109 1419 locum
1131 1365 1264 1435 fugze
1282 1381 1411 1421 suae.

578 1455 663 1508 ll.
691 1452 712 1527 [
737 1471 863 1509 vers.
890 1454 966 1528 8.]
1013 1455 1073 1511 Si
1118 1456 1402 1522 escendero,
1454 1456 1639 1525 inquit,
1685 1457 1737 1509 in
1779 1456 1979 1522 caelum,
2008 1465 2062 1509 tu

504 1546 569 1598 ibi
598 1562 650 1600 es
672 1547 751 1609 ;si
774 1546 1068 1600 descendere
1105 1548 1158 1600 in
1200 1547 1476 1619 infernum,
1532 1546 1668 1600 ades.
1710 1545 1940 1599 Tandem
1966 1560 2061 1600 co-

503 1638 753 1706 gnovisti,
784 1637 920 1694 male
946 1638 1175 1709 fugitive,
1203 1638 1346 1692 nullo
1374 1646 1527 1709 pacto
1561 1646 1611 1692 te
1638 1651 1793 1707 posse
1815 1636 1923 1691 fieri
1944 1636 2063 1690 lon-

503 1743 569 1795 ge
590 1727 657 1782 ab
675 1743 761 1796 eo,
784 1743 813 1783 a
832 1743 945 1798 quo,
960 1729 1299 1799 longinquare
1340 1728 1570 1785 voluisti.
1594 1727 1731 1784 Ecce
1759 1727 1845 1781 ille
1869 1727 2063 1798 ubique

500 1827 585 1873 est
613 1836 627 1872 :
659 1827 732 1882 tu,
759 1834 863 1889 quo
890 1820 1057 1874 iturus
1075 1835 1133 1874 es
1156 1822 1181 1874 ?
1209 1819 1412 1875 Invenit
1436 1819 1732 1882 consilium,
1758 1826 1813 1874 et
1858 1817 1958 1873 hoc
1992 1817 2061 1873 ab

505 1912 596 1965 illo
622 1913 711 1981 qui
761 1928 881 1966 eum
930 1912 1037 1981 jam
1074 1926 1322 1968 revocare
1376 1911 1620 1981 dignatur
1640 1910 1969 1981 inspiratum.
1999 1908 2061 1965 Si

502 2004 769 2058 ascendere
793 2006 843 2056 in
870 2003 1069 2069 caelum,
1108 2013 1160 2057 tu
1186 2004 1254 2057 ibi
1274 2020 1324 2057 es
1350 2021 1368 2068 ;
1396 2003 1440 2057 si
1476 2001 1773 2056 descendere
1820 2002 1873 2056 in
1898 2002 2058 2074 infer-

503 2093 796 2155 num,ades.
820 2094 876 2148 Si
907 2109 991 2148 me
1015 2094 1268 2157 extulero,
1299 2102 1350 2149 te
1404 2092 1614 2148 invenio
1650 2107 2007 2163 repressorem
2039 2109 2054 2159 ;

496 2189 545 2242 si
586 2187 1038 2253 uteabscondero,
1083 2197 1134 2241 te
1179 2186 1387 2242 invenio
1429 2185 1826 2256 inquisitorem;
1857 2192 1923 2239 et.
1950 2200 2057 2240 non

503 2279 858 2349 inquisitorem
889 2287 1109 2344 tantum,
1141 2277 1235 2333 sed
1270 2287 1323 2333 et
1359 2277 1805 2349 investigatorem.
1833 2275 1889 2333 Si
1908 2276 2051 2333 enim

498 2370 804 2439 superhiero
830 2368 896 2425 de
919 2368 1118 2440 justitia
1150 2384 1287 2436 mea,
1306 2378 1361 2424 tu
1404 2369 1472 2425 ibi
1498 2384 1577 2436 es,
1607 2369 1756 2440 cujus
1807 2378 1889 2425 est
1929 2384 2054 2426 vera

492 2462 713 2532 justitia.
743 2463 796 2518 Si
827 2462 1092 2533 peccando
1112 2478 1307 2519 venero
1341 2462 1391 2518 in
1422 2461 1736 2535 profundum
1771 2462 2052 2532 malorum,

495 2562 550 2607 et
599 2553 836 2609 confiteri
878 2554 1290 2625 contempsero(
1324 2553 1473 2608 Prov.
1520 2569 1664 2617 xvm,
1694 2552 1790 2626 '5),
1844 2552 2050 2620 dicens,

495 2644 619 2708 Quis
639 2660 716 2697 me
739 2644 869 2698 videt
891 2643 1087 2717 (Eccli.
1115 2660 1262 2710 χχιιι,
1283 2643 1393 2716 ‘35)
1419 2643 1444 2697 ?
1468 2644 1521 2698 in
1545 2644 1740 2713 inferno
1774 2644 1913 2700 enim
1942 2645 2052 2715 quis

495 2737 808 2805 conﬁtebitur
850 2737 937 2791 tibi
965 2736 985 2808 (
1011 2722 1159 2791 Psat.
1204 2752 1275 2800 Vl,
1323 2735 1432 2806 6)?
1469 2737 1627 2792 etiam
1658 2736 1768 2792 illic
1810 2737 1957 2801 ades,
1994 2746 2052 2794 ut

495 2828 746 2883 vindices.
773 2829 887 2897 Quo
911 2844 1037 2900 ergo
1067 2832 1233 2884 iturus
1261 2843 1399 2896 sum,
1428 2836 1484 2883 ut
1509 2842 1537 2882 a
1562 2827 1699 2884 facie
1718 2838 1805 2884 tua
1831 2827 2046 2900 fugiam,

493 2919 543 2973 id
570 2930 669 2985 eSt,
695 2920 881 2975 iratum
905 2929 955 2975 te
980 2935 1083 2975 non
1104 2921 1325 2976 sentiam
1354 2921 1380 2975 ?

565 3008 648 3063 1‘2.
674 3008 840 3083 [vers.
861 3009 915 3065 9.
939 3007 962 3083 ]
993 3010 1105 3066 Hoc
1131 3011 1407 3067 consilium
1430 3010 1630 3068 invenit
1659 3028 1674 3067 :
1700 3012 1788 3069 Sic
1830 3011 2045 3083 fugiam,

492 3100 677 3171 inquit,
695 3116 724 3155 a
754 3100 885 3157 facie
908 3112 1015 3168 tua,
1043 3102 1121 3158 sic
1144 3102 1336 3175 fugiam
1361 3119 1390 3159 a
1410 3102 1606 3173 Spiritu
1638 3113 1759 3170 tuo;
1785 3104 1852 3160 ab
1878 3104 2049 3160 ultore

489 3195 706 3263 Spiritu,
756 3210 788 3249 a
831 3194 1045 3251 vindice
1064 3194 1216 3262 faeie,
1253 3197 1331 3251 sic
1378 3196 1590 3271 fugiam.
1639 3195 2048 3263 Quomodo?Si

490 3287 723 3356 recipiam
751 3303 936 3355 pennas
979 3303 1112 3342 meas
1160 3288 1213 3341 in
1256 3288 1517 3356 directum,
1547 3299 1594 3343 et
1630 3289 1862 3345 habitabo
1882 3290 1933 3343 in
1957 3305 2047 3344 ex-

490 3386 646 3429 trema
672 3377 823 3431 utaris
849 3378 866 3409 ¹
898 3394 911 3430 :
945 3378 1022 3432 sic
1049 3393 1263 3447 possum
1294 3378 1475 3450 fugere
1522 3396 1552 3435 a
1601 3379 1736 3436 facie
1772 3391 1879 3435 tua.
1907 3382 1964 3438 Si
1991 3382 2045 3438 ie

488 3475 723 3521 extrema
765 3466 923 3521 maris
951 3467 1062 3523 vult
1104 3466 1282 3539 fugere
1309 3484 1336 3521 a
1369 3468 1499 3525 facie
1541 3470 1653 3536 Dei,
1683 3470 1751 3526 ibi
1793 3486 1896 3526 non
1944 3473 2048 3529 erit

488 3557 574 3609 ille
594 3571 623 3609 a
650 3566 755 3625 quo
781 3556 924 3627 fugit,
960 3556 1027 3612 de
1054 3573 1158 3629 quo
1184 3558 1336 3623 dixit,
1369 3559 1431 3614 Si
1454 3561 1750 3616 descendere
1795 3562 1848 3617 in
1889 3562 2045 3633 infer-

485 3664 623 3712 7mm,
654 3646 773 3701 ades
800 3647 826 3701 ?
848 3647 1031 3703 Mirum
1060 3650 1105 3704 si
1133 3650 1185 3704 in
1213 3651 1462 3706 extremis
1504 3653 1665 3709 maris
1706 3669 1808 3710 non
1838 3656 2046 3726 est,qui

486 3753 582 3793 nec
610 3738 746 3809 apud
777 3738 970 3795 inferos
1011 3741 1180 3797 deest.
1224 3742 1329 3799 Sed
1362 3744 1508 3812 novi,
1559 3744 1749 3817 inquit,
1778 3749 2045 3818 quomodo

485 3828 677 3899 fugiam
696 3828 763 3883 ab
793 3830 866 3885 ira
895 3837 1002 3885 tua.
1031 3830 1363 3903 Recipienda:
1404 3842 1529 3889 sunt
1567 3850 1753 3905 penna:
1780 3853 1912 3893 mea:
1939 3853 2044 3894 non

486 3921 537 3974 in
566 3924 816 3991 pravum,
855 3922 948 3977 sed
996 3923 1047 3978 in
1092 3921 1370 3991 directum,
1417 3935 1474 3980 ut
1523 3940 1621 3982 nec
1667 3926 1719 3981 in
1762 3928 2043 3999 superbam

484 4013 1152 4085 erigarprmsumptionem,
1197 4033 1294 4073 nec
1324 4018 1374 4072 in
1423 4019 1679 4088 perditam
1698 4035 1905 4091 mergar
1944 4022 2043 4079 de-
2088 4038 2096 4047 '

484 4107 854 4187 sperationem.
880 4107 1020 4176 Quas
1058 4110 1263 4180 pennas
1302 4111 1412 4166 vult
1447 4127 1736 4178 assumere,
1781 4113 1881 4168 nisi
1913 4114 2042 4171 duas

484 4197 613 4258 alas,
632 4198 736 4253 duo
762 4209 1026 4270 pra-cepta
1042 4202 1310 4258 charitatis
1334 4203 1359 4257 ?
1387 4202 1442 4257 In
1467 4204 1657 4273 quibus
1681 4204 1881 4260 duobus
1910 4221 2046 4275 pra:-

484 4290 649 4357 ceptis
687 4301 792 4344 tota
844 4290 951 4346 Lex
1004 4292 1195 4361 pendet
1231 4304 1284 4349 et
1330 4294 1643 4367 Ρτοιιιιοιτιξ(
1673 4296 1855 4350 Matth;
1904 4312 2041 4364 xxn,

485 4379 608 4450 40).
639 4379 760 4443 llas,
791 4381 975 4451 inquit,
1005 4384 1134 4447 alas,
1166 4384 1261 4438 bas
1289 4401 1488 4455 pennas
1516 4388 1558 4441 si
1582 4388 1828 4459 recipiam
1862 4389 1960 4456 sic,
1989 4397 2046 4445 et

489 4472 733 4528 habitabo
764 4475 813 4529 in
832 4485 1064 4532 extrema
1092 4478 1271 4545 maris,
1299 4494 1513 4549 possum
1538 4480 1718 4551 fugere
1740 4498 1769 4536 a
1794 4481 1927 4538 facie
1958 4492 2045 4537 tua

485 4565 551 4617 ad
569 4564 751 4620 faciem
780 4576 941 4631 tuam,
968 4583 996 4621 a
1026 4567 1155 4622 facie
1182 4568 1297 4622 irati
1324 4569 1389 4637 ad
1417 4568 1602 4624 faciem
1652 4572 1861 4639 placati.
1908 4572 2044 4640 Quid

486 4653 627 4707 enim
659 4663 739 4709 est
776 4667 1068 4711 extremum
1107 4657 1285 4721 maris,
1343 4658 1441 4713 nisi
1480 4659 1597 4713 linis
1647 4660 1823 4715 sazcnli
1848 4662 1871 4714 Ῥ
1919 4661 2046 4719 Illuc

481 4746 588 4816 jam
616 4746 849 4801 volemus
873 4762 966 4819 spe
994 4760 1045 4804 et
1071 4748 1353 4817 desiderio,
1391 4750 1640 4807 habentes
1679 4753 1787 4807 alas
1823 4754 2045 4823 geminae

487 4835 758 4891 charitatis
791 4853 936 4891 :non
974 4839 1042 4893 sit
1089 4840 1241 4895 nobis
1282 4842 1507 4910 requies,
1562 4841 1660 4895 nisi
1712 4843 1763 4898 in
1800 4852 2044 4898 extremo

488 4926 666 4982 inuris.
700 4927 829 4982 Nam
858 4928 903 4983 si
953 4930 1076 4983 alibi
1128 4930 1359 5000 requiem
1413 4932 1753 4995 voluerimus,
1804 4935 1853 5013 in
1901 4951 2045 4990 mare

488 5021 946 5091 prmcipitahimur.
981 5023 1236 5079 'Volemus
1288 5042 1391 5097 quo
1429 5042 1594 5096 usque
1642 5028 1851 5082 finiatur
1880 5044 2042 5092 mare,

485 5114 869 5185 suspendamus
887 5130 983 5171 nos
1005 5117 1187 5185 pennis
1205 5118 1427 5187 gemina:
1443 5118 1740 5173 dilectionis
1760 5137 1771 5171 :
1791 5120 1855 5174 ad
1881 5121 2044 5175 Deum

490 5203 693 5259 interim
723 5222 816 5277 spe
837 5207 1090 5274 volemus,
1122 5217 1175 5263 et
1212 5209 1355 5263 illum
1381 5210 1535 5265 finem
1568 5212 1729 5268 maris
1771 5228 1863 5283 spe
1905 5213 2044 5267 fideli

487 5296 927 5366 przemeditcmur.

560 5388 641 5441 f5.
673 5386 694 5460 [
721 5394 846 5442 vers.
875 5390 962 5445 10.
989 5389 1010 5461 ]
1039 5390 1165 5456 Quis
1208 5400 1381 5444 autem
1430 5407 1526 5446 nos
1555 5393 1845 5462 perducat,
1872 5402 2044 5449 atten-

487 5474 594 5529 dite
625 5494 638 5528 :
673 5477 761 5533 ille
808 5479 919 5549 ipse
962 5481 1114 5550 cujus
1158 5480 1345 5536 faciem
1396 5483 1511 5537 irati
1555 5485 1796 5539 volumus
1842 5476 2047 5558 fugere.

487 5564 622 5632 Quid
651 5568 789 5622 enim
817 5569 1095 5639 sequitur?
1126 5571 1185 5628 Si
1207 5572 1502 5627 descendere
1529 5575 1580 5628 in
1616 5574 1886 5646 infernum,
1904 5576 2042 5631 ades.

488 5697 568 5805 ri;
595 5703 667 5745 Sic
686 5703 788 5746 Mss.
819 5700 950 5751 'uxta
969 5711 1178 5753 Graecum
1200 5713 1324 5755 LXX.
1362 5715 1415 5757 Αι
1445 5706 1553 5756 Edd.
1571 5742 1584 5767 ,
1618 5706 1666 5757 in
1696 5712 1921 5762 extremis
1944 5724 2045 5762 ma-

1711 339 1768 396 S.
1810 337 2167 396 AUGUSTINI
2208 338 2501 396 EPlSCOPl

3598 337 3743 395 ιτα
3772 362 3789 372 ο

2174 449 2234 505 Si
2247 452 2481 519 recipiam
2502 469 2689 522 pennas
2717 469 2850 509 meas
2876 455 2927 508 in
2953 455 3208 509 directum.
3239 452 3510 523 Recipiam,
3531 453 3736 524 inquit:

2169 553 2296 609 ergo
2309 541 2575 597 amiserat.
2598 543 2660 597 Si
2676 545 2910 614 recipiam
2935 561 3123 613 pennas
3157 559 3290 598 meas
3316 545 3368 597 in
3394 542 3657 598 directum.
3685 554 3743 600 et

2170 630 2399 684 habitabo
2418 633 2467 685 in
2495 633 2760 686 novissima
2798 635 2967 687 maris.
3011 634 3207 688 Etenim
3258 632 3381 687 illnc
3422 650 3600 688 manus
3642 645 3736 689 tua

2169 720 2378 775 deducet
2398 739 2493 786 me,
2525 733 2571 776 et
2591 724 2802 778 adducet
2830 724 3121 778 medertera
3148 734 3252 776 tua.
3272 723 3382 778 Hoc
3396 723 3735 795 meditemur,

2170 809 2358 866 fratres
2382 813 2709 879 charissimi;
2745 815 2856 868 haec
2892 814 2961 867 sit
2985 828 3107 883 spes
3136 824 3333 878 nostra,
3366 813 3480 868 hmc
3508 815 3576 868 sit
3601 830 3736 868 con-
3832 860 3842 871 .

2168 903 2357 957 solatio
2400 916 2598 959 nostra.
2639 906 2973 975 Recipiamus
3026 920 3226 975 pennas
3266 920 3360 975 per
3397 904 3734 967 charitntem,

2167 1009 2299 1064 quas
2344 996 2616 1051 amisimus
2655 1013 2747 1067 per
2791 994 3151 1066 cupiditatem.
3189 995 3457 1065 Cupiditas
3491 997 3632 1049 enim
3659 996 3731 1047 vi-

2167 1100 2313 1140 scum
2338 1086 2472 1141 facta
2525 1098 2606 1143 cst
2650 1103 2937 1157 pennarum
2989 1082 3481 1152 nostrarum;elisit
3523 1104 3619 1141 nos
3667 1090 3734 1143 de

2166 1176 2409 1233 libertate
2429 1179 2567 1232 aeris
2594 1179 2778 1244 nostri,
2828 1178 2879 1234 id
2904 1188 2987 1234 est
3029 1193 3275 1233 aurarum
3304 1177 3510 1232 illarum
3540 1178 3733 1232 libera-

2167 1285 2284 1325 rum
2311 1270 2535 1340 Spiritus
2555 1272 2667 1325 Dei.
2719 1270 2844 1326 inde
2896 1272 3011 1327 elisi
3060 1272 3382 1342 perdidimus
3422 1286 3642 1341 pennas.
3679 1284 3733 1326 et

2164 1359 2359 1417 fuimus
2382 1363 2768 1437 quodammodo
2809 1363 3052 1433 captivati
3079 1364 3129 1417 in
3176 1362 3393 1433 aucupis
3423 1372 3683 1432 potestate
3718 1382 3732 1417 :
3828 1376 3841 1397 κ

2165 1450 2289 1506 inde
2316 1466 2412 1506 nos
2454 1454 2707 1523 sanguine
2735 1468 2833 1509 suo
2861 1453 3104 1515 redemit,
3131 1468 3286 1523 quem
3317 1452 3543 1522 fugimus
3561 1464 3615 1506 ut
3642 1469 3732 1506 ca-

2165 1559 2428 1613 peremur.
2476 1543 2650 1600 Nutrit
2688 1544 2839 1600 nobis
2878 1558 3078 1615 pennas
3128 1542 3196 1598 de
3246 1544 3524 1614 pneceptis
3577 1544 3728 1606 suis;

2164 1633 2410 1704 erigimus
2434 1648 2524 1689 eas
2545 1634 2656 1701 jam
2684 1633 2798 1689 sine
2839 1634 3003 1689 visco.
3026 1633 3139 1687 Non
3166 1648 3403 1688 amemus
3443 1648 3609 1693 mare.
3635 1633 3728 1687 sed

2163 1724 2398 1779 volemus
2418 1724 2469 1778 in
2499 1733 2731 1779 extrema
2750 1724 2929 1780 maris.
2953 1722 3121 1780 Nemo
3146 1722 3372 1795 trepidet
3397 1737 3414 1789 ;
3454 1723 3549 1779 sed
3572 1739 3731 1777 uenio

2163 1813 2232 1870 de
2277 1816 2461 1885 pennis
2505 1816 2614 1872 suis
2679 1825 2962 1887 przesumat
2988 1834 3003 1871 :
3031 1816 3151 1888 quia
3197 1823 3252 1871 et
3301 1817 3601 1886 pennatos‘
3628 1817 3731 1872 nisi

2165 1909 2277 1980 ipse
2303 1911 2488 1982 erigat,
2518 1912 2620 1967 nisi
2646 1916 2759 1984 ipse
2786 1914 3031 1982 deducat,
3058 1914 3505 1985 prmcipitabimur
3528 1916 3581 1971 in
3603 1933 3727 1986 pro-

2164 2001 2321 2059 funda
2346 2005 2524 2071 maris,
2545 2005 2720 2061 lassati
2744 2015 2798 2061 et
2824 2005 3044 2078 fatigati,
3072 2007 3219 2076 quasi
3249 2018 3631 2076 prtesumentes
3657 2009 3729 2063 de

2161 2094 2359 2151 viribus
2391 2098 2603 2152 nostris.
2657 2097 2800 2168 Opus
2825 2113 2951 2170 ergo
2972 2107 3055 2154 est
3091 2107 3148 2153 ut
3176 2097 3465 2154 habeamus
3503 2093 3726 2172 pennas,

2160 2193 2216 2241 et
2242 2201 2373 2257 opus
2396 2196 2478 2242 est
2506 2197 2560 2242 ut
2584 2187 2697 2259 ipse
2720 2188 2977 2253 deducat;
3007 2189 3216 2260 adjutor
3243 2190 3384 2245 enim
3413 2201 3596 2245 noster
3618 2202 3723 2245 est.

2162 2274 2424 2332 llabemus
2446 2275 2665 2332 liberum
2694 2277 2969 2333 arbitrium
3000 2294 3016 2342 ;
3054 2278 3148 2335 sed
3174 2279 3263 2334 illo
3292 2279 3408 2350 ipso
3436 2280 3604 2335 libero
3630 2295 3722 2334 ar-

2158 2365 2316 2422 bitrio
2338 2378 2588 2437 quantum
2615 2383 2919 2439 possumus,
2950 2370 3069 2425 -nisi
3098 2385 3197 2427 nos
3234 2370 3456 2442 adjuvet
3509 2372 3597 2427 ille
3632 2372 3723 2443 qui

2151 2463 2346 2536 jubet?
2377 2464 2575 2522 Etenim
2609 2466 2732 2522 illuc
2755 2483 2933 2523 manus
2956 2475 3044 2522 tua
3066 2466 3276 2523 deducet
3313 2484 3411 2534 me,
3438 2476 3484 2521 et
3510 2467 3725 2522 adducet

2155 2573 2235 2612 me
2258 2558 2461 2614 dextera
2486 2569 2590 2613 tua.
3630 2634 3633 2637 _

2214 2650 2313 2704 Η.
2341 2647 2363 2723 [
2386 2664 2513 2704 vers.
2539 2649 2625 2705 ll.
2647 2647 2669 2722 ]
2692 2648 2759 2704 Et
2783 2649 3126 2706 considerans
3139 2648 3576 2720 longinquitatem
3601 2650 3719 2718 vim,

2151 2739 2279 2813 quid
2319 2741 2420 2798 sibi
2455 2741 2634 2797 dixit?
2672 2741 2739 2795 Et
2758 2741 2886 2810 dixi,
2919 2740 3157 2797 Fortasse
3195 2743 3409 2797 tenebrae
3450 2744 3720 2797 conculca-

2152 2830 2274 2885 bunt
2299 2833 2396 2887 me.
2443 2832 2584 2889 Ecce
2630 2831 2770 2890 enim
2792 2832 2901 2903 jam
2943 2832 3141 2888 credidi
3182 2833 3237 2889 in
3287 2832 3583 2898 Christum,
3605 2834 3718 2903 jatn
3794 2835 3805 2844 ’

2151 2923 2324 2994 erigor
2347 2922 2548 2981 duabus
2573 2922 2671 2980 alis
2697 2924 2920 2995 gemina:
2946 2925 3239 2993 charitatis,
3278 2936 3334 2981 et
3369 2922 3595 2982 abiindat
3616 2928 3718 2982 ini-

2150 3014 2323 3085 quitas
2350 3013 2516 3086 hujus}
2534 3012 2713 3071 seculi
2737 3024 2819 3081 ;et
2848 3016 3096 3086 quoniam
3137 3015 3425 3072 abundavit
3448 3017 3713 3087 iniquitas.

2150 3103 2442 3175 refrigescit
2481 3104 2711 3161 eharitas
2766 3106 3071 3160 multorum.
3106 3106 3195 3162 Sic
3239 3106 3373 3161 dixit
3416 3107 3717 3164 Dominus:

2153 3195 2401 3265 Quoniam
2434 3194 2705 3251 abundabit
2735 3196 2971 3268 iniquitas
2988 3238 3005 3264 ,
3030 3198 3312 3270 refrigescet
3332 3199 3555 3254 cher-itas
3589 3201 3749 3255 metr

2150 3296 2334 3342 torum.
2381 3286 2439 3342 In
2495 3288 2592 3343 ista
2620 3288 2726 3343 vita
2767 3288 2903 3344 inter
2928 3296 3068 3343 tanta
3116 3288 3384 3356 scandala,
3416 3289 3557 3345 inter
3610 3300 3714 3345 ιειιιι

2149 3378 2312 3432 multa
2360 3387 2593 3449 peccata,
2647 3378 2786 3434 inter
2859 3388 3028 3434 tantas
3067 3379 3249 3435 turbas
3286 3380 3711 3450 quotidianarum

2150 3468 2513 3531 tentationum,
2543 3467 2963 3539 quotidianarum
2986 3470 3383 3540 suggestionem
3434 3472 3709 3537 nialarum,

2148 3556 2273 3627 quid
2296 3556 2454 3625 facio,
2486 3558 2696 3627 inquit?
2720 3559 2985 3628 quomodo
3024 3560 3332 3629 perveniam
3381 3560 3449 3616 ad
3477 3571 3711 3617 extrema

2148 3647 2355 3703 maris?
2378 3647 2545 3705 Audio
2572 3649 2874 3705 terribiliter
2901 3665 2931 3704 a
2961 3650 3207 3719 Domino,
3265 3651 3516 3716 Quoniam
3556 3653 3711 3706 abun-

2147 3741 2284 3795 dabit
2308 3740 2561 3812 iniquitas,
2591 3742 2873 3813 refrigescet
2917 3742 3136 3797 cberites
3180 3744 3457 3799 multorum
3480 3760 3500 3799 :
3522 3744 3719 3801 deinde

2148 3832 2389 3903 subjecit,
2409 3834 2509 3900 Qui
2523 3834 2900 3908 perseveraverit
2926 3851 3080 3905 usque
3120 3835 3175 3890 in
3213 3835 3385 3905 ﬁnan,
3416 3836 3498 3890 hic
3545 3837 3714 3891 salva

2148 3924 2238 3976 erit
2257 3921 2466 3995 (Matth.
2480 3940 2625 3992 xxiv,
2644 3924 2732 3993 12,
2747 3925 2861 3997 l5).
2886 3926 3178 3982 Attendens
3201 3926 3577 3998 longitudinem
3593 3929 3707 3994 viae,

2148 4013 2256 4068 dixi
2285 4014 2432 4080 mihi,
2465 4014 2701 4069 Fortasse
2748 4016 2958 4070 tenebrae
2984 4017 3345 4072 conculcabunt
3392 4006 3492 4072 me.
3523 4018 3589 4072 Et
3612 4034 3713 4073 nos

2147 4104 2446 4159 illuminatio
2471 4107 2491 4137 ’
2519 4105 2573 4159 in
2599 4105 2790 4161 deliciis
2832 4106 2973 4161 meis.
3003 4106 3161 4162 Facta
3187 4115 3271 4163 est
3294 4107 3422 4163 mihi
3455 4123 3558 4163 nox
3589 4109 3712 4164 illu-

2147 4198 2407 4252 minatio:
2444 4198 2565 4267 quia
2627 4198 2682 4253 in
2737 4207 2895 4254 nocte
2949 4213 3035 4254 me
3083 4198 3494 4270 desperaverant
3557 4213 3711 4269 posse

2151 4291 2377 4345 transire
2401 4298 2604 4345 tantum
2630 4305 2796 4356 mare,
2845 4299 2898 4346 et
2928 4299 3127 4345 tantam
3175 4291 3312 4344 viam
3360 4305 3637 4360 superare,
3659 4298 3714 4347 et

2148 4382 2329 4436 venire
2366 4381 2430 4435 ad
2454 4392 2748 4437 extremum
2798 4381 3180 4450 perseverando
3226 4396 3397 4451 usque
3438 4381 3491 4436 in
3531 4382 3710 4438 (intem.

2148 4470 2355 4527 Gratias
2385 4473 2459 4527 illi
2485 4473 2573 4543 qui
2601 4487 2686 4527 me
2706 4472 2946 4543 quaesivit
2969 4473 3262 4544 fugitivum,
3298 4474 3388 4544 qui
3416 4481 3562 4543 terga
3591 4488 3709 4529 mea

2148 4562 2337 4634 ﬂagelli
2387 4564 2535 4635 plaga
2559 4565 2834 4635 percussit,
2866 4564 2954 4635 qui
2992 4581 3079 4619 me
3106 4565 3363 4629 vocando,
3397 4564 3466 4619 ab
3496 4565 3711 4623 interitu

2148 4656 2433 4722 revocavit,
2457 4656 2546 4726 qui
2584 4655 2706 4710 fecit
2750 4655 2878 4710 mihi
2928 4655 3279 4709 illuminatam
3327 4664 3559 4711 noctem.
3597 4654 3712 4713 Nox

2148 4757 2230 4802 est
2255 4747 2393 4801 enim
2420 4747 2670 4817 quamdiu
2698 4749 2796 4802 ista
2826 4748 2932 4802 vita
2964 4747 3155 4817 agitur.
3185 4748 3460 4814 Quomodo
3494 4756 3579 4804 est
3604 4761 3712 4803 nox

2151 4838 2482 4893 illuminala?
2524 4839 2655 4905 Quia
2719 4837 2959 4893 Christus
3025 4838 3299 4895 descendit
3345 4840 3399 4894 in
3478 4850 3711 4896 noctem.
3744 4874 3757 4886 ε

2149 4914 2367 4997 Accepit
2385 4928 2621 4983 Christus
2637 4944 2847 4983 carnem
2876 4929 2943 4983 de
2972 4929 3075 4982 isto
3104 4930 3323 4995 saeculo,
3352 4940 3406 4985 et
3443 4931 3712 4987 illumina-
3738 4996 3743 5001 η

2150 5018 2225 5070 vit
2255 5017 2403 5071 nobis
2429 5026 2659 5072 noctem.
2685 5018 2987 5073 Perdiderat
3009 5020 3148 5073 enim
3190 5019 3497 5076 drachmam
3525 5023 3713 5078 mulier

2151 5108 2237 5162 illa
2265 5125 2279 5171 ;
2308 5109 2547 5163 accendit
2587 5109 2847 5164 lucernam
2880 5110 2897 5179 (
2926 5108 3162 5175 Luc.xv,
3186 5112 3221 5165 8
3249 5111 3289 5181 ).
3318 5110 3588 5183 Sapientia
3622 5115 3710 5170 Dei

2152 5199 2792 5268 perdideratdraclnnam.
2816 5201 2948 5268 Quid
2982 5211 3063 5256 est
3089 5201 3339 5257 drachma
3368 5203 3391 5256 ’ἒ
3433 5203 3710 5273 Nummus,

2152 5291 2201 5345 in
2232 5307 2336 5361 quo
2358 5308 2570 5345 nummo
2592 5293 2761 5361 imago
2800 5301 2913 5346 erat
2938 5279 3100 5362 ipsius
3132 5293 3470 5364 imperatoris
3521 5297 3706 5350 nostri.

2151 5381 2339 5436 Factus
2372 5392 2451 5435 est
2470 5383 2608 5436 enim
2637 5382 2794 5435 homo
2839 5383 2904 5436 ad
2933 5385 3210 5453 imaginem
3235 5385 3325 5441 Dei
3348 5384 3501 5455 (Gen.
3533 5403 3569 5451 ι,
3591 5388 3705 5453 9-7),

2150 5485 2204 5529 ct
2226 5475 2471 5545 perierat.
2517 5475 2584 5529 Et
2610 5474 2736 5545 quid
2773 5475 2892 5531 fecit
2952 5477 3140 5532 mulier
3188 5479 3434 5549 sapiens?
3457 5480 3705 5535 Accendit

2213 5660 2230 5684 ι
2255 5660 2353 5700 Am.
2381 5655 2434 5700 et
2476 5649 2641 5713 plures
2663 5657 2791 5711 sis-5.,
2814 5654 3007 5715 pennati
3033 5664 3051 5703 :
3075 5665 3285 5706 moxque
3317 5657 3455 5705 Corh.
3478 5661 3582 5714 us,
3612 5651 3702 5709 κϋὶ

2151 5726 2251 5807 wgf
2264 5718 2685 5831 ;ﬁgfltbliltlnittalio
2715 5797 2832 5834 mea.
2864 5786 3020 5844 Abest,
3040 5800 3164 5850 mea,
3183 5802 3209 5837 a
3232 5791 3338 5834 Mss.
3358 5792 3409 5835 et
3435 5799 3460 5835 a
3485 5793 3589 5839 cxx
