4082 6204
333 221 469 274 1795

333 337 616 389 lucernam.
667 331 902 386 Lucerna
950 329 1016 383 de
1072 327 1181 379 luto
1227 335 1344 391 cst,
1377 327 1468 378 sed
1508 325 1663 378 habet
1713 324 1884 376 lucem

331 442 424 494 qua
453 423 745 476 inveniatur
772 413 1040 474 drachma.
1067 419 1298 471 Lucerna
1327 432 1451 485 ergo
1472 413 1767 483 sapientiae,
1795 428 1885 466 ca-

331 529 388 568 ro
410 513 625 574 Christi,
656 512 721 564 de
777 512 884 564 luto
934 511 1063 563 facta
1096 517 1217 570 est;
1256 507 1346 560 sed
1383 507 1550 558 Verbo
1587 520 1682 557 suo
1729 503 1888 566 lucet,

333 607 526 659 invenit
549 604 798 674 perditos.
845 603 912 655 Et
951 619 1050 654 nos:
1094 599 1392 652 illuminatio
1417 599 1466 650 in
1505 596 1692 650 deliciis
1725 596 1847 647 meis
1871 610 1890 648 :

330 693 462 751 facta
487 706 568 750 cst
595 695 718 748 mihi
768 710 866 747 nox
916 693 966 746 in
991 691 1212 746 deliciis.
1258 689 1463 743 Deliciae
1509 695 1704 747 nostra:
1736 684 1890 739 Chri-

327 799 460 841 stus.
493 786 672 840 Videte
696 782 1134 854 quemadmodum
1154 781 1218 834 de
1250 781 1340 835 illo
1367 779 1523 832 modo
1551 776 1887 846 gaudeamus.

329 881 599 935 Clamores
617 880 700 934 isti
734 880 915 943 vestri,
939 877 1124 948 gaudia
1152 877 1246 929 ista
1278 884 1445 928 vestra
1470 872 1604 925 unde
1621 880 1761 933 sunt,
1807 868 1889 922 ni-

333 974 375 1026 si
396 973 461 1026 de
487 971 684 1027 deliciis
709 971 732 1024 ?
761 971 912 1025 Unde
934 980 1104 1024 autem
1135 969 1248 1022 ista:
1268 966 1485 1026 delicia},
1510 964 1610 1018 nisi
1639 963 1756 1030 quia
1787 977 1890 1014 nox

334 1063 618 1118 illuminata
668 1069 791 1127 est,
859 1061 956 1113 nisi
996 1060 1114 1128 quia
1165 1057 1313 1111 nobis
1347 1055 1586 1109 Christus
1640 1052 1894 1106 Dominus

333 1154 686 1223 prtedicatur?
711 1153 838 1218 Quin
867 1151 1107 1222 quaesivit
1147 1164 1239 1200 vos
1285 1156 1558 1212 antequam
1588 1143 1892 1214 qurercrelis

331 1263 470 1306 eum,
490 1254 544 1300 et
571 1245 766 1298 invenit
813 1260 902 1296 vos
958 1252 1016 1296 ut
1060 1241 1363 1295 inveniretis
1393 1253 1534 1293 cum.
1563 1235 1627 1288 Et
1653 1252 1751 1289 nox
1774 1235 1894 1287 illu-

332 1336 535 1388 minutio
560 1336 609 1387 in
627 1334 815 1387 deliciis
839 1334 977 1384 nteis.

406 1428 491 1481 15.
535 1425 699 1496 fuerit.
748 1422 877 1494 id]
927 1423 1174 1489 Quoniam
1225 1419 1432 1472 tenobru.’
1463 1433 1561 1470 non
1613 1415 1896 1468 obtenrbra-

333 1517 516 1570 buntur
540 1533 570 1566 ιι
597 1524 660 1567 ιιι.
691 1515 769 1567 Τιι
823 1527 949 1582 ergo
991 1512 1093 1564 noli
1149 1509 1423 1562 tenebrare
1443 1505 1683 1558 tenebras
1729 1513 1844 1556 tuas
1877 1518 1890 1566 ;

331 1621 382 1663 et
418 1610 555 1661 Deus
583 1609 695 1660 illas
723 1622 824 1660 non
853 1605 1112 1668 tenebrat,
1134 1603 1222 1656 sed
1258 1603 1420 1669 magis
1445 1600 1703 1654 illuminat
1728 1616 1739 1650 :
1771 1598 1891 1666 quia

334 1703 409 1756 illi
428 1702 622 1755 dictum
645 1708 725 1754 est
761 1699 811 1752 in
835 1699 938 1750 alio
967 1698 1178 1765 psalmo,
1207 1693 1284 1747 Tu
1312 1691 1614 1746 illuminabis
1644 1691 1894 1742 lucernam

332 1809 514 1856 mnam,
551 1781 760 1843 Domine
791 1804 810 1852 ;
846 1788 974 1840 Deus
1000 1803 1152 1846 meus,
1186 1780 1486 1836 illuminubis
1517 1780 1736 1833 tenebras
1764 1794 1896 1831 meas

333 1883 352 1948 (
377 1881 664 1946 Psul.xvu,
694 1879 762 1932 9.9
797 1879 832 1947 ).
868 1877 964 1944 Qui
992 1885 1164 1928 alitem
1187 1874 1458 1927 tcuehrant
1482 1870 1722 1924 tenebras
1751 1882 1892 1934 suas,

333 1989 466 2044 quas
495 1974 631 2027 Deus
659 1988 761 2026 non
808 1969 1097 2026 tenebrat?
1153 1967 1400 2020 Homines
1454 1963 1595 2027 mali,
1650 1962 1893 2016 homines

335 2064 569 2134 perversi
599 2081 612 2115 :
640 2077 759 2116 cum
797 2071 1035 2130 peccant,
1088 2059 1267 2127 utique
1313 2054 1542 2110 tenebrae
1584 2062 1704 2106 sunt
1729 2068 1744 2117 ;
1773 2053 1894 2106 dum

335 2171 441 2210 non
463 2155 778 2210 conﬁtentur
833 2152 1043 2222 peccata
1090 2167 1207 2220 quae
1247 2148 1500 2210 fecerunt,
1548 2146 1639 2202 sed
1687 2146 1899 2215 insuper

334 2243 643 2306 delendum,
697 2242 968 2296 tenebraut
1012 2240 1254 2294 tenebras
1306 2252 1448 2291 suas.
1517 2230 1654 2306 Ergo
1694 2236 1802 2305 jam
1853 2234 1897 2289 si

335 2334 592 2404 peccasti,
643 2333 693 2384 in
740 2331 969 2385 tenebris
1021 2345 1125 2383 es:
1171 2329 1262 2383 sed
1315 2327 1614 2381 confitendo
1659 2327 1899 2381 tenebras

337 2433 480 2486 tuas,
503 2421 789 2476 merebcris
815 2419 1096 2474 illuminari
1119 2418 1362 2472 tenebras
1393 2427 1541 2480 tuas;
1571 2414 1898 2470 defendendo

334 2522 516 2566 autem
571 2511 814 2566 tenebras
837 2519 971 2575 tuas,
1020 2508 1312 2563 tenebraris
1366 2506 1611 2561 tenebras
1664 2515 1800 2559 tuas.
1834 2503 1900 2558 Et

334 2603 550 2674 quando
569 2602 757 2661 evades
781 2617 808 2655 a
855 2599 1150 2670 duplicibus
1181 2599 1429 2665 tenebris,
1452 2598 1538 2668 qui
1566 2599 1616 2652 in
1647 2597 1900 2666 simplici-

336 2696 441 2750 bus
460 2689 745 2751 laborabas
771 2695 794 2748 ?
820 2693 970 2750 Unde
1010 2702 1182 2748 autem
1213 2691 1463 2745 Dominus
1516 2705 1620 2743 non
1663 2687 1900 2748 tenebrat

334 2785 585 2840 tenebras
614 2784 865 2839 nostras?
893 2783 1020 2851 Quia
1075 2798 1177 2836 non
1218 2796 1312 2836 nos
1355 2781 1479 2834 sinit
1535 2780 1786 2849 impunita
1817 2779 1902 2832 ha-'

338 2877 468 2932 bere
501 2885 746 2946 peccata:
778 2874 1004 2945 ﬂagellat
1032 2889 1127 2927 nos
1149 2873 1198 2926 in
1239 2873 1352 2926 istis
1381 2870 1663 2933 laboribus,
1708 2878 1761 2925 et
1775 2885 1899 2924 eru-

336 2968 419 3024 ‘dit
440 2968 698 3031 nos.'l'ota
735 2966 832 3021 ista
870 2965 1077 3019 miseria
1101 2963 1309 3034 generis
1337 2961 1552 3016 humani
1599 2962 1652 3015 in
1689 2976 1789 3031 qua
1808 2975 1904 3030 ge-

338 3059 442 3112 mit
481 3055 728 3123 ntundus,
759 3054 1030 3118 noveritis,
1063 3052 1273 3116 fratres,
1323 3052 1444 3121 quia
1492 3051 1644 3105 dolor
1684 3050 1902 3104 medici-

335 3149 478 3204 nalis
498 3155 597 3213 est,
621 3162 725 3200 non
767 3144 1030 3200 sententia
1060 3143 1327 3213 poenalisu
1359 3141 1553 3196 Videtis
1603 3140 1720 3209 quia
1750 3138 1900 3193 dolor

336 3239 555 3308 ubique,
587 3236 778 3307 ubique
823 3245 1014 3300 metus,
1056 3235 1247 3303 ubique
1276 3233 1579 3297 necessitas,
1609 3230 1798 3299 ubique
1824 3229 1902 3283 la-

337 3331 520 3386 bores.
549 3328 750 3385 Crescit
786 3327 1022 3391 avaritia,
1054 3325 1146 3380 sed
1175 3325 1224 3378 in
1255 3323 1426 3377 malis.
1457 3322 1512 3378 Si
1544 3321 1608 3375 ad
1640 3309 1738 3376 hoc
1769 3313 1907 3375 Dens

339 3422 434 3475 hic
459 3420 652 3475 talibus
673 3419 893 3489 ﬂagellis
913 3417 1048 3472 eruit
1090 3430 1208 3478 nos,
1235 3423 1292 3468 ut
1321 3429 1422 3466 non
1463 3412 1803 3466 tenebrentur
1823 3418 1900 3463 te-

339 3515 525 3569 nebrae
559 3521 796 3576 nostrae;
830 3523 1172 3580 agnoscamus
1213 3521 1310 3560 nos
1369 3506 1467 3560 sub
1509 3518 1662 3573 poena
1713 3500 1903 3569 ﬂagelli

339 3619 487 3669 csse,
505 3612 556 3657 et
584 3600 954 3656 benedicamus
984 3599 1148 3652 Deum
1172 3597 1476 3650 miscentem
1530 3591 1904 3645 amaritudines

341 3693 609 3748 dulcedini
637 3693 757 3745 vita:
806 3688 1124 3757 temporalis,
1176 3701 1241 3739 ne
1292 3683 1653 3752 temporalium
1695 3680 1907 3735 delicia-

343 3799 464 3838 rum
495 3783 841 3838 dclrctatione
883 3777 1084 3844 emeati,
1128 3791 1234 3831 non
1289 3773 1646 3829 desideremus
1691 3771 1906 3826 delicias

344 3886 591 3938 teter-nas,
618 3887 714 3928 nec
747 3872 971 3926 velimus
1015 3869 1148 3922 liniri
1197 3882 1341 3920 mare
1367 3874 1420 3920 et
1457 3863 1690 3918 habitare
1718 3862 1770 3916 in
1811 3875 1925 3915 ιιο--ι

346 3966 561 4019 itis-sima
589 3962 745 4017 maris
765 3963 802 4013 ί.
826 3960 1053 4014 Suaviant
1082 3972 1208 4027 ergo
1233 3957 1420 4010 ﬂuctus
1471 3954 1630 4007 maris
1662 3969 1678 4019 ;
1710 3961 1908 4022 quanto

348 4056 468 4125 plus
498 4055 722 4108 smviunt
761 4050 949 4104 ﬂuctus
986 4047 1147 4102 maris
1166 4089 1180 4112 ,
1211 4055 1355 4100 tanto
1381 4044 1546 4098 se'illa
1578 4058 1694 4097 cum
1722 4043 1908 4111 pennis

349 4146 596 4202 columba
639 4143 969 4214 suspendit”.
997 4140 1109 4194 Non
1157 4154 1282 4208 ergo
1311 4137 1549 4190 tenebrat
1594 4134 1736 4188 Deus
1763 4143 1910 4188 tenes

287 4259 294 4268 ·
349 4237 474 4292 bras
500 4246 707 4290 nOSIras
730 4253 744 4299 ;
768 4237 888 4304 quia
909 4233 1093 4287 miscet
1116 4226 1320 4299 ﬂagella
1365 4225 1590 4297 peccatis
1613 4224 1832 4288 nostris,
1856 4231 1911 4279 et

351 4325 726 4382 amaritudines
757 4324 926 4394 pravis
945 4319 1304 4376 dulcedinibus
1333 4316 1543 4372 nostris.
1571 4313 1684 4368 Non
1704 4328 1800 4367 nos
1826 4321 1908 4367 te-

352 4422 638 4476 nebremus
659 4417 898 4470 tenebras
943 4423 1147 4467 nostras
1193 4406 1524 4464 defendendo
1573 4413 1788 4474 peccata
1818 4417 1910 4455 no-

352 4521 461 4566 stra
492 4527 508 4576 ;
545 4520 600 4564 et
624 4523 725 4562 nox
755 4503 1063 4560 illuminatio
1092 4502 1144 4554 in
1176 4497 1379 4579 deliciis
1411 4495 1628 4550 nostris.
1663 4492 1911 4558 Quoniam

353 4602 568 4656 tenebrae
581 4615 678 4652 non
696 4592 1133 4656 obtcnebrabuntur
1146 4606 1176 4642 a
1201 4599 1264 4641 te.

429 4691 517 4746 l6.
557 4688 623 4741 Et
664 4703 763 4740 uox
801 4695 1033 4754 tanquam
1076 4677 1184 4733 dies
1221 4675 1604 4732 illuminabitur.
1634 4672 1754 4727 Non:
1795 4683 1907 4727 tan-

355 4797 508 4852 quant
533 4780 638 4832 dies
660 4794 678 4831 :
701 4777 816 4830 dies
853 4775 1004 4828 nobis
1042 4769 1361 4841 prosperitas
1389 4766 1564 4822 saeculi
1587 4807 1601 4830 ,
1629 4781 1729 4819 nox
1758 4764 1911 4818 nobis

355 4873 650 4928 adversitas
677 4867 854 4922 saaculi
883 4883 896 4918 :
926 4863 1018 4920 sed
1049 4864 1091 4918 si
1108 4874 1484 4931 cognoscamus
1497 4858 1686 4912 merito
1723 4858 1920 4924 peccaJ

358 4977 533 5021 torum
561 4971 862 5018 nostrorum
901 4973 996 5012 nos
1021 4955 1363 5010 adversitates
1391 4950 1516 5022 pati,
1543 4958 1596 5003 et
1624 4948 1792 5003 dulcia
1819 4962 1908 5000 no-

358 5055 445 5110 bis
464 5055 572 5110 sint
597 5049 798 5120 ﬂagella
825 5045 1014 5109 Patris,
1040 5059 1105 5099 ne
1130 5043 1199 5096 sit
1223 5055 1402 5095 amara
1427 5038 1682 5093 sententia
1698 5035 1908 5104 judicis;

357 5147 441 5202 sic
459 5145 766 5200 habebimus
793 5138 1044 5194 tenebras
1063 5134 1229 5188 noctis
1255 5130 1431 5200 hujus,
1454 5127 1715 5199 quomodo
1735 5127 1911 5180 lumen

360 5239 532 5293 noctis
561 5235 736 5305 hujus.
774 5233 829 5287 Si
858 5245 962 5284 nox
1002 5237 1108 5290 est,
1138 5221 1401 5296 quomodo
1440 5221 1510 5276 ibi
1540 5221 1624 5273 lux
1651 5218 1773 5272 est?
1799 5217 1911 5272 Nox

360 5339 478 5395 est,
505 5331 626 5399 quia
665 5334 870 5380 erratur
916 5321 999 5374 hic
1041 5334 1070 5373 a
1116 5331 1308 5387 genere
1351 5314 1618 5367 humano:
1653 5325 1759 5364 nox
1806 5317 1908 5376 est,

427 5454 446 5486 ¹
471 5455 541 5503 sic
562 5450 788 5502 meliores
808 5456 914 5497 Mss.
938 5452 993 5494 Al.
1015 5443 1144 5501 Edd.,
1182 5438 1322 5503 ﬁnire
1357 5449 1510 5496 mare,
1546 5441 1592 5486 et
1627 5434 1841 5484 habitare
1860 5435 1911 5484 in

361 5514 612 5565 novissimo
631 5511 792 5562 muris.
989 5567 994 5568 γ
1415 5558 1425 5568 .

427 5557 612 5624 rati;
632 5557 891 5632 ιξξςςιέιηιο
913 5583 961 5618 se
983 5567 1037 5632 ιη,
1050 5561 1137 5632 euq
1156 5575 1270 5610 cum
1285 5558 1446 5632 pennis.
1465 5557 1692 5628 εριιιηιοιε
1713 5570 1930 5630 muns

363 5639 455 5688 dtt.
480 5620 632 5695 nilis,
645 5620 704 5685 ⁷ίή
725 5620 820 5693 illa,
839 5624 1222 5682 subaudiendum
1245 5620 1321 5673 eat
1341 5620 1612 5672 novissima.

1342 212 1730 267 ENARRATlU
1772 209 1836 263 ΙΝ
1873 208 2187 264 ΡΞᾹῐιΜυΜ
2225 209 2541 267 CXXXVIII.

3411 237 3551 297 i795

1990 323 2107 389 quia
2157 325 2386 378 nomium
2435 329 2674 384 venimus
2717 331 2782 385 ad
2831 333 2974 388 illum
3027 339 3186 402 diem.
3238 359 3391 414 quem
3439 370 3544 408 non

1991 427 2221 468 coarctat
2262 418 2537 472 hesternos
2564 431 2616 474 et
2642 426 2902 480 crastinus
2931 444 2946 491 ;
2975 432 3065 484 sed
3101 445 3181 487 est
3207 436 3318 491 dies
3359 457 3547 509 perun-

1994 513 2110 557 tuus
2131 546 2144 570 ,
2179 507 2292 560 sine
2318 517 2460 573 ortu,
2491 511 2608 579 quia
2635 513 2747 567 sine
2774 532 2980 571 occasu.
3011 520 3123 575 Nox
3164 537 3244 579 est
3269 499 3391 598 ergit
3421 499 3543 599 hic;

1991 598 2081 650 sed
2112 599 2390 666 quamdam
2433 602 2598 656 lucem
2631 619 2775 659 suam
2807 624 2905 662 nox
2953 613 3047 667 ista
3091 615 3271 682 habet,
3304 630 3357 673 et
3396 598 3546 678 tene?

1992 687 2112 743 bras
2141 707 2284 744 suas.
2316 695 2489 758 Quare
2530 696 2596 748 sit
2632 701 2941 766 generaliter
2980 720 3082 758 nox
3121 707 3356 766 diximus
3383 731 3396 766 :
3425 683 3542 783 qua:

1991 787 2072 831 est
2103 779 2184 831 lux
2215 781 2384 835 noctis
2424 780 2621 850 hujus?
2659 786 2986 856 Prosperilas
3012 803 3065 847 et
3094 795 3313 852 felicitas
3354 779 3539 859 szcculi

1993 866 2169 960 hujus,
2209 870 2452 937 gaudium
2487 876 2793 942 temporale,
2836 877 3004 934 honor
3034 889 3368 953 temporalis,
3396 906 3542 960 quasr

1994 957 2080 1010 lux
2112 967 2192 1012 est
2221 961 2388 1014 noctis
2418 961 2590 1031 hujus.
2621 960 2928 1022 Adversitas
2968 983 3139 1027 autem
3170 987 3222 1030 et
3249 957 3542 1036 amari—tudo

1993 1048 2381 1104 tribulationum
2410 1053 2487 1106 vel
2520 1054 2814 1123 ignobilitas
2834 1101 2846 1122 ,
2879 1071 3122 1129 tanquam
3169 1070 3397 1123 tenebrae
3425 1082 3546 1126 sunt

1993 1140 2164 1193 noctis
2194 1141 2367 1210 hujus.
2417 1144 2470 1196 In
2517 1145 2614 1199 hac
2656 1159 2808 1202 nocte
2831 1191 2846 1214 ,
2879 1151 2926 1202 in
2961 1153 3056 1206 hac
3085 1159 3397 1214 mortalitate
3427 1163 3544 1216 vita:

1993 1229 2236 1286 humanae
2284 1233 2474 1289 habent
2521 1238 2758 1293 homines
2807 1241 3010 1307 lucem,
3063 1246 3254 1301 habent
3307 1251 3546 1306 homines

1995 1323 2237 1376 tenebras
2264 1341 2278 1383 ;
2322 1325 2488 1380 lucem
2521 1332 2950 1397 prosperitatem,
2982 1338 3220 1391 tem-bras
3256 1341 3546 1395 adversita-

1995 1422 2118 1467 tem.
2160 1416 2262 1470 Sed
2296 1418 2380 1471 ubi
2423 1422 2626 1473 venerit
2653 1421 2894 1477 Christus
2936 1426 3206 1492 Dominus,
3251 1440 3305 1484 et
3348 1433 3549 1487 habita-

1993 1507 2129 1558 verit
2165 1507 2392 1560 animam
2425 1524 2517 1576 per
2547 1510 2722 1572 fidem,
2755 1522 2805 1566 et
2846 1517 3141 1581 promiserit
3171 1520 3322 1574 aliam
3353 1522 3544 1591 lucem,

1995 1606 2046 1650 ct
2088 1598 2417 1667 inSpiraverit
2454 1611 2508 1654 et
2543 1602 2815 1659 donaverit
2848 1609 3176 1674 patientiam.
3210 1621 3263 1666 et
3291 1619 3551 1672 monuerit

1997 1686 2258 1742 hominem
2287 1704 2390 1742 non
2413 1691 2656 1746 delccmri
2677 1697 2958 1764 proSperis,
2985 1714 3050 1752 ne
3077 1699 3341 1770 frangatur
3366 1706 3551 1759 adver-

1995 1779 2067 1832 sis
2092 1795 2105 1843 ;
2135 1781 2318 1850 incipit
2344 1783 2502 1838 homo
2529 1785 2694 1840 lidelis
2720 1778 3077 1845 indilicrentcr
3106 1796 3176 1846 uti
3206 1796 3402 1849 unindo
3427 1799 3546 1864 isto,

1997 1885 2094 1924 nec
2123 1871 2301 1925 extolli
2327 1873 2534 1959 quando
2564 1891 2650 1930 res
2675 1891 2942 1947 prospera:
2971 1881 3230 1946 accidunt,
3259 1900 3355 1939 nec
3385 1885 3548 1956 frangi

1997 1963 2207 2030 quando
2232 1979 2318 2019 res
2343 1966 2577 2021 adversa:
2597 1978 2738 2036 sunt,
2763 1972 2852 2026 sed
2880 1973 3070 2043 ubique
3093 1975 3368 2032 Dominum
3394 1981 3554 2036 bene-

1996 2053 2205 2121 dicere;
2235 2073 2339 2112 non
2366 2059 2532 2113 solum
2560 2062 2768 2129 quando
2785 2064 3029 2130 abundat,
3051 2068 3144 2122 sed
3165 2070 3321 2124 etiam
3343 2073 3552 2141 quando

1995 2149 2224 2219 amittit;
2274 2165 2376 2204 non
2421 2153 2589 2207 solum
2639 2155 2847 2224 quando
2893 2172 3053 2213 sanus
3096 2169 3209 2225 est,
3256 2162 3348 2216 sed
3391 2166 3550 2220 etiam

1997 2240 2205 2308 quando
2249 2251 2502 2312 a-grotat;
2547 2253 2604 2298 ut
2648 2246 2717 2300 sit
2760 2247 2810 2299 in
2858 2247 2947 2301 illo
2986 2264 3107 2304 vera
3151 2252 3236 2304 illa
3278 2255 3549 2308 cantatio:

1995 2328 2292 2384 Benedicam
2330 2331 2604 2386 Dominum
2645 2337 2694 2389 in
2738 2338 2871 2390 omni
2911 2347 3170 2407 tempore;
3205 2357 3398 2410 semper
3439 2344 3552 2397 laus
3605 2373 3610 2378 -

1997 2422 2106 2490 ejus
2139 2421 2190 2474 in
2219 2438 2304 2476 ore
2342 2439 2448 2478 meo
2476 2422 2642 2494 (Psal.
2668 2442 2856 2494 χχχιιι,
2885 2426 2973 2498 2).
3006 2429 3059 2484 Si
3091 2445 3216 2499 ergo
3245 2449 3467 2501 semper,
3499 2444 3553 2488 et

1998 2511 2208 2580 quando
2251 2513 2388 2567 lucet
2428 2529 2531 2568 nox
2577 2516 2707 2580 ista,
2736 2529 2788 2570 et
2826 2519 3034 2589 quando
3073 2521 3292 2576 obscura
3322 2533 3402 2577 est
3445 2539 3549 2578 nox

1999 2603 2096 2658 ista
2123 2619 2138 2669 ;
2187 2606 2396 2674 quando
2424 2606 2621 2662 arridet
2650 2607 3001 2678 prosperitas,
3034 2613 3241 2680 quando
3281 2614 3444 2668 tristis
3473 2625 3556 2668 est

1999 2696 2323 2761 adversitas,
2361 2712 2572 2768 semper
2597 2699 2664 2753 sit
2706 2699 2817 2752 laus
2855 2700 2968 2768 ejus
3008 2701 3057 2754 io
3103 2717 3194 2756 ore
3227 2711 3358 2757 tuo:
3387 2705 3556 2758 etliet

2003 2788 2091 2844 tibi
2119 2789 2256 2858 quod
2285 2791 2443 2844 modo
2467 2791 2661 2846 dictum
2692 2802 2797 2858 est,
2826 2794 2969 2848 Sicut
3000 2797 3208 2851 tenebrae
3235 2799 3344 2869 ejus
3365 2839 3380 2863 ,
3409 2800 3482 2853 sic
3509 2811 3558 2855 et

2003 2875 2169 2930 lumen
2195 2879 2316 2950 ejus.
2361 2879 2476 2934 Non
2508 2896 2591 2935 me
2628 2883 2940 2938 conculcant
2981 2885 3210 2940 tenebras
3252 2887 3406 2956 ejus,
3431 2891 3552 2958 quia

2003 2983 2105 3021 non
2133 2985 2216 3024 me
2242 2970 2448 3024 extollit
2481 2971 2659 3026 lumen
2687 2972 2820 3041 ejus.

2072 3062 2159 3115 l7.
2201 3061 2336 3117 Ecce
2362 3062 2525 3118 habes
2575 3063 2750 3118 lumen
2793 3064 2955 3134 ipsius
2985 3064 3036 3120 in
3078 3065 3180 3120 Job
3215 3066 3558 3124 :abundabat

2001 3151 2246 3208 omnibus
2284 3153 2462 3208 rebus.
2513 3153 2625 3208 Lux
2656 3155 2838 3209 noctis
2880 3154 2932 3208 in
2981 3155 3123 3210 illius
3163 3156 3357 3212 divitiis
3386 3159 3556 3227 prima

2001 3243 2356 3298 describitur:
2389 3245 2596 3313 quantis
2639 3245 2799 3301 rebus
2839 3255 2892 3301 et
2935 3258 3128 3317 quanta
3167 3250 3317 3319 copia
3361 3250 3562 3306 redun-

2002 3333 2177 3399 dabat,
2206 3334 2294 3389 lux
2318 3343 2432 3389 erat
2459 3336 2628 3391 noctis
2652 3335 2788 3407 ejus.
2818 3337 3025 3392 Putavit
3053 3339 3296 3396 inimicus
3317 3352 3560 3412 propter-

2001 3440 2063 3481 ea
2127 3426 2273 3479 illum
2300 3427 2465 3481 talem
2493 3428 2663 3480 virum
2689 3427 2866 3482 colere
2895 3429 3088 3494 Deum,
3119 3432 3238 3500 quia
3267 3431 3354 3486 illa
3385 3434 3561 3488 omnia

2003 3513 2286 3568 donaverat
2315 3515 2362 3568 ei
2388 3531 2402 3578 ;
2442 3524 2496 3569 et
2523 3516 2709 3584 petivit
2737 3525 2791 3569 ut
2818 3516 3146 3572 auferrcntur
3172 3519 3238 3573 ab
3269 3534 3335 3573 eo
3362 3537 3374 3572 :
3407 3519 3560 3575 facta

2004 3610 2126 3672 sunt
2154 3601 2384 3656 tenebra:
2413 3603 2579 3658 noctis
2616 3603 2756 3657 illius
2783 3620 2898 3672 qua:
2925 3605 3092 3674 primo
3119 3607 3344 3662 habebat
3366 3607 3558 3664 lucem.

2004 3691 2231 3747 Noverat
2260 3693 2551 3749 tamen‘tlle
2571 3735 2584 3758 ,
2615 3694 2726 3748 sive
2765 3693 2853 3747 lux
2893 3694 2962 3747 ibi
2990 3705 3164 3761 esset,
3193 3697 3304 3750 sive
3331 3698 3562 3754 tenebrae

2006 3785 2148 3840 illam
2175 3793 2381 3839 noctem
2413 3799 2552 3851 esse,
2583 3786 2635 3838 in
2665 3800 2766 3854 qua
2799 3787 3217 3855 peregrinaretur
3241 3804 3270 3842 a
3299 3788 3404 3842 Deo
3432 3804 3560 3856 suo;

2007 3884 2060 3930 et
2089 3874 2312 3928 habebat
2343 3874 2646 3929 interiorem
2679 3874 2845 3929 lucem
2877 3875 3044 3942 ipsum
3074 3875 3234 3928 Deum
3261 3891 3437 3941 suum,
3469 3893 3564 3948 per

2007 3983 2162 4037 quam
2210 3967 2378 4020 lucem
2430 3967 2730 4022 interiorem
2783 3967 3140 4024 indiﬂercnter
3189 3969 3406 4026 haberet
3449 3974 3562 4028 sive

2008 4059 2252 4113 tenebras
2279 4059 2446 4113 noctis
2474 4059 2632 4123 illius,
2663 4059 2773 4113 sive
2796 4058 2988 4113 lucem.
3021 4059 3298 4129 Propterea
3323 4102 3338 4127 ,
3361 4063 3477 4130 quia
3507 4064 3563 4118 in

2009 4151 2125 4205 luce
2152 4151 2319 4204 noctis
2346 4149 2504 4213 illius,
2529 4150 2578 4202 id
2609 4160 2690 4203 est
2717 4151 2766 4203 in
2794 4166 2969 4204 rerum
2993 4151 3330 4218 abundantia,
3355 4154 3565 4210 colebat

2011 4240 2174 4294 Deum
2195 4281 2210 4305 ,
2241 4240 2428 4294 ablatis
2455 4241 2525 4293 illi
2555 4241 2798 4295 omnibus
2828 4242 2984 4296 rebus
3003 4282 3016 4306 ,
3049 4252 3384 4312 posteaquam
3414 4243 3565 4300 ΐεοιω

2009 4342 2132 4386 sunt
2158 4333 2385 4386 tenebrat
2424 4333 2594 4398 illius,
2626 4333 2750 4402 quid
2793 4333 2925 4388 dixit
2967 4334 3094 4389 ille?
3135 4333 3378 4389 Dominus
3407 4337 3566 4404 dedit,

2012 4420 2256 4475 Dominus
2276 4422 2512 4485 abstulit;
2538 4423 2666 4476 sicut
2687 4423 2902 4476 Domino
2928 4424 3136 4494 placuit,
3159 4425 3230 4478 ita
3250 4426 3437 4494 factum
3463 4439 3566 4482 est:

2011 4513 2073 4566 sit
2112 4529 2288 4567 nomen
2341 4513 2542 4568 Domini
2584 4515 2888 4568 benedictum
2920 4515 3036 4586 (Job
3062 4516 3132 4588 ι).
3163 4516 3219 4570 In
3257 4527 3410 4573 nocte
3449 4534 3564 4574 sum
3635 4581 3654 4586 _

2010 4603 2235 4674 quadam
2262 4604 2383 4658 vita:
2416 4605 2572 4672 hujus
2591 4622 2614 4671 κε
2649 4605 2898 4660 Dominus
2924 4620 3107 4670 meus,
3137 4607 3336 4676 inquit,
3367 4608 3567 4664 habitat

2010 4709 2104 4748 cor
2128 4711 2299 4750 meum
2326 4711 2341 4758 ;
2389 4695 2702 4749 illuminavit.
2731 4695 2857 4748 mihi
2888 4696 3086 4750 solatiis
3126 4698 3436 4766 quihusdam
3467 4714 3567 4752 no-

2011 4792 2147 4839 ctem
2171 4785 2341 4848 istam,
2365 4785 2575 4854 quando
2596 4784 2742 4838 dedit
2767 4785 2947 4854 copias
2971 4801 3144 4840 rerum
3172 4790 3564 4856 temporalium:

2012 4875 2270 4930 subtraxit
2314 4876 2678 4944 ipsam.luccm
2718 4877 3088 4946 temporalem,
3131 4887 3184 4932 et
3225 4879 3374 4948 quasi
3415 4890 3566 4934 tene--

2010 4968 2158 5022 brata
2201 4976 2282 5021 est
2327 4981 2450 5021 nox.
2498 4965 2604 5020 Sed
2645 4967 2763 5035 quia
2807 4967 2935 5020 sicut
2976 4967 3186 5021 tenebrae
3221 4970 3364 5037 ejus,
3405 4970 3476 5022 sic
3518 4981 3567 5024 ct

2013 5058 2176 5112 lumen
2214 5058 2320 5128 ejus
2347 5057 2632 5110 :Dominus
2675 5057 2842 5122 dedit,
2873 5056 3120 5111 Dominus
3159 5058 3361 5111 abstulit
3382 5076 3400 5124 ;
3442 5061 3569 5112 sicut

2013 5148 2230 5202 Domino
2276 5148 2498 5216 placuit,
2544 5148 2614 5200 ita
2655 5153 2950 5219 factum'est
2987 5165 3008 5202 :
3043 5149 3104 5202 sit
3134 5165 3327 5202 nomem
3363 5148 3567 5206 Domini

2012 5239 2338 5292 benedictum.
2382 5237 2496 5292 Non
2527 5253 2642 5292 sum
2681 5238 2842 5292 tristis
2870 5237 2924 5292 in
2950 5250 3102 5293 nocte
3127 5237 3225 5292 hac
3247 5279 3260 5304 ,
3291 5238 3412 5307 quia
3440 5239 3568 5292 sicut

2013 5330 2222 5384 tenebra:
2252 5331 2376 5398 ejus,
2403 5330 2475 5382 sic
2503 5339 2548 5382 et
2588 5328 2753 5382 lumen
2779 5330 2903 5399 ejus.
2941 5328 3225 5397 Utrumque
3265 5329 3470 5391 transit,
3512 5339 3569 5383 ut

2013 5424 2104 5493 qui
2132 5423 2360 5492 gaudent
2387 5430 2631 5490 tanquam
2661 5419 3078 5488 non‘gaudentes
3097 5420 3222 5484 sint,
3250 5430 3302 5472 et
3327 5420 3413 5488 qui
3439 5419 3568 5474 ﬂent

2015 5523 2256 5582 tanquam
2289 5528 2393 5567 non
2419 5515 2601 5566 ﬂentes
2630 5512 2735 5562 sint
2761 5514 2776 5576 (
2802 5508 2822 5562 l
2848 5509 2962 5562 Cor.
2991 5525 3082 5576 vn,
3111 5509 3218 5581 50)
3244 5527 3256 5575 ;
3289 5509 3408 5581 quia
3439 5509 3566 5564 sicut

2015 5604 2222 5660 tenebrae
2246 5603 2372 5676 ejus,
2395 5605 2465 5662 sic
2492 5614 2536 5660 et
2565 5604 2728 5657 lumen
2753 5603 2880 5671 ejus.
