4082 6204
447 297 586 356 I795

517 411 605 466 18.
645 407 813 483 [verm
846 401 966 477 13.]
1008 401 1256 470 Quoniam
1296 409 1350 454 tu
1387 399 1649 472 possedisti
1685 417 1822 454 renes
1847 417 2001 466 meos,

443 499 676 558 Domine.
723 497 835 553 Non
866 496 981 550 sine
1020 508 1202 558 causa,
1245 492 1392 547 Sicut
1431 491 1642 544 tenebrw
1678 492 1807 562 ejus.
1853 492 1922 544 sic
1963 499 2011 545 et

447 594 609 646 lumen
630 592 756 662 ejus.
790 589 932 642 Imus
958 595 1038 640 est
1064 585 1340 655 possessor
1363 599 1376 636 :
1400 597 1503 637 non
1533 567 1710 636 solum‘
1728 597 1820 636 eor
1843 588 2008 647 tenet,

443 681 538 738 sed
567 682 722 737 etiam
753 692 946 743 renes;
993 691 1096 730 non
1128 675 1296 730 solum
1323 673 1698 743 cogitationes,
1729 672 1821 726 sed
1851 674 2007 727 etiam

444 770 838 826 delectationes.
871 767 988 836 lpse
1012 780 1139 835 ergo
1169 763 1404 833 possidet
1440 762 1579 817 unde
1607 777 1692 816 me
1723 761 2011 817 delectaret

445 860 642 929 aliquid
675 860 805 913 lucis
846 859 896 912 in
942 867 1132 921 nocte;
1165 856 1278 924 ipse
1306 863 1450 910 tenet
1486 869 1640 910 renes
1680 868 1826 909 meos
1858 873 1872 906 :
1904 869 2007 908 non

445 950 566 1004 novi
594 949 846 1004 delectari
875 947 974 1001 nisi
1002 945 1070 1002 de
1097 947 1214 1001 luce
1243 946 1494 1000 interiore
1520 943 1791 1014 sapientize
1820 944 2005 1012 ipsius.

442 1041 576 1108 Quid
608 1042 786 1111 ergo?
831 1055 935 1094 non
974 1038 1254 1094 delectaris
1302 1037 1369 1092 de
1414 1036 1764 1106 prosperitate
1807 1051 2004 1102 rerum,

441 1135 509 1190 de
537 1135 790 1189 felicitate
821 1143 1136 1202 temporum,
1167 1130 1234 1184 de
1263 1128 1570 1190 honoribus,
1601 1126 1668 1181 de
1695 1127 1910 1188 divitiis,
1941 1125 2009 1182 de

411 1225 673 1290 ,fantilia?
702 1224 816 1278 Non
843 1223 1095 1285 delector,
1122 1221 1308 1290 inquit.
1337 1218 1546 1286 Quare?
1573 1218 1702 1286 Quia
1729 1219 1854 1272 sicut
1876 1227 2009 1271 tene-

439 1317 545 1372 brat
565 1320 692 1387 ejus,
718 1319 788 1371 sic
805 1328 853 1370 et
879 1317 1044 1369 lumen
1065 1316 1189 1384 ejus.
1220 1312 1370 1369 Unde
1396 1311 1486 1366 tibi
1511 1312 1606 1365 ista
1635 1310 2004 1390 indifferentia,

442 1416 500 1460 ut
542 1407 677 1460 sicut
721 1407 951 1460 tenebne
992 1403 1138 1473 ejus,
1183 1403 1259 1457 sic
1304 1403 1374 1456 sit
1418 1402 1508 1455 tibi
1550 1411 1604 1456 et
1647 1402 1820 1454 lumen
1851 1400 2008 1469 ejus?

441 1497 622 1552 unde?
674 1496 948 1562 Quoniam,
970 1505 1024 1548 tu
1067 1494 1329 1564 possedisti
1372 1509 1515 1547 renes
1557 1508 1691 1546 meos
1712 1533 1724 1548 .
1755 1490 2006 1557 Domine;

439 1588 699 1658 suseipiin
727 1603 804 1640 me
826 1603 888 1641 ea:
907 1595 1043 1640 utero
1067 1585 1238 1638 matris
1264 1601 1402 1637 mete.
1435 1585 1564 1636 Dum
1588 1599 1759 1638 essent
1785 1584 1832 1636 iu
1857 1593 2008 1637 utero

440 1681 625 1734 matris
671 1693 836 1743 mem,
891 1693 992 1731 tum
1044 1675 1403 1730 indifferenter
1455 1674 1708 1728 habebam
1765 1675 2007 1730 tenebras

443 1770 584 1824 illius
627 1770 796 1823 noctis
835 1775 888 1821 et
935 1768 1100 1821 lucem
1151 1766 1290 1820 illius
1337 1765 1523 1819 noctis.
1573 1765 1779 1818 Etenim
1830 1777 2008 1819 uterus

440 1863 623 1917 matris
650 1877 812 1924 mea},
841 1858 1168 1914 consuetudo
1199 1857 1427 1911 civitatis
1455 1872 1585 1910 mere
1625 1856 1742 1910 fuit.
1773 1856 1900 1921 Qum
1926 1864 2008 1911 est

437 1951 527 2006 illa
563 1951 790 2005 civitas?
835 1951 962 2016 Qua:
1006 1962 1102 2002 nos
1145 1947 1316 2016 primo
1362 1947 1541 2016 genuit
1589 1946 1638 2000 in
1683 1938 2004 2015 captivitate.

437 2039 689 2098 Novimus
709 2039 1051 2111 Babyloniam
1081 2038 1222 2092 illam
1247 2037 1314 2091 de
1339 2052 1439 2105 qua
1463 2037 1712 2091 hesterno
1733 2037 1818 2090 die
1842 2035 2004 2090 locuti

440 2146 658 2195 sumus,
692 2129 831 2184 unde
875 2128 1282 2198 proficiscuntur
1327 2140 1514 2179 omnes
1555 2127 1641 2195 qui
1691 2125 1913 2181 credunt
1951 2135 2006 2181 et

437 2222 703 2292 suspirant
727 2220 798 2274 illi
826 2219 952 2286 luci,
975 2218 1265 2273 Jerusalem
1287 2218 1490 2272 cmlesti
1511 2218 1549 2268 ⁸.
1580 2217 1690 2286 Ego
1709 2232 1836 2287 ergo
1856 2216 2002 2274 dixi:

440 2311 518 2366 Ex
550 2322 701 2366 utero
726 2311 908 2366 matris
935 2325 1066 2365 meae
1094 2318 1372 2378 susceptus
1401 2323 1517 2363 sum
1543 2324 1569 2362 a
1595 2309 1855 2372 Domino;
1885 2309 2005 2366 inde

438 2402 565 2457 mihi
595 2403 825 2472 tenebrae
855 2401 1025 2456 noctis
1055 2399 1208 2470 hujus
1236 2409 1289 2455 et
1317 2400 1403 2454 lux
1444 2400 1599 2469 hujus
1635 2402 1805 2455 noctis
1845 2401 2002 2456 indif-

437 2495 664 2548 ferentcs
692 2493 840 2548 facta:
879 2500 1020 2547 sunt.
1070 2491 1168 2560 Qui
1213 2499 1389 2546 autem
1423 2501 1505 2546 est
1549 2491 1599 2545 in
1641 2501 1790 2546 utero
1818 2492 2005 2547 matris

439 2584 580 2638 illius
611 2583 941 2655 Babyloniae,
974 2583 1168 2653 gaudet
1197 2583 1464 2652 prosperis
1491 2582 1700 2651 saculi,
1746 2581 2005 2654 frangitur

438 2675 846 2728 adversitatibus
867 2673 1044 2729 saeculi
1070 2688 1085 2738 ;
1118 2687 1223 2727 non
1251 2673 1397 2726 novit
1423 2671 1653 2741 gaudere
1682 2674 1780 2729 nisi
1805 2673 2002 2745 aliquid

435 2765 757 2833 prosperum
786 2763 998 2817 eveniat
1021 2761 1307 2817 secundum
1338 2773 1564 2832 tempus,
1587 2779 1685 2819 nec
1711 2765 1855 2819 novit
1876 2780 2004 2820 con-

436 2853 638 2908 tristari
667 2853 764 2906 nisi
793 2852 989 2922 aliquid
1013 2852 1290 2908 adversum
1315 2855 1530 2908 eveniat
1556 2855 1843 2912 secundum
1870 2864 2005 2912 tem-

432 2958 554 3014 pus.
601 2942 717 2998 iam
764 2943 846 2998 exi
892 2943 960 2999 de
1005 2953 1156 2999 utero
1199 2943 1521 3016 Babylonia),
1569 2946 1744 3016 incipe
1785 2957 2003 3005 cantare

433 3035 692 3107 hymnum
721 3035 942 3090 Domino
969 3053 984 3091 :
1011 3035 1283 3106 egredere,
1309 3046 1362 3090 et
1388 3051 1642 3104 nascere;
1673 3039 1924 3110 suscipiet
1952 3050 2003 3095 te

434 3126 575 3183 Deus
615 3143 680 3182 ex
728 3139 881 3184 utero
923 3128 1109 3186 matris
1155 3136 1277 3182 tum.
1325 3128 1455 3197 Quis
1499 3129 1684 3185 Deus?
1730 3130 1868 3186 Deus
1915 3131 2004 3187 ille

431 3221 656 3289 apostoli
683 3221 860 3282 Pauli,
892 3220 980 3288 qui
1008 3218 1140 3274 dixit
1168 3237 1181 3272 :
1206 3218 1331 3274 Cum
1352 3228 1518 3273 autent
1549 3219 1738 3290 placuit
1758 3221 1887 3283 Deo.
1915 3221 2004 3291 qui

432 3327 513 3364 me
549 3313 820 3379 segregarit
860 3309 922 3362 de
963 3319 1102 3363 utero
1129 3310 1304 3364 matris
1331 3325 1455 3364 mea
1473 3351 1488 3377 ,
1518 3312 1735 3365 reuelare
1766 3314 1786 3344 ’
1811 3312 2000 3368 Filium

433 3417 584 3454 suum
609 3401 660 3452 in
687 3416 764 3451 me
788 3398 980 3467 (Colat.
1014 3415 1061 3464 ι,
1099 3400 1195 3464 15,
1221 3399 1344 3470 16).
1375 3399 1504 3466 Qua:
1527 3401 1666 3455 enim
1692 3411 1807 3456 erat
1833 3414 2003 3459 mater

432 3493 585 3558 ejus?
611 3492 905 3562 Synagoga.
936 3492 1003 3546 Et
1035 3492 1102 3546 ibi
1138 3490 1260 3562 quid
1291 3491 1576 3557 didicerat,
1607 3494 1705 3548 nisi
1732 3495 1870 3565 quod
1903 3495 1999 3551 Ita-

440 3583 637 3637 behant
681 3591 735 3636 et
786 3581 1080 3637 didicerant
1121 3582 1218 3652 ipsi
1263 3582 1430 3637 Judaei
1467 3591 1523 3638 et
1572 3583 1685 3652 ipse
1728 3586 1952 3654 papulus
1975 3586 2006 3641 τ’

431 3673 632 3729 Nomen
663 3674 713 3726 in
744 3672 843 3727 illis
859 3665 1194 3728 remanserat
1220 3672 1388 3728 laudis
1415 3673 1550 3739 Dei-;
1585 3673 1718 3730 facta
1745 3686 1916 3731 autem
1945 3677 1998 3731 in

430 3769 509 3821 eis
540 3782 642 3819 non
671 3765 1107 3820 inveniebantur:
1139 3774 1291 3819 erant
1319 3764 1370 3818 in
1415 3765 1491 3819 eis
1514 3765 1670 3821 verba
1704 3765 1815 3830 Dei,
1845 3767 1996 3837 quasi

429 3859 552 3914 folia
584 3861 634 3913 in
666 3859 888 3922 arbore,
919 3869 972 3912 ct
997 3858 1194 3913 fructus
1236 3871 1514 3928 nusquam.
1544 3857 1723 3912 Talem
1754 3859 1997 3915 arborem

431 3950 539 4014 fici,
570 3951 705 4004 sicut
735 3949 921 4014 nostis,
952 3963 1072 4003 cum
1101 3947 1353 4003 Dominus
1381 3947 1688 4014 invenisset,
1715 3949 2003 4004 maledicto

428 4040 666 4096 arefeeit.
697 4039 902 4095 invenit
929 4039 1070 4094 enim
1103 4038 1154 4092 in
1185 4053 1248 4092 ea
1276 4037 1419 4103 folia,
1451 4047 1505 4093 et
1529 4036 1752 4092 fructum
1783 4055 1886 4093 non
1918 4040 1996 4094 in-

429 4133 574 4188 venit
605 4151 618 4186 :
649 4130 928 4202 quamdam
959 4130 1109 4184 nobis
1138 4129 1380 4184 arborem
1413 4127 1687 4201 figurabat.
1727 4129 1856 4184 Nam
1887 4128 2008 4185 fru-’

428 4233 606 4278 etunm
634 4223 845 4276 illorum
876 4229 1084 4289 tempus
1109 4218 1344 4273 nondum
1371 4227 1485 4273 erat
1513 4218 1726 4287 (Matth.
1756 4235 1862 4284 χχι,
1897 4219 1993 4287 l9;

428 4324 475 4368 et
502 4313 664 4367 Mare.
693 4328 764 4377 st,
792 4313 876 4374 l3,
900 4309 1000 4379 14)
1026 4326 1039 4363 :
1068 4308 1206 4379 quod
1233 4323 1420 4363 omnes
1447 4309 1686 4363 homines
1716 4318 1990 4375 noverant,

429 4403 611 4458 artifex
659 4402 781 4457 caeli
828 4411 882 4456 et
934 4410 1089 4454 terra:
1135 4413 1239 4454 non
1294 4399 1552 4454 noverat?
1600 4401 1735 4470 Ergo
1779 4401 1864 4456 ille
1905 4401 1994 4471 qui

429 4494 644 4549 Paulum
673 4491 966 4561 segregavit
995 4489 1062 4544 ab
1092 4499 1245 4542 utero
1285 4488 1468 4542 matris
1495 4503 1634 4555 suae,
1676 4489 1789 4558 ipse
1817 4500 1865 4544 et
1898 4504 1996 4546 nos

427 4583 724 4654 segregavit
759 4583 826 4635 ab
853 4591 1006 4636 utero
1035 4579 1217 4633 matris
1249 4587 1464 4632 nostras.
1495 4579 1654 4647 Cujus
1681 4581 1864 4634 matris
1893 4597 1994 4636 no-

427 4676 594 4730 strue?
639 4673 781 4728 illius
808 4672 1130 4746 Babylonim.
1160 4669 1402 4741 Suscepti
1443 4687 1569 4741 ergo
1597 4686 1659 4726 ex
1703 4679 1851 4727 utero
1879 4674 1989 4741 illo,

429 4770 530 4843 iam
559 4769 871 4838 incipiamus
898 4767 1093 4821 habere
1118 4765 1274 4820 aliam
1299 4780 1468 4834 spem.
1496 4765 1758 4829 Promisit,
1783 4765 1992 4836 fratres,

427 4877 592 4932 quare
633 4858 980 4930 gaudeatis’;
1029 4857 1230 4912 fructus
1274 4855 1429 4912 facite
1468 4857 1619 4926 positi
1665 4856 1714 4910 in
1744 4857 1845 4911 alia
1875 4874 1988 4928 spe.

426 4952 544 5008 Jam
592 4967 694 5006 non
741 4950 980 5004 novimus
1020 4948 1214 5004 malum
1262 4949 1359 5003 1ιίμί
1401 4948 1670 5004 offendere
1711 4949 1896 5011 Deum.
1939 4960 1993 5005 et

427 5058 531 5098 non
564 5040 776 5113 perduci
815 5040 881 5094 ad
921 5040 1007 5095 illa
1039 5055 1162 5107 qua:
1193 5039 1470 5108 promisit;
1505 5055 1601 5094 nec
1631 5041 1870 5093 novimus
1898 5040 1992 5095 b0-

426 5151 552 5189 num
582 5134 682 5189 nisi
723 5130 1010 5203 promereri
1057 5129 1246 5198 Deum,
1291 5140 1343 5183 ct
1388 5129 1597 5199 perduci
1637 5129 1701 5184 ad
1750 5130 1832 5185 illa
1874 5147 1990 5200 qua:

426 5227 705 5299 promittit.
734 5223 871 5294 Quid
895 5223 981 5278 illa
1009 5221 1144 5277 bona
1168 5221 1350 5277 mundi
1373 5223 1546 5293 hujus,
1569 5230 1622 5277 et
1642 5222 1778 5277 mala
1805 5223 1990 5278 tnundi

489 5364 505 5393 ί
527 5360 724 5424 γΑΙῑειιιοι
747 5367 875 5417 Mss,
911 5354 1130 5408 scelestis.
1164 5361 1219 5405 Et
1247 5369 1357 5405 mox
1383 5357 1558 5420 Regius
1581 5363 1680 5418 Ms,
1717 5363 1812 5420 Ego
1855 5369 1985 5422 ergo,

428 5421 572 5480 dixit,
595 5421 658 5472 ei‘
680 5427 830 5479 utero,
857 5428 951 5470 etc.

489 5487 508 5514 ⁸
543 5475 641 5531 Am.
685 5489 737 5532 et
769 5475 893 5542 hiser
917 5477 1204 5542 praedicare.
1237 5477 1485 5542 Pauloque
1531 5485 1640 5540 post
1685 5486 1788 5528 Mss.
1822 5475 1987 5541 plures

425 5546 666 5600 omittunt,
689 5550 734 5592 et
757 5541 1045 5592 diaiccrant.

461 5607 510 5672 ‘_3
535 5598 756 5665 Plerique
775 5610 898 5662 Mss,
936 5603 1044 5663 jam
1066 5600 1319 5672 incipimus
1341 5598 1676 5672 haberenaliam
1696 5612 1843 5665 span.
1870 5609 1985 5672 Bro-

424 5667 506 5727 git,
549 5661 760 5727 Fratres,
790 5661 948 5724 quare
973 5661 1209 5727 gaudetis.
1252 5669 1305 5712 Et
1341 5661 1556 5712 nonnulli
1607 5661 1982 5724 prosequuntur,

426 5722 663 5789 fructuosa
685 5722 828 5782 agite}

1573 286 1630 344 S.
1671 286 2032 345 AUGUSTI?"
2074 289 2368 349 EPlSCOPl

3538 307 3679 364 1796

2117 404 2309 475 hujus?
2339 405 2696 464 lndifl‘ercnter
2726 410 3045 478 habeamus;
3075 415 3196 484 quia
3221 416 3328 488 jam
3357 422 3585 491 suscepti
3612 422 3686 478 ab

2113 506 2264 552 utero
2293 497 2429 553 illius
2465 502 2656 555 matris‘
2683 513 2876 558 nostra:
2920 506 3280 562 indifferenter
3305 525 3365 563 ea
3399 511 3682 572 habentes.

2111 585 2354 655 dicimus,
2399 589 2543 644 Sicut
2583 592 2794 647 tenebru:
2829 596 2966 666 ejus,
2999 600 3072 651 sic
3109 610 3156 653 et
3201 601 3367 655 luntcn
3395 604 3521 669 eius.
3571 605 3688 662 Nec

2114 675 2331 732 felicitas
2360 682 2534 734 saeculi
2566 698 2662 736 nus
2693 683 2813 738 facit
2845 689 3044 754 beatos,
3077 706 3175 744 nec
3201 692 3491 749 adversitas
3519 697 3690 752 misc-

2112 781 2221 820 ros.
2253 768 2396 837 Opus
2423 780 2502 825 est
2539 772 2799 842 justitiam
2845 785 3023 834 tenere
3043 821 3057 843 ,
3088 779 3249 835 fidem
3272 767 3523 853 diligere,
3555 804 3688 858 spe-

2113 871 2229 913 rare
2258 859 2308 913 in
2339 862 2498 917 Deum
2521 903 2538 931 ,
2567 863 2786 934 diligere
2812 867 2973 922 Deum
2991 911 3005 935 ,
3033 871 3248 940 diligere
3273 883 3326 928 et
3360 877 3687 943 proximum.

2115 951 2233 1007 Post
2270 954 2400 1009 istos
2429 955 2637 1013 labores
2665 958 2971 1017 habebimus
3011 963 3326 1021 indefessam
3358 968 3553 1035 lucem,
3588 971 3690 1025 ha-

2112 1043 2352 1100 bebimus
2396 1046 2534 1102 diem
2577 1050 2690 1104 sine
2730 1067 2919 1107 occasu
2950 1071 2962 1106 :
2997 1056 3184 1110 transit
3219 1059 3472 1129 quidquid
3514 1074 3598 1116 eSt
3629 1063 3688 1117 in

2115 1134 2212 1188 ista
2243 1146 2395 1192 nocte
2423 1138 2650 1194 lucidum
2678 1150 2732 1195 et
2761 1144 3118 1200 tenebrosum.
3151 1146 3398 1212 Quoniam
3426 1161 3479 1205 tu
3505 1171 3687 1222 posse-

2113 1226 2232 1279 disli
2260 1245 2397 1282 renes
2428 1247 2589 1299 meos,
2621 1232 2834 1289 Domine
2852 1250 2873 1300 ;
2900 1239 3159 1308 suscepisti
3189 1257 3266 1294 me
3302 1259 3366 1296 ea:
3403 1254 3542 1300 utero
3571 1264 3689 1301 ma-

2113 1319 2203 1372 tris
2233 1336 2372 1372 πυρα».

2185 1409 2268 1464 19.
2307 1408 2467 1482 [vers.
2499 1411 2608 1485 14.]
2639 1415 2918 1484 Cou/itebor
2941 1418 3049 1488 tibi,
3079 1419 3305 1486 Domine,
3330 1409 3685 1490 quoniamter-

2111 1505 2318 1560 ribiliter
2355 1508 2648 1577 miri/iratus
2685 1528 2755 1564 es.
2804 1511 3114 1569 Terribilitcr
3154 1518 3448 1587 miri/iratus
3487 1540 3539 1576 es
3566 1541 3585 1578 .·
3614 1541 3688 1580 eo

2114 1595 2228 1664 ipso
2256 1597 2394 1668 quod
2426 1605 2475 1652 te
2506 1600 2759 1656 miramur
2777 1645 2792 1669 ,
2821 1606 3146 1661 tuterribilis
3172 1623 3231 1663 es
3255 1626 3268 1675 ;
3301 1625 3420 1666 cum
3449 1624 3687 1672 tremore

2112 1687 2419 1756 gaudemus.
2466 1689 2735 1747 'l‘s'memus
2774 1694 2913 1748 enim
2943 1712 3008 1750 ne
3036 1697 3103 1752 de
3142 1699 3296 1754 donis
3327 1703 3427 1757 tuis
3457 1720 3555 1760 nos
3583 1722 3687 1761 ex-

2115 1777 2358 1832 tollentes
2407 1795 2502 1849 per
2543 1784 2884 1852 superbiam,
2927 1802 3228 1844 mereamur
3253 1793 3497 1850 amittere
3538 1797 3686 1864 quod

2115 1865 2410 1924 humilitate
2443 1873 2793 1942 percepimus.
2824 1875 3104 1946 Con/itebor
3141 1881 3258 1945 tibi,
3289 1882 3520 1949 Domine,
3552 1905 3685 1958 quo-

2111 1959 2247 2012 niam
2277 1962 2558 2018 terribiliter
2585 1967 2884 2035 miri/icatus
2912 1985 2961 2023 es
2986 1986 3005 2023 :
3031 1972 3282 2028 mirabilia
3311 1991 3461 2045 Opera
3488 1989 3574 2031 tua
3591 2023 3606 2045 ,
3633 1989 3686 2034 et

2111 2052 2280 2105 anima
2307 2071 2415 2108 mea
2447 2059 2695 2126 cognoscit
2742 2060 2900 2115 valde.
2927 2061 3041 2118 Jam
3069 2069 3337 2136 Cognoscit
3361 2071 3533 2126 anima
3563 2089 3682 2128 mea

2112 2141 2264 2196 valde
2289 2161 2302 2210 ;
2334 2146 2581 2214 quoniam
2610 2151 2884 2220 suscepisti
2913 2168 2998 2208 me
3023 2169 3088 2210 ex
3121 2167 3272 2212 utero
3298 2161 3482 2217 matris
3509 2179 3638 2218 mea:
3659 2183 3681 2222 :

2112 2243 2265 2290 antea
2297 2251 2425 2292 vero
2453 2240 2725 2296 mirificata
2755 2253 2833 2298 est
2875 2246 3094 2302 scientia
3140 2256 3226 2305 tua
3271 2267 3337 2306 ex
3375 2269 3495 2320 me;
3525 2235 3679 2311 inva-

2113 2324 2302 2391 luerat,
2333 2343 2430 2383 nec
2455 2341 2689 2399 poteram
2711 2332 2775 2388 ad
2806 2334 2969 2393 illam.
2999 2337 3139 2409 Ergo
3158 2356 3228 2395 ex
3251 2358 3335 2398 me
3363 2344 3677 2418 invalucrat,

2112 2433 2210 2472 nec
2235 2428 2468 2489 poteram
2496 2421 2558 2476 ad
2589 2423 2750 2478 illam.
2781 2425 2934 2484 Unde
2959 2431 3115 2485 modo
3139 2433 3312 2488 anima
3339 2452 3453 2492 mea
3483 2455 3683 2508 cogito-

2111 2514 2212 2568 scit
2234 2515 2418 2580 valde,
2449 2517 2547 2571 nisi
2575 2519 2693 2588 quia
2723 2536 2824 2576 nox
2857 2523 3168 2581 illuminatio
3209 2527 3260 2582 in
3302 2529 3509 2586 deliciis
3545 2535 3679 2590 meis

2110 2606 2235 2659 est?
2278 2605 2375 2678 nisi
2418 2608 2539 2678 quia
2570 2611 2712 2664 venit
2751 2611 2878 2666 mihi
2915 2616 3080 2684 gratia
3122 2626 3244 2682 tua,
3273 2628 3330 2674 et
3365 2621 3680 2685 illuminavit

2111 2695 2354 2750 tenebras
2384 2700 2571 2753 meas?
2612 2701 2712 2755 nisi
2738 2703 2858 2773 quia
2892 2714 2944 2758 tu
2974 2707 3250 2776 possedisti
3293 2726 3449 2768 rencs
3485 2719 3678 2772 meos?

2109 2787 2208 2841 nisi
2240 2789 2358 2859 quia
2389 2799 2442 2844 tu
2473 2793 2752 2863 suscepisti
2778 2810 2864 2851 me
2890 2812 2954 2852 cx
2985 2807 3135 2854 utero
3164 2803 3352 2858 matris
3377 2807 3551 2861 meai?

2178 2876 2267 2933 20.
2310 2876 2475 2952 [νει-ε.
2501 2881 2612 2956 15.]
2652 2882 2772 2938 Νοη
2799 2897 2870 2939 est
2895 2887 3240 2945 absconditum
3275 2910 3331 2948 os
3355 2911 3516 2950 meum
3542 2914 3572 2950 a
3601 2908 3670 2967 te,

2107 2971 2243 3038 quod
2269 2971 2428 3039 fecisti
2453 2973 2506 3027 in
2535 2975 2843 3031 abscondito.
2873 2979 2946 3034 Os
2974 2996 3125 3036 suum
3156 2983 3284 3039 dicit
3313 3004 3328 3039 :
3354 2989 3492 3056 quod
3518 2991 3675 3061 vulgo

2108 3061 2299 3116 dicitur
2325 3078 2523 3131 essum,
2571 3066 2728 3123 latine
2765 3085 2825 3125 os
2864 3069 3074 3128 dicitur.
3104 3074 3214 3130 lloc
3242 3077 3292 3132 in
3318 3094 3493 3149 grzeco
3523 3084 3674 3138 inre-

2105 3151 2248 3207 nitur
2273 3153 2370 3226 (a).
2402 3154 2529 3210 Nam
2575 3173 2850 3228 possemus
2888 3161 2974 3218 hic
3016 3174 3200 3235 putare
3236 3183 3296 3223 os
3335 3185 3486 3239 esse,
3517 3174 3584 3230 ab
3608 3191 3676 3234 eo

2107 3245 2247 3317 quod
2276 3255 2399 3301 sunt
2422 3263 2512 3302 ora
2536 3265 2550 3315 ;
2594 3265 2698 3305 non
2727 3266 2788 3307 os
2826 3267 3070 3326 correpte
3095 3259 3110 3290 ³
3131 3299 3146 3324 ,
3184 3260 3252 3316 ab
3280 3276 3346 3316 eo
3375 3265 3517 3333 quod
3549 3276 3675 3325 sunt

2105 3349 2248 3392 ossa.
2277 3335 2330 3390 Ν
2333 3354 2398 3391 οη
2420 3350 2492 3424 est
2517 3355 2642 3411 ergo
2667 3343 3033 3411 absconditum,
3062 3349 3249 3420 inquit,
3275 3369 3332 3407 os
3357 3370 3523 3409 meum
3546 3375 3578 3411 α
3600 3369 3670 3426 te,

2106 3426 2241 3518 quod
2264 3429 2425 3498 fecisti
2447 3427 2499 3482 in
2527 3431 2839 3488 abscondito.
2883 3436 3062 3493 Habeo
3089 3439 3140 3494 in
3168 3441 3479 3500 abscondito
3503 3449 3672 3518 quod-

2105 3517 2226 3571 dam
2252 3534 2456 3574 ossum.
2495 3519 2586 3577 Sic
2627 3525 2767 3578 enim
2806 3528 2980 3597 potius
3025 3529 3342 3601 loquamur:
3374 3517 3566 3595 melius
3590 3549 3672 3598 est

2083 3609 2492 3688 reprehendant
2525 3628 2622 3668 nos
2663 3620 3195 3692 graminatiei,.quam
3240 3642 3343 3681 non
3373 3628 3672 3702 intelligant

2105 3704 2302 3774 populi.
2333 3706 2468 3774 Ergo
2488 3716 2590 3773 est,
2617 3708 2803 3780 inquit,
2832 3713 3092 3781 quoddam
3115 3731 3293 3772 essum
3321 3737 3500 3779 meum
3528 3725 3670 3783 intus

2105 3793 2158 3849 iu
2183 3795 2522 3863 abscondito;
2555 3807 2608 3852 tu
2637 3798 2804 3855 fecisti
2836 3802 2978 3858 intus
3001 3819 3176 3860 essum
3205 3809 3334 3864 mihi
3367 3812 3419 3868 in
3444 3815 3670 3872 abscon-

2102 3885 2236 3952 dito,
2281 3897 2333 3940 et
2379 3904 2482 3942 non
2528 3899 2610 3944 est
2655 3891 3018 3950 absconditum
3057 3911 3085 3949 a
3128 3905 3200 3953 te.
3256 3898 3312 3954 in
3351 3902 3670 3961 abscondito

2103 3980 2243 4033 enim
2289 3979 2495 4046 fecisti;
2534 3982 2625 4036 sed
2657 3986 2907 4056 numquid
2947 3997 3001 4042 et
3043 3988 3135 4044 tibi
3167 3991 3267 4048 hoc
3299 3994 3667 4055 abscondisti!

2104 4069 2215 4124 Hoc
2240 4085 2417 4125 essum
2445 4089 2617 4128 meum
2647 4074 2842 4132 factum
2869 4093 2897 4132 a
2931 4089 2982 4134 te
3013 4081 3061 4134 in
3087 4083 3668 4150 abscondito-homines

2104 4175 2207 4214 non
2239 4162 2445 4229 vident,
2479 4165 2722 4220 homines
2751 4183 2858 4224 non
2890 4183 3186 4239 noverunt;
3219 4185 3273 4231 tu
3297 4186 3471 4236 autem
3501 4186 3663 4251 nosti,

2101 4252 2189 4322 qui
2218 4253 2403 4309 fecisti.
2447 4256 2594 4322 Quod
2636 4275 2763 4329 ergo
2797 4276 2858 4317 os
2883 4263 3042 4332 dicit,
3081 4265 3310 4325 fratres?
3355 4272 3667 4341 Qumramus

2101 4342 2267 4410 illud;
2312 4345 2361 4398 in
2392 4347 2703 4403 abscondito
2731 4361 2833 4406 est.
2877 4353 2981 4410 Sed
3018 4358 3138 4428 quia
3173 4361 3442 4420 christiani
3481 4368 3535 4423 in
3562 4384 3666 4424 no.

2100 4434 2241 4488 mine
2276 4435 2482 4492 Domini
2506 4439 2810 4497 ehristianis
2854 4445 3150 4517 loquimur,
3177 4453 3336 4509 modo
3363 4455 3665 4519 invenimus

2100 4527 2239 4597 quod
2271 4529 2341 4582 sit
2365 4544 2544 4586 assum
2573 4531 2894 4602 hujusmodi.
2925 4537 3171 4596 Firmitas
3193 4543 3431 4612 quaedam
3464 4561 3547 4606 est
3577 4551 3664 4607 in-

2099 4618 2299 4712 terior;
2336 4621 2455 4690 quia
2485 4621 2534 4676 in
2571 4624 2778 4679 ossibus
2807 4626 3028 4684 firmitas
3053 4642 3105 4686 et
3133 4631 3386 4692 fortitudo
3415 4638 3664 4712 intelligi-

2099 4717 2204 4764 tur.
2237 4709 2333 4764 Est
2361 4727 2488 4782 ergo
2528 4714 2768 4783 qumdam
2805 4717 2995 4774 animm
3036 4720 3259 4778 interior
3292 4725 3543 4795 firmitas,
3569 4709 3662 4788 tibi

2099 4817 2202 4857 non
2244 4802 2497 4874 frangitur
2521 4806 2561 4860 ⁸.
2598 4806 2857 4874 Quaslibet
2895 4820 3152 4878 tormenta
3172 4855 3188 4880 ,
3217 4817 3462 4886 qualibet
3489 4823 3664 4878 tribu-

2097 4893 2341 4959 lationes,
2372 4895 2620 4965 qumlibet
2657 4899 2809 4968 hujus
2836 4902 3014 4956 saeculi
3048 4903 3398 4964 adversitates
3428 4912 3665 4983 undique

2095 4984 2348 5050 smviant;
2378 4984 2504 5040 illud
2529 4987 2666 5056 quod
2697 4988 2834 5044 Deus
2863 4990 2915 5045 in
2941 4992 3252 5060 abscondito
3277 4998 3401 5054 fecit
3425 5000 3659 5072 tinuum,

2097 5075 2149 5129 in
2179 5074 2332 5130 nobis
2356 5075 2522 5148 frangi
2545 5094 2648 5134 non
2672 5088 2863 5150 potest,
2894 5099 3000 5140 non
3025 5086 3182 5141 cedit.
3205 5088 3246 5142 Α
3271 5089 3496 5149 Domino
3517 5096 3660 5153 enim

2095 5165 2230 5222 facta
2259 5178 2340 5222 est
2382 5169 2623 5238 quaedam
2655 5172 2875 5228 tlrmitas
2904 5176 3171 5244 patientiae
3199 5189 3396 5238 nostra:
3415 5225 3432 5250 ,
3461 5186 3530 5242 de
3555 5203 3660 5258 qua

2095 5258 2286 5315 dicitur
2323 5258 2375 5315 in
2414 5261 2520 5316 alio
2556 5263 2800 5335 psalmo:
2835 5265 3196 5327 Verumtamen
3220 5273 3328 5330 Deo
3365 5278 3661 5350 subjicietur

2092 5520 2142 5577 pl
2143 5455 2186 5564 ἑ.
2199 5455 2269 5505 Sic
2298 5460 2404 5506 Mss.
2430 5462 2486 5506 At
2506 5463 2604 5508 Am.
2632 5467 2683 5510 et
2702 5466 2797 5525 En,
2819 5475 2872 5515 os
2892 5474 3136 5532 corrupte.
3159 5477 3268 5522 lor.
3303 5485 3465 5528 ossran
3486 5492 3654 5531 corru-

2087 5577 2274 5688 m’
2619 5592 2676 5638 At
2710 5591 2782 5637 Er.
2807 5595 2859 5640 et
2888 5595 3020 5653 non,
3059 5590 3258 5708 interior
3283 5595 3370 5660 vis,
3398 5599 3482 5652 ubi
3500 5600 3650 5708 firmis

2151 5721 2224 5786 (α)
2247 5723 2436 5776 ostentu.
