2021 3101
141 143 206 172 I797

140 202 224 227 ωήηιη
238 207 292 226 ηιιά
305 207 313 230 ;
326 198 445 235 quoniam
458 198 488 225 ab
500 198 554 233 ipso
568 197 688 232 patientia
702 205 756 224 mea
768 197 852 232 (Psal.
865 204 918 229 ιιι,

140 247 184 281 6).
207 246 239 273 Iit
261 245 367 272 attende
383 244 529 279 apostolum
547 243 667 274 Paulum,
688 242 827 270 habentem
850 243 919 269 intus

140 292 190 319 hoc
204 298 286 325 genus
309 290 438 316 firmitatis
453 298 459 316 :
477 288 556 321 Quasi
577 289 674 320 tristes,
696 287 799 322 inquit;
822 295 918 323 semper

139 342 220 364 autent
233 335 368 372 gaudentes
388 335 427 370 (Il
438 333 496 361 Cor.
509 342 534 360 τι
545 355 553 366 ,
569 334 628 369 I0).
647 332 722 360 Unde
734 335 805 369 quasi
817 332 919 359 tristes?

140 381 312 416 Contumeliis
323 401 330 412 ,
346 380 493 415 opprobriis
505 400 513 412 ,
535 378 776 414 persecutionibus,
798 378 919 413 ﬂagellis,

141 429 233 464 plagis,
249 426 462 461 lapidationibus,
477 425 637 455 carceribus.
655 424 765 451 catenis.
786 423 850 457 Quis
868 431 919 450 non

140 482 186 501 cos
215 473 326 500 miseros
350 476 411 499 tunc
439 470 625 498 existimaret?
648 469 702 497 Nec
725 470 760 496 illi
786 469 834 504 ipsi
858 476 919 504 per-

140 525 275 547 sccuturcs
299 519 421 546 smvirent
446 519 471 544 in
495 524 558 549 eos,
582 516 631 543 nisi
654 520 776 551 putarent
799 522 845 542 eos
869 514 920 541 mi-

140 573 214 594 seros
238 565 294 592 fieri
319 563 546 599 persecutionibus
572 562 636 589 suis.
664 561 701 588 Illi
726 561 796 588 enim
820 568 865 587 eos
887 568 919 587 ex

140 620 187 640 sua
207 611 357 639 inﬁrmitate
377 610 553 645 eonjiciebant
566 629 574 641 ,
594 609 636 643 qui
658 616 709 635 non
730 607 859 634 ltubrltant
878 614 922 633 os-

140 666 201 685 snm
221 657 402 685 absconditum
426 655 535 683 interius
551 664 557 681 :
574 654 611 682 illi
629 662 692 681 vero
712 654 754 688 qui
779 653 919 685 habebant,

142 703 295 732 hominibus
309 703 372 730 foris
387 702 474 730 tristes
489 701 659 732 videbantur,
675 701 745 727 intus
758 705 845 727 autem
858 707 921 735 gauo

140 748 240 775 debant
254 748 326 778 Deo:
349 747 390 774 cui
406 754 457 774 non
472 751 529 774 erat
543 746 724 774 absconditum
744 753 833 772 ossum
849 745 921 780 ipso-'

140 802 214 826 rum,
228 793 297 829 quod
316 794 413 820 fecerat
433 793 458 819 in
479 792 642 820 abscondito.
662 792 754 827 Aperit
767 797 854 819 autem
872 791 922 819 hoc

139 847 231 867 ossum
252 840 277 866 in
299 838 453 866 abscondito
476 837 573 866 factum
588 846 602 864 a
618 838 672 865 Deo
695 837 764 865 idem
788 837 922 872 apostolus

140 885 248 916 Paulus,
272 884 312 912 Itis
330 884 438 912 verbis:
456 883 514 911 Non
536 884 617 911 solum
640 889 737 915 autem,
761 883 858 918 inquit,
878 882 922 910 sed

139 933 216 958 etiam
226 931 362 966 gloriantur
374 931 399 956 in
414 929 622 956 tribulationibus.
638 930 733 956 Parum
746 929 855 964 estquia
869 937 920 956 non

139 984 170 1003 es
186 975 283 1008 tristis,
297 975 344 1003 sed
358 979 385 1002 et
397 975 540 1010 gloriaris?
559 974 677 1002 Sufﬁciat
692 974 738 1001 tibi
754 974 853 1001 tristem
869 981 921 1002 non

140 1029 211 1050 esse.
237 1022 331 1049 Parum
355 1027 409 1055 est,
434 1021 528 1057 inquit,
550 1021 708 1049 Christianis
730 1029 738 1048 :
759 1021 809 1048 tale
832 1029 921 1048 ossum

140 1067 206 1095 mihi
223 1067 289 1095 fecit‘
305 1067 330 1094 in
345 1067 499 1094 abscondito
513 1087 520 1099 ,
543 1072 570 1093 ut
587 1074 678 1101 parmn
700 1066 734 1093 sit
754 1074 805 1093 non
825 1065 920 1101 frangi,

140 1113 192 1140 nisi
207 1113 284 1140 etiam
298 1113 404 1147 glorier.
419 1111 494 1140 Unde
508 1111 648 1147 gloriaris?
663 1111 696 1138 In
710 1111 920 1145 tn'bulatiouibus,

139 1163 247 1186 scimus
259 1159 317 1194 quia
332 1158 458 1184 tribulatio
473 1158 617 1192 patientiam
633 1161 759 1193 operatur.
775 1157 839 1184 Vide
858 1164 923 1192 quo-

141 1204 224 1231 modo
238 1205 347 1231 formata
359 1203 393 1230 sit
406 1203 447 1230 illa
460 1203 569 1230 ﬁrmitas
580 1204 649 1230 intus
662 1204 687 1230 in
700 1203 779 1231 corde
791 1212 798 1228 :
811 1203 922 1230 Scieutcs

138 1248 262 1282 quoniam
274 1247 401 1274 tribulatio
421 1247 564 1282 patientiam
584 1252 718 1282 operatur,
732 1248 850 1282 patientia
865 1256 922 1282 pro-

139 1295 282 1324 bationem,
299 1293 410 1329 probatio
427 1301 514 1328 spem;
535 1302 591 1328 spes
605 1299 688 1320 autem
701 1302 752 1321 non
771 1293 902 1330 confundit
913 1301 923 1321 .'

137 1339 260 1373 quoniam
275 1339 384 1365 cltaritas
405 1337 452 1365 Dei
475 1337 570 1371 diffusa
590 1343 625 1366 est
647 1339 673 1366 in
695 1339 811 1366 cordibus
832 1338 924 1366 nostris

139 1393 191 1420 per
198 1385 322 1419 Spiritum
331 1389 453 1416 sanctum,
463 1384 506 1418 qui
517 1384 590 1411 datus
600 1389 635 1412 est
644 1384 804 1419 uobis(Rom.
817 1392 844 1418 ν,
851 1383 922 1420 5-5).

138 1432 186 1459 Sic
199 1431 339 1457 formatum
351 1434 430 1464 atque
441 1431 573 1457 firmatum
583 1434 625 1457 est
637 1437 725 1457 ossum
737 1430 800 1457 illud
812 1431 924 1457 abscon-

139 1476 237 1508 ditum,
251 1479 280 1502 ut
292 1474 370 1501 faciat
383 1482 431 1501 nos
444 1474 523 1502 etiam
537 1474 645 1510 gloriari
661 1475 686 1502 in
702 1475 922 1503 tribulationibus.

138 1522 194 1550 Sed
210 1521 328 1555 videmur
351 1520 501 1548 hominibus
524 1521 630 1553 miseri,
656 1521 716 1556 quia
740 1520 922 1548 absconditum

139 1571 183 1594 est
195 1566 234 1594 eis
253 1565 323 1600 quod
337 1565 465 1593 habemus
479 1566 649 1594 intrinsecus.
664 1565 723 1593 Non
737 1570 773 1592 est
792 1565 924 1594 abscondi-

138 1618 195 1640 tu-n
207 1621 235 1639 os
248 1620 329 1639 meum
344 1621 360 1639 a
375 1617 398 1640 te
407 1633 415 1646 ,
431 1611 499 1644 quod
515 1612 596 1647 fecisti
609 1612 635 1639 in
649 1611 793 1640 abscondito
807 1620 817 1639 .'
831 1617 854 1639 et
866 1611 925 1639 sub-

138 1658 233 1685 stantia
252 1666 318 1688 mca,
340 1658 366 1684 in
383 1657 543 1693 inferioribus
557 1662 640 1684 terra.
664 1657 735 1685 Ecce
752 1657 778 1685 in
792 1665 871 1685 carne
883 1662 925 1685 est

138 1703 284 1731 sulmantiu
307 1711 379 1736 mea,
394 1703 421 1730 in
436 1703 606 1730 inferioribus
625 1708 702 1731 terra:
720 1708 761 1731 est
778 1696 923 1731 substantia

138 1756 221 1782 mea;
237 1754 264 1776 ct
282 1748 366 1776 habeo
380 1754 466 1777 tamen
482 1757 576 1777 rossum
594 1749 767 1782 intrinsecus,
783 1750 852 1785 quod
866 1749 922 1777 for-

139 1795 218 1822 masti
227 1816 234 1827 ,
248 1794 318 1830 quod
334 1795 410 1822 faciat
430 1803 473 1823 me
485 1803 537 1823 non
552 1795 648 1823 cedere
662 1795 785 1823 omnibus
799 1803 923 1831 persecu-

140 1839 258 1869 tionibus
272 1840 281 1856 ί
301 1840 432 1868 inferioris
454 1840 531 1875 hujus
553 1840 687 1875 regionis,
710 1840 754 1868 ubi
776 1845 817 1868 est
837 1840 924 1868 adhuc

139 1886 286 1914 substantia
302 1893 375 1914 mea.
391 1885 458 1920 Quid
473 1886 544 1914 enim
564 1893 689 1921 magnum
702 1889 742 1912 est
755 1885 778 1912 si
794 1885 869 1913 fortis
881 1890 924 1913 est

139 1933 272 1968 angelus?
285 1932 406 1968 Magnum
419 1937 460 1960 est
473 1931 495 1959 si
510 1932 585 1959 fortis
599 1937 640 1959 est
652 1938 724 1958 caro.
741 1931 773 1958 Et
786 1931 856 1959 unde
870 1930 923 1958 for-

139 1980 175 2007 tis
185 1986 249 2006 caro
259 1999 266 2011 ,
281 1978 350 2006 unde
372 1978 439 2006 forte
454 1985 500 2005 vas
514 1977 608 2010 ﬁctile,
636 1977 685 2004 nisi
698 1977 758 2012 quia
774 1976 870 2005 factum
883 1981 924 2004 est

139 2025 174 2052 ibi
189 2031 279 2052 assum
297 2025 323 2052 in
342 2023 519 2052 abscondito?
539 2023 572 2050 Et
589 2022 726 2050 substantia
738 2031 793 2050 mea
813 2023 839 2050 in
858 2023 924 2059 infe-

139 2071 247 2098 rioribus
266 2075 347 2097 terrte.

172 2115 206 2143 21
213 2135 219 2142 .
234 2114 374 2152 [cers.16.]
388 2113 455 2149 Quid
465 2113 498 2142 de
507 2114 558 2142 illis
565 2114 608 2149 qui
619 2114 706 2141 minus
715 2113 782 2141 ﬁrmi
790 2113 869 2141 sunt?
876 2113 924 2142 Lo-

138 2161 229 2194 tpiitur
237 2160 319 2194 enim,
331 2161 421 2195 utjam
433 2160 626 2192 commendavi,
637 2159 768 2187 Christus.
779 2159 830 2188 Sed
841 2159 922 2187 multa

138 2207 208 2234 dicta
219 2211 279 2234 sunt
287 2214 318 2234 ex
329 2213 438 2241 persona
447 2206 579 2241 corporis;
589 2205 650 2233 audi
658 2210 685 2233 et
692 2213 725 2233 ex
736 2213 845 2241 persona
856 2205 924 2241 capi-

141 2253 173 2280 tis
183 2257 228 2280 :et
237 2260 290 2280 non
300 2252 374 2288 quasi
384 2252 530 2288 distinguit,
541 2257 569 2279 ut
580 2251 685 2279 inducat
705 2252 776 2287 ipsas
787 2259 922 2286 personas,

140 2297 219 2326 modo
227 2302 315 2332 caput,
325 2297 405 2325 modo
413 2305 518 2333 corpus.
531 2296 559 2325 Si
567 2297 637 2325 enim
648 2297 793 2332 distinguit,
804 2297 878 2333 quasi
888 2297 924 2325 di-

136 2344 201 2371 vidit
212 2351 220 2376 ς
232 2350 283 2371 non
293 2347 370 2370 erunt
377 2343 430 2370 duo
437 2344 463 2370 in
473 2350 552 2370 carne
561 2351 621 2369 una.
633 2342 660 2370 Si
671 2347 757 2370 autem
768 2342 819 2370 duo
827 2348 888 2370 sunt
897 2343 922 2370 in

136 2396 218 2415 carne
229 2396 279 2415 una
294 2387 407 2422 (Epltes.
419 2396 445 2420 ν,
456 2388 499 2419 51,
512 2387 546 2415 52
556 2388 565 2423 )
577 2396 585 2419 ;
600 2388 651 2415 noli
667 2388 755 2415 mirari
768 2389 789 2415 si
801 2387 853 2415 duo
863 2393 924 2416 sunt

137 2435 164 2462 in
179 2442 244 2462 voce
258 2442 320 2462 una.
334 2434 445 2468 Quando
460 2434 586 2461 Dominus
601 2438 692 2461 noster
704 2433 782 2462 Jesus
801 2434 923 2464 Christus

137 2488 233 2515 passus
247 2484 303 2512 est,
326 2480 446 2515 discipuli
466 2480 581 2507 nondum
606 2479 738 2508 habebant
755 2480 818 2507 illud
832 2487 921 2507 ossum

138 2526 267 2558 interius;
281 2526 397 2553 nondum
408 2525 459 2553 illis
469 2530 525 2553 erat
538 2525 667 2553 ﬁrmatum
681 2526 761 2554 robur
771 2526 902 2561 patientia:
913 2534 920 2553 :

138 2577 165 2599 et
179 2573 296 2600 latebant
310 2580 339 2600 se
350 2593 360 2606 ,
382 2572 534 2600 nesciebant
549 2572 618 2600 vires
639 2580 719 2606 suas;
742 2577 769 2600 et
789 2580 868 2601 ausus
882 2577 923 2601 est

138 2616 234 2644 Petrus
246 2617 400 2652 promittere
411 2617 563 2645 societatem
577 2618 668 2644 mortis
680 2625 739 2645 cum
751 2618 853 2645 Domini
865 2626 921 2653 pas-

133 2665 224 2697 Vsione,
236 2668 325 2691 etnon
338 2671 368 2691 se
379 2668 486 2691 noverat
497 2668 624 2699 aegrotus;
639 2664 756 2692 medicus
770 2669 859 2692 autem
876 2672 922 2691 uo-

137 2714 213 2737 verat
220 2714 357 2744 ingratum.
368 2709 435 2742 Quid
444 2714 530 2737 autem
541 2709 637 2737 factum
648 2710 706 2737 est?
718 2709 819 2745 Tecum,
828 2711 920 2745 inquit,

137 2763 218 2789 usque
236 2755 271 2781 ad
288 2759 403 2782 mortem.
425 2755 502 2790 Amen
523 2754 578 2781 dico
601 2754 661 2787 tibi;
684 2756 827 2791 priusquam
841 2756 922 2791 gallus

139 2806 240 2835 cantet,
256 2806 292 2828 ter
304 2809 343 2828 me
355 2801 454 2836 negabis
467 2800 578 2837 (Matth.
594 2809 654 2829 xxvt
666 2822 674 2835 ,
687 2802 722 2830 54
733 2822 741 2837 ,
757 2802 807 2836 55;
823 2807 846 2830 et
860 2802 921 2829 Luc.

172 2858 182 2874 ι
194 2862 243 2883 Δω-
252 2860 278 2884 et
288 2856 379 2889 aliquot
389 2861 452 2888 Itan,
460 2855 657 2889 persecutoribus.

658 139 852 168 ΕΝΛΠΒΛΤΙΟ
871 139 903 167 IN
923 139 1081 169 PSALHUM
1102 141 1264 170 CXXXVIII.

1687 145 1753 173 i798

973 204 1047 228 xsn,
1061 197 1104 228 '53.
1121 198 1183 232 54).
1201 198 1347 233 Responsio
1368 198 1462 227 medici
1476 198 1562 227 verior
1575 200 1679 227 inventa
1694 209 1734 229 est
1745 221 1754 234 ,

972 249 1050 276 quam
1065 243 1155 277 a‘groti
1170 243 1350 278 pnesumptio.
1366 243 1402 271 De
1417 243 1458 271 his
1471 252 1534 279 ergo
1548 244 1611 272 dicit
1621 266 1629 277 ,
1648 245 1706 272 Non
1720 251 1757 273 est

971 288 1142 314 absconditum
1157 297 1184 314 os
1197 296 1277 314 meum
1290 297 1305 315 α
1320 293 1352 322 te,
1366 289 1433 324 quod
1455 290 1535 325 fecisti
1547 290 1573 317 in
1587 290 1731 318 abscondito
1746 299 1757 320 .‘

972 332 1104 367 inquibus
1116 338 1156 360 est
1170 333 1253 367 ipsum
1268 341 1298 360 os
1312 333 1442 361 ﬁrmatum
1454 335 1621 368 intrinsecus,
1633 341 1660 363 et
1671 337 1757 363 maxi‘

972 385 1015 404 me
1029 378 1109 405 robur
1123 379 1252 412 passionis
1267 378 1293 406 in
1318 379 1375 414 ipso
1388 379 1498 408 Domino
1513 385 1604 408 nostro
1622 386 1650 408 ct
1663 382 1756 409 Salva-

971 426 1029 450 tore
1041 422 1104 450 Jesn
1117 423 1233 457 Christo,
1249 424 1293 458 qui
1306 432 1364 451 cum
1380 425 1478 457 voluit,
1494 425 1577 459 sedit;
1591 433 1649 454 cum
1663 427 1755 460 voluit,

971 469 1102 502 surrexit;
1116 477 1176 497 cum
1192 470 1291 503 voluit,
1307 470 1448 504 dormivit;
1465 479 1523 499 eum
1538 472 1635 504 voluit,
1648 473 1756 508 evigila-

974 513 1029 546 vit;
1045 514 1117 549 quia,
1131 513 1283 542 Poleslalent
1295 536 1302 547 ,
1318 515 1419 550 inquit,
1434 516 1510 543 habeo
1526 517 1635 551 ponendi
1647 518 1757 545 animum

972 568 1062 592 meam,
1079 566 1102 588 et
1117 566 1262 595 potestatem
1275 561 1352 588 habeo
1365 562 1458 593 iterum
1467 563 1580 589 sumendi
1593 571 1648 590 eam
1661 563 1670 598 (
1678 563 1756 591 Joan.

971 612 999 636 x,
1015 603 1076 640 18).
1090 605 1157 639 Quid
1169 605 1202 633 de
1216 606 1267 633 illis
1281 607 1307 633 in
1327 606 1422 642 quibus
1436 615 1487 634 non
1502 612 1557 634 erat
1573 607 1698 635 fortitudo
1712 609 1758 637 illa

972 649 1083 677 formata
1104 655 1183 686 atque
1197 651 1320 678 ﬁrmata?
1336 652 1397 687 quid
1412 652 1446 680 de
1460 653 1510 680 illis
1523 653 1603 680 dicit?
1618 653 1682 681 Vide
1695 654 1758 689 quid

972 695 1042 723 dicat
1055 696 1124 723 Patri
1139 697 1193 724 Deo
1206 705 1213 724 :
1225 696 1402 732 Imperfectum
1416 706 1497 725 meum
1510 698 1623 725 viderunt
1635 699 1699 726 oculi
1711 699 1758 726 tui.

973 740 1152 777 Imperfectum
1166 751 1257 776 nteant,
1274 743 1379 771 Petrum
1395 746 1481 770 meum
1497 744 1663 779 pollicentem
1675 750 1701 773 et
1714 753 1760 773 nc-

971 792 1088 822 gantem,
1100 793 1304 822 praesumentem
1316 794 1341 816 et
1353 788 1519 816 deﬁeientent
1527 797 1534 816 :
1543 790 1663 818 viderunt
1673 795 1759 818 tamen

972 839 1032 859 eum
1042 833 1110 860 oculi
1120 834 1167 860 tni.
1177 833 1242 861 Nam
1251 834 1320 869 quod
1329 841 1389 862 eum
1400 839 1426 862 rt
1435 835 1490 870 ipse
1502 835 1626 862 Dominus
1634 837 1758 871 respexit,

972 877 1040 904 sicut
1055 878 1180 913 scriptum
1194 883 1235 906 est
1247 879 1272 906 ili
1288 879 1442 914 Evangelia,
1453 880 1507 915 jam
1521 885 1579 915 post
1595 882 1698 908 tertiam
1712 889 1759 909 ne-

972 923 1104 959 galionem
1119 926 1295 953 commonitus
1314 925 1376 960 quid
1398 926 1422 953 ei
1433 926 1597 961 praedixerit
1615 927 1740 955 Dominus
1751 947 1758 960 ,

971 969 1031 996 exiit
1045 971 1114 1005 foras
1125 991 1133 1004 ,
1147 975 1171 997 et
1184 971 1251 1004 flevit
1267 978 1351 997 nutare
1366 969 1441 1005 (Luc.
1457 979 1525 1004 un,
1541 971 1586 1005 6|,
1599 972 1668 1007 6‘2):
1685 972 1762 1000 ﬁctus

972 1014 1017 1042 ille
1027 1014 1060 1042 de
1070 1017 1236 1050 respectione
1248 1016 1292 1042 Dei
1308 1015 1356 1043 fuit
1368 1024 1376 1047 ς
1392 1017 1464 1051 quia,
1478 1016 1658 1052 Imperfectum
1668 1026 1759 1050 meum,

973 1060 1057 1095 inquit
1067 1081 1075 1092 .
1094 1061 1206 1089 viderunt
1220 1062 1287 1089 oculi
1301 1062 1346 1089 tui.
1370 1062 1436 1090 Nam
1453 1063 1497 1090 ille
1512 1063 1680 1098 imperfectus
1695 1065 1758 1092 titti-

973 1105 1038 1133 bans
1053 1106 1077 1133 in
1095 1107 1200 1134 Domini
1214 1108 1337 1142 passione
1350 1129 1356 1140 .
1372 1109 1463 1143 procul
1478 1108 1559 1136 dubio
1574 1110 1672 1144 periret
1692 1119 1699 1136 ε
1715 1110 1762 1138 sed

973 1151 1097 1180 viderunt
1119 1160 1179 1180 eum
1203 1154 1271 1180 oculi
1296 1154 1348 1186 tui;
1367 1162 1419 1182 non
1441 1155 1527 1182 soluat
1551 1155 1654 1190 ipsum,
1671 1155 1716 1183 sed
1735 1161 1764 1184 et

974 1205 1066 1225 omnes
1078 1199 1122 1233 qui
1138 1198 1283 1233 imperfecti
1300 1199 1416 1232 fuerunt,
1432 1199 1517 1227 donec
1533 1200 1630 1228 Christi
1644 1209 1763 1229 resurre-

973 1243 1062 1270 ctione
1084 1244 1261 1271 firmarentur.
1277 1245 1405 1280 Apparuit
1419 1246 1489 1273 enim
1504 1246 1588 1274 oculis
1602 1254 1693 1274 enrutn
1709 1255 1763 1276 non

974 1289 1074 1325 perisse
1086 1289 1112 1316 iu
1130 1289 1242 1317 Domino
1257 1290 1326 1326 quod
1340 1296 1472 1318 mortuum
1486 1297 1542 1319 erat
1553 1300 1560 1324 ;
1573 1297 1600 1320 et
1615 1291 1710 1320 factum
1721 1298 1763 1321 est

974 1341 1005 1361 os
1017 1334 1079 1362 illud
1094 1335 1119 1362 in
1132 1335 1285 1362 abscondito
1296 1343 1398 1368 eorum,
1411 1341 1438 1364 ut
1452 1344 1501 1365 nee
1514 1338 1564 1372 ipsi
1574 1338 1628 1372 jam
1641 1339 1763 1368 timerent

975 1379 1052 1406 mori.
1069 1378 1247 1415 Imperfectum
1260 1389 1340 1408 meum
1352 1381 1467 1409 viderunt
1482 1383 1548 1410 oculi
1562 1384 1615 1416 tui;
1628 1384 1685 1411 etin
1698 1384 1763 1412 libro

975 1428 1017 1450 tuo
1027 1432 1111 1452 omnes
1123 1424 1282 1452 scribentur:
1299 1433 1350 1453 non
1373 1427 1458 1454 solum
1473 1427 1602 1462 perfecti,
1619 1428 1666 1456 sed
1679 1429 1761 1458 etiam

975 1469 1132 1504 imperfecti.
1143 1469 1200 1497 Non
1213 1470 1322 1498 timeant
1331 1471 1488 1506 imperfecti,
1501 1477 1600 1500 tantum
1610 1473 1760 1508 proﬁciant.

974 1515 1030 1544 Nec
1042 1517 1101 1552 quia
1117 1516 1181 1550 dixi,
1195 1516 1252 1544 Non
1268 1517 1394 1550 timeant,
1410 1524 1500 1546 ament
1515 1519 1740 1554 itnperfectionem
1752 1541 1761 1554 ,

974 1568 1002 1590 et
1014 1563 1048 1590 ibi
1061 1568 1218 1591 remaneant
1231 1563 1275 1591 ubi
1289 1564 1390 1592 inventi
1401 1568 1472 1592 sunt.
1486 1565 1599 1593 Tantum
1611 1567 1761 1602 proﬁciant.

977 1613 1105 1643 quantum
1118 1609 1144 1636 in
1157 1609 1221 1644 ipsis
1233 1614 1284 1636 est.
1299 1609 1421 1644 Quotidie
1433 1609 1541 1645 addant,
1554 1611 1672 1647 quotidie
1684 1620 1762 1640 acce-

974 1654 1038 1682 dant
1058 1664 1065 1681 z
1087 1659 1175 1682 tamen
1195 1663 1211 1683 ι
1235 1663 1346 1690 corpore
1366 1655 1470 1683 Domini
1495 1664 1548 1684 non
1570 1657 1712 1692 recedant;
1733 1663 1762 1686 ut

975 1699 1001 1727 in
1012 1707 1065 1728 uno
1076 1707 1198 1734 corpore,
1209 1706 1236 1728 et
1246 1700 1272 1728 in
1285 1700 1326 1728 his
1337 1701 1463 1729 membris
1474 1703 1650 1738 compaginati
1660 1703 1764 1738 possint

974 1746 1071 1774 mereri
1084 1745 1118 1774 de
1131 1753 1159 1774 se
1171 1746 1269 1774 dictam
1288 1754 1349 1775 esse
1361 1754 1454 1775 vocem
1473 1748 1550 1776 istam
1560 1770 1568 1782 ,
1583 1748 1762 1785 Imperfectum

974 1800 1056 1819 meum
1069 1792 1182 1819 viderunt
1203 1793 1270 1820 oculi
1289 1793 1346 1826 tui;
1368 1793 1433 1821 etin
1453 1794 1517 1821 libro
1537 1799 1580 1822 tuo
1595 1803 1680 1823 ontnes
1698 1799 1762 1823 scri-

975 1836 1073 1863 bentur.

1009 1881 1056 1909 22.
1073 1881 1124 1908 Per
1137 1881 1202 1908 diem
1216 1882 1334 1909 errabant
1345 1903 1353 1915 ,
1365 1886 1388 1909 et
1400 1891 1472 1910 neuio
1484 1882 1566 1911 in
1582 1884 1642 1912 Dies
1657 1885 1699 1912 hic
1712 1886 1761 1914 ad-

975 1928 1027 1956 huc
1039 1933 1097 1956 erat
1112 1927 1237 1955 Dominus
1252 1933 1342 1956 noster
1355 1928 1434 1956 Iesus
1448 1929 1568 1957 Christus
1582 1938 1589 1956 :
1605 1931 1673 1959 unde
1687 1931 1761 1959 diee-

975 1974 1030 2006 bat,
1046 1974 1187 2007 Ambulate,
1201 1974 1261 2001 dum
1274 1975 1340 2002 diem
1354 1974 1448 2002 habetis
1462 1975 1549 2011 (Joan.
1566 1984 1612 2008 ιιι.
1627 1977 1662 2005 55
1672 1978 1691 2012 ).
1707 1977 1759 2006 Sed

975 2027 1020 2054 per
1033 2019 1100 2047 diem
1111 2019 1228 2046 errabunt
1240 2019 1386 2054 imperfecti
1399 2019 1490 2054 ipsius.
1505 2020 1664 2053 Putaverunt
1676 2023 1760 2058 etipst

975 2066 1114 2093 Dominum
1129 2070 1248 2092 nostrum
1263 2065 1354 2093 Iesum
1368 2065 1500 2094 Christum
1515 2067 1698 2096 tantummodo
1710 2069 1757 2096 ho.

975 2112 1072 2140 minem
1088 2119 1148 2140 esse
1159 2120 1173 2145 ςι
1183 2120 1234 2140 uon
1249 2111 1346 2140 habere
1359 2112 1385 2140 in
1399 2120 1429 2141 se
1439 2113 1569 2142 occultam
1583 2114 1758 2149 divinitatem,

974 2167 1028 2186 non
1040 2166 1099 2186 esse
1111 2158 1214 2186 occulte
1228 2158 1311 2186 Deum
1321 2180 1329 2191 ,
1344 2158 1390 2186 sed
1403 2158 1454 2186 hoc
1466 2159 1552 2188 solum
1564 2168 1623 2188 esse
1637 2161 1706 2196 quod
1719 2161 1758 2189 vi-

974 2203 1103 2231 debatur:
1116 2202 1166 2230 hoc
1176 2207 1203 2230 et
1213 2203 1261 2238 ipsi
1277 2207 1444 2238 putaverunt.
1457 2204 1522 2232 Nam
1534 2209 1561 2232 et
1573 2205 1630 2241 ipse
1643 2207 1753 2235 Petrus:

975 2249 1020 2286 (de
1030 2249 1075 2276 illo
1085 2249 1154 2276 enim
1163 2249 1328 2284 potissimum
1341 2250 1481 2286 loquimur,
1493 2251 1519 2278 in
1530 2259 1582 2287 quo
1592 2253 1670 2281 nobis
1678 2255 1758 2282 etiam
1806 2252 1813 2256 “

974 2301 1026 2322 non
1046 2293 1191 2330 desperate
1214 2294 1373 2323 inlirmitatls
1395 2296 1403 2312 ¹
1424 2295 1572 2332 exemplum
1595 2299 1757 2334 propositum

974 2340 1025 2375 est)
1041 2348 1049 2367 :
1063 2339 1166 2371 dixerat
1181 2340 1291 2368 Domino
1304 2340 1373 2368 idem
1388 2341 1491 2372 Petrus.
1501 2350 1561 2370 cum
1571 2344 1759 2380 interrogasset

974 2387 1035 2423 quid
1055 2387 1126 2414 illum
1141 2387 1259 2415 dicerent
1277 2387 1398 2415 homines
1414 2396 1420 2414 :
1443 2388 1481 2415 Tu
1501 2397 1527 2416 es
1540 2389 1654 2418 Christus
1676 2391 1759 2420 Filius

974 2433 1022 2461 Dei
1035 2434 1092 2461 vivi.
1107 2434 1139 2461 Et
1161 2434 1263 2461 dixerat
1287 2434 1311 2461 ei
1327 2433 1454 2461 Dominus
1469 2443 1476 2460 τ
1491 2434 1585 2464 Beatus
1603 2445 1646 2469 es,
1666 2432 1757 2465 Simon

973 2477 1085 2514 Barjona
1095 2499 1103 2508 .
1123 2479 1182 2514 quia
1199 2487 1248 2506 non
1270 2478 1314 2505 tibi
1333 2479 1447 2506 reuelabit
1461 2489 1520 2507 caro
1539 2486 1562 2508 et
1576 2484 1679 2518 sanguis
1690 2504 1697 2517 ,
1712 2484 1758 2513 sed

973 2522 1051 2550 Pater
1063 2532 1132 2550 meus
1144 2523 1186 2557 qui
1199 2524 1226 2550 in
1240 2524 1308 2551 cclis
1322 2528 1367 2551 est.
1384 2524 1487 2558 Quare?
1501 2525 1566 2560 Quia
1579 2527 1682 2555 dixerat
1694 2536 1756 2556 eum

974 2568 1068 2596 Filium
1082 2568 1138 2596 Dei.
1151 2569 1186 2596 lbi
1202 2569 1280 2604 paulo
1291 2574 1368 2604 post,
1385 2570 1478 2597 eodem
1496 2571 1564 2604 loco,
1578 2572 1602 2599 in
1618 2573 1674 2607 ipsa
1689 2582 1756 2602 con-

974 2613 1090 2641 textione
1103 2614 1240 2641 verborum
1253 2635 1260 2646 ,
1276 2615 1356 2649 coepit
1375 2615 1503 2644 Dominus
1523 2617 1556 2645 de
1574 2619 1695 2652 passione
1709 2628 1757 2648 sua

973 2659 1058 2687 futura
1073 2661 1171 2688 dicere.
1194 2661 1240 2689 Ille
1252 2667 1339 2690 autem
1355 2662 1447 2691 Petrus
1459 2684 1466 2696 ,
1481 2665 1526 2699 qui
1538 2665 1591 2699 jam
1605 2666 1677 2693 ilium
1691 2675 1759 2694 con-

974 2704 1059 2732 fessus
1080 2705 1164 2732 fuerat
1183 2706 1278 2734 Filium
1301 2707 1365 2738 Dei,
1383 2709 1469 2736 timuit
1490 2717 1522 2737 ue
1541 2710 1608 2737 sicut
1623 2711 1692 2739 ﬁlius
1707 2712 1756 2740 ho-

975 2751 1053 2778 minis
1067 2757 1224 2779 moreretur.
1240 2752 1302 2779 Erat
1316 2752 1398 2781 Filius
1418 2754 1464 2781 Dei
1476 2775 1484 2788 ,
1500 2760 1556 2782 erat
1571 2760 1597 2783 et
1613 2755 1682 2784 ﬁlius
1703 2746 1767 2785 lio-4

975 2827 1060 2884 “ut:
1071 2827 1177 2859 quinque
1190 2831 1242 2854 Mss.
1256 2828 1298 2855 Διϋ
1308 2835 1368 2855 vero
1379 2836 1433 2856 eum
1447 2830 1513 2863 ωδ..
1531 2831 1664 2865 desperat:
1677 2832 1756 2864 ﬁmi.
