4082 6204
469 306 607 370 1799

469 430 627 484 minis
655 445 668 480 :
697 426 860 482 Filius
884 424 999 489 Dei,
1021 423 1073 477 in
1101 420 1269 476 forma
1298 418 1413 483 Dei,
1440 414 1656 487 mqualis
1686 410 1856 477 Patri;
1891 411 2028 465 liiius

469 520 720 583 hominis,
741 524 791 573 in
824 520 985 572 forma
1013 513 1150 569 servi
1180 509 1434 585 (Philipp.
1463 526 1520 575 ιι,
1549 508 1603 572 6,
1624 507 1705 575 'I),
1733 520 1833 575 qua
1857 503 2035 569 minor

466 612 537 668 sit
571 612 724 666 Patre
752 608 940 673 (Joan.
970 622 1092 670 xw,
1122 602 1249 675 28).
1281 602 1547 656 Venturus
1587 596 1792 651 eratad
1825 593 2032 664 passio-

465 720 588 761 nem
619 704 798 772 utique
823 718 885 755 ex
911 699 1078 753 forma
1109 697 1243 751 servi
1273 712 1287 761 ;
1318 694 1441 764 quid
1471 690 1642 746 timuit
1671 690 1854 743 Petrus
1882 700 1949 739 ne
1975 684 2027 737 in

469 797 634 851 forma
656 793 792 847 servi
819 793 1013 862 periret
1041 792 1202 843 forma
1230 786 1340 849 Dei,
1368 794 1419 840 et
1448 799 1551 838 non
1580 781 1751 849 potius
1777 792 2030 849 pnesum-

469 890 570 960 psit
600 889 719 958 quia
750 903 814 940 ex
841 884 1004 939 forma
1037 882 1127 937 Dei
1168 875 1705 935 revivisceret'forma
1733 870 1913 926 servi?
1943 869 2030 922 Ait

469 983 543 1037 illi
575 1000 590 1036 :
616 980 756 1034 Absit
784 996 815 1032 a
844 988 909 1043 te,
941 976 1152 1030 Domine
1172 973 1465 1043 ;.pr0pitius
1490 968 1576 1022 tibi
1604 976 1726 1020 esto.
1755 966 1820 1019 Et
1844 961 2029 1019 Domi-

469 1087 588 1139 nus,
614 1073 700 1140 qui
727 1072 871 1125 illum
902 1069 1110 1123 beatmn
1138 1066 1342 1149 dixerat
1368 1063 1418 1116 in
1448 1062 1533 1115 illa
1561 1074 1688 1113 voce
1715 1075 1728 1110 :
1765 1054 1904 1110 Vade
1922 1061 2031 1125 post

469 1181 547 1217 me
568 1196 585 1229 ,η
612 1174 818 1217 satanas
842 1202 856 1226 ,
887 1158 1051 1228 inquit
1076 1173 1092 1223 ;
1122 1147 1431 1225 nequeenim
1459 1152 1593 1221 sapis
1617 1165 1727 1217 qua:
1754 1147 1850 1202 Dei
1875 1153 1991 1199 sunt
2013 1185 2028 1208 ,
2053 1226 2057 1230 q

466 1255 555 1310 sed
583 1270 693 1325 qua:
718 1261 833 1306 sunt
871 1251 1125 1317 hominum
1171 1245 1376 1316 (Matth.
1402 1258 1489 1297 XVI
1516 1283 1529 1305 ,
1566 1236 1781 1310 13-23).
1813 1235 2031 1291 Jamdu-

470 1349 596 1402 dum
622 1347 741 1417 quia
762 1345 986 1409 dixerat,
1016 1341 1168 1395 Tu‘es
1200 1338 1427 1394 Christus
1470 1336 1515 1389 F
1518 1336 1632 1390 ilius
1663 1333 1755 1391 Dei
1780 1332 1912 1393 vivi;
1940 1346 2047 1384 au-.

470 1440 620 1504 divit,
648 1436 764 1491 Non
793 1435 880 1489 tibi
901 1434 1129 1488 reuelauit
1149 1447 1265 1507 caro
1295 1439 1339 1483 et
1367 1428 1589 1498 sanguis,
1613 1426 1700 1480 sed
1727 1423 1882 1477 Pater
1897 1438 2034 1475 meus

471 1532 557 1604 qui
582 1532 632 1583 in
661 1530 795 1583 caelis
815 1538 885 1582 est
907 1543 925 1580 :
947 1526 1064 1580 ideo
1087 1534 1232 1593 petra
1255 1524 1296 1588 ¹,
1318 1522 1436 1577 ideo
1459 1522 1661 1576 beatus.
1684 1517 1837 1572 Modo
1857 1525 2032 1571 autem

471 1624 590 1693 quia
620 1637 722 1676 non
752 1636 817 1676 ex
842 1618 1013 1673 Patris
1034 1616 1377 1681 revelatione,
1410 1612 1502 1667 sed
1530 1628 1595 1667 ex
1616 1610 1793 1665 carnis
1816 1607 2037 1663 infirmi-

470 1724 578 1769 tate
615 1711 976 1783 responderat,
1009 1719 1220 1763 satanas
1247 1705 1539 1776 appellatus
1564 1712 1677 1766 est;
1714 1701 1832 1755 Non
1858 1701 1994 1771 sapis
2015 1740 2032 1768 ,

470 1807 639 1876 inquit
661 1847 676 1870 ,
706 1821 818 1874 quae
842 1804 938 1858 Dei
962 1812 1109 1868 sunt,
1139 1799 1226 1855 sed
1261 1814 1374 1871 qua:
1414 1806 1528 1852 sunt
1556 1796 1828 1850 hominum.
1855 1793 1924 1848 Et
1951 1792 2036 1847 hic

471 1906 590 1953 erat
612 1896 876 1960 Christus,
906 1892 1094 1947 fratres
1120 1892 1289 1946 :inter
1317 1890 1435 1944 illos
1461 1888 1839 1949 ambulaverat,
1864 1885 2036 1941 ventis

469 1988 822 2058 imperaverat
845 1983 962 2056 (Id.
994 1998 1088 2038 vni
1110 2024 1125 2047 ,
1147 1980 1252 2050 26)
1278 2021 1294 2048 ,
1324 1989 1446 2035 ante
1471 1978 1665 2045 oculos
1682 1979 1914 2046 ipsorum
1938 1976 2038 2030 llu-

469 2086 589 2133 ctus
615 2077 910 2133 calcaverat
937 2073 1058 2143 (Id.
1101 2088 1195 2127 xxv
1215 2114 1229 2138 ,
1257 2071 1362 2141 95)
1387 2112 1401 2136 ,
1430 2078 1555 2125 ante
1594 2069 1774 2124 oculos
1804 2068 2035 2137 ipsorum

470 2167 876 2241 quatriduauum
895 2175 1156 2220 mortuum
1178 2164 1520 2218 suscitaverat
1540 2159 1717 2234 (Joan.
1736 2176 1808 2227 XI,
1822 2158 2035 2231 39-44),

471 2269 596 2314 ante
617 2260 800 2313 oculos
826 2257 1059 2327 ipsorum
1085 2263 1228 2309 tanta
1258 2252 1508 2308 miracula
1532 2250 1756 2316 fecerat;
1788 2261 1842 2306 et
1864 2259 2039 2306 tamen

469 2349 865 2420 trepidaverunt
889 2349 942 2402 in
969 2346 1214 2418 passione
1239 2344 1353 2415 ejus
1375 2384 1390 2409 ,
1422 2342 1570 2414 quasi
1593 2342 1894 2397 amisissent
1917 2356 2040 2397 eum

470 2441 539 2498 de
576 2456 681 2511 quo
725 2439 919 2495 frustra
960 2445 1426 2509 praesumpserant.
1473 2433 1580 2490 Sed
1623 2450 1711 2506 per
1738 2433 1870 2489 diem
1907 2449 2045 2487 erra-

473 2532 632 2588 bunt’
654 2542 699 2587 et
724 2547 865 2585 nemo
885 2531 937 2584 in
965 2530 1053 2584 eis.
1078 2527 1246 2584 Nemo
1268 2541 1502 2598 prorsus,
1525 2541 1624 2581 nec
1649 2526 1763 2596 ipse
1786 2525 1875 2596 qui
1894 2525 2041 2580 dixe-

470 2634 571 2689 rat,
598 2622 779 2693 Tecum
801 2637 956 2691 usque
974 2621 1041 2674 ad
1060 2629 1287 2674 mortem.
1311 2617 1525 2673 Dixerat
1541 2617 1680 2672 enim
1698 2616 1801 2671 illis
1825 2632 1839 2670 :
1871 2614 2049 2671 Veniet

472 2715 618 2782 hora,
639 2725 693 2768 ut
714 2730 790 2768 me
809 2711 1100 2784 relinquatis
1122 2710 1302 2776 solum,
1326 2720 1373 2763 et
1392 2719 1471 2763 eat
1490 2708 1825 2780 unusquisque
1842 2708 1894 2762 in
1912 2710 2043 2763 viam

472 2806 616 2861 suam
640 2821 660 2860 :
684 2804 771 2859 sed
796 2820 895 2858 non
923 2818 1034 2858 sum
1070 2801 1208 2856 solus
1230 2842 1246 2867 ,
1271 2800 1389 2872 quia
1415 2815 1606 2853 mecum
1632 2808 1704 2854 est
1730 2797 1887 2853 Pater
1915 2796 2039 2870 (Id.

475 2906 584 2962 svi,
615 2894 740 2969 52).
768 2894 899 2950 Cum
942 2891 1031 2949 illo
1059 2900 1174 2948 erat
1202 2892 1375 2956 Pater,
1404 2899 1458 2946 et
1487 2892 1601 2960 ipse
1621 2903 1741 2944 cum
1770 2889 1957 2955 Patre;
1989 2899 2046 2947 et

474 2990 528 3047 in
561 2990 651 3047 illo
675 2989 850 3053 Pater,
878 2995 934 3043 et
959 2985 1072 3057 ipse
1099 2985 1152 3040 in
1176 2983 1365 3048 Patre;
1394 2993 1446 3038 et
1470 2982 1584 3054 ipse
1617 2992 1672 3037 et
1696 2982 1853 3038 Pater
1879 2997 2042 3038 unum

472 3082 592 3155 (Id.
624 3101 656 3139 ι
678 3126 694 3152 ,
723 3083 792 3139 50
814 3123 831 3149 ,
872 3083 942 3139 38
962 3082 1019 3153 );
1052 3090 1106 3137 et
1149 3079 1224 3141 illi
1251 3077 1538 3134 timuerunt
1574 3089 1698 3131 cum
1724 3086 2039 3132 moreretur.

471 3177 662 3248 Quare,
701 3174 800 3230 nisi
826 3175 946 3245 quia
969 3188 1066 3245 per
1091 3172 1229 3227 diem
1256 3175 1587 3233 erraverunt,
1614 3175 1670 3223 et
1691 3182 1851 3223 nemo
1869 3167 1968 3222 fuit
1987 3168 2041 3224 in

469 3268 551 3323 eis
566 3268 591 3320 ?
614 3267 715 3321 Per
742 3266 872 3319 diem
896 3264 1129 3318 errabant
1151 3301 1167 3325 ,
1194 3269 1240 3315 et
1267 3275 1410 3314 nemo
1432 3259 1485 3313 in
1509 3258 1599 3313 eis.

540 3359 634 3431 2'5.
676 3356 835 3429 (vers.
882 3352 1007 3427 17.]
1046 3352 1150 3411 Sed
1192 3350 1317 3421 quid
1345 3358 1459 3415 est,
1490 3349 1724 3404 errabant
1750 3365 1838 3420 per
1865 3346 1997 3403 diem
2017 3348 2046 3404 ?

471 3450 733 3521 Numquid
762 3447 1041 3519 peribunt?
1067 3444 1133 3501 Et
1159 3443 1244 3499 ubi
1269 3453 1371 3508 est,
1394 3440 1748 3517 Imperfectum
1774 3457 1938 3496 meum
1965 3442 2051 3495 ui-

472 3542 652 3599 derunt
676 3541 808 3596 oculi
832 3541 906 3595 tui
920 3581 937 3607 ,
963 3547 1011 3593 et
1037 3539 1089 3592 in
1116 3535 1241 3592 libro
1266 3545 1350 3589 tuo
1373 3550 1542 3589 omnes
1566 3532 1878 3587 scribentur?
1902 3531 2044 3602 Ergo
2083 3571 2092 3580 .

472 3633 685 3706 quando
715 3648 807 3704 per
829 3631 968 3687 diem
1014 3627 1357 3685 erraverunt?
1383 3625 1511 3681 Cum
1552 3623 1639 3679 hic
1683 3623 1909 3693 positum
1942 3623 2044 3678 Do-

474 3727 674 3783 minum
700 3740 807 3780 non
834 3723 1226 3779 intellexerunt.
1255 3719 1322 3775 Et
1345 3717 1468 3795 quid
1497 3716 1774 3787 sequitur?
1801 3714 1931 3769 Mihi
1951 3706 2059 3770 au;

475 3831 574 3874 tem
597 3817 740 3872 valde
767 3815 1082 3883 honoriﬁcati
1107 3821 1223 3868 sunt
1249 3810 1394 3864 amici
1420 3810 1527 3877 tui,
1569 3807 1720 3862 Deus.
1751 3807 1913 3863 Iidem
1943 3807 2043 3878 ipsi

473 3912 564 3983 qui
587 3924 681 3982 per
697 3908 840 3964 diem
858 3911 1187 3971 erraverunt,
1216 3911 1269 3959 et
1295 3916 1453 3957 nemo
1468 3899 1568 3956 fuit
1593 3902 1645 3955 in
1670 3899 1765 3966 eis,
1785 3899 1937 3955 amici
1966 3899 2042 3954 tui

478 4002 603 4058 facti
630 4009 772 4067 sunt,
794 4007 850 4056 et
869 3997 1022 4054 valde
1046 3995 1174 4052 mihi
1203 3992 1535 4050 honorilicati
1562 4002 1702 4048 sunt.
1726 3991 1943 4047 Factum
1965 4000 2045 4046 est

477 4096 532 4151 in
558 4097 635 4150 eis
661 4108 722 4148 os
748 4090 876 4148 illud
903 4099 1020 4162 post
1045 4086 1485 4144 resurrectionem
1515 4084 1722 4139 Domini
1744 4084 1797 4139 in
1821 4083 2053 4143 abscona

478 4186 610 4251 dito,
634 4193 687 4240 et
711 4198 808 4255 pro
827 4183 943 4252 ejus
967 4179 1178 4235 nomine
1204 4176 1346 4249 passi
1372 4184 1516 4242 sum,
1544 4176 1597 4231 in
1622 4174 1773 4246 cujus
1797 4175 2047 4246 passione

480 4277 894 4348 trepidaverunt.
957 4271 1088 4327 Mihi
1139 4280 1303 4327 autem
1363 4269 1510 4325 ualde
1570 4267 1882 4337 honoriﬁcati
1931 4273 2047 4322 sunt

479 4368 629 4424 amici
655 4367 726 4421 tui
749 4408 764 4432 ,
796 4365 966 4431 Deus;
992 4352 1136 4418 valde
1177 4362 1442 4433 confortati
1480 4369 1595 4415 sunt
1623 4359 1931 4431 principatus
1957 4374 2046 4413 eo-

479 4477 613 4517 rum.
634 4458 781 4513 Facti
803 4455 1062 4525 Apostoli,
1085 4453 1207 4509 facti
1233 4453 1391 4507 duces
1416 4452 1688 4520 Ecclesiae,
1714 4450 1832 4506 facti
1855 4451 2047 4507 arietes

481 4550 735 4605 ducentes
760 4561 948 4627 greges
965 4587 980 4613 ,
1010 4543 1156 4599 ualde
1181 4542 1447 4614 confortati
1484 4550 1597 4596 sunt
1624 4542 1932 4613 principatus
1958 4557 2045 4595 eo-

482 4658 614 4696 rum.
1450 4640 1457 4647 '

551 4732 641 4787 24.
684 4729 842 4803 [vers
884 4726 1011 4802 18.]
1058 4724 1397 4781 Diuumerabo
1434 4738 1540 4790 eos,
1578 4729 1625 4776 et
1660 4738 1811 4792 super
1844 4738 2049 4777 arenam

484 4818 969 4895 multiplicabuntur.
999 4820 1099 4876 Per
1125 4819 1242 4874 illos
1273 4816 1363 4888 qui
1391 4830 1487 4887 per
1526 4813 1667 4870 diem
1704 4824 2045 4884 erraverunt,

484 4925 537 4971 et
568 4930 723 4989 nemo
742 4922 858 4969 erat
881 4913 932 4967 iu
954 4912 1052 4977 eis,
1077 4924 1203 4966 ecce
1224 4916 1344 4963 nata
1361 4916 1444 4963 est
1458 4916 1602 4961 tanta
1619 4906 1720 4961 ista
1745 4904 2045 4973 multitudo,

485 5023 602 5078 qua:
627 5007 734 5076 jam
764 5003 901 5059 sicut
925 5015 1083 5056 arena
1110 4998 1378 5054 numerari
1411 5012 1515 5052 non
1552 5004 1760 5067 potest,
1787 4995 1887 5050 nisi
1920 4996 2047 5050 Deo.

486 5098 626 5153 Dixit
654 5096 794 5151 enim
814 5136 829 5159 ,
861 5091 1029 5162 Super
1054 5106 1257 5146 arenam
1280 5088 1765 5158 multiplicabuntur;
1791 5095 1845 5142 et
1874 5095 2048 5142 tamen

485 5189 711 5254 dixerat,
740 5181 1078 5239 Diuumerabo
1102 5198 1202 5236 eos.
1227 5179 1305 5234 Illi
1330 5179 1427 5251 ipsi
1453 5178 1707 5234 utuncrati
1725 5221 1740 5246 ,
1767 5194 1917 5249 super
1939 5194 2049 5232 are-

406 5308 407 5315 ι
486 5298 605 5334 uani
632 5276 1116 5348 multiplicabuntur.
1146 5265 1206 5328 Ei
1235 5272 1428 5343 quippe
1453 5287 1611 5327 arena
1646 5284 1917 5325 numerata
1947 5279 2049 5336 est,

486 5374 570 5428 cui
600 5369 856 5427 numerati
879 5377 1001 5423 sunt
1019 5365 1193 5436 capilli
1222 5364 1409 5433 capitis
1430 5361 1597 5416 nostri
1620 5360 1832 5431 (Matth.
1855 5376 1909 5425 x,
1937 5359 2050 5433 50).

491 5461 828 5517 Dinumerabo
851 5475 953 5526 eos,
987 5469 1031 5512 et
1059 5472 1209 5528 super
1231 5470 1435 5508 arenam
1464 5451 1945 5523 multiplicabuntur.

556 5554 647 5610 95.
695 5552 971 5608 Exsurrexi
989 5593 1004 5619 ,
1042 5560 1087 5606 et
1128 5548 1293 5603 adhuc
1325 5563 1437 5602 sum
1471 5556 1648 5601 tecum.
1682 5544 1976 5614 Exsurrexi,
2006 5551 2057 5598 et

552 5686 571 5718 ι
606 5684 773 5733 Plures
793 5692 896 5733 Mss.
917 5697 1011 5732 non
1033 5683 1230 5739 habent,
1248 5679 1359 5730 ideo
1380 5683 1531 5743 petra.

553 5748 574 5778 ²
589 5745 661 5795 sic
683 5744 903 5807 plerique
922 5751 1026 5794 Mss.
1052 5744 1162 5792 Edd.
1188 5756 1324 5803 vero,
1345 5739 1586 5792 errabant.

1679 299 1734 356 S.
1774 289 2135 354 AUGUSTth
2174 287 2474 348 EPISCOPI

3562 290 3697 348 μὶοσ

2131 404 2297 458 adhuc
2321 421 2429 458 sum
2456 413 2633 471 tecum,
2664 404 2797 474 quid,
2813 404 2935 459 est?
2960 403 3074 460 Jam
3108 418 3295 475 passus
3319 421 3433 461 sum
3454 449 3470 475 ,
3505 407 3703 478 inquit,

2131 496 2369 565 sepultus
2399 511 2515 550 sum
2541 512 2554 555 ;
2585 510 2709 550 cccc
2731 498 2953 557 snrrexi,
2977 506 3029 551 et
3056 498 3226 551 adhuc
3254 514 3338 552 me
3362 514 3466 554 non
3499 502 3700 555 intelli-

2131 598 2259 657 gunt
2299 604 2499 644 secum.
2530 588 2703 642 Adhuc
2727 602 2883 642 tecum
2906 607 3017 643 sum
3039 632 3052 651 ,
3077 591 3125 644 id
3151 601 3266 657 est,
3308 592 3538 646 nomium
3573 610 3701 649 cum

2132 682 2292 750 ipsis;
2321 681 2441 751 quia
2486 680 2721 736 nondum
2763 692 3068 752 agnoscunt.
3110 683 3199 739 Sic
3234 685 3375 739 enim
3415 685 3607 755 legitur
3645 688 3703 742 in

2134 771 2452 842 Evangelia,
2498 775 2617 841 quia
2653 783 2774 843 post
2813 777 3250 830 resurrectionem
3283 777 3487 832 Domini
3531 758 3704 833 nostri

2132 862 2257 917 Jcsu
2282 862 2475 918 Christi
2498 906 2511 930 ,
2539 865 2636 919 sibi
2666 875 3002 936 apparentem
3032 884 3132 922 non
3161 873 3411 925 continuo
3435 887 3711 941 cognove-

2135 963 2256 1006 runt
2278 953 2483 1026 (Matth.
2516 970 2681 1010 xxvm
2706 999 2719 1022 ,
2754 956 2861 1027 l7).
2903 959 3073 1013 Est-ct
3096 960 3230 1014 alius
3264 976 3470 1025 sensus,
3498 963 3706 1017 Exsur-

2132 1046 2241 1099 rexi
2262 1086 2278 1110 ,
2308 1056 2354 1100 et
2388 1047 2552 1101 adhuc
2576 1066 2684 1103 sum
2711 1060 2919 1104 tecum':
2948 1062 3001 1106 ut
3038 1050 3137 1108 hoc
3164 1065 3370 1125 tempus
3399 1056 3710 1125 signiﬁcare

2134 1136 2386 1201 voluerit,
2426 1151 2532 1207 quo
2565 1139 2737 1194 adhuc
2779 1141 2830 1195 in
2860 1144 3066 1197 occolto
3089 1143 3263 1199 estad
3288 1145 3560 1202 dexteram
3604 1150 3710 1203 l’a—
3766 1149 3770 1151 Α

2135 1227 2251 1292 tris,
2282 1237 2556 1298 antequam
2588 1231 2855 1286 reveletur
2875 1234 2927 1286 in
2951 1233 3191 1291 claritate
3220 1251 3321 1307 qua
3347 1248 3598 1293 venturus
3620 1251 3711 1296 est

2134 1313 2198 1368 ad
2220 1316 2560 1385 judicandum
2587 1321 2653 1376 de
2679 1323 2810 1378 vivis
2834 1333 2886 1378 et
2911 1328 3148 1380 mortuis.

2204 1408 2294 1464 26.
2323 1408 2488 1482 [vers.
2513 1414 2599 1477 l9,
2629 1414 2741 1487 20.]
2775 1415 2842 1470 Et
2863 1417 3051 1472 deinde
3071 1418 3197 1474 dicit
3223 1422 3345 1490 quid
3377 1425 3575 1478 interea
3607 1442 3711 1496 per

2137 1509 2302 1555 totum
2335 1502 2434 1558 hoc
2457 1514 2682 1576 tempus,
2710 1508 2834 1562 dum
2860 1510 2967 1578 jam
2998 1514 3284 1568 resurrexit
3302 1526 3349 1568 et
3381 1517 3554 1572 adhuc
3578 1535 3709 1575 cum

2137 1589 2293 1647 Patre
2315 1602 2397 1649 cst
2413 1636 2429 1660 ,
2453 1597 2679 1665 patiatur
2702 1599 2785 1652 hic
2806 1614 2899 1668 per
2913 1603 3338 1659 eommixtiouem
3362 1605 3711 1676 peccatorum

2137 1681 2190 1735 in
2215 1697 2439 1753 corpore
2467 1703 2564 1741 suo
2583 1728 2597 1749 ,
2629 1689 2765 1757 quod
2795 1700 2877 1744 cst
2906 1691 3139 1747 Ecclesia
3159 1737 3172 1756 ,
3206 1704 3259 1749 et
3288 1712 3380 1766 per
3403 1702 3710 1768 separatio-

2137 1792 2259 1833 nem
2291 1779 2676 1836 harreticorum.
2705 1783 2952 1854 Sequitur
2976 1788 3115 1841 enim
3147 1790 3345 1844 ctdicit
3371 1810 3385 1845 :
3418 1792 3479 1846 Si
3506 1796 3716 1850 occide-

2136 1869 2229 1934 ris,
2254 1867 2410 1935 Deus,
2444 1882 2719 1939 peccatores
2740 1889 2758 1935 ;
2796 1873 2901 1927 l’iri
2926 1878 3244 1947 sanguiuum,
3270 1880 3516 1936 declinate
3539 1902 3573 1937 ιι
3602 1903 3711 1952 me,

2137 1961 2371 2031 quoniam
2398 1963 2530 2041 dices
2556 1965 2607 2017 in
2637 1967 2950 2036 cogitatione,
2966 1964 3230 2040 'Accipient
3259 1973 3308 2025 in
3344 1976 3560 2029 vanitate
3584 1959 3718 2030 ciri-

2141 2060 2264 2105 tates
2304 2068 2422 2106 suas
2445 2093 2458 2106 .
2496 2053 2714 2109 Videtur
2753 2058 2828 2110 sic
2862 2062 3100 2114 connecti
3131 2061 3261 2116 ordo
3289 2064 3607 2119 verborum:
3642 2067 3720 2122 Si

2138 2144 2397 2210 occideris,
2423 2144 2577 2211 Deus,
2600 2157 2898 2215 peccatores,
2916 2151 3157 2220 accipient
3177 2153 3227 2205 in
3248 2148 3466 2209 vanitate
3483 2158 3714 2213 civitates

2120 2251 2277 2319 [suas.
2307 2235 2363 2291 Si
2389 2238 2529 2291 enim
2556 2239 2760 2295 occisos
2797 2242 2905 2295 vult
2948 2243 3164 2314 intelligi
3190 2287 3204 2305 ,
3234 2260 3351 2299 eum
3394 2262 3492 2316 per
3516 2265 3709 2319 super~

2141 2325 2281 2381 biam
2303 2343 2403 2398 qua
2432 2329 2820 2399 intumescunt,
2848 2334 3092 2388 amittunt
3121 2338 3339 2406 gratiam
3367 2353 3468 2409 qua
3501 2341 3711 2397 vivunt.

2142 2417 2367 2490 Spiritus
2391 2421 2521 2474 enim
2550 2431 2748 2477 sanctus
2772 2424 3051 2496 disciplina:
3087 2426 3286 2499 e/Tugiet
3307 2431 3506 2498 ﬁctum,
3534 2443 3676 2487 et‘au
3695 2463 3716 2474 ι

2143 2514 2265 2583 feret
2290 2529 2342 2566 se
2368 2529 2399 2566 a
2422 2514 2802 2586 cogitationibus
2833 2534 2946 2589 qua’
2983 2529 3095 2574 sunt
3119 2522 3228 2576 sine
3251 2522 3503 2578 intellectu
3524 2527 3549 2596 (
3572 2528 3711 2596 Sap.

2143 2600 2198 2669 1,
2232 2602 2311 2674 5).
2341 2603 2430 2660 Sic
2459 2605 2770 2661 occiduntur
2809 2619 3144 2679 peccatores,
3172 2614 3292 2682 quia
3322 2615 3583 2671 obscurati
3628 2621 3721 2672 in-

2144 2695 2424 2767 telligentia
2450 2698 2746 2754 alienantur
2763 2716 2791 2754 a
2808 2703 2908 2755 vita
2936 2701 3023 2757 Dei
3040 2702 3056 2733 ⁸
3083 2702 3294 2774 (Ep/tes.
3320 2721 3390 2772 tv,
3412 2707 3519 2777 l8).
3540 2711 3722 2763 Amit-

2142 2794 2260 2843 tunt
2283 2789 2424 2844 enim
2450 2791 2835 2849 confessionem
2865 2803 3078 2864 propter
3101 2796 3383 2859 elationem
3416 2817 3429 2852 :
3452 2810 3608 2869 atque
3636 2804 3717 2859 ita

2142 2879 2197 2936 in
2225 2882 2304 2937 eis
2344 2883 2529 2939 occisis
2568 2884 2626 2939 fit
2660 2886 2797 2956 quod
2841 2887 3090 2958 scriptum
3116 2897 3216 2956 est,
3252 2892 3293 2943 Α
3331 2902 3552 2959 mortuo,
3584 2904 3710 2948 tan-

2142 2987 2293 3043 quam
2318 2975 2404 3043 qui
2427 2991 2526 3030 non
2546 2977 2641 3041 sit,
2679 2979 2804 3047 perit
2831 2980 3076 3049 confessio
3101 2983 3119 3053 (
3148 2981 3306 3039 Eccti.
3338 3001 3467 3054 xvu,
3492 2986 3607 3059 26).
3640 2989 3719 3044 Et

2143 3064 2222 3121 sic
2247 3066 2509 3136 accipiunt
2533 3068 2584 3121 in
2608 3070 2822 3123 vanitate
2851 3071 3071 3125 civitates
3098 3091 3235 3138 suas,
3269 3075 3319 3129 id
3348 3086 3452 3146 est,
3483 3082 3719 3149 populos

2142 3168 2268 3213 suos
2292 3172 2488 3225 vanos,
2519 3174 2702 3214 eorum
2731 3162 3010 3217 vanitatem
3051 3174 3346 3234 sectantes;
3374 3183 3496 3224 cum
3541 3170 3717 3226 iltﬂuli

2139 3244 2355 3316 iustitia:
2388 3248 2599 3305 nomine
2644 3252 3045 3320 persuadent'ut
3078 3254 3318 3327 disrupta
3344 3260 3558 3317 unitatis
3599 3262 3721 3317 viu-

2143 3339 2285 3400 culo,
2314 3355 2406 3397 eos
2433 3349 2676 3411 tanquam
2698 3343 2948 3412 justiores
2976 3349 3102 3403 eieci
3129 3360 3181 3404 et
3220 3352 3448 3421 imperiti
3479 3370 3717 3425 sequan-

2144 3437 2247 3484 tur.
2280 3432 2346 3486 Et
2382 3434 2500 3503 quia
2553 3435 2860 3508 plerumque
2903 3438 3023 3494 hinc
3062 3442 3333 3499 inveniunt
3369 3449 3712 3505 occasionem

2143 3522 2421 3591 separandi
2447 3537 2506 3579 se
2532 3525 2600 3580 ab
2625 3526 2821 3582 unitate
2847 3526 3062 3598 Christi,
3092 3530 3216 3586 dum
3243 3535 3410 3590 malos
3432 3550 3713 3607 accusant,

2143 3628 2262 3668 cum
2291 3614 2479 3685 quibus
2517 3632 2575 3673 se
2613 3622 3036 3677 communionem
3079 3626 3217 3680 nolle
3263 3626 3461 3685 habere
3505 3632 3718 3689 confin-

2143 3716 2275 3777 gunt
2301 3723 2316 3773 ;
2346 3716 2399 3762 et
2425 3710 2544 3779 quia
2594 3710 2708 3766 fieri
2758 3722 2957 3782 potest,
2995 3726 3051 3770 ut
3092 3733 3197 3771 non
3223 3728 3423 3776 tantum
3454 3722 3719 3782 infament

2145 3800 2454 3857 innocentes
2476 3842 2492 3869 ,
2519 3818 2651 3873 quos
2674 3813 2918 3875 tanquam
2948 3808 3114 3865 malos
3139 3826 3198 3865 se
3232 3810 3409 3883 fugere
3437 3814 3717 3885 simulant,

2144 3893 2239 3950 sed
2267 3896 2425 3949 etiam
2466 3911 2588 3951 vera
2624 3897 2689 3952 de
2722 3899 3030 3968 quibusdam
3059 3903 3208 3958 malis
3230 3904 3316 3959 sui
3345 3907 3605 3964 similibus
3630 3911 3717 3966 di—

2145 3994 2285 4053 cant,
2316 3986 2452 4041 inter
2478 4002 2610 4057 quos
2636 3988 2862 4045 triticum
2888 3991 3081 4057 Christi
3108 4007 3317 4050 servato
3344 3998 3557 4054 unitatis
3593 4002 3719 4056 vin-

2145 4076 2265 4132 culo
2290 4078 2453 4147 gemit
2480 4096 2493 4131 :
2525 4089 2799 4149 propterea
2828 4083 3173 4154 interposuit,
3219 4086 3324 4141 Viri
3364 4092 3669 4161 sanguinum
3693 4134 3717 4161 ,

2147 4167 2390 4222 declinate
2411 4185 2443 4222 a
2481 4186 2577 4235 me,
2601 4172 2837 4241 quoniam
2872 4174 3006 4229 dices
3037 4175 3088 4229 in
3120 4178 3432 4248 cogitatione,
3465 4184 3721 4251 accipient

2146 4260 2199 4315 in
2233 4262 2448 4315 vanitate
2478 4262 2696 4317 civitates
2723 4281 2879 4331 suas;
2907 4265 2955 4320 id
2983 4275 3083 4331 est,
3114 4268 3231 4322 ideo
3256 4259 3511 4326 seducent
3539 4274 3591 4326 iu
3619 4288 3715 4329 se-

2148 4353 2470 4422 parationem
2500 4355 2760 4424 pr0priam
2803 4359 3022 4427 populos
3058 4374 3214 4429 suos,
3244 4351 3472 4419 vanitate
3497 4368 3723 4435 propria

2147 4444 2562 4514 corrumpendos
2583 4486 2598 4510 ,
2627 4448 2743 4516 quia
2772 4457 2826 4502 tu
2866 4449 2917 4503 in
2952 4450 3248 4520 cogitatione
3272 4452 3423 4521 dices,
3455 4452 3563 4508 Viri
3587 4473 3721 4510 san-

2147 4533 2377 4604 quinum,
2403 4534 2647 4590 declinate
2669 4554 2701 4590 a
2726 4553 2803 4592 me
2823 4556 2842 4592 :
2883 4548 2938 4594 ut
2972 4541 3175 4597 scilicet
3220 4544 3409 4598 merito
3450 4534 3722 4615 superbia:

2148 4635 2452 4696 peccatores
2481 4628 2534 4682 in
2562 4629 2745 4699 spiritu
2771 4630 2930 4685 occisi
2956 4673 2970 4696 ,
3002 4643 3278 4703 propterea
3300 4636 3542 4692 civitates
3562 4654 3720 4706 suas,

2150 4719 2252 4776 hoc
2277 4729 2354 4777 est
2387 4721 2608 4792 populos
2633 4737 2778 4790 suos,
2803 4724 2854 4777 in
2876 4739 3065 4778 vanum
3093 4726 3372 4797 accipiant,
3404 4727 3504 4784 hoc
3530 4740 3636 4797 est,
3661 4733 3719 4786 in

2149 4814 2347 4869 erroris
2372 4814 2651 4870 vanitatem
2691 4815 2986 4886 separando
3007 4817 3315 4886 traducunt,
3356 4829 3409 4875 et
3440 4822 3589 4892 quasi
3630 4824 3721 4876 of-

2150 4906 2283 4962 fensi
2298 4908 2670 4964 commixtione
2694 4909 2981 4977 palearum,
3004 4910 3237 4982 disrupta
3260 4912 3460 4968 unitate
3483 4915 3725 4971 triticum

2128 5001 2427 5066 ‘deserant;
2457 5002 2576 5070 quia
2615 5001 2783 5071 ipsum
2820 5000 3045 5056 triticum
3068 5043 3082 5067 ,
3109 5002 3161 5057 id
3190 5011 3273 5058 est
3307 5003 3474 5059 bonos
3495 5005 3680 5073 lidcles
3702 5050 3724 5072 ,

2150 5100 2332 5148 mouet
2362 5101 2419 5146 ut
2448 5100 2570 5146 ante
2606 5091 2997 5147 ventilationem
3018 5133 3033 5159 ,
3067 5107 3183 5163 qua:
3220 5094 3504 5149 novissima
3540 5098 3723 5151 futura

2153 5191 2234 5239 est
2255 5223 2270 5249 ,
2313 5197 2418 5237 non
2445 5174 2643 5254 aperte
2666 5196 2725 5237 se
2760 5196 2791 5236 a
2830 5182 2983 5236 malis
3019 5192 3289 5253 segreget,
3333 5199 3405 5241 ne
3440 5185 3613 5241 adhuc
3640 5188 3731 5243 eis

2153 5275 2468 5330 commixtos
2493 5274 2703 5330 deserat
2728 5275 2930 5342 bonos;
2961 5275 3053 5330 sed
3083 5292 3179 5346 per
3207 5277 3398 5333 bonam
3429 5294 3728 5335 conversa-

2155 5367 2349 5421 tionem
2383 5374 2438 5421 et
2473 5365 2965 5421 dissimulitudiucm
2995 5367 3113 5422 vita:
3146 5368 3531 5438 quodammodo
3563 5372 3728 5426 tacite

2155 5457 2260 5513 illis
2278 5457 2473 5523 (licat‘,
2506 5455 2611 5511 Viri
2637 5457 2956 5528 sanguinum,
2987 5458 3231 5513 declinata
3257 5475 3289 5511 a
3316 5476 3413 5514 me.
3446 5460 3553 5514 lloc
3574 5462 3725 5515 enim

2221 5551 2235 5581 ³
2262 5550 2333 5598 sic
2358 5558 2452 5596 Am.
2479 5555 2654 5604 eLMss.
2680 5556 2733 5598 At
2754 5554 2827 5597 Er.
2854 5556 2906 5598 et
2927 5556 3056 5609 Lov.,
3080 5565 3111 5600 (ι
3133 5549 3208 5600 via
3230 5542 3336 5599 Dei.

2218 5614 2240 5643 ι
2264 5613 2393 5669 Εὐά..
2418 5611 2557 5660 tacite
2585 5610 2678 5675 illis
2698 5609 2829 5675 dicat
2851 5623 3024 5675 corpus
3049 5611 3240 5675 Christi,
3288 5611 3387 5663 Viri
3417 5612 3763 5675 sangiiinian,"

2161 5682 2254 5738 etc.
2292 5681 2345 5721 Αι
2367 5680 2601 5738 Mss_._uon
2636 5672 2831 5732 habent,
2865 5672 3037 5737 corpus
3058 5673 3235 5726 Christi
3262 5687 3280 5724 :
3312 5676 3449 5738 cujus
3470 5672 3574 5724 loco
3601 5672 3732 5727 subl-

2068 5750 2073 5755 -
2165 5736 2372 5797 auditur,
2394 5734 2624 5786 triticum.
