4042 6202
287 395 414 448 1801
1292 406 1419 461 ENA
1432 409 1687 467 “RATIO
1726 413 1785 468 ΙΝ

1888 417 2049 472 SAL.“
2062 417 2150 472 ω]
2193 419 2275 474 CX
2289 422 2327 476 Χ
2341 425 2374 477 Ti
2389 425 2517 481 ΠΗ.

276 513 354 568 eis
379 528 505 568 voce
531 515 623 570 Dei
650 517 794 581 dicit,
835 534 952 589 mne
994 536 1092 576 vox
1122 523 1176 578 in
1203 527 1521 595 cogitatione
1565 542 1665 595 est,
1713 534 1848 587 sicut

277 617 392 658 eam
425 606 558 660 Deus
587 608 714 662 dicit
739 610 788 663 in
817 613 1134 681 cogitatione
1160 621 1326 672 sancti
1375 623 1551 690 populi
1599 626 1699 677 sui.
1738 625 1845 681 \'iri

273 707 446 752 autem
474 701 782 767 sanguinum
811 703 896 771 qui
928 714 1070 771 sunt,
1102 709 1198 762 nisi
1239 711 1326 779 qui
1367 713 1590 768 oderunt
1622 716 1840 783 fratres;

271 789 401 842 sicut
428 790 660 846 Joannes
686 792 852 848 dicit:
885 795 984 859 Qui
1022 801 1127 853 odit
1166 805 1370 871 fratrem
1395 823 1559 872 suum,
1594 809 1842 864 homicida

3391 464 3412 517 i
3423 465 3525 521 802

1955 535 2198 594 inimicos
2241 545 2488 600 ostendit.
2530 551 2810 618 Quomodo
2840 577 2964 633 ergo
2999 565 3050 620 in
3080 569 3156 624 eis
3184 572 3440 645 implebit,
3471 599 3526 642 ct

1950 630 2088 697 quod
2119 632 2230 701 ipse
2258 635 2407 703 dixit,
2442 639 2625 696 Nonne
2647 663 2729 700 cos
2757 653 2842 720 qui
2863 630 3070 711 oderunt
3099 670 3163 725 te,
3193 630 3308 719 odio
3345 671 3498 726 habui
3508 710 3520 733 .

1949 726 2003 771 et
2029 722 2167 789 quod
2199 724 2450 782 Dominus
2480 738 2748 806 pricccpit,
2782 742 2986 814 Diligite
3029 751 3254 808 inimicos
3289 770 3474 816 vestros
3495 773 3524 822 Ρ

1945 809 2222 875 Quomodo
2252 816 2488 886 implebit
2513 824 2629 891 hoc,
2662 830 2756 884 nisi
2787 809 3135 904 illo'perfeeto
3156 845 3311 913 odio;
3341 861 3394 904 ut
3417 852 3516 910 hoc

270 888 340 931 est
367 879 409 946 (Ι
434 878 588 933 Idan.
612 898 687 946 ιη,
713 885 838 954 15)ἳ
869 886 978 942 l-loe
1013 905 1140 960 ergo
1167 908 1270 948 non
1301 896 1652 967 intelligcmcs
1678 904 1837 958 occisi

268 980 588 1038 peceatores,
620 979 884 1043 quomodo
922 981 1059 1034 dicat
1093 985 1232 1038 Dens
1262 989 1412 1043 malis
1439 991 1489 1043 in
1520 995 1836 1063 cogitatione

268 1059 541 1126 bonorum,
586 1064 685 1119 Viri
727 1071 1046 1139 sanguinvm,
1098 1076 1341 1132 declinato
1378 1097 1410 1132 a
1451 1099 1544 1145 me,
1586 1098 1835 1143 accusant

263 1149 314 1203 in
335 1153 410 1205 eis
427 1158 852 1214 communionem
877 1163 1132 1219 malorum
1151 1183 1164 1230 ;
1185 1177 1237 1221 et
1252 1184 1308 1222 se
1327 1187 1419 1240 per
1436 1172 1526 1227 bas
1543 1175 1832 1234 calumnias

260 1246 574 1312 tsi-parando,
601 1251 766 1319 accipi
775 1262 866 1306 unt
885 1255 936 1306 in
953 1258 1170 1313 vanitate
1186 1262 1403 1316 civitates
1422 1283 1559 1320 suas.
1582 1268 1703 1324 Haec
1724 1287 1826 1325 vox

257 1349 372 1403 qu:c
391 1337 549 1390 modo
567 1339 616 1392 iu
639 1344 952 1410 cogitatione
971 1349 1226 1404 bonorum
1249 1352 1440 1409 dicitur
1459 1359 1626 1422 malis,
1645 1371 1827 1430 aperta

256 1427 352 1479 erit
379 1428 429 1481 in
459 1429 545 1482 illa
567 1431 672 1497 die,
699 1437 908 1502 quando
929 1439 1006 1492 eis
1028 1440 1219 1495 dicitur
1241 1459 1270 1497 a
1293 1447 1460 1514 capite
1484 1448 1597 1517 ipso
1620 1463 1824 1510 nostro:

258 1516 529 1587 Nunquam
550 1525 661 1576 novi
684 1542 799 1591 vos;
838 1529 1073 1584 discedite
1089 1549 1120 1586 a
1141 1550 1235 1599 me,
1259 1553 1428 1593 omnes
1445 1541 1530 1610 qui
1549 1547 1826 1612 aperantini

254 1610 555 1680 iniquitatem
586 1615 794 1688 (Matth.
820 1637 912 1688 vn,
942 1622 1053 1692 23).

318 1701 407 1757 27.
450 1704 611 1778 (vers.
651 1709 779 1785 21.]
816 1713 964 1771 Nunc
1002 1727 1175 1772 autent
1217 1720 1340 1776 dicit
1371 1738 1565 1794 corpus
1603 1728 1817 1799 Christi,

250 1797 387 1863 quod
414 1809 496 1852 est
518 1800 746 1856 Ecclesia
773 1821 785 1856 :
815 1806 946 1872 Quid
977 1818 1054 1864 est
1101 1812 1238 1879 quod
1281 1816 1408 1870 mibi
1435 1819 1819 1878 calumniantur

249 1891 482 1957 superbi,
516 1896 662 1962 quasi
709 1912 794 1950 me
839 1901 1106 1957 maculent
1147 1905 1315 1960 aliena
1348 1919 1579 1976 peccata,
1611 1923 1662 1968 et
1691 1930 1814 1982 pro-

247 1986 424 2045 pterea
473 1985 768 2050 separando
809 2003 887 2054 se,
933 1993 1190 2061 accipiqu
1237 1997 1288 2049 in
1335 2001 1554 2054 vanitate
1594 2005 1813 2059 civitates

241 2071 398 2123 suas?
426 2071 610 2128 Nonne
637 2093 719 2131 eos
744 2079 830 2144 qui
869 2081 1075 2138 oderunt
1101 2094 1164 2149 te,
1197 2086 1423 2154 Domine,
1460 2094 1575 2147 odio
1619 2097 1813 2151 habui?

241 2158 432 2228 thuid
463 2179 490 2215 a
519 2180 604 2220 me
630 2167 836 2237 pejores
863 2172 1080 2242 exigunt
1107 2177 1260 2231 etiam
1288 2184 1615 2250 corporalem
1642 2201 1669 2239 a
1698 2204 1808 2243 ma-

239 2249 298 2304 lis
326 2256 731 2322 separationem,
775 2269 832 2314 ut
873 2273 998 2317 ante
1042 2273 1246 2337 tempus
1291 2273 1477 2326 messis
1506 2276 1659 2331 simul
1685 2295 1804 2334 cum

233 2341 448 2397 zicaniis
492 2347 791 2403 eradicetur
833 2361 886 2406 et
930 2355 1156 2410 triticum
1209 2359 1336 2428 (Id.
1387 2379 1497 2429 xm,
1554 2367 1688 2437 50);
1748 2382 1804 2427 ut

227 2442 354 2485 ante
388 2442 594 2501 tempus
621 2439 972 2496 ve'ntilationis
1017 2448 1231 2513 perdam
1279 2454 1643 2511 sustinentium
1674 2463 1804 2516 tole-

225 2521 377 2575 randi
425 2524 622 2591 paleam
670 2528 780 2597 (ld.
826 2533 1070 2602 itu-£2);
1113 2549 1169 2590 ut
1196 2549 1477 2610 antequam
1506 2551 1679 2604 omnia
1709 2569 1798 2621 ge-

223 2628 348 2667 nera
376 2616 598 2684 piscium
624 2621 687 2682 at)
721 2623 875 2679 linem
905 2630 1082 2684 saeculi
1111 2641 1355 2701 tanquam
1383 2637 1448 2692 ad
1477 2639 1620 2696 littus
1645 2658 1798 2714 sepa-

222 2705 387 2758 randa
421 2711 744 2776 perveniant,
789 2717 920 2771 retia
948 2722 1091 2788 pacis
1118 2725 1434 2796 unitatisque
1463 2730 1792 2804 disrumpam

218 2795 328 2862 (Id.
372 2813 486 2863 xm,
531 2801 662 2871 47')?
705 2803 965 2876 Numquid
998 2813 1256 2869 malorum
1299 2795 1420 2873 sunt
1451 2795 1790 2882 Sacramenta

219 2901 332 2953 qua:
358 2890 600 2958 accipio?
633 2896 894 2965 numquid
920 2914 1104 2956 eorum
1133 2905 1253 2960 ViliD
1278 2908 1532 2982 factisque
1555 2929 1788 2972 consen-

214 2981 393 3036 tieudo
438 2987 810 3043 communico?
853 2990 1038 3052 Nerine
1085 3013 1169 3054 eos
1211 3005 1296 3072 qui
1336 3004 1545 3064 oderunt
1580 3018 1643 3078 te,
1676 3009 1786 3067 D0-

216 3069 358 3133 ntine,
407 3072 524 3128 odio
568 3075 750 3144 habui;
783 3092 830 3136 et
871 3101 1024 3149 super
1063 3089 1274 3146 inimicis
1313 3097 1410 3150 tuis
1438 3100 1742 3158 tabescebat»
1761 3108 1787 3161 .9

216 3175 381 3218 nonne
424 3180 546 3222 eum
594 3169 738 3226 zelus
782 3174 971 3233 domus
1019 3189 1120 3237 tua:
1164 3188 1466 3245 comedet-et
1493 3210 1578 3252 me
1611 3194 1780 3267 (Psat.

209 3268 384 3320 uvnt,
436 3258 582 3329 10),
630 3263 872 3322 videbam
921 3270 1248 3344 insensatos,
1302 3291 1356 3335 et
1405 3284 1780 3347 tabescebam?

207 3357 376 3399 nonne
422 3357 476 3402 et
520 3351 729 3408 tmdium
760 3357 1023 3415 detinebat
1066 3381 1149 3420 me
1177 3382 1205 3420 a
1237 3377 1599 3438 peccatoribus
1627 3381 1781 3437 dere-

198 3429 556 3504 linquentibus
587 3442 752 3512 legem
781 3457 920 3504 tuam
950 3451 1118 3520 (Psat.
1147 3429 1327 3528 cxvii",
1353 3465 1474 3532 159,
1505 3429 1776 3542 ίὸέῖὸνέῑῖ

1316 3520 1326 3528 .
1432 3520 1474 3532 γ.
1540 3520 1623 3535 η.
1648 3520 1769 3542 np

200 3520 297 3588 Qui
322 3527 462 3581 enim
505 3543 629 3587 sunt
670 3534 865 3593 inimici
900 3543 997 3607 tui,
1028 3547 1126 3602 nisi
1167 3552 1254 3620 qui
1280 3555 1385 3610 vita
1415 3573 1508 3611 sua
1541 3561 1775 3621 indicant

200 3629 350 3683 quam
395 3621 610 3678 oderint
649 3625 816 3697 legem
849 3636 1025 3688 tuam?
1049 3638 1158 3694 Hos
1186 3659 1314 3715 ergo
1352 3664 1470 3702 cum
1513 3655 1768 3724 odissem,

197 3720 291 3761 cur
317 3711 440 3766 mihi
473 3715 862 3776 calumniantur
884 3727 970 3793 qui
1001 3731 1263 3798 accipiunt
1307 3737 1358 3790 in
1400 3742 1614 3798 vanitate
1650 3748 1772 3800 civi-

197 3807 316 3856 tates
349 3819 490 3871 suas,
522 3810 661 3877 quod
692 3813 820 3868 mihi
864 3815 1112 3887 imputari
1157 3828 1360 3893 possint
1402 3847 1585 3890 eorum
1634 3853 1763 3908 pec-

194 3901 324 3959 cata,
356 3912 495 3966 quos
518 3900 752 3965 oderam.
799 3915 852 3962 et
892 3924 1051 3979 super
1078 3916 1266 3985 quibus
1310 3922 1426 3977 zelo
1454 3900 1650 3983 domus
1671 3930 1764 3987 Dei

192 3983 562 4045 tabescebam?
601 3993 704 4049 Sed
751 3997 838 4052 ubi
879 4012 979 4067 est,
1031 3983 1233 4076 Diligite
1276 4011 1503 4069 inimicos
1532 3983 1764 4076 vestros?

190 4080 268 4132 An
314 4085 431 4151 quia
479 4097 670 4142 vestros
710 4091 880 4159 dixit,
915 4111 1018 4151 non
1055 4099 1179 4154 Dei?
1221 4103 1537 4176 Denefacite,
1569 4113 1758 4183 inquit,

186 4171 256 4224 eis
279 4176 362 4240 qui
387 4178 600 4232 oderunt
626 4198 710 4236 vos
731 4200 750 4237 :
781 4201 884 4240 non
926 4185 1137 4261 ait,1pti
1169 4195 1393 4253 oderunt
1423 4201 1607 4257 Deunt.
1639 4207 1760 4262 Ideo

190 4259 281 4316 iste
307 4277 520 4321 secutus
543 4270 675 4325 dixit
695 4275 732 4337 ί,
764 4273 949 4332 Nonne
973 4298 1054 4335 eos
1081 4286 1168 4352 qui
1190 4287 1400 4343 oderunt
1429 4303 1493 4359 te,
1524 4293 1754 4364 Domine,

185 4351 296 4404 odio
319 4354 508 4411 habui?
535 4375 636 4415 non
661 4363 816 4430 dixit,
845 4369 930 4438 qui
959 4351 1185 4429 oderunt
1230 4394 1334 4434 me.
1376 4381 1444 4435 Et
1471 4401 1622 4454 super
1646 4389 1746 4442 ini-

183 4444 316 4498 micis
339 4449 435 4502 luis
462 4455 769 4510 tabesccbam
793 4474 811 4512 :
839 4462 935 4516 tuis
975 4464 1134 4527 dixit:
1185 4485 1310 4536 non,
1341 4475 1492 4529 meis.
1523 4479 1626 4533 Sed
1657 4487 1752 4551 qui

184 4546 273 4588 nus
289 4547 564 4606 propterea
582 4543 828 4614 oderunt,
852 4559 907 4604 et
924 4563 1198 4621 propterea
1223 4559 1414 4616 inimici
1435 4568 1586 4621 nobis
1601 4543 1746 4635 sunt,

179 4625 292 4688 quia
323 4628 428 4683 Deo
457 4635 741 4703 servimus,
771 4641 894 4708 quid
933 4643 1074 4698 aliud
1117 4664 1274 4716 quam
1323 4667 1445 4706 eum
1495 4659 1743 4728 oderunt,

180 4722 228 4767 ct
255 4717 365 4783 ejus
410 4722 606 4778 inimici
653 4730 812 4783 sunt?
849 4731 1110 4804 Numquid
1158 4755 1285 4809 ergo
1333 4744 1464 4799 tales
1507 4748 1748 4808 inimicos

179 4817 378 4864 nostros
423 4813 642 4882 diligere
687 4833 793 4876 non
836 4822 1165 4883 debemus'?
1214 4835 1317 4886 Aut
1374 4852 1476 4891 non
1532 4852 1746 4909 propter

180 4895 334 4953 Deum
363 4908 785 4971 persecutionem
813 4916 1102 4988 patiuntur,
1125 4923 1314 4990 quibus
1338 4927 1562 4984 dicitur:
1590 4931 1745 4990 Orate

176 5001 261 5052 pro
299 5000 702 5066 persequentibus
725 5019 809 5057 vos
833 5005 1043 5073 (Matth.
1071 5026 1126 5076 v,
1167 5014 1296 5084 μμ
1342 5018 1479 5088 Ergo
1522 5026 1738 5081 attende

173 5080 302 5143 quod
333 5087 589 5152 sequitur.

236 5167 318 5223 28.
361 5171 510 5244 [vers.
535 5179 651 5252 22.]
692 5181 922 5256 Perfecto
949 5191 1064 5244 odio
1091 5193 1292 5248 oderam
1317 5198 1449 5254 illos.
1474 5201 1608 5269 Quid
1629 5219 1731 5274 est,

173 5264 379 5329 prrfecto
407 5270 558 5322 odio?
591 5272 818 5331 Oderam
858 5279 909 5333 itt
937 5282 1018 5336 eis
1046 5283 1347 5354 iniquitates
1371 5307 1575 5362 eorum,
1607 5299 1731 5354 dili-

170 5351 344 5413 gebam
367 5359 723 5419 conditionem
751 5375 912 5422 tuam.
944 5371 1053 5426 Hoc
1072 5351 1154 5429 est
1183 5379 1414 5446 perfecto
1438 5385 1560 5439 odio
1583 5389 1714 5444 odis-

171 5450 241 5503 se,
264 5453 318 5496 ut
339 5463 436 5502 nec
459 5463 670 5523 promer
691 5458 812 5513 vitia
835 5460 1078 5520 homines
1103 5467 1300 5534 oderis,
1326 5488 1423 5528 nec
1453 5477 1576 5532 vitia
1603 5498 1729 5550 pro-

171 5537 277 5640 pter
306 5533 541 5596 homines
565 5543 770 5615 diligas.
808 5549 939 5605 Nam
982 5569 1106 5610 ecce
1146 5558 1263 5613 vide
1287 5563 1412 5630 quid
1438 5533 1690 5640 :tdjtiiigat
1708 5611 1726 5639 ,

1306 5615 1318 5630 ι
1367 5615 1398 5617 η
1440 5615 1687 5640 "ww-1r"
1708 5615 1725 5639 ι

173 5615 360 5679 Inimici
383 5631 502 5697 [acti
526 5647 644 5690 sunt
670 5641 809 5696 mihi.
837 5644 949 5700 Non
973 5647 1080 5718 jam
1112 5660 1312 5708 tantum
1344 5657 1456 5727 Dei,
1486 5662 1578 5717 sed
1601 5679 1725 5720 suos

225 5753 243 5819 ξ
275 5761 362 5815 ΕΓ..
385 5775 596 5816 securus.
623 5778 678 5819 St.

224 5811 244 5846 ³
272 5811 817 5886 διρλιηξῒὲίριλιιιιψε
841 5845 949 5896 Mss,
978 5851 1034 5897 tt.
1062 5851 1187 5906 t.ov.,
1214 5861 1294 5900 nos
1320 5853 1559 5907 debemus.

442 5909 711 5977 Parnm.
767 5920 1085 5992 λλχνη.

1944 897 1994 953 in
2023 901 2101 955 eis
2123 903 2293 959 oderit
2319 911 2457 977 quod
2488 913 2648 984 iniqui
2690 931 2830 986 sunt,
2866 897 2965 982 hoc
3006 897 3394 1008 diligatiqtio‘d'

1911 1026 1918 1030 -
1941 991 2110 1046 mines
2140 999 2296 1050 sunt?
2320 999 2449 1079 Nam
2473 1014 2525 1058 et
2553 1017 2788 1080 tempore
2815 1015 3016 1076 Veteris
3044 991 3387 1098 Testamenti,
3408 1054 3512 1106 quo

1938 1084 2224 1106 __,_,.,,,.,_J
2408 1095 2438 1106 ..
2479 1097 2508 1106 ..

3273 1084 3281 1086 _
3412 1084 3508 1106 ,η

1938 1084 2229 1142 visibilibus
2271 1095 2540 1162 suppliciis
2599 1107 2826 1161 carnalis
2871 1114 3094 1179 populus
3146 1125 3508 1196 coercebatur,

2167 1181 2245 1196 ...
2427 1188 2469 1196 _

2871 1174 2883 1178 _
2943 1174 2955 1179 -
3221 1174 3256 1176 ρ
3279 1174 3505 1196 ---,,,,,,

1937 1174 2096 1232 homo
2117 1181 2182 1235 ad
2203 1181 2403 1240 Novum
2427 1188 2824 1252 Testamentum
2856 1218 2948 1272 per
2969 1205 3369 1282 intelligentiam
3389 1237 3505 1292 per.

1937 1269 2106 1292 ιῖ...---,.
2154 1271 2270 1292 ΐ-ηη
2298 1277 2308 1292 I
2402 1279 2435 1292 η
2481 1281 2562 1292 ι..-

1935 1269 2128 1335 tinens,
2152 1271 2377 1331 famulus
2399 1279 2737 1360 Dei‘Moyses,
2761 1297 3027 1360 quomodo
3059 1302 3244 1358 oderat
3280 1269 3504 1376 peccrau-

1931 1363 2030 1423 tcs,
2059 1375 2178 1416 cum
2210 1379 2304 1432 pro
2331 1367 2408 1422 eis
2434 1372 2650 1428 orabat?
2674 1387 2726 1432 et
2751 1386 3015 1449 quomodo
3036 1406 3138 1445 non
3157 1395 3358 1465 oderat,
3383 1415 3502 1458 cum

1929 1465 2020 1504 eos
2041 1453 2330 1522 occidi-bat,
2359 1462 2456 1514 nisi
2482 1466 2599 1532 quia
2629 1470 2860 1536 perfecto
2882 1477 3004 1533 odio
3045 1483 3230 1540 oderat
3265 1492 3398 1546 eos?
3424 1494 3499 1548 Ea

1927 1557 2155 1613 namque
2180 1548 2506 1616 perfectione
2537 1557 2612 1611 sic
2639 1561 2823 1618 oderat
2862 1567 3188 1639 iniquitatem
3220 1595 3375 1649 quam
3407 1602 3501 1655 pu-

1927 1633 2098 1655 ,εΑιμη
2239 1637 2323 1655 μ.
2463 1653 2469 1655 Α
2504 1645 2515 1655 .
2703 1651 2713 1655 -

1853 1672 1857 1674 .
1923 1633 2120 1699 niebat,
2150 1646 2206 1690 ut
2230 1637 2474 1708 diligeret
2500 1645 2879 1710 humanitatem
2901 1673 2996 1726 pro
3022 1677 3122 1732 qua
3149 1671 3354 1726 orabat.

1989 1723 2080 1778 29.
2120 1725 2269 1797 [vers.
2303 1732 2418 1807 25.]
2455 1735 2586 1792 Cum
2620 1756 2746 1812 ergo
2775 1723 2967 1819 corpus
2993 1723 3187 1812 Christi
3213 1723 3281 1816 ab

2872 1815 2883 1819 _
3264 1815 3269 1816 ,
3321 1815 3488 1835 μην---

1918 1819 1973 1865 et
2011 1815 2206 1884 iniquis
2244 1822 2402 1876 etiam
2443 1833 2788 1897 corporaliter
2841 1837 2891 1893 in
2944 1841 3049 1898 line
3101 1854 3488 1922 separandum,

1919 1918 2058 1959 nunc
2090 1907 2226 1962 inter
2253 1926 2346 1965 eos
2373 1915 2580 1972 interim
2611 1936 2816 1990 gemat;
2849 1939 2900 1982 et
2929 1946 3048 1987 cum
3080 1937 3152 1991 illi
3179 1944 3336 1998 occisi
3364 1962 3488 2015 pec-

1914 2003 2122 2050 catores
2149 2005 2398 2071 tanquam
2431 2007 2499 2061 de
2529 2012 2786 2068 malorum
2817 2025 3190 2083 communione
3216 2031 3368 2089 bonis
3395 2053 3488 2092 ca-

1914 2084 2240 2159 lumniando,
2264 2106 2316 2149 et
2334 2111 2392 2153 se
2411 2104 2556 2168 quasi
2581 2120 2676 2173 per
2691 2112 3022 2169 occasionem
3047 2121 3302 2179 malorum
3321 2134 3487 2199 magis

1914 2190 1937 2199 ﬁ
1964 2176 2112 2199 ,κ’-,Α
2460 2191 2490 2199 ..

3239 2176 3260 2177 ,,
3275 2176 3301 2179 π-
3321 2176 3483 2199 ---τη

1909 2190 1940 2229 a
1964 2176 2114 2233 bonis
2135 2193 2186 2236 et
2203 2183 2574 2246 innocentibus
2591 2201 2904 2267 separando,
2942 2210 3022 2261 sle
3041 2211 3299 2280 accipiant
3317 2217 3368 2272 in
3393 2236 3483 2274 va-

1909 2271 2072 2328 nitate
2096 2276 2335 2334 civitates
2361 2299 2505 2350 suas,
2532 2297 2587 2340 ut
2616 2292 2766 2346 multi
2796 2297 2920 2350 mali
2945 2300 3119 2357 adhuc
3149 2318 3367 2377 restent,
3393 2317 3480 2382 qui

1906 2376 2090 2418 eorum
2121 2371 2506 2436 separationem
2539 2392 2641 2432 non
2679 2397 2985 2456 sequantur,
3029 2394 3122 2447 sed
3153 2410 3181 2448 a
3213 2398 3364 2455 bonis
3395 2419 3483 2456 us-

1903 2469 2006 2524 que
2053 2457 2103 2511 in
2149 2461 2306 2517 tinem
2355 2467 2630 2538 tolerandi,
2673 2474 2724 2528 in
2765 2479 2953 2534 eadem
2995 2488 3341 2552 permixtione
3386 2511 3472 2549 re-

1903 2557 2190 2604 maneant:
2223 2554 2346 2622 quid
2380 2555 2519 2612 inter
2560 2559 2673 2616 haec
2719 2566 2826 2636 agit
2869 2585 3060 2641 corpus
3101 2575 3318 2647 Christi,
3365 2583 3477 2639 sive

1900 2647 2201 2706 centenum,
2247 2645 2358 2701 sive
2402 2663 2742 2722 sexagenum,
2794 2660 2907 2716 sive
2948 2665 3203 2724 tricennm
3249 2672 3473 2732 fructum

1897 2728 2124 2784 offerens
2143 2747 2263 2788 cum
2295 2737 2571 2796 tolerantia
2619 2744 2827 2816 (Matth.
2860 2766 2970 2818 xm,
2998 2754 3096 2822 25;
3125 2768 3172 2812 et
3199 2759 3325 2816 Luc.
3358 2781 3468 2833 vui,

1896 2819 2027 2889 is)?
2069 2820 2205 2887 Quid
2235 2827 2340 2896 agit
2388 2833 2625 2898 proxima
2664 2837 2858 2895 Christi
2905 2845 2954 2897 in
3005 2819 3181 2904 medio
3221 2819 3467 2914 ﬁliarum:

1888 2908 2028 2963 sicut
2048 2911 2212 2967 lilium
2240 2916 2292 2970 in
2322 2919 2496 2975 medio
2524 2925 2794 2992 spinarum
2823 2931 2992 3002 (Cant.
3018 2952 3074 3003 ιι,
3095 2938 3186 3009 2)?
3204 2908 3472 3009 Quin—sum

1892 3017 2049 3058 voces
2074 3005 2188 3075 ejus
2205 3008 2230 3059 ?
2247 3025 2364 3079 quin
2399 3016 2760 3072 conscientia?
2786 3038 2905 3091 qua:
2939 3030 3142 3095 species
3181 3033 3298 3088 tilia:
3328 3040 3467 3107 regis

1886 3092 2211 3153 intrinsecus
2254 3099 2424 3171 (Psat.
2459 3120 2606 3174 κων,
2639 3109 2769 3177 14)?
2794 3113 2932 3177 Ecce
2959 3092 3081 3179 audi
3118 3121 3241 3197 quid
3282 3092 3460 3183 diedi:

1884 3185 2056 3243 Proba
2077 3207 2172 3260 me,
2196 3188 2355 3264 Deus,
2384 3205 2430 3253 ct
2454 3197 2577 3256 scito
2599 3215 2688 3260 cor
2713 3225 2896 3264 meum.
2918 3212 2996 3267 Tu
3021 3185 3178 3284 Deus,
3203 3230 3256 3275 ιιι
3277 3218 3458 3292 proba,

1884 3289 1939 3335 tu
1963 3284 2130 3350 scito;
2160 3303 2264 3342 non
2295 3289 2472 3359 homo,
2508 3312 2611 3352 non
2640 3299 2942 3372 haereticus,
2971 3311 3058 3377 qui
3097 3326 3194 3367 nec
3235 3318 3460 3385 probare

1881 3375 2045 3440 novit,
2078 3391 2176 3432 nee
2221 3383 2362 3437 scire
2409 3395 2584 3454 potest
2621 3405 2715 3446 cor
2757 3409 2954 3463 meum,
2987 3401 3076 3456 ubi
3105 3415 3158 3458 tu
3184 3409 3377 3476 probas
3404 3424 3459 3470 et

1878 3463 1986 3518 scis
2013 3467 2134 3536 quia
2166 3485 2270 3526 non
2301 3479 2630 3536 consentiam
2677 3481 2828 3540 factis
2855 3489 3138 3562 malorum,
3183 3507 3237 3553 et
3266 3501 3339 3555 illi
3370 3519 3456 3559 me

1875 3564 2061 3622 putant
2101 3567 2448 3622 contaminari
2477 3585 2636 3640 posse
2664 3580 2894 3642 peccatis
2935 3583 3160 3640 aliorum
3195 3606 3208 3642 :
3243 3602 3299 3644 ut
3325 3593 3451 3652 dum

1873 3660 1972 3714 ego
1996 3649 2048 3702 in
2077 3651 2358 3723 longinqua
2412 3663 2834 3730 peregrinatione
2867 3685 2982 3724 mea
3027 3672 3164 3729 facio
3211 3683 3350 3749 quod
3398 3686 3450 3739 iu

1872 3736 1976 3791 alio
2002 3741 2204 3806 psalmo
2226 3759 2401 3814 gemo,
2437 3750 2488 3803 id
2519 3762 2620 3820 est,
2649 3769 2770 3810 cum
2799 3758 2862 3814 iis
2889 3763 2978 3830 qui
3007 3765 3234 3823 oderam
3261 3788 3443 3841 pacem

1869 3843 1987 3882 sum
2009 3831 2027 3906 ‘_
2056 3833 2306 3900 pacificus
2332 3838 2504 3907 (Psal.
2527 3858 2672 3909 exui,
2705 3847 2776 3917 7),
2819 3849 2989 3908 donec
3030 3831 3333 3925 perveniam
3379 3869 3445 3921 ad

1867 3917 2011 3974 illam
2039 3923 2292 4000 visionem
2339 3932 2502 3997 pacis,
2547 3936 2687 4004 quod
2721 3917 3100 4009 interpretatur
3125 3947 3440 4020 Jerusalem,

2340 3996 2350 3997 ,
2490 3996 2494 3997 ν
2564 3996 2579 4004 ,
2862 3996 2878 4009 ,
3001 3996 3088 4000 η-
3127 3996 3440 4020 --...-,.ν...,

1866 4025 1982 4080 qua)
2009 3996 2090 4070 est
2118 4027 2286 4073 mater
2313 4023 2548 4078 omnium
2593 4038 2868 4101 nostrum,
2921 4035 3106 4093 civitas
3146 4052 3344 4100 aeterna
3388 4048 3440 4102 iu

1865 4103 2048 4169 caelis;
2074 4105 2170 4175 ipsi
2194 4108 2446 4180 litigando
2466 4124 2523 4169 et
2546 4119 2916 4178 calumniando
2936 4141 3099 4197 seque
3121 4139 3438 4209 separando,

1861 4195 2140 4263 accipiant,
2170 4214 2273 4254 non
2302 4203 2455 4271 plane
2483 4206 2536 4260 in
2561 4212 2875 4279 aeternitate,
2905 4218 2999 4272 sed
3037 4222 3090 4275 in
3120 4226 3334 4282 vanitate
3359 4232 3437 4283 ci-

1859 4284 2034 4338 vitates
2061 4304 2197 4342 suas.
2237 4290 2405 4346 Proba
2437 4307 2562 4367 ergo
2594 4317 2689 4364 me,
2720 4303 2872 4372 Deus,
2904 4319 2950 4362 et
2973 4311 3098 4366 scito
3122 4332 3210 4369 cor
3233 4335 3392 4374 meum
3414 4340 3434 4386 ;

1857 4387 2081 4430 scrutare
2102 4395 2197 4446 me,
2221 4392 2266 4434 et
2289 4399 2529 4452 cognosce
2545 4393 2746 4446 semitas
2772 4411 2924 4452 meas.
2959 4400 3148 4473 thuid
3175 4406 3315 4465 hoc?
3340 4413 3433 4469 At-

1859 4468 2016 4523 tende
2037 4471 2161 4538 quid
2190 4476 2450 4542 sequitur.

1925 4560 2012 4614 50.
2053 4561 2201 4633 {verm
2226 4565 2340 4639 24.]
2380 4568 2446 4622 Et
2467 4573 2596 4640 vide,
2620 4575 2806 4647 inquit,
2833 4582 2878 4634 si
2897 4584 2974 4636 via
2995 4585 3272 4658 iniquitatis
3293 4594 3356 4648 sit
3377 4597 3429 4650 in

1854 4666 1952 4716 me,
1977 4661 2020 4704 et
2044 4655 2206 4710 deduc
2227 4675 2304 4712 me
2323 4661 2373 4712 in
2394 4662 2472 4715 via
2493 4675 2699 4722 wtcrna.
2733 4669 2991 4741 Scrutare,
3017 4677 3204 4748 inquit,
3223 4688 3426 4741 semitas

1850 4756 2006 4807 meas,
2033 4744 2082 4798 id
2111 4757 2189 4800 est
2217 4752 2438 4806 consilia
2465 4765 2518 4808 et
2547 4759 2891 4827 cogitationes
2939 4781 3084 4822 meas
3109 4787 3122 4822 :
3153 4783 3202 4824 et
3243 4776 3356 4831 vide
3381 4781 3426 4831 si

1847 4831 1928 4882 via
1969 4833 2244 4902 iniquitatis
2273 4841 2336 4892 sit
2378 4843 2431 4895 in
2462 4859 2557 4909 me,
2601 4847 2712 4902 sive
2753 4847 3016 4922 faciendo,
3059 4859 3171 4915 sive
3199 4876 3424 4919 consen-

1845 4920 2052 4988 tiendo;
2103 4936 2151 4979 et
2193 4929 2354 4984 deduc
2397 4949 2476 4986 me
2507 4933 2561 4986 in
2586 4937 2666 4989 via
2692 4948 2904 4996 (eterna.
2930 4920 3063 5010 Quid
3101 4950 3244 5006 aliud
3270 4953 3418 5021 dicit,

1842 5025 2022 5080 quam,
2044 5015 2214 5073 deduc
2234 5035 2319 5074 me
2342 5022 2393 5075 in
2411 5022 2658 5080 Christo?
2672 5027 2800 5095 Quis
2817 5042 2901 5088 est
2921 5036 3062 5092 enim
3089 5040 3169 5094 via
3191 5053 3410 5112 aeterna,

1841 5104 1944 5158 nisi
1965 5107 2050 5174 qui
2081 5119 2162 5164 est
2198 5111 2303 5165 vita
2337 5118 2573 5170 interna?
2594 5117 2844 5179 Alternus
2865 5128 3006 5182 enim
3027 5133 3213 5202 estqui
3239 5135 3371 5190 dixit
3399 5157 3412 5191 :

1842 5192 1954 5264 Ego
1983 5214 2094 5250 sum
2117 5202 2217 5267 via,
2247 5204 2426 5259 veritas
2453 5216 2498 5260 ct
2524 5208 2622 5263 vita
2650 5211 2827 5280 (Joan.
2859 5232 2972 5281 xw,
2996 5221 3074 5288 6).
3098 5221 3154 5276 Si
3174 5238 3300 5295 ergo
3315 5226 3413 5281 ali-

1835 5288 1962 5356 quid
1986 5289 2251 5347 iuveneris
2273 5295 2324 5348 in
2361 5297 2442 5352 via
2477 5314 2596 5354 mea
2631 5304 2770 5372 quod
2796 5305 3071 5378 displiceat
3091 5314 3256 5370 oculis
3283 5317 3406 5381 tuis,

1837 5380 2088 5448 quoniam
2119 5387 2199 5438 via
2231 5402 2348 5442 mea
2378 5393 2616 5449 mortalis
2647 5406 2767 5462 est;
2817 5408 2871 5454 tu
2916 5401 3081 5457 deduc
3127 5422 3206 5460 nte
3246 5407 3299 5461 in
3331 5409 3410 5462 ria

1833 5479 2040 5536 eterna,
2073 5474 2158 5528 ubi
2203 5477 2348 5532 nulla
2377 5492 2458 5535 est
2502 5485 2780 5555 iniquitas:
2813 5491 2933 5560 quia
2977 5496 3068 5548 etsi
3093 5499 3204 5565 quis
3230 5517 3408 5570 pecca-

1831 5564 1973 5624 verit,
2002 5566 2300 5622 advocatum
2328 5570 2565 5628 habemus
2593 5579 2732 5646 apud
2771 5579 3000 5650 Patrem,
3044 5564 3217 5643 Jesunt
3261 5590 3407 5645 Citri-

1828 5663 1961 5707 stum
1963 5657 2181 5725 justum.
2198 5658 2317 5730 Ipse
2327 5671 2398 5716 est
2415 5668 2636 5722 exoratio
2652 5685 2742 5738 pro
2758 5674 2974 5739 peccatis
2986 5681 3167 5732 nostris
3188 5681 3205 5746 (
3212 5680 3229 5736 l
3241 5679 3395 5737 Joan.

1891 5867 1906 5898 ι
1943 5874 2012 5916 Er.
2043 5871 2183 5933 Lugd.
2203 5855 2326 5925 '\'cn.
2355 5882 2482 5941 Luxu,
2508 5893 2657 5929 cram.
2685 5891 2739 5930 tt.

2655 5965 3269 6061 {Cinquante—scptlj
