4042 6202
547 448 569 499 ὶ
582 447 681 503 $63

544 578 579 617 ιι
600 599 616 626 ,
646 559 668 611 ι
696 558 750 629 );
782 555 898 623 ipse
937 555 1022 605 est
1051 541 1140 598 via
1162 542 1179 574 ¹
1214 548 1412 596 :ctcrna
1453 533 1569 589 sine
1604 535 1866 602 peccato;
1895 523 2012 593 ipse
2038 527 2122 575 est

546 653 650 705 vita
680 656 877 702 a-tcrna
905 639 1024 695 sine
1050 632 1329 705 supplicio.

616 739 707 796 5|.
730 734 914 803 Magna
934 733 1263 785 sacramenta
1282 760 1298 787 ,
1319 719 1527 776 fratres.
1552 709 1830 782 Quomodo
1849 706 2127 763 nobiscum

554 831 781 902 loquitur
816 798 1047 895 Cpiritus
1100 818 1233 874 Dei?
1281 809 1551 886 quomodo
1599 805 1754 863 nobis
1782 802 1908 858 facit
1934 800 1986 855 in
2031 798 2131 853 hac

549 889 706 979 no-ctc
741 889 1000 975 delicias?
1023 909 1159 978 Quid
1187 915 1269 964 est
1296 905 1400 961 hoc
1418 943 1434 968 ,
1461 913 1714 973 rogamus
1751 909 1845 950 vos
1864 935 1879 962 ,
1902 889 2133 948 fratres?

552 1014 691 1072 unde
719 1009 956 1067 dulciora
977 1045 993 1071 ,
1039 1020 1144 1074 quo
1171 996 1477 1056 obscuriora
1501 993 1567 1048 "i
1604 989 1826 1047 Coniicit
1854 984 2005 1042 nobis
2034 997 2132 1054 po-

553 1106 753 1159 tionem
794 1098 862 1156 ad
909 1110 1146 1153 antorem
1175 1106 1331 1148 suum
1360 1128 1376 1153 ,
1403 1082 1718 1159 quibusdam
1762 1078 1935 1136 modis
1963 1075 2134 1131 miris.

555 1190 798 1248 iiirlticat
826 1191 938 1261 ipsa
963 1187 1102 1243 dicta
1127 1199 1245 1248 sua,
1268 1188 1327 1235 ut
1345 1193 1466 1234 eum
1485 1190 1547 1232 ea
1568 1174 1870 1230 diceremus
1892 1181 2011 1240 quae
2027 1166 2138 1236 jam

557 1285 827 1342 noveratis
849 1323 865 1348 ,
897 1291 1076 1336 tamen
1102 1276 1222 1347 quia
1256 1288 1325 1328 ex
1359 1270 1466 1326 illis
1506 1267 1639 1322 iocis
1665 1262 1988 1320 eruebantur
2021 1270 2140 1329 qum

558 1380 784 1434 obscura
807 1372 1136 1435 videbantur,
1160 1376 1408 1435 tanquam
1425 1374 1560 1416 nova
1579 1357 1728 1412 fieret
1751 1354 1865 1424 ipsa
1885 1349 2139 1422 cognitio.

563 1466 824 1537 Numquid
856 1479 960 1519 non
992 1457 1282 1522 noveratis,
1304 1453 1517 1518 fratres,
1548 1447 1671 1520 quia
1699 1446 1752 1501 in
1776 1440 2016 1500 Ecclesia
2043 1437 2142 1493 Dei

563 1527 825 1614 tolerandi
854 1561 979 1610 sunt
1004 1550 1150 1615 mali,
1178 1556 1227 1603 et
1260 1544 1547 1600 schismata
1585 1554 1691 1594 non
1720 1543 1844 1591 sunt
1865 1527 2144 1588 facienda?

563 1645 828 1718 Numquid
855 1660 961 1700 non
997 1643 1106 1713 jam
1132 1635 1381 1694 scicbatis
1408 1632 1528 1704 quia
1570 1630 1709 1684 intra
1737 1626 1825 1681 illa
1867 1622 2000 1678 retia
2027 1633 2147 1691 quae

565 1716 782 1810 capiunt
801 1736 970 1791 bonos
995 1742 1048 1790 et
1063 1728 1232 1785 malos
1249 1726 1440 1797 pisces,
1461 1716 1853 1793 perdurandum
1879 1722 1962 1769 est
1983 1723 2150 1781 usque

568 1805 647 1888 adv
665 1831 834 1894 littus,
863 1841 961 1883 nec
985 1824 1118 1880 retia
1141 1814 1437 1888 rumpenda
1464 1807 1764 1881 sunt;quia
1787 1807 1841 1861 in
1866 1805 2046 1859 littore
2065 1814 2152 1856 so-

570 1892 895 1994 parabuntur
918 1916 1044 1975 boni
1074 1913 1140 1970 ad
1166 1925 1293 1969 vasa
1312 1950 1328 1977 ,
1358 1916 1414 1964 et
1458 1904 1582 1962 mali
1610 1895 1993 1973 projicientur?
2035 1892 2152 1948 Jam

572 1987 671 2072 ista
717 2010 1012 2076 noveratis;
1047 2019 1235 2061 versus
1262 2010 1440 2058 autem
1480 1998 1610 2053 istos
1645 1990 1835 2065 psalmi
1865 1987 2025 2057 hujus
2049 1999 2154 2040 non

575 2104 952 2176 intelligebatis
982 2074 1005 2155 :V
1026 2096 1337 2175 expositum
1355 2099 1439 2165 est
1460 2086 1602 2161 quod
1630 2099 1738 2140 non
1757 2074 2155 2151 intelligebatis,

576 2208 630 2253 et
655 2172 961 2253 innovatum
991 2199 1074 2247 est
1100 2186 1244 2260 quod
1274 2172 1563 2239 neveratis.

588 2295 2147 2344 _______________________....___._.__—

917 2401 998 2463 IN
1042 2391 1421 2507 PSALhIUM
1463 2382 1803 2453 CXXXIX

1166 2507 1580 2573 ENARRATIO.

1113 2645 1285 2688 SBBIO
1312 2644 1379 2685 ΑΙ)
1408 2638 1631 2683 νιειιιιιι.

514 2830 523 2837 _
658 2759 709 2813 t.
749 2740 1031 2810 iusserunt
1053 2743 1253 2802 domini
1276 2742 1467 2798 fratres
1493 2734 1591 2811 (α),
1610 2745 1662 2792 ει
1681 2734 1734 2789 in
1762 2730 1890 2803 ipsis
1916 2726 2170 2783 Dominus

587 2852 843 2908 omnium,
871 2852 930 2896 ut
956 2841 1114 2896 istum
1143 2834 1407 2908 psalmum
1428 2830 1647 2886 aderam
1672 2825 1739 2882 ad
1760 2839 1855 2880 vos
1875 2820 2171 2890 intelligen-

589 2942 713 2996 dum
739 2979 756 3005 ,
783 2944 1036 3008 quantum
1078 2927 1335 2986 Dominus
1361 2923 1544 2981 donat.
1575 2919 1801 2991 Adjuvet
1843 2911 2173 2971 orationibus

589 3029 812 3092 vestris,
843 3033 900 3080 ut
939 3037 1001 3078 ea
1035 3019 1210 3076 dicam
1237 3030 1358 3088 qua:
1393 3018 1605 3085 oportet
1647 3023 1733 3063 me
1760 3007 1973 3069 dicere,
1999 3009 2054 3057 et
2079 3012 2174 3055 vos

590 3121 807 3184 audire;
838 3115 911 3171 uti
954 3112 1202 3178 omnibus
1237 3105 1392 3163 nobis
1432 3101 1579 3159 utilis
1619 3099 1689 3155 sit
1736 3109 1919 3154 sermo
1941 3093 2171 3149 divinus.

591 3214 708 3270 Non
751 3211 894 3266 enim
939 3202 1187 3261 omnibus
1216 3198 1362 3258 utilis
1385 3206 1505 3265 est;
1536 3194 1659 3267 quia
1690 3207 1797 3248 non
1825 3197 1910 3247 est
1936 3186 2173 3244 onmium

594 3306 726 3362 ﬁdos
755 3304 774 3376 (
800 3300 1046 3358 ll'TItess.
1077 3311 1156 3363 ιιι,
1183 3293 1222 3349 2
1242 3292 1282 3364 ).
1310 3289 1468 3347 Fides
1492 3295 1668 3343 autem
1694 3283 1774 3339 sic
1796 3289 1879 3338 est
1899 3281 1951 3335 in
1976 3278 2174 3376 anima,

584 3409 651 3459 ,ιιι
673 3364 820 3451 ιηιιίίκ
843 3392 979 3447 bona
1005 3402 1125 3459 qua:
1155 3381 1387 3454 pluviam
1413 3379 1467 3435 in
1494 3377 1721 3432 fructum
1746 3371 1892 3427 ducit
1917 3387 1931 3424 :
1960 3364 2178 3438 perfidia

597 3503 746 3554 vero,
775 3494 829 3541 ct
853 3496 1007 3540 error
1029 3477 1357 3541 diabolieus,
1394 3478 1451 3527 et
1489 3466 1749 3538 cupiditas
1770 3504 1786 3529 ,
1836 3461 1974 3518 mala
2028 3458 2180 3514 radix

596 3549 832 3635 omnium
861 3573 1122 3628 malorum
1162 3565 1211 3638 (I
1235 3558 1593 3630 Tim.vt,10),
1621 3557 1762 3613 sicut
1802 3552 1954 3609 radix
1996 3549 2181 3621 spina-

601 3685 716 3725 rum
740 3708 757 3733 ,
785 3665 942 3722 etiam
962 3660 1172 3718 dulcem
1198 3655 1430 3729 pluviam
1454 3649 1522 3707 ad
1557 3644 1871 3719 punctiones
1897 3638 2178 3699 convertit.

668 3760 726 3814 2.
765 3755 901 3826 Quid
932 3753 1091 3809 habet
1119 3749 1357 3822 psalmus
1379 3744 1501 3809 iste,
1526 3738 1690 3796 credo
1714 3751 1837 3793 cum
1854 3740 2179 3796 cantaretnr,

600 3824 892 3908 advertisse
941 3858 1070 3908 vos;
1096 3839 1346 3913 quoniam
1395 3831 1743 3906 conqueritur
1782 3834 1839 3883 et
1885 3824 2087 3897 gemit,
2129 3830 2184 3879 ct

604 3957 815 4016 precem
848 3940 958 3995 Deo
990 3934 1197 4001 fundit,
1226 3932 1365 3987 inter
1391 3927 1561 3985 malos
1602 3923 1945 3982 constitutum
1991 3930 2184 3988 corpus

600 4007 801 4093 Christi
833 4048 849 4086 :
878 4030 995 4098 ejus
1023 4026 1164 4082 enim
1196 4039 1296 4078 vox
1343 4029 1426 4077 est
1466 4018 1520 4074 in
1560 4014 1705 4073 omni
1746 4012 1838 4069 tali
1868 4007 2180 4082 prophetia,

604 4135 855 4195 tanquam
882 4095 1025 4175 iilius
1045 4114 1240 4185 inopis,
1268 4109 1323 4167 id
1341 4117 1421 4165 est
1449 4104 1678 4177 egentis.
1709 4099 1944 4157 nondum
1971 4095 2182 4185 satiati,

607 4180 892 4273 esuiientis
932 4215 987 4267 ct
1036 4180 1266 4262 sitientis
1291 4198 1551 4272 justitiam
1602 4198 1621 4267 (
1659 4191 1844 4249 Matth.
1874 4206 1927 4254 v,
1956 4191 1989 4245 6
2014 4188 2033 4259 )
2058 4180 2187 4255 {cui

608 4306 851 4377 quaedam
876 4299 1128 4359 saturitas
1153 4293 1414 4367 promissa
1444 4289 1498 4345 in
1528 4287 1633 4344 line
1679 4290 1944 4341 servatur.
1973 4278 2188 4335 Interim

610 4374 697 4455 hic
723 4409 864 4453 nunc
900 4392 1045 4447 sitiat
1064 4396 1118 4445 et
1140 4385 1341 4440 esuriat
1357 4423 1374 4451 ,
1402 4389 1577 4453 gemat
1599 4387 1654 4434 et
1691 4374 1865 4448 pulset
1885 4380 1941 4429 et
1961 4375 2187 4443 qumrat.

613 4481 1062 4558 Pcrcgrinationis
1105 4474 1370 4534 illecebris
1418 4487 1522 4525 non
1551 4469 1877 4532 delectetur,
1906 4479 2012 4519 non
2042 4468 2191 4532 putet

614 4552 841 4651 patriam
867 4571 1143 4637 sarculum,
1166 4565 1307 4623 unde
1328 4573 1381 4618 ut
1406 4562 1657 4617 liberetur
1675 4557 1921 4613 Christus
1941 4552 2188 4608 advenit:

616 4673 737 4744 quia
750 4669 994 4727 Christus
1006 4669 1167 4733 caput
1190 4666 1426 4714 nostrum
1449 4667 1568 4709 esse
1593 4649 1781 4715 voluit,
1810 4653 1970 4715 caput
1992 4643 2195 4699 scilicet

616 4734 890 4834 cujusdam
919 4753 1179 4827 corporis.
1207 4748 1324 4807 Non
1370 4747 1513 4802 enim
1537 4749 1712 4815 potest
1732 4739 1841 4794 'dici
1882 4745 2039 4808 caput
2067 4776 2081 4797 ,
2104 4734 2193 4789 ubi

618 4826 812 4925 corpus
856 4826 1063 4907 nullum
1086 4852 1169 4899 est
1197 4841 1281 4896 cui
1327 4839 1396 4893 sit
1419 4845 1594 4906 caput.
1642 4829 1910 4895 Proinde,
1953 4826 1999 4881 si
2039 4832 2198 4894 caput

616 4917 897 5009 Christus;
921 4950 978 4997 et
997 4937 1222 5007 alicujus
1243 4930 1486 5002 corporis
1509 4935 1667 4997 caput
1686 4932 1767 4980 est
1786 4921 2047 4976 Christus.
2066 4917 2195 4972 Cor-

624 5054 724 5113 pus
740 5037 880 5092 illius
894 5030 1081 5103 capitis
1100 5033 1281 5082 sancta
1297 5019 1532 5078 Ecclesia
1548 5025 1651 5082 est,
1675 5014 1727 5069 in
1744 5012 1895 5083 cujus
1912 5023 2011 5065 nos
2030 5022 2198 5063 mem-

620 5101 734 5189 bris
755 5101 975 5191 sumus,
1017 5121 1062 5177 si
1086 5126 1248 5190 caput
1287 5124 1527 5171 nostrum
1572 5107 1859 5179 diligimus.
1905 5101 2200 5158 Audiamus

621 5236 752 5291 ergo
776 5230 935 5273 voces
957 5210 1196 5281 corporis
1214 5204 1410 5264 Christi
1434 5243 1452 5271 ,
1480 5202 1583 5257 hoc
1610 5206 1694 5255 est
1717 5208 1878 5252 voces
1902 5200 2133 5260 nostras,
2153 5191 2201 5247 si

574 5374 597 5385 _
624 5283 810 5368 subtus
830 5308 882 5363 in
901 5301 1099 5362 Christi
1117 5310 1374 5368 corpore;
1396 5292 1520 5365 quia
1535 5288 1775 5362 quisquis
1794 5285 1864 5343 ibi
1886 5299 1991 5340 non
2005 5283 2198 5350 .fuerit,

624 5406 677 5460 in
699 5403 780 5459 eis
794 5400 895 5456 erit
914 5398 1053 5453 inter
1069 5387 1354 5464 quosiliud
1365 5398 1562 5457 corpus
1575 5380 1758 5455 gemit.
1778 5378 2009 5436 Proinde
2032 5384 2124 5431 aut
2147 5376 2202 5430 in

524 5501 537 5508 ’
626 5495 715 5550 illo
729 5504 955 5562 corpore
969 5487 1096 5550 eris,
1126 5491 1182 5537 ut
1204 5493 1386 5553 gemas
1402 5478 1540 5534 inter
1556 5473 1757 5539 malos;
1785 5479 1874 5525 aut
1895 5483 2000 5523 non
2022 5468 2129 5523 eris
2149 5466 2205 5521 in

691 5623 707 5654 ⁸
734 5624 807 5673 sic
826 5627 933 5671 uss.
958 5618 1071 5668 add.
1092 5627 1229 5673 vero,
1255 5611 1368 5663 vita.

688 5686 717 5752 ‘1.
829 5659 1363 5752 ii®7iédf§€ﬁ§
1385 5672 1457 5721 sic
1471 5668 1647 5733 legunt
1674 5665 1807 5716 hunc
1835 5661 1994 5714 locum
2034 5674 2048 5711 :
2087 5659 2205 5711 Inde

632 5742 867 5801 dulciora,
891 5736 985 5802 ἇιιο
1005 5736 1310 5802 obscuriora._
1323 5740 1382 5783 Il.

695 5786 868 5864 (αῐιιῖἐ
891 5786 1157 5864 aversi.
1184 5786 1368 5847 merito
1412 5793 1637 5854 coniicias
1670 5799 1948 5840 sermonem
1988 5786 2203 5834 lubitum

629 5862 776 5916 fuisse
801 5866 848 5912 in
870 5862 1027 5925 aliqua
1045 5862 1378 5922 epischrorutn
1400 5867 1649 5904 cmnscssu.

1779 414 1834 465 S.
1869 404 2231 470 AI’GUS’IINI
2269 400 2570 459 EPISCOPI

3680 387 3815 443 ιυει

2233 517 2325 573 illo
2342 529 2591 586 corpore.
2611 523 2664 571 et
2689 513 2743 570 in
2765 511 2844 569 eis
2860 512 2970 570 eris
2991 510 3132 566 inter
3158 520 3293 580 quos
3317 503 3489 561 malos
3511 503 3676 576 gemit
3698 517 3823 558 cor-

2234 625 2353 680 pus,
2381 607 2525 679 qnod
2545 604 2708 679 gemit
2734 605 2876 661 inter
2902 604 3070 659 malos
3100 619 3116 655 :
3147 609 3240 657 aut
3264 599 3564 655 membrum
3582 595 3787 652 Christi
3804 636 3825 662 ,

2232 711 2324 755 aut
2347 698 2518 753 hostis
2540 696 2782 767 corporis
2806 693 3023 750 Christi.
3052 691 3162 748 Nec
3202 690 3291 747 isti
3315 689 3517 745 inimici
3542 695 3601 745 et
3626 687 3829 744 adver-

2233 790 2361 846 sarii
2384 788 2624 859 corporis
2650 786 2849 843 Christi
2875 800 2982 841 uno
3009 782 3171 840 modo
3198 783 3586 853 intelliguntur,
3608 789 3697 835 aut
3719 794 3833 837 uno

2236 882 2398 939 modo
2420 889 2602 952 agunt.
2636 877 2946 949 Vcrsipcilis
2981 886 3065 933 est
3104 876 3246 933 enim
3289 873 3382 946 qui
3413 875 3465 929 in
3492 873 3573 930 eis
3597 883 3791 945 regnas
3811 914 3831 942 ,

2237 984 2294 1030 ct
2317 973 2406 1045 qui
2436 973 2514 1029 eis
2548 971 2711 1027 utitur
2731 979 2983 1042 tauquam
3008 968 3152 1024 vasis
3182 966 3311 1025 suis.
3358 965 3627 1023 Caeterum
3666 968 3829 1023 multi

2239 1065 2426 1122 abillo
2464 1064 2775 1130 liberantur,
2804 1069 2860 1118 et
2888 1061 2942 1117 in
2980 1073 3175 1131 corpus
3197 1057 3394 1115 Christi
3433 1066 3749 1124 transeunt;
3780 1067 3837 1114 et

2241 1155 2331 1227 qui
2351 1156 2480 1223 sint,
2511 1162 2566 1209 et
2588 1166 2718 1225 quot
2739 1156 2755 1186 ι
2781 1152 2942 1209 futuri
2972 1151 3099 1215 sint,
3128 1150 3275 1205 novit
3302 1149 3393 1205 ille
3409 1149 3500 1219 qui
3525 1149 3650 1204 illos
3678 1148 3839 1205 rede-

2243 1245 2340 1301 mit
2361 1245 2620 1315 sanguiue
2643 1259 2744 1299 suo
2769 1242 3089 1298 nescientes.
3122 1239 3258 1296 Sunt
3280 1247 3456 1293 autem
3483 1239 3699 1309 quidam
3722 1250 3841 1308 pero

2244 1336 2537 1393 sevoraturi
2575 1336 2628 1390 in
2659 1334 2857 1390 malitia
2876 1348 2971 1389 sua
2993 1373 3009 1398 ,
3029 1330 3095 1387 ad
3124 1329 3322 1386 Christi
3347 1343 3544 1399 corpus
3569 1344 3678 1385 non
3712 1345 3839 1400 per-

2247 1429 2511 1494 tinentes;
2540 1436 2595 1483 et
2619 1427 2717 1498 ipsi
2748 1420 2860 1482 noti
2886 1427 2936 1481 ei
2963 1424 3165 1494 utique,
3195 1422 3282 1478 cui
3306 1422 3435 1477 nihil
3463 1423 3706 1492 ignotum
3734 1431 3837 1479 est.

2249 1519 2466 1575 Interim
2510 1518 2585 1574 illi
2620 1518 2710 1589 qui
2734 1516 2844 1588 jam
2872 1513 3227 1586 compaginati
3265 1521 3536 1568 suntcum
3580 1513 3844 1569 membris

2248 1610 2366 1682 ejus
2389 1652 2404 1675 ,
2436 1609 2670 1664 nondum
2700 1607 2958 1664 habentes
3006 1604 3450 1661 resurrectionem
3482 1603 3714 1658 iuturam
3748 1644 3764 1667 ,
3791 1605 3845 1659 in

2250 1718 2354 1774 qua
2382 1702 2522 1774 perit
2547 1701 2721 1757 omnis
2744 1701 2994 1771 gemitus,
3019 1708 3077 1755 et
3100 1699 3216 1754 laus
3242 1696 3503 1763 succedit,
3529 1697 3583 1755 in
3602 1711 3710 1768 qua
3732 1711 3850 1752 om-

2255 1794 2340 1850 nis
2379 1793 2647 1849 tribulatio
2689 1792 2967 1856 morietur,
2994 1798 3052 1846 et
3094 1790 3200 1846 erit
3224 1787 3343 1844 sine
3380 1788 3488 1845 fine
3510 1788 3849 1855 exsultatio;

2256 1883 2498 1940 nondum
2522 1895 2654 1953 ergo
2678 1880 2936 1937 habentes
2966 1880 3069 1936 hoc
3095 1879 3148 1935 in
3168 1893 3250 1947 re,
3276 1878 3371 1935 sed
3393 1887 3571 1936 tamen
3600 1887 3854 1935 terimus

2258 1973 2311 2031 in
2337 1988 2453 2044 spe,
2474 1980 2699 2044 gemunt
2723 1985 2789 2027 ex
2809 1968 3078 2026 desiderio
3099 1967 3354 2040 quodam,
3374 1976 3432 2025 et
3447 1978 3608 2025 orant
3628 1983 3693 2026 se
3722 1969 3853 2025 iibe-

2259 2065 2367 2120 rari
2383 2063 2452 2123 ab
2464 2063 2767 2121 hominibus
2777 2061 3106 2128 malis,.iatcr
3113 2074 3250 2132 quos
3268 2073 3492 2116 necesse
3506 2068 3592 2115 est
3606 2060 3858 2116 vivereet

2260 2156 2416 2214 bonis
2438 2169 2578 2211 :non
2604 2154 2747 2210 enim
2770 2152 3038 2225 separatio
3074 2152 3184 2223 jam
3213 2153 3406 2224 cuique
3427 2160 3538 2208 tuta
3568 2162 3675 2209 est.
3714 2152 3859 2208 Illius

2262 2247 2405 2303 enim
2422 2246 2526 2302 erit
2544 2244 2836 2317 separatio,
2851 2243 2941 2316 qui
2958 2257 3064 2299 non
3081 2242 3229 2299 novit
3253 2257 3457 2299 errare.
3478 2242 3619 2312 Quid
3636 2252 3747 2308 est,
3771 2245 3857 2314 qui

2265 2338 2547 2396 nonrnovit
2565 2336 2783 2393 errare?
2800 2335 2870 2392 Ut
2885 2349 2986 2391 nec
3002 2335 3199 2389 malum
3221 2333 3451 2403 trajiciat
3472 2332 3543 2388 ad
3554 2332 3857 2400 dexteram,

2267 2445 2369 2488 nec
2389 2431 2585 2487 bonum
2606 2429 2675 2486 ad
2695 2426 3108 2486 sinistram.Nos
3129 2434 3306 2483 autem
3328 2427 3381 2481 in
3402 2426 3502 2482 hac
3517 2426 3627 2482 vita
3643 2426 3860 2482 difﬁcile

2269 2532 2352 2579 est
2368 2532 2426 2578 ut
2442 2536 2540 2577 nos
2557 2521 2705 2592 ipsos
2724 2520 3060 2583 noverimus;
3082 2525 3281 2590 quanto
3300 2518 3478 2573 minus
3504 2516 3772 2574 debemus
3795 2516 3861 2573 de

2269 2629 2538 2686 quoquam
2568 2626 2963 2684 przeproperam
2990 2609 3129 2667 ferre
3152 2607 3513 2665 sententiam?
3530 2608 3668 2678 Quia
3689 2611 3738 2665 si
3768 2608 3860 2663 ho-

2270 2708 2359 2765 die
2378 2707 2576 2763 malum
2597 2704 2864 2771 novimus,
2885 2715 3006 2760 cras
3019 2701 3193 2774 qualis
3214 2699 3420 2757 futurus
3431 2701 3501 2756 sit
3518 2701 3857 2772 ignoratum;

2270 2810 2327 2858 et
2355 2800 2489 2857 forte
2516 2813 2674 2871 quem
2702 2796 3046 2853 vehementer
3065 2794 3276 2850 odimus
3306 2835 3323 2861 ,
3356 2792 3522 2849 frater
3552 2800 3855 2858 nosterest,

2273 2900 2328 2949 et
2357 2891 2646 2948 nescimus.
2673 2888 2859 2945 Securi
2885 2902 3014 2958 ergo
3038 2886 3253 2942 odimus
3274 2885 3326 2940 in
3358 2885 3518 2940 malis
3560 2885 3823 2940 malitiam
3844 2925 3860 2949 ,

2274 2994 2332 3040 et
2356 2983 2627 3055 diligimus
2666 2990 2966 3036 creaturam
2991 2994 3008 3044 ;
3042 2988 3099 3033 ut
3127 2977 3269 3049 quod
3297 2976 3368 3032 ibi
3398 2976 3523 3032 fecit
3548 2976 3694 3031 Deus
3718 2988 3863 3030 ame-

2276 3089 2417 3139 mus,
2446 3071 2586 3144 quod
2616 3071 2685 3128 ibi
2708 3070 2835 3127 fecit
2858 3070 2973 3140 ipse
2994 3068 3191 3135 homo,
3216 3068 3505 3124 oderimus.
3539 3065 3697 3123 Fecit
3724 3066 3862 3123 enim

2279 3166 2420 3222 Deus
2449 3165 2619 3234 ipsum
2651 3161 2953 3225 hominem;
2980 3158 3106 3216 fecit
3131 3167 3309 3215 autem
3355 3158 3520 3213 homo
3565 3166 3859 3226 pecmtum.

2280 3258 2447 3329 Dilige
2475 3255 2617 3327 quod
2648 3253 2774 3310 fecit
2824 3253 2965 3310 Deus
2988 3294 3004 3321 ,
3031 3250 3212 3307 oderis
3236 3250 3377 3322 quod
3406 3250 3531 3305 fecit
3555 3248 3765 3304 homo:
3793 3249 3865 3302 sic

2293 3350 2436 3406 enim
2464 3346 2801 3419 persequeris
2824 3343 2967 3416 quod
2996 3343 3122 3399 fecit
3151 3342 3332 3408 homo,
3358 3349 3416 3397 ut
3442 3342 3708 3397 liberetur
3731 3338 3865 3410 quod

2281 3441 2409 3497 fecit
2435 3441 2595 3496 Deus.

2353 3526 2407 3589 3.
2444 3527 2611 3605 [rem
2643 3527 2736 3602 1.]
2762 3526 2829 3582 In
2859 3527 3033 3597 linem,
3070 3524 3306 3580 Psalmus
3333 3523 3433 3595 ipsi
3463 3521 3654 3578 David.
3685 3521 3864 3580 Finem

2282 3638 2389 3680 non
2420 3618 2663 3677 intendas
2700 3617 2843 3674 aliud
2887 3631 3047 3688 quam
3092 3615 3186 3670 tibi
3211 3616 3280 3672 ab
3306 3615 3566 3686 Apostolo
3603 3615 3865 3685 pnestitu—

2285 3726 2407 3771 tum
2425 3721 2510 3768 est
2534 3729 2548 3766 :
2581 3711 2730 3766 Finis
2753 3710 2886 3765 enim
2915 3708 3068 3780 Legis
3093 3707 3344 3773 Christus,
3368 3706 3440 3760 ad
3454 3708 3717 3778 justitiam
3740 3707 3865 3760 omni

2284 3806 2506 3862 credenti
2532 3804 2723 3878 (Rom.
2755 3819 2810 3869 ιι,
2838 3804 2873 3857 4
2891 3801 2940 3873 ).
2967 3801 3110 3872 Ergo
3150 3813 3273 3856 cum
3310 3797 3464 3854 audis
3495 3799 3771 3855 I‘saimum
3795 3798 3866 3851 dic

2285 3914 2430 3964 cere,
2458 3897 2527 3954 In
2551 3896 2723 3968 ﬁam,
2745 3894 2911 3951 'eorda
2937 3899 3320 3950 convertantur
3336 3891 3405 3947 ad
3421 3889 3723 3947 Christum.
3740 3892 3868 3947 Tan.

2287 4006 2446 4062 quam
2475 3990 2617 4045 enim
2650 4001 2825 4059 prmco
2856 3985 3054 4042 Psalmi
3100 3992 3185 4042 est
3230 3984 3414 4039 titulus
3440 3984 3641 4040 Pszilmi
3672 4026 3690 4050 ,
3717 3983 3871 4039 veluti

2288 4083 2494 4149 dicens,
2526 4079 2666 4136 Ecce
2695 4078 2911 4135 veniet’
2935 4093 2952 4143 ;
2980 4076 3109 4132 inde
3134 4075 3375 4131 dicturus
3394 4090 3535 4141 sum,
3565 4075 3638 4130 dc
3663 4076 3877 4131 Christo

2290 4184 2620 4232 cantaturus.
2669 4171 2801 4228 Nam
2852 4179 2942 4239 et,
2975 4170 3074 4240 ipsi
3099 4168 3269 4224 David
3289 4208 3308 4235 ,
3348 4183 3454 4224 non
3490 4167 3744 4238 intelligo
3783 4168 3877 4222 nisi

2292 4270 2467 4341 ipsum
2486 4267 2576 4339 qui
2605 4264 2775 4322 factus
2800 4271 2884 4318 est
2910 4278 2977 4318 ex
3005 4262 3210 4317 semine
3242 4258 3408 4315 David
3438 4259 3743 4315 secundum
3768 4273 3881 4314 car-

2293 4377 2416 4418 nem
2433 4359 2528 4431 (1d
2536 4399 2551 4414 .
2571 4375 2609 4427 t,
2629 4356 2706 4430 3).
2727 4356 2947 4412 Interim
2971 4362 3190 4425 propter
3204 4366 3374 4423 genus
3391 4351 3642 4421 congruit
3668 4367 3880 4406 nomen.

2295 4455 2479 4511 Genus
2495 4452 2709 4515 cannale
2724 4465 2753 4504 a
2775 4447 2958 4511 David;
2972 4460 3142 4519 genus
3157 4444 3434 4516 spirituale
3447 4444 3785 4514 supraDavid
3804 4452 3883 4497 εει

2297 4563 2403 4602 non
2444 4544 2617 4600 solum
2647 4552 2772 4598 ante
2807 4539 2970 4595 David
2992 4580 3007 4603 ,
3031 4538 3124 4593 sed
3152 4545 3279 4591 ante
3295 4536 3600 4599 Abraham;
3636 4552 3743 4591 nec
3770 4544 3881 4589 ante

2301 4638 2568 4695 Abraham
2594 4644 2820 4698 tantum,
2838 4632 2933 4688 sed
2960 4639 3086 4686 ante
3112 4630 3426 4697 Adam;nec
3447 4630 3884 4683 anteAdanotan-

2299 4741 2432 4797 tum,
2457 4727 2549 4783 sed
2571 4733 2693 4781 ante
2717 4723 2915 4780 coelum
2942 4732 2998 4778 et
3017 4731 3237 4788 terram,
3258 4728 3383 4775 ante
3415 4733 3603 4774 omnes
3629 4704 3884 4788 Angelus,

2299 4830 2423 4877 ante
2442 4832 2629 4874 omnes
2651 4817 2949 4871 Potestates
2965 4822 3022 4868 et
3038 4811 3305 4878 Virtutes,
3318 4820 3445 4865 ante
3459 4810 3640 4863 omnia
3663 4808 3880 4864 visibilis

2301 4922 2357 4970 ει
2402 4909 2705 4967 invisibilia.
2729 4905 2939 4975 Quare?
2959 4905 3091 4972 Quia
3113 4914 3171 4958 ut
3193 4903 3308 4959 haec
3335 4911 3537 4965 essent,
3566 4903 3755 4958 omnia
3800 4917 3882 4971 per

2302 5006 2479 5077 ipsum
2501 5003 2636 5058 facta
2661 5008 2805 5066 sunt,
2834 5008 2889 5055 et
2915 5000 3032 5055 sine
3057 4997 3174 5068 ipso
3200 4995 3399 5052 factum
3422 5005 3506 5051 est
3531 4994 3669 5050 nihil
3702 4994 3883 5064 (λοισι.

2305 5114 2355 5163 ι,
2386 5097 2467 5166 ‘5).
2499 5094 2640 5165 Ergo
2668 5091 2790 5163 quia
2822 5106 2887 5146 ex
2913 5088 3119 5144 semine
3144 5086 3332 5153 David,
3360 5100 3464 5140 non
3493 5085 3795 5139 secundum
3821 5084 3887 5135 di-

2305 5187 2601 5250 vinitatem,
2624 5196 2726 5254 qua
2751 5180 2972 5237 Creator
2991 5186 3074 5235 est
3092 5177 3261 5249 ipsius
3283 5174 3467 5241 David,
3483 5174 3577 5230 sed
3592 5174 3885 5230 secundum

2305 5292 2556 5342 carnem;
2581 5273 2747 5332 David
2771 5272 3019 5344 dignatus
3045 5278 3131 5327 est
3175 5267 3355 5324 vocari
3397 5268 3450 5322 in
3488 5267 3808 5336 prophetia:
3839 5266 3885 5315 in

2308 5372 2479 5442 ipsum
2509 5368 2668 5422 tinem
2698 5362 2914 5421 intende
2940 5402 2957 5427 ,
2988 5362 3111 5432 quia
3144 5359 3244 5430 ipsi
3272 5357 3440 5413 David
3470 5355 3716 5412 Psalmns
3744 5355 3885 5408 cani~

2310 5472 2434 5527 tur;
2462 5468 2516 5516 et
2538 5458 2777 5528 corporis
2799 5456 2914 5525 ejus
2942 5467 3129 5508 vocem
3158 5450 3280 5506 audi
3305 5492 3322 5518 ,
3349 5460 3404 5505 et
3431 5462 3549 5503 esto
3574 5446 3626 5501 in
3664 5457 3890 5515 comere

2308 5553 2444 5624 ejus.
2472 5549 2591 5604 Vox
2616 5563 2774 5619 quam
2811 5543 3005 5599 audisti
3033 5552 3121 5597 tua
3147 5541 3239 5596 fiat
3261 5582 3278 5609 ,
3307 5551 3363 5595 ct
3391 5554 3484 5593 ora
3506 5578 3523 5604 ,
3554 5547 3607 5592 et
3640 5536 3735 5590 die
3754 5530 3890 5604 quod

2310 5656 2570 5715 sequitur.

2376 5781 2393 5814 ί
2418 5777 2555 5839 Edd.,
2579 5774 2697 5839 quid
2724 5785 2738 5821 :
2767 5780 2821 5822 At
2842 5777 2946 5839 Mss.
2969 5767 3075 5839 alii,
3099 5766 3226 5839 quod
3260 5776 3277 5814 .'
3306 5764 3420 5834 alii,
3440 5764 3567 5829 quoi.

2380 5844 2400 5873 ³
2420 5819 2496 5888 sic
2517 5819 2736 5900 iiiéili'nie
2753 5819 2855 5882 Mss.
2887 5833 2978 5880 tedii
3004 5819 3151 5880 vero:
3174 5837 3291 5877 Ecce
3315 5825 3436 5883 mi,
3454 5819 3635 5877 itinde.
3664 5827 3771 5868 etc.
