4042 6202
251 403 378 460 1805

311 519 360 570 Δ.
400 511 564 582 [νει-ε.
594 511 684 585 2.]
727 512 904 567 Exime
928 529 1034 578 me,
1073 511 1314 577 Domine,
1362 508 1424 562 ab
1466 507 1664 561 homine
1701 522 1812 559 nm—

246 609 373 677 ligno
395 621 413 658 :
440 621 545 659 non
573 605 642 659 ab
669 621 772 658 uno
795 645 811 670 ,
839 605 930 659 sed
961 604 1029 657 ab
1073 604 1188 674 ipso
1214 618 1439 673 genere;
1489 617 1586 655 nec
1612 617 1640 655 a
1677 599 1819 653 vasis

247 707 440 752 tantum
459 737 472 758 ,
500 698 592 750 sed
625 693 692 748 ab
722 694 834 764 ipso
860 695 1118 765 principe,
1149 693 1200 748 id
1229 703 1329 757 est,
1357 691 1558 762 abipso
1582 689 1815 745 diabolo.

242 790 408 857 Quare
435 789 578 842 enim
603 787 666 840 ab
688 787 888 840 homine
911 828 926 852 ,
957 786 1000 840 si
1027 801 1058 840 a
1100 784 1352 839 diabolo?
1380 784 1510 852 Quia
1539 792 1595 840 et
1621 783 1733 852 ipse
1764 781 1814 835 in

244 882 398 950 ﬁgura
431 879 594 938 homo
621 879 794 934 dictus
821 887 903 934 est
932 895 946 931 :
984 875 1131 932 Venit
1159 877 1390 931 inimicus
1428 876 1579 930 homo
1600 917 1615 941 ,
1643 884 1692 930 et
1724 890 1816 932 su-

241 971 585 1040 pemminavit
639 971 873 1034 zizania;
912 977 968 1026 et
1016 984 1136 1024 eum
1164 967 1423 1023 dixissent
1446 966 1586 1022 servi
1625 966 1689 1019 ad
1724 981 1818 1035 pa-

241 1059 623 1127 tremfamilias,
646 1059 832 1115 Nonne
851 1060 1034 1115 bonum
1058 1075 1225 1115 semen
1245 1058 1540 1113 aeminenti?
1561 1056 1708 1112 Unde
1727 1074 1822 1127 ap-

235 1162 507 1223 paruerunt
554 1151 796 1206 zizania.’
826 1152 1161 1222 Responsum
1193 1160 1274 1206 est
1314 1169 1328 1205 :
1375 1149 1624 1204 Inimicus
1670 1150 1820 1204 homo

236 1244 324 1298 hoc
347 1243 468 1314 fecit
497 1242 725 1314 (Matth.
753 1257 864 1312 ιιιιι,
894 1243 966 1300 25
985 1285 1000 1308 ,
1037 1243 1129 1308 27,
1159 1242 1288 1315 28).
1316 1243 1398 1298 Ab
1439 1243 1539 1298 isto
1568 1258 1697 1314 ergo
1723 1242 1821 1302 bo-

235 1338 369 1393 minc
395 1337 636 1408 maligno
661 1351 777 1400 ora,
809 1345 1066 1407 quantum
1093 1344 1266 1406 potes,
1299 1344 1356 1391 nt
1383 1335 1659 1392 libereris:
1687 1335 1820 1404 Quia

233 1447 327 1486 non
350 1439 428 1484 est
457 1429 551 1484 tibi
581 1429 870 1484 colluctatio
897 1429 1139 1484 adversus
1167 1445 1371 1484 carnem
1411 1438 1459 1484 et
1483 1430 1818 1501 sanguinem;

231 1522 316 1578 sed
337 1521 582 1575 adversus
608 1521 860 1591 principes
887 1529 936 1576 et
965 1529 1231 1592 potestates
1247 1562 1266 1587 ,
1308 1531 1354 1576 et
1378 1532 1594 1576 rectores
1644 1521 1820 1576 mundi

229 1614 547 1669 tenebrarum
597 1611 776 1665 harum
806 1610 826 1677 (
849 1610 1036 1683 Ephes.
1089 1628 1140 1667 vt
1165 1654 1180 1680 ,
1209 1612 1316 1682 12)
1344 1654 1359 1678 ,
1387 1609 1442 1668 ῑι]
1469 1621 1552 1668 εει
1579 1622 1820 1668 rectores

229 1714 594 1776 peccatorum.
623 1703 775 1776 Quod
804 1705 1016 1776 quidem
1040 1713 1094 1760 et
1121 1719 1220 1759 nos
1261 1704 1488 1771 luimus;
1515 1719 1637 1759 nam
1663 1704 1816 1759 audi-

232 1797 408 1852 vimus
445 1795 604 1851 modo
636 1810 822 1851 vocem
851 1796 1089 1866 Apostoli
1125 1814 1139 1851 :
1171 1794 1363 1850 Fuistis
1387 1795 1659 1866 aliquando
1685 1805 1820 1850 tene-

223 1887 362 1952 lme;
392 1902 530 1949 nunc
554 1895 721 1940 autem
749 1887 843 1940 tua:
861 1887 913 1940 in
943 1884 1164 1942 Domino
1189 1886 1208 1957 (
1231 1885 1317 1939 Id.
1345 1902 1397 1952 v,
1420 1886 1515 1957 8).
1546 1885 1663 1942 Jam
1690 1901 1818 1958 ergo

228 1979 314 2034 ius
341 1977 492 2044 facti,
523 1992 629 2033 non
659 1977 712 2033 in
742 1977 896 2033 nobis
915 2019 930 2043 ,
970 1977 1064 2033 sed
1096 1977 1148 2032 in
1178 1977 1437 2045 Domino,
1469 1993 1682 2034 oremus
1712 1994 1818 2034 non

225 2078 436 2125 tantum
475 2078 662 2124 contra
709 2068 994 2136 tenebras,
1024 2069 1075 2124 id
1118 2078 1202 2126 est
1241 2079 1426 2125 contra
1464 2079 1772 2141 peccatores
1799 2113 1816 2139 ,

221 2177 361 2233 quos
382 2162 559 2218 adhuc
577 2162 822 2219 diabolus
843 2162 1110 2233 possidet;
1134 2163 1229 2219 sed
1256 2163 1415 2220 etiam
1437 2172 1620 2218 contra
1644 2165 1814 2234 ipsum

225 2256 523 2327 principem
551 2272 737 2313 eorum
755 2255 1044 2324 diabolum,
1074 2257 1167 2327 qui
1186 2258 1501 2328 opemturin
1522 2258 1644 2313 [iliis
1674 2257 1816 2313 ditii-

221 2347 426 2404 dentiae
451 2347 613 2420 (Eph.
644 2363 700 2414 tt,
721 2347 802 2418 2).
821 2348 984 2402 Aeiro
1009 2349 1197 2418 injusto
1224 2366 1341 2404 erue
1364 2366 1459 2404 me.
1481 2349 1592 2406 Hoc
1619 2359 1722 2415 est,
1754 2352 1819 2406 ab

218 2439 434 2493 homine
461 2439 718 2510 maligno;
743 2438 882 2510 quod
911 2447 994 2494 est
1022 2480 1036 2503 ,
1065 2456 1098 2492 a
1125 2439 1233 2494 uiro
1279 2440 1488 2510 injusto.
1535 2440 1816 2511 Malignum

219 2533 384 2603 enim
419 2530 540 2585 ideo
585 2530 762 2596 dixit,
802 2531 923 2600 quia
971 2531 1222 2600 injustnm
1263 2549 1276 2585 :
1309 2547 1377 2588 ne
1413 2532 1550 2588 forte
1588 2533 1817 2603 aliquem

221 2601 491 2692 iniustum
535 2621 731 2678 bonum
758 2637 880 2680 esse
909 2631 1081 2692 putes.
1108 2622 1245 2680 Sunt
1286 2624 1428 2683 enim
1459 2625 1606 2680 multi
1637 2627 1818 2697 iujusti

217 2713 380 2784 quasi
410 2727 516 2768 non
548 2722 830 2780 nocentes;
861 2728 971 2768 non
1010 2724 1133 2769 sunt
1155 2715 1304 2781 srevi,
1335 2731 1438 2770 non
1469 2724 1592 2772 sunt
1619 2718 1816 2786 aSperi,

222 2820 332 2857 nou
384 2813 512 2858 sunt
560 2813 942 2874 persequentes
988 2814 1043 2860 et
1085 2820 1362 2876 pressuras
1407 2807 1711 2865 hominibus
1743 2809 1820 2864 fa-

217 2897 434 2951 cientes
483 2895 620 2951 :sed
654 2905 829 2953 tamen
875 2897 998 2953 inde
1043 2897 1220 2968 injusti
1246 2941 1260 2966 ,
1304 2900 1425 2970 quia
1454 2900 1561 2956 alio
1589 2901 1819 2971 quodam

223 2985 388 3041 modo
441 2986 740 3054 luxuriosi,
771 2987 1010 3056 ebriosi,
1043 2990 1399 3060 voluptatibus
1443 2993 1628 3049 dedi-ti.
1679 2995 1821 3063 Quo.

221 3079 388 3134 modo
419 3080 548 3133 nulli
576 3089 732 3136 nocet
751 3083 837 3152 qui
881 3083 984 3138 sibi
1023 3099 1126 3139 non
1151 3085 1349 3154 parcit?
1391 3085 1656 3144 innocens
1677 3089 1818 3144 enim

223 3170 315 3228 iile
345 3179 432 3225 est
459 3171 548 3240 qui
582 3187 686 3227 non
711 3181 897 3237 nocet;
922 3189 1028 3229 non
1049 3184 1227 3231 autem
1252 3177 1340 3247 qui
1362 3178 1464 3234 sibi
1490 3189 1670 3237 nocet.
1699 3177 1817 3237 Tibi

219 3270 404 3317 autem
437 3263 709 3332 quomodo
737 3273 911 3335 potest
951 3281 1057 3321 non
1105 3283 1301 3324 nocere
1341 3270 1431 3341 qui
1477 3271 1576 3327 sibi
1625 3273 1818 3330 nocet?

218 3351 329 3408 Sed
360 3353 659 3424 respondes
688 3374 700 3410 :
731 3355 786 3410 lu
817 3371 923 3428 quo
949 3358 1076 3412 mihi
1100 3361 1428 3418 nocetiNon
1455 3365 1599 3420 enim
1630 3367 1820 3422 invasit

217 3459 335 3498 rem
364 3460 565 3512 meam,
599 3455 689 3501 aut
715 3449 968 3519 appetivit
987 3451 1212 3506 salutem
1245 3469 1417 3509 meam
1453 3471 1466 3508 :
1496 3457 1697 3512 luxuria
1718 3474 1814 3513 sua

219 3537 483 3604 pascitur,
505 3539 615 3592 suis
635 3539 992 3610 voluptatibus
1007 3542 1328 3612 delectatur;
1347 3547 1439 3601 sed
1521 3549 1816 3620 inquinatas

221 3623 386 3683 liabet
436 3629 739 3699 voluptates
763 3674 776 3696 ,
811 3633 926 3703 ipse
974 3635 1311 3706 inquinatur;
1340 3639 1467 3693 mihi
1498 3642 1622 3710 quid
1652 3645 1816 3712 per—ti-

215 3726 340 3781 net.
402 3719 493 3775 cui
541 3721 800 3776 molestus
851 3739 955 3777 non
1005 3726 1122 3780 est?
1150 3725 1318 3782 Nocet
1359 3729 1450 3783 tibi
1502 3732 1688 3786 saltem
1734 3735 1816 3789 vel

213 3811 480 3881 exemplo
508 3853 522 3876 ,
551 3813 672 3882 quia
701 3814 826 3869 vivit
855 3824 1028 3871 tecum
1054 3857 1068 3882 ,
1101 3828 1155 3874 et
1181 3819 1247 3873 ad
1292 3821 1434 3891 quod
1466 3823 1574 3892 agit
1612 3824 1814 3879 invitat.

219 3901 413 3957 Nonne
441 3918 565 3958 cum
596 3920 716 3959 eum
746 3905 894 3962 vides
931 3906 1065 3964 forte
1103 3909 1154 3964 in
1197 3909 1301 3966 illis
1327 3912 1575 3967 sordibus
1599 3930 1819 3988 prospe-

217 3994 329 4047 rari
355 4033 372 4059 ,
412 3992 633 4050 duceris
663 3995 846 4052 talium
875 3997 1231 4056 delectatione
1253 4001 1552 4059 factorum?
1580 4006 1691 4061 Etsi
1714 4025 1816 4063 non

209 4086 526 4153 conscntis,
557 4087 745 4143 saltem
774 4089 1020 4146 invenisti
1052 4092 1191 4160 quod
1219 4109 1508 4166 expugnes.
1541 4096 1820 4166 Quomodo

211 4189 354 4246 ergo
383 4178 480 4232 tibi
509 4194 615 4233 non
661 4180 906 4245 nocebat,
937 4183 1027 4252 qui
1053 4184 1265 4241 laboras
1289 4187 1500 4244 vincere
1531 4192 1670 4260 quod
1699 4191 1823 4250 fecit

211 4266 272 4321 in
329 4269 506 4324 corde
533 4271 666 4325 tuo?
714 4271 973 4344 Malignus
1001 4284 1083 4331 est
1111 4291 1236 4346 ergo
1265 4279 1438 4334 omnis
1470 4281 1696 4352 injustus
1727 4328 1740 4351 ,
1770 4295 1825 4343 et

220 4374 456 4415 necesse
487 4368 571 4415 est
597 4362 785 4418 noxius
805 4365 892 4430 sit,
922 4365 1033 4421 sive
1058 4367 1128 4422 sit
1151 4368 1396 4430 blandus.
1421 4373 1533 4428 sive
1557 4375 1625 4429 sit
1651 4375 1819 4432 ferox.

210 4452 490 4525 Quisquis
540 4455 592 4508 in
637 4456 782 4512 illum
826 4458 1152 4526 incurrerit,
1185 4464 1423 4533 quisquis
1471 4465 1671 4536 laqueis
1709 4469 1825 4539 ejus

211 4547 388 4600 (inerit
417 4554 632 4616 captus,
664 4547 897 4604 inveniet
918 4566 1082 4621 quam
1110 4554 1179 4606 sit
1201 4555 1413 4610 noxium
1437 4559 1575 4626 quod
1608 4561 1822 4628 putabat

215 4636 366 4694 lene.
398 4639 638 4703 Etenim,
670 4638 957 4707 fratres,et
983 4643 1149 4712 spinae
1175 4661 1282 4700 non
1309 4661 1548 4718 pungunt
1595 4652 1644 4706 iu
1688 4654 1827 4709 radi-

217 4730 400 4784 cibus.
440 4729 594 4786 Erue
624 4731 804 4801 Spinas
828 4733 894 4788 de
919 4743 1062 4790 terra
1087 4779 1103 4803 ,
1146 4749 1414 4794 contrecta
1449 4743 1652 4799 radices
1683 4747 1824 4815 ipsa-

219 4836 366 4887 rum,
386 4831 445 4876 ει
463 4821 587 4878 vide
603 4821 648 4876 si
677 4825 843 4878 sentis
864 4825 1101 4881 dolorem
1128 4845 1140 4880 :
1172 4839 1344 4884 tamen
1370 4832 1494 4886 illud
1520 4835 1660 4890 unde
1681 4837 1828 4891 dolo-

218 4927 338 4966 rem
366 4914 548 4969 sentis
581 4914 632 4968 in
662 4916 971 4985 superﬁcie,
1005 4921 1070 4975 de
1097 4921 1183 4975 illa
1215 4923 1391 4979 radice
1419 4929 1696 4995 procrssit.
1728 4932 1827 4986 Ita-

215 5017 326 5072 que
347 5019 462 5059 non
486 5005 644 5060 vobis
670 5007 915 5077 placeant
942 5009 1184 5068 homines
1208 5016 1357 5084 quasi
1381 5017 1528 5072 lenes
1550 5029 1602 5074 ct
1625 5021 1824 5088 blandi,

218 5106 509 5151 amatores
539 5105 713 5152 tamen
747 5099 1036 5155 carnalium
1061 5103 1409 5174 voluptatum,
1441 5120 1493 5163 et
1521 5111 1824 5180 inquinata-

215 5202 341 5242 rum
372 5188 732 5259 cupiditatum
759 5201 1047 5250 sectatores
1071 5212 1085 5260 ;
1119 5211 1224 5273 non
1247 5199 1396 5254 vobis
1425 5200 1684 5269 placeant.
1713 5206 1828 5262 Etsi

217 5278 404 5335 adhuc
445 5278 698 5336 videntur
737 5282 905 5349 leues,
953 5285 1157 5342 radices
1187 5291 1459 5356 Spinarum
1506 5303 1648 5347 sunt.
1699 5296 1827 5350 Nam

214 5370 426 5425 talibus
461 5371 616 5425 laetis
642 5388 736 5442 per
761 5374 1019 5431 luxuriant
1052 5379 1365 5451 plerumque
1391 5383 1666 5440 eii‘undnut
1686 5390 1827 5456 quod

216 5461 511 5516 habebant
542 5479 555 5516 :
581 5474 634 5518 et
661 5467 931 5534 quomodo
951 5481 1191 5537 quzrrunt
1221 5473 1444 5542 implere
1470 5477 1608 5545 quod
1632 5480 1833 5536 emulc-

217 5562 351 5607 rnut
371 5554 398 5606 ?
425 5553 697 5625 Numquid
730 5558 838 5627 jam
869 5572 1091 5629 parcunt
1114 5566 1313 5635 rapinis
1339 5577 1392 5622 ct
1425 5573 1833 5641 cogitationibus

217 5644 512 5708 fraudum,
547 5649 687 5703 omni
718 5653 900 5721 generi
929 5656 1272 5726 malignitatis
1301 5663 1686 5732 exquirendae?
1715 5665 1830 5722 Jam

218 5735 378 5791 vides
406 5735 616 5792 malum
663 5739 954 5811 hominem,
997 5761 1152 5814 quem
1182 5750 1404 5817 putabas
1446 5761 1601 5809 antea
1634 5757 1828 5813 lenem.

215 5827 462 5894 Quando
515 5829 660 5887 illum
706 5833 918 5890 \idebas
968 5836 1236 5906 inebriari,
1286 5841 1456 5898 bonus
1480 5855 1595 5899 erat
1627 5865 1638 5900 :
1675 5849 1833 5905 modo

1275 393 1670 453 ENARRATIO
1699 391 1762 448 IN
1796 390 2114 450 PS.\L-.\lUM
2152 393 2442 450 CXXXIX.

3378 403 3512 458 itii-9’

1922 503 2031 574 jam
2055 503 2222 561 furem
2244 506 2415 573 vides,
2446 506 2704 564 latronem
2725 509 2878 566 times
2902 528 2916 577 ;
2950 523 3324 582 processerunt
3344 517 3511 586 spime

1926 597 1993 654 de
2019 599 2122 654 illis
2143 601 2427 655 radicibus.
2456 601 2679 668 Quando
2702 605 2968 661 sentiebas
2991 605 3136 663 lenes
3164 608 3368 664 radices
3405 611 3514 680 spia-

1927 704 2136 756 narum,
2166 699 2289 746 tunc
2315 693 2359 747 si
2392 706 2575 763 posses
2607 693 2944 763 incenderes,
2975 705 3028 752 et
3069 713 3174 753 non
3205 708 3346 757 esset
3371 701 3514 757 unde

1927 779 2166 847 prodiret
2211 782 2351 851 quod
2403 793 2452 838 te
2498 783 2657 837 modo
2698 795 2974 856 pungerct.
3021 787 3276 856 Proinde,
3321 791 3512 847 fratres

1926 872 2050 938 mei,
2079 887 2274 942 corpus
2302 872 2520 940 Christi,
2569 875 2649 928 vel
2698 876 2934 946 membra
2983 877 3202 945 Christi,
3247 882 3513 951 gementia

1927 964 2064 1018 inter
2108 965 2239 1020 tales
2270 964 2473 1030 malos;
2501 981 2862 1037 quoscumque
2901 969 3205 1026 inveneritis
3249 973 3513 1042 proclives

1925 1053 2050 1110 ferri
2082 1054 2133 1108 in
2165 1055 2330 1110 malas
2357 1056 2600 1112 libidines
2629 1066 2682 1112 et
2713 1057 2762 1112 in
2808 1061 3137 1129 perniciosas
3168 1049 3508 1135 voluptates,

1925 1153 2051 1201 tunc
2081 1146 2474 1216 reprehendite,
2505 1157 2558 1203 et
2591 1159 2713 1204 tunc
2741 1151 3014 1222 castigate,
3065 1161 3189 1209 tunc
3231 1157 3387 1211 urite.
3423 1155 3511 1212 lno

1923 1237 2182 1293 cendatur
2223 1239 2394 1305 radix,
2421 1251 2475 1296 et
2514 1257 2620 1296 non
2663 1252 2746 1298 est
2783 1244 2925 1300 unde
2972 1245 3126 1317 spina
3154 1249 3425 1317 procedat.
3456 1252 3512 1306 Si

1923 1339 2100 1384 autem
2131 1347 2235 1387 non
2267 1334 2567 1401 potueritis,
2596 1335 2729 1390 certi
2761 1344 2932 1392 estote
2955 1338 3097 1409 quod
3128 1355 3221 1396 eos
3251 1342 3513 1400 habebitis

1925 1421 2189 1478 inimicos.
2235 1424 2436 1482 Tacere
2477 1437 2722 1496 possunt,
2750 1429 3020 1487 occultare
3060 1432 3360 1491 inimicitias
3388 1452 3514 1493 suas

1923 1522 2164 1583 possunt,
2193 1530 2373 1572 amare
2399 1533 2494 1572 vos
2523 1535 2626 1574 non
2653 1531 2896 1589 possunt.
2930 1522 3034 1579 Sed
3057 1526 3307 1594 quoniam
3330 1543 3513 1585 amare

1924 1621 2017 1660 vos
2061 1622 2165 1661 non
2199 1617 2440 1678 possunt,
2480 1620 2535 1666 et
2563 1626 2782 1669 necesse
2809 1623 2890 1670 est
2937 1624 2994 1670 ut
3031 1617 3122 1687 qui
3161 1617 3392 1675 oderunt
3417 1637 3513 1676 vos

1924 1697 2060 1752 mala
2087 1699 2235 1754 vobis
2256 1711 2495 1772 qtimrant
2519 1719 2532 1769 ;
2562 1719 2666 1758 non
2695 1714 2845 1762 vacet
2874 1706 3051 1778 lingua
3071 1717 3128 1764 et
3156 1725 3250 1766 cor
3275 1724 3509 1769 veStrum

1921 1785 2101 1844 dicere
2132 1789 2260 1856 Deo,
2298 1791 2477 1847 Exime
2514 1811 2611 1860 me,
2644 1795 2881 1866 Domine,
2914 1799 2975 1852 ab
3019 1799 3219 1856 homine
3246 1804 3469 1874 maligno
3493 1820 3512 1858 :

1922 1896 1953 1932 a
1979 1879 2085 1934 uiro
2113 1881 2303 1951 injusto
2329 1883 2486 1938 libera
2507 1901 2604 1943 me.

1993 1970 2046 2026 5.
2076 1968 2242 2045 [verm
2275 1971 2370 2046 3.]
2422 1975 2524 2044 Qui
2566 1979 2908 2050 cogitaverunt
2949 1981 3224 2052 injustitias
3254 1985 3305 2039 in
3332 1987 3508 2043 corde.

1922 2061 2058 2130 Quid
2093 2065 2258 2134 enim,
2290 2067 2410 2136 quia
2440 2084 2547 2124 non
2590 2070 2786 2128 audent
2842 2071 3085 2143 proferre
3129 2075 3181 2130 in
3227 2075 3426 2148 lingua,
3459 2089 3514 2135 et

1923 2163 2136 2210 servant
2159 2154 2210 2210 in
2231 2157 2436 2213 corde?
2464 2159 2689 2231 Propter
2705 2176 2802 2218 eos
2825 2163 2965 2218 enim
2987 2163 3140 2232 dixit,
3164 2165 3254 2237 qui
3281 2169 3514 2238 plerum-

1923 2258 2025 2314 que
2047 2245 2102 2300 in
2128 2245 2282 2302 labiis
2309 2247 2444 2304 bona
2485 2251 2791 2321 loquuntur.
2820 2254 2987 2310 Audis
3011 2271 3196 2312 vocem
3219 2259 3347 2329 justi
3373 2277 3388 2326 ;
3416 2262 3512 2318 Sed

1924 2351 2028 2390 non
2060 2347 2142 2392 est
2178 2354 2273 2395 cor
2315 2341 2465 2410 justi.
2493 2341 2624 2397 Nam
2663 2344 2790 2414 quid
2833 2345 3031 2414 proluit
3061 2347 3162 2403 hoc
3206 2349 3423 2419 addere,
3455 2363 3513 2406 ut

1921 2425 2144 2496 diceret,
2178 2429 2278 2498 Qui
2311 2433 2652 2504 cogitaverunt
2689 2436 2963 2506 injustitia:
3005 2439 3058 2492 in
3095 2440 3287 2496 corde?
3328 2443 3409 2498 Ab
3434 2445 3514 2498 eis

1925 2535 2010 2576 me
2036 2519 2240 2586 libera;
2275 2521 2341 2577 ibi
2377 2523 2446 2578 sit
2477 2525 2840 2594 potentissima
2873 2543 3060 2585 manus
3101 2537 3187 2584 tua
3217 2530 3286 2586 ad
3314 2547 3510 2588 eruen-

1923 2609 2049 2664 dum
2080 2626 2184 2666 me.
2213 2611 2390 2668 Facile
2407 2623 2494 2669 est
2517 2615 2660 2672 enim
2687 2616 2928 2674 devitarc
2951 2631 3164 2690 apertas
3185 2621 3510 2691 iubiticitias;

1925 2701 2173 2758 facileest
2192 2706 2358 2758 averti
2375 2705 2443 2760 ah
2465 2706 2678 2762 inimico
2701 2719 2942 2780 prompto
2957 2720 3010 2767 et
3031 2711 3332 2780 manifesto,
3359 2716 3512 2786 cujus

1925 2795 2175 2865 iniquitas
2213 2797 2322 2866 jam
2351 2799 2509 2854 etiam
2536 2800 2590 2855 in
2634 2801 2787 2856 labiis
2829 2813 2912 2859 est
2938 2821 2950 2857 :
2985 2805 3075 2862 ille
3103 2816 3181 2862 est
3211 2808 3468 2865 molestus
3493 2853 3510 2875 .

1925 2885 2014 2940 ille
2039 2895 2120 2941 est
2149 2888 2410 2953 occultus,
2443 2890 2532 2947 ille
2571 2891 2784 2948 difficile
2829 2894 3114 2964 devitatur,
3156 2900 3245 2969 qui
3275 2900 3326 2954 in
3352 2899 3515 2957 labiis

1925 2977 2061 3032 bona
2087 2988 2280 3048 portat,
2313 2989 2367 3036 et
2393 2982 2444 3036 in
2471 2982 2632 3038 corde
2661 2984 2893 3039 occultat
2917 2988 3055 3042 mala
3084 3005 3097 3041 :
3129 2988 3230 3054 Qui
3257 2993 3510 3060 cogitare-

1922 3079 2042 3125 runt
2065 3072 2340 3144 iujustitias
2381 3074 2434 3128 in
2473 3076 2642 3130 corde.
2678 3075 2805 3131 Tota
2842 3078 2924 3133 die
2964 3080 3331 3136 constituebant
3352 3082 3512 3140 bella.

1920 3163 2061 3231 Quid
2087 3175 2186 3230 est,
2215 3166 2344 3220 bella
2363 3167 2390 3220 ?
2413 3167 2607 3223 Contra
2637 3184 2756 3239 quae
2781 3184 3072 3240 pugnarem
3113 3181 3220 3228 tota
3253 3173 3341 3229 die.
3384 3174 3516 3230 mihi

1923 3257 2335 3313 constituebant.
2366 3257 2492 3314 inde
2517 3259 2657 3314 enim
2686 3260 2786 3314 hoc
2815 3263 3051 3318 nascitur
3075 3262 3143 3319 de
3167 3265 3360 3321 talibus
3389 3281 3514 3322 cor—

1922 3347 2098 3414 dibus,
2127 3348 2380 3419 quidquid
2411 3358 2493 3404 est
2533 3360 2719 3406 contra
2768 3353 2909 3422 quod
2942 3363 3140 3424 pugnat
3165 3355 3511 3412 christianos.

1921 3441 1976 3496 Si
2006 3440 2218 3508 seditio,
2243 3443 2288 3498 si
2318 3442 2570 3511 schisma,
2600 3446 2644 3501 si
2668 3445 2912 3514 haeresis,
2955 3449 2998 3504 si
3024 3451 3374 3508 contradictio
3404 3463 3515 3510 tur—

1924 3531 2162 3601 bulenta,
2197 3551 2306 3589 non
2347 3536 2448 3592 hoc
2474 3540 2708 3608 erumpit
2736 3539 2836 3594 nisi
2880 3540 2948 3596 de
2977 3541 3083 3597 illis
3099 3545 3515 3614 cogitationibus

1923 3642 2042 3694 qua:
2070 3625 2382 3696 tegebantur
2415 3645 2429 3682 :
2459 3637 2513 3682 et
2536 3628 2750 3698 quando
2782 3629 2918 3685 labia
2950 3631 3089 3688 bona
3119 3633 3512 3705 loquebantur,

1924 3724 2027 3769 tota
2056 3715 2139 3769 die
2179 3715 2542 3770 constituebant
2565 3717 2723 3773 bella.
2769 3718 2959 3775 Pacata
2991 3721 3145 3777 audis
3174 3725 3374 3788 verba;
3417 3729 3515 3782 sed

1924 3805 2046 3860 belli
2073 3807 2382 3862 constitutio
2409 3821 2436 3859 a
2465 3807 2714 3864 cordibus
2751 3825 2857 3864 non
2901 3810 3148 3868 discedit.
3179 3813 3330 3882 Quod
3360 3816 3518 3880 enim

1925 3895 2122 3952 dictum
2152 3906 2250 3964 est,
2284 3907 2388 3952 tota
2425 3899 2527 3966 die,
2560 3897 2687 3956 Sine
2717 3900 3114 3960 intermissione
3143 3905 3425 3976 signiﬁcat,
3460 3909 3512 3964 id

1925 3998 2027 4049 est.
2060 3998 2169 4044 toto
2197 3998 2459 4060 tempore.

1997 4083 2050 4139 6.
2081 4081 2230 4156 [vei-3.
2259 4084 2338 4157 4.]
2367 4085 2619 4141 Acuerunt
2644 4086 2842 4160 linguas
2861 4107 2980 4145 suas
3003 4093 3131 4147 sicut
3156 4104 3430 4166 serpentes.
3457 4097 3515 4154 Si

1927 4174 2103 4231 adhuc
2147 4175 2344 4245 qua‘ris
2388 4175 2702 4245 hominem,
2756 4179 2938 4250 aspice
2982 4181 3404 4240 similitudinem.
3457 4187 3514 4241 Ιιι

1929 4275 2177 4337 serpente
2219 4267 2448 4321 maxime
2474 4268 2666 4323 astutia
2695 4280 2778 4325 est
2821 4280 2876 4326 et
2901 4271 3056 4328 dolus
3081 4277 3348 4340 nocendi;
3393 4293 3517 4347 pro-

1929 4366 2110 4426 pterea
2153 4357 2311 4412 etiam
2355 4359 2540 4428 serpit.
2586 4359 2702 4416 Non
2726 4362 2873 4416 enim
2918 4363 2999 4418 vel
3044 4364 3207 4435 pedes
3251 4366 3430 4434 habet,
3454 4380 3518 4423 ut

1930 4449 2042 4516 ejus
2075 4449 2289 4518 vestigia
2309 4464 2436 4504 cum
2468 4451 2612 4507 venit
2635 4453 2935 4510 audiantur.
2966 4455 3022 4510 In
3050 4456 3166 4526 ejus
3196 4457 3385 4515 itinere
3405 4462 3518 4516 vel-

1932 4547 1987 4591 ut
2031 4537 2165 4593 lenis
2187 4547 2273 4594 est
2303 4550 2518 4608 tractus,
2551 4541 2643 4597 sed
2690 4559 2794 4597 non
2825 4554 2908 4600 est
2940 4556 3138 4602 rectus.
3174 4548 3246 4603 Ita
3277 4565 3406 4620 ergo
3433 4568 3489 4607 re
3515 4583 3519 4588 -

1933 4637 2063 4697 punt
2105 4639 2158 4683 et
2203 4640 2424 4700 serpunt
2464 4632 2530 4686 ad
2579 4634 2896 4701 nocendmn,
2944 4636 3204 4695 habentes
3251 4643 3550 4703 occultqu

1933 4739 2193 4778 venenum
2240 4734 2294 4781 et
2335 4726 2434 4781 sub
2483 4726 2588 4782 leni
2631 4738 2898 4784 contactu.
2946 4730 3013 4787 Et
3065 4731 3185 4788 ideo
3232 4737 3515 4806 sequitur:

1942 4814 2200 4870 Venenum
2222 4819 2457 4887 aspidum
2482 4819 2571 4873 sub
2593 4819 2738 4875 labiis
2768 4838 2960 4877 eorum.
2997 4824 3135 4882 Ecce
3157 4835 3240 4882 est
3271 4829 3395 4884 illud
3419 4831 3520 4886 sub

1933 4908 2123 4976 labiis;
2156 4920 2212 4964 ut
2239 4910 2380 4964 aliud
2412 4912 2511 4966 sub
2537 4912 2710 4979 labiis,
2732 4915 2873 4971 aliud
2903 4917 2952 4970 in
2977 4919 3132 4975 labiis
3152 4920 3517 4977 advertamus.

1933 4999 2076 5065 Quos
2103 5001 2261 5054 etiam
2288 5011 2469 5069 aperte
2495 5004 2796 5058 manifestat
2820 5006 2924 5060 alio
2957 5008 3091 5074 loco,
3123 5011 3210 5065 ubi
3237 5011 3388 5078 dicit,
3419 5013 3520 5080 Qui

1935 5092 2208 5162 loquuntur
2232 5110 2404 5162 pacem
2427 5111 2538 5148 cum
2566 5097 2797 5166 proximo
2819 5115 2912 5155 suo
2926 5118 2948 5167 ;
2975 5103 3112 5158 mala
3139 5115 3306 5160 autem
3331 5107 3383 5161 in
3405 5124 3520 5162 cor-

1935 5183 2079 5239 dibus
2103 5185 2208 5238 suis
2235 5183 2404 5256 (Psal.
2434 5197 2604 5254 nvn,
2635 5189 2713 5259 5).

2005 5277 2059 5331 7.
2095 5275 2244 5350 [vera
2278 5278 2356 5351 5.]
2384 5278 2635 5336 Conserva
2664 5301 2760 5350 me,
2789 5285 3027 5356 Domine,
3060 5293 3124 5344 de
3161 5307 3315 5346 manu
3339 5309 3521 5362 pecca-

1938 5370 2102 5437 toris;
2141 5371 2204 5424 ab
2233 5373 2517 5429 hominibus
2545 5375 2744 5446 injustis
2787 5397 2907 5435 erue
2948 5398 3044 5436 me.
3098 5383 3200 5452 ipsi
3231 5395 3375 5453 sunt,
3409 5389 3518 5441 noti

1938 5471 2062 5516 sunt
2091 5463 2107 5494 ³
2141 5481 2154 5516 :
2188 5481 2292 5518 non
2324 5464 2408 5520 hic
2431 5481 2564 5542 opus
2585 5477 2668 5524 est
2687 5470 3003 5541 intelligere,
3029 5474 3120 5528 sed
3143 5489 3333 5542 agere;
3365 5494 3520 5535 orare

1938 5569 2070 5624 opus
2097 5565 2200 5622 est,
2250 5572 2354 5611 nou
2382 5541 2621 5628 quan-ere
2650 5561 2742 5631 qui
2785 5563 2910 5616 sint.
2942 5564 3046 5619 Sed
3086 5568 3354 5636 quomodo
3396 5587 3520 5628 ores

2003 5672 2020 5703 ι
2042 5679 2146 5744 ‘Am.
2175 5678 2225 5744 et
2248 5679 2376 5744 atss._:
2408 5683 2514 5735 Ipsa
2532 5681 2655 5744 sunt,
2680 5682 2790 5744 nota
2820 5683 2945 5744 sunt.
2978 5681 3277 5744 nespiciehat
3307 5683 3430 5739 forte
3460 5694 3518 5741 ad

1942 5732 2054 5782 illud
2080 5734 2205 5802 quod
2231 5732 2585 5802 proximeaute
2607 5738 2730 5802 dixit
2755 5740 2910 5790 :ttlala
2942 5732 3102 5792 nictent
3123 5732 3173 5794 in
3195 5732 3429 5801 cordi-lius
3442 5732 3519 5802 ob:

1941 5809 2066 5911 $01.
2087 5797 2230 5847 Iidem
2249 5799 2392 5847 etiam
2417 5797 2524 5848 libri
2543 5799 2685 5862 paulo
2708 5808 2812 5864 post
2831 5803 3031 5867 habent,
3055 5818 3145 5856 non
3169 5797 3518 5887 ominare)
