4082 6204
547 376 686 437 M07

540 498 799 553 adversus
839 494 1145 569 hujusmodi
1193 497 1456 562 houiinrs,
1501 500 1672 568 aperit
1718 500 1808 555 tibi
1839 500 1893 555 in
1935 514 2126 556 consc-

543 590 747 658 quenti.
781 587 925 643 Militi
967 589 1108 645 enim
1152 590 1409 644 adversus
1450 590 1620 644 malos
1664 590 1907 661 imperite
1949 599 2125 643 orant.

549 680 651 747 Qui
689 679 1059 751 cogitaverunt,
1105 681 1312 751 inquit,
1352 681 1685 751 supplantare
1725 697 1924 752 gressus
1971 697 2127 736 meos.

543 770 730 825 Adhuc
755 780 927 841 potest
953 771 1239 827 carnalizcr
1280 771 1471 840 accipi.
1504 771 1675 826 [labet
1701 772 1924 842 quisque
1952 771 2130 825 inimi-

543 877 666 919 ςιιιιι
692 880 706 925 ;
736 862 789 918 iu
819 864 1033 934 negotio
1058 864 1255 935 Cogitat
1294 864 1341 919 ei
1374 863 1609 918 fraudein
1635 864 1832 930 facere,
1870 875 1924 919 et
1954 863 2001 917 ci
2031 878 2130 917 au-

542 954 687 1009 ferre
736 955 1039 1026 pecuniam,
1071 956 1161 1026 qui
1208 965 1450 1011 versatur
1475 956 1526 1010 in
1558 956 1828 1011 communi
1872 956 2081 1024 negotio
2114 972 2128 1010 :

453 1078 467 1091 -
542 1046 705 1103 habet
749 1049 972 1119 quisque
1017 1049 1286 1104 inimicum
1328 1050 1580 1116 vicinum,
1610 1060 1663 1104 et
1690 1051 1889 1120 cogitat
1931 1049 2128 1104 malum

539 1139 784 1208 ingerere
808 1140 986 1195 domui
1010 1141 1146 1210 ejus,
1175 1140 1373 1212 aliquid
1396 1141 1463 1196 de
1494 1157 1551 1197 re
1572 1141 1748 1210 ipsius
1770 1140 2010 1195 minuere
2035 1157 2050 1204 ;
2078 1150 2132 1194 et

541 1235 725 1303 utique
768 1233 893 1290 dolo
936 1234 1151 1303 cogitat,
1195 1233 1380 1288 fraude
1427 1233 1641 1304 cogitat,
1690 1233 2132 1287 machinamentis

540 1320 738 1379 diaboli
783 1324 897 1380 lucc
925 1324 1035 1395 ipsa
1068 1325 1227 1394 gestit
1266 1324 1524 1394 implere;
1558 1340 1716 1378 nemo
1757 1324 1979 1378 dubitat.
2026 1322 2130 1378 Scd

543 1427 719 1469 tamen
748 1431 851 1470 non
881 1425 1097 1486 prOptcr
1122 1415 1222 1471 ista
1251 1417 1335 1471 isti
1365 1416 1583 1471 cavendi
1611 1424 1754 1481 sunt,
1783 1415 1877 1469 sed
1912 1432 1977 1468 ne
2004 1415 2131 1468 insi-

542 1506 738 1561 diamlo
762 1506 854 1563 tibi
883 1507 1145 1562 adducant
1173 1516 1224 1562 te
1250 1507 1318 1561 ad
1344 1522 1402 1562 se
1430 1524 1445 1573 ;
1474 1507 1523 1561 id
1548 1517 1653 1573 est,
1677 1522 1707 1561 a
1729 1520 1953 1575 corpore
1978 1504 2134 1560 Chri-

539 1600 607 1653 sti
636 1608 881 1670 separent
911 1609 985 1667 te,
1015 1608 1069 1655 ct
1098 1598 1293 1654 faciant
1317 1599 1385 1655 de
1412 1614 1635 1670 corpore
1660 1615 1778 1655 suo.
1812 1598 1959 1654 Sicut
1986 1599 2127 1652 enim

545 1688 805 1744 bonorum
834 1697 992 1760 caput
1016 1688 1264 1746 Christus
1291 1700 1393 1756 est,
1421 1690 1497 1745 sic
1524 1689 1736 1746 illorum
1764 1700 1923 1760 caput
1951 1689 2133 1743 diabo-

545 1779 647 1832 lus.
675 1778 774 1845 Qui
797 1780 1163 1851 cogitaverunt,
1186 1780 1377 1851 inquit,
1397 1780 1727 1850 supplantare
1746 1796 1945 1850 gressus
1972 1795 2126 1833 uicos.

537 1867 673 1937 Quid
725 1878 827 1934 est,
878 1874 1210 1943 supplantare
1251 1888 1452 1942 gressus
1497 1871 1676 1926 meos?
1716 1870 1831 1926 Non
1879 1870 2027 1941 quasi
2074 1880 2131 1924 ut

537 1976 685 2015 s'rt't's
712 1961 764 2017 in
806 1962 1020 2032 negotio
1045 1962 1184 2033 quod
1212 1978 1333 2017 cum
1377 1963 1470 2017 illo
1500 1962 1684 2027 habes,
1728 1971 1783 2017 et
1821 1962 2047 2031 decipiat
2077 1970 2128 2015 te

540 2052 593 2105 in
623 2066 780 2105 causa
803 2068 923 2123 qua:
947 2053 1039 2107 tibi
1069 2054 1368 2109 communis
1387 2063 1467 2109 est
1495 2054 1549 2108 in
1577 2053 1691 2107 foro
1711 2069 1830 2109 cum
1858 2053 1949 2107 illo
1992 2051 2130 2123 Sup-

540 2145 794 2215 ptantavit
815 2162 1029 2215 gressus
1062 2156 1201 2213 tuos,
1249 2147 1291 2200 si
1323 2156 1372 2201 te
1399 2146 1698 2217 impedierit
1728 2146 1779 2200 in
1810 2147 1893 2200 via
1925 2145 2041 2208 Dei,
2071 2155 2127 2199 ut

537 2237 664 2293 illud
706 2239 844 2310 quod
875 2250 1076 2295 rectum
1121 2239 1455 2307 intendehas,
1487 2239 1701 2306 titubet,
1742 2246 1834 2293 aut
1859 2236 2069 2293 labatur
2095 2252 2126 2292 a

538 2332 643 2396 via,
662 2340 751 2386 aut
768 2330 921 2387 cadat
939 2331 989 2386 in
1006 2332 1113 2400 via,
1132 2339 1221 2386 aut
1236 2332 1449 2389 recedat
1467 2331 1533 2386 dc
1552 2330 1656 2397 via,
1677 2339 1768 2385 aut
1780 2338 2054 2385 remaneat
2073 2331 2124 2383 in

535 2422 645 2489 via,
683 2431 773 2478 aut
797 2434 941 2479 retro
969 2432 1265 2479 revertatur
1289 2423 1429 2479 unde
1455 2430 1694 2480 venerat.
1722 2421 1989 2493 Quidquid
2030 2421 2125 2477 tibi

535 2512 640 2567 tale
684 2513 886 2582 fecerit,
904 2514 1264 2585 supplantavit
1288 2524 1361 2581 te,
1385 2514 1602 2585 decepit
1622 2524 1691 2569 te.
1714 2511 1912 2570 Contra
1942 2512 2126 2583 hujus-

535 2603 677 2659 modi
707 2604 922 2660 insidias
947 2621 1058 2670 ora,
1090 2620 1157 2660 nc
1180 2604 1370 2675 perdas
1389 2604 1609 2660 cmleste
1628 2603 2029 2675 patrimonium,
2057 2619 2125 2659 ue

532 2696 749 2751 ainittas
788 2695 1054 2753 Christum
1097 2696 1470 2762 colueredem,
1513 2697 1637 2767 quia
1689 2696 1923 2751 victurus
1966 2710 2027 2751 es
2069 2696 2122 2751 iu

532 2794 787 2840 n-ternum
815 2800 935 2840 cum
963 2802 1029 2842 eo
1050 2787 1137 2858 qui
1171 2796 1221 2842 te
1250 2786 1370 2842 fecit
1396 2786 1688 2842 hacredem.
1722 2786 1836 2843 Non
1865 2786 2008 2841 enim
2041 2796 2123 2841 ta-

532 2875 597 2929 lis
640 2884 690 2931 te
732 2875 855 2932 fecit
882 2877 1173 2944 lueretlem,
1205 2879 1290 2935 cui
1322 2888 1538 2935 mortuo
1570 2879 1850 2947 succedas,
1875 2878 1969 2935 sed
2000 2894 2122 2935 cum

531 2980 639 3038 quo
669 2966 719 3021 in
750 2976 1009 3023 a-ternum
1039 2969 1207 3024 vivas.

603 3056 655 3113 8.
687 3054 836 3130 [υσνε.
868 3056 948 3131 6.]
971 3058 1350 3114 Abscondernnt
1378 3059 1581 3129 superbi
1610 3059 1947 3131 muscipulam
1976 3059 2119 3115 mihi.

530 3147 721 3203 Totum
768 3164 963 3220 corpus
989 3150 1185 3206 diaboli
1228 3151 1512 3222 explicavit
1554 3151 1808 3218 breviter,
1855 3167 1974 3207 cum
2003 3152 2119 3221 ait,

528 3240 749 3306 superbi.
783 3240 908 3295 Inde
936 3248 1018 3295 est
1040 3240 1185 3311 quod
1215 3250 1270 3296 et
1288 3240 1463 3312 justos
1488 3241 1805 3312 plerumque
1831 3257 1890 3298 se
1915 3241 2118 3308 dicunt,

530 3344 651 3383 cum
678 3331 784 3385 sint
810 3331 997 3401 iniqui.
1027 3330 1153 3387 Inde
1181 3342 1263 3386 est
1300 3331 1442 3402 quod
1473 3332 1604 3387 nLhiI
1629 3333 1734 3387 illis
1765 3344 1870 3388 tam
1905 3334 2119 3388 noxium

528 3428 635 3486 cst,
662 3435 818 3491 quam
861 3421 1104 3476 conﬁteri
1147 3431 1382 3493 peccata.
1416 3422 1517 3492 Ipsi
1568 3432 1694 3478 sunt
1720 3424 1809 3494 qui
1860 3439 1981 3479 cum
2013 3425 2123 3479 sint

531 3508 646 3565 falsi
671 3509 822 3581 justi,
848 3521 1069 3574 necesse
1095 3518 1178 3567 est
1204 3520 1261 3567 ut
1286 3511 1556 3567 invideant
1580 3512 1720 3568 veris
1743 3512 1920 3584 justis.
1949 3512 2117 3571 Nemo

529 3604 672 3657 enim
704 3603 902 3659 invidet
944 3605 1096 3660 alteri
1129 3606 1179 3659 in
1225 3620 1292 3660 eo
1313 3606 1452 3677 quod
1485 3623 1588 3662 non
1616 3606 1728 3663 vult
1772 3608 1853 3663 vel
1882 3622 2004 3664 esse
2035 3608 2119 3663 vel

528 3695 715 3751 videri.
749 3696 895 3749 Alitis
916 3695 1007 3750 tibi
1035 3696 1256 3763 invidet,
1281 3697 1402 3768 quia
1428 3696 1577 3754 dives
1603 3713 1698 3763 es;
1724 3707 1817 3754 aut
1835 3698 1985 3755 dives
2006 3700 2119 3756 vult

527 3799 649 3841 esse
679 3797 733 3840 ut
766 3788 859 3841 tibi
886 3788 1138 3856 invideat,
1165 3796 1256 3843 aut
1285 3789 1454 3859 putari
1481 3789 1596 3847 vult
1633 3789 1782 3846 dives
1815 3809 1831 3846 :
1859 3790 1994 3847 alius
2022 3792 2116 3848 tibi

524 3878 749 3946 invidet,
794 3878 915 3950 quia
945 3880 1119 3935 clarus
1145 3896 1206 3936 es
1227 3889 1280 3936 et
1318 3880 1551 3948 nobilis;
1593 3892 1685 3937 aut
1715 3883 1816 3939 hoc
1844 3899 1965 3939 esse
1988 3873 2115 3940 alle-

527 3978 652 4034 ctat,
683 3978 774 4023 aut
808 3970 909 4025 hoc
955 3985 1016 4026 se
1042 3972 1212 4041 putari
1242 3972 1407 4042 cupit.
1441 3971 1508 4027 Et
1549 3973 1628 4028 sic
1669 3974 1849 4029 omnia
1889 3990 2009 4046 qua:
2032 3976 2115 4031 vi-

528 4061 724 4117 dentur
751 4062 886 4117 bona
910 4062 960 4117 in
991 4064 1091 4119 hoc
1110 4064 1306 4120 smculo
1330 4073 1386 4121 et
1407 4073 1658 4136 putantur
1680 4081 1697 4132 ;
1729 4066 1871 4137 quod
1892 4068 2116 4138 quisth

527 4152 639 4207 vult
670 4152 884 4219 habere,
918 4164 969 4210 et
1020 4155 1072 4210 in
1116 4171 1223 4226 quo
1253 4156 1367 4212 vult
1392 4157 1677 4223 excellere,
1722 4158 1808 4214 vel
1855 4158 2006 4229 cujus
2037 4161 2113 4216 rei

528 4243 721 4300 fatuam
753 4257 949 4318 captat,
995 4248 1046 4303 in
1075 4264 1140 4304 eo
1168 4249 1261 4304 tibi
1288 4249 1505 4305 invidet.
1537 4249 1627 4306 Isti
1657 4259 1835 4306 autem
1878 4252 1966 4322 qui
1996 4250 2114 4308 falsi

526 4337 652 4406 ίιιςιί
681 4349 824 4402 sunt,
854 4338 1017 4393 videri
1048 4339 1229 4393 volunt
1264 4340 1416 4410 justi,
1445 4356 1566 4396 cum
1594 4357 1699 4396 non
1745 4341 1892 4407 sint;
1935 4353 1990 4398 et
2020 4358 2114 4399 ne-

526 4443 679 4484 cesse
705 4439 786 4483 est
830 4439 884 4484 ut
913 4445 1068 4499 quem
1111 4429 1343 4485 viderint
1369 4446 1554 4487 verum
1577 4433 1809 4501 justum,
1843 4434 2115 4502 invideant

528 4520 625 4585 illi,
665 4528 720 4574 et
765 4519 865 4574 hoc
908 4534 1026 4574 cum
1073 4521 1164 4586 illo
1205 4530 1382 4592 agant,
1416 4524 1686 4592 quomodo
1720 4526 1930 4582 amittat
1971 4527 2112 4583 unde

528 4611 803 4679 gloriatur.
853 4610 977 4666 huic
1020 4612 1237 4667 veniunt
1278 4627 1468 4669 omnes
1508 4614 1844 4672 seductioncs
1884 4627 1939 4674 et
1981 4633 2112 4690 sup-

528 4703 898 4772 plantationes.
935 4702 1045 4757 lloc
1087 4704 1230 4774 prior
1259 4704 1371 4776 ipse
1399 4704 1649 4762 diabolus
1674 4707 1856 4777 voluit,
1885 4711 1971 4780 qui
2015 4726 2109 4766 ca-

417 4804 429 4817 ‘
525 4791 662 4848 deus
681 4794 840 4847 stmtti
865 4793 1064 4849 homini
1092 4793 1276 4849 invidit
1299 4813 1311 4849 :
1337 4804 1386 4851 et
1412 4797 1532 4867 quia
1556 4797 1667 4868 ipse
1690 4799 1869 4854 amisit
1890 4816 2110 4872 regnum

522 4884 807 4950 calorum,
840 4883 1105 4940 hominem
1136 4886 1256 4941 illuc
1286 4889 1566 4956 pervenire
1595 4889 1762 4944 noluit
1805 4889 1955 4962 (Gen.
1988 4896 2068 4964 ιιι)
2092 4935 2108 4961 ,

524 4987 577 5032 et
609 4990 712 5030 non
743 4977 889 5042 vult;
919 4986 971 5031 et
1014 4975 1046 5031 d
1089 4977 1195 5047 agit
1225 4993 1386 5045 nunc,
1417 4989 1473 5032 ιιι
1511 4978 1672 5034 homo
1699 4979 1824 5035 illuc
1855 4996 1959 5035 non
1992 4998 2110 5053 per-

524 5068 724 5137 vcniat,
749 5066 890 5123 unde
918 5067 1028 5138 ipse
1048 5068 1285 5139 dejectus
1307 5078 1407 5124 est.
1439 5070 1572 5139 Quia
1594 5086 1722 5141 ergo
1742 5071 2006 5141 superbus
2028 5082 2112 5130 est

524 5160 660 5231 ipse,
708 5169 760 5216 et
807 5158 928 5215 ideo
959 5158 1167 5215 invidus
1214 5159 1337 5231 quia
1382 5161 1668 5231 superbus,
1715 5178 1873 5220 omne
1913 5178 2108 5237 corpus

524 5252 693 5323 ipsius
707 5252 889 5308 talium
904 5265 1097 5322 corpus
1120 5259 1221 5307 cst.
1245 5249 1353 5307 Sed
1376 5267 1473 5308 nos
1495 5268 1708 5309 oremus
1728 5264 1912 5310 contra
1936 5256 2104 5327 illum,

522 5345 614 5417 qui
641 5345 835 5416 corrigi
857 5359 961 5399 non
987 5351 1182 5415 potest,
1215 5352 1268 5399 et
1290 5358 1385 5413 pro
1417 5343 1544 5415 ipsis
1566 5345 1654 5416 qui
1677 5356 1917 5415 possunt,
1944 5361 1995 5400 ιιι
2018 5348 2104 5402 di-

518 5453 703 5493 camus
718 5436 922 5492 homini
944 5436 1139 5508 iujusto
1164 5453 1177 5491 :
1200 5434 1376 5503 Quare
1393 5436 1772 5507 invidcsjnsto,
1788 5456 1819 5491 o
1840 5440 1998 5494 homo
2019 5442 2102 5495 iu-

516 5528 693 5602 juste?
708 5530 839 5598 Quia
858 5530 936 5586 vis
953 5529 1336 5600 viderijustus?
1351 5528 1469 5586 Cito
1488 5529 1569 5586 fac
1584 5531 1726 5602 quod
1739 5532 1929 5588 melius
1944 5543 2104 5597 est,et

518 5623 725 5679 [acilius
734 5623 842 5679 eris
857 5622 997 5695 quod
1019 5624 1100 5679 vis
1117 5623 1305 5680 videri.
1321 5623 1450 5678 Esto
1463 5622 1639 5694 justus
1657 5626 1673 5655 ¹
1696 5643 1710 5680 :
1727 5625 1797 5681 ita
1814 5625 2001 5698 diliges
2018 5627 2101 5682 cui

579 5756 595 5788 ε
624 5755 696 5829 sic
717 5754 900 5829 aliquot.
919 5758 1260 5829 Ussqtttfxldﬁ
1270 5758 1415 5829 nonad
1438 5758 1509 5829 ris
1530 5759 1686 5815 rideri
1709 5767 1807 5813 esto
1827 5761 1985 5827 rebus,
2013 5763 2096 5829 ita,

515 5826 611 5871 etc.
644 5816 817 5878 Regius
835 5823 897 5865 διε
925 5830 936 5865 :
965 5824 1072 5868 Esto
1095 5818 1179 5881 ita,
1208 5819 1279 5871 tlil
1298 5816 1374 5883 ge,
1401 5828 1494 5871 etc.

1797 377 1852 436 S.
1896 383 1934 435 ,Χ
1947 376 2260 435 υςιῖετικι
2298 379 2599 440 EPISCOPI

3702 398 3836 457 suos

2246 495 2558 562 invidehas-;
2589 501 2711 570 quia
2737 501 2877 572 quod
2921 504 3066 558 illum
3097 504 3247 561 doles
3277 521 3416 579 esse,
3449 512 3560 564 eris
3589 520 3646 568 et
3673 523 3752 577 tu,
3783 527 3840 570 et

2236 590 2440 644 amabis
2467 589 2519 643 in
2559 608 2623 645 co
2656 601 2726 654 te,
2757 604 2811 647 et
2842 596 3012 664 ipsum
3043 598 3093 651 in
3129 606 3201 651 te.
3244 598 3456 653 Etenim
3485 602 3530 655 si
3563 602 3839 659 invideres

2235 678 2406 746 diviti,
2441 697 2545 735 non
2573 669 2711 738 esset
2761 686 2811 739 in
2846 696 3107 754 potestate
3135 697 3221 743 tua
3269 700 3325 744 ut
3353 690 3504 747 dives
3549 708 3745 761 esses;
3792 697 3838 751 si

2238 770 2455 825 inviden
2475 788 2502 828 s
2532 772 2758 829 honesto
2785 777 2941 831 alicui
2968 781 3200 834 senatori
3231 782 3417 847 nobili,
3464 798 3572 838 non
3603 795 3755 841 esset
3784 788 3840 842 in

2237 872 2498 931 potestate
2528 875 2616 920 tua
2648 875 2705 921 ut
2729 867 2923 922 nobilis
2945 879 2999 923 tu
3022 885 3167 925 esses
3190 882 3244 926 et
3268 872 3464 939 clarus;
3490 875 3536 929 si
3559 876 3839 932 invideres

2239 954 2481 1023 pulchro,
2509 973 2778 1029 nunquam
2807 969 2857 1015 te
2889 961 3169 1031 pulchrum
3210 963 3455 1031 faceres;
3488 968 3532 1021 si
3562 969 3838 1026 invideres

2237 1046 2359 1101 forti
2391 1060 2444 1104 et
2465 1050 2660 1117 valido,
2703 1069 2971 1123 nunquam
3005 1056 3100 1111 tibi
3145 1058 3285 1113 vires
3313 1058 3470 1115 dares
3504 1062 3593 1116 :si
3627 1063 3839 1120 invides

2232 1140 2398 1209 justo,
2429 1158 2515 1198 res
2545 1144 2597 1199 in
2624 1146 2899 1204 voluntate
2918 1158 3039 1215 est;
3075 1160 3190 1205 esto
3216 1154 3353 1222 quod
3376 1154 3527 1210 doles
3556 1162 3841 1216 essentm-

2237 1247 2372 1286 rum.
2404 1233 2518 1289 Non
2559 1238 2700 1291 enim
2731 1254 3008 1309 empturus
3048 1258 3109 1296 es
3132 1245 3271 1312 quod
3301 1255 3355 1298 tn
3390 1262 3493 1301 non
3524 1264 3586 1303 es
3609 1260 3663 1303 et
3695 1252 3841 1307 alios

2237 1332 2319 1377 est
2342 1339 2356 1386 ;
2382 1326 2549 1394 gratis
2574 1337 2807 1395 constat,
2849 1331 2955 1385 cito
2984 1341 3193 1388 constat
3223 1354 3236 1387 :
3271 1334 3387 1390 Pax
3413 1338 3465 1391 in
3498 1348 3633 1392 terra
3661 1341 3839 1395 Itami-

2237 1414 2380 1469 nibus
2405 1417 2549 1471 bona:
2587 1420 2859 1476 uoluntatis
2886 1421 3037 1491 (Luc.
3067 1441 3124 1488 ιι,
3166 1425 3271 1496 Μ).

2305 1506 2359 1562 9.
2403 1506 2483 1561 llli
2528 1519 2706 1565 autem
2759 1514 2959 1582 superbi
3017 1518 3384 1570 absconderant
3436 1522 3787 1593 muscipulom
3814 1541 3837 1578 :

2235 1599 2559 1668 quaesierunt
2586 1605 2925 1673 supplantare
2952 1623 3169 1676 gressus
3196 1626 3345 1666 meos
3370 1613 3410 1667 ⁸.
3442 1615 3508 1669 Et
3527 1615 3653 1684 quid
3688 1618 3837 1672 fece—

2235 1692 2403 1746 runt?
2430 1691 2496 1747 Et
2540 1706 2692 1750 restes
2717 1699 3049 1753 extenderunt
3090 1704 3403 1773 nmsripulas
3448 1709 3658 1776 pedibus
3684 1712 3839 1766 meis.

2235 1783 2378 1851 Quas
2400 1793 2569 1840 restes
2592 1787 2615 1841 ?
2641 1788 2835 1844 Notum
2859 1804 2938 1845 est
2969 1792 3071 1847 hoc
3099 1797 3317 1851 verbum
3351 1799 3403 1853 in
3429 1798 3749 1871 Scriptor-is,
3776 1814 3838 1859 et

2235 1872 2536 1931 invenimus
2576 1880 2698 1934 alibi
2726 1882 2851 1951 quid
2894 1883 3194 1951 signiﬁcent
3223 1899 3415 1944 restes.
3449 1889 3708 1949 Dominus
3736 1896 3840 1950 ﬂa-

2233 1967 2425 2034 gellum
2448 1968 2516 2023 de
2537 1973 2800 2026 resticulis
2825 1973 2970 2040 fecit,
3003 1977 3143 2031 unde
3171 1981 3375 2049 expulit
3399 1997 3494 2037 eos
3513 1985 3582 2039 de
3609 1988 3835 2057 templo,

2233 2057 2323 2125 qui
2353 2058 2422 2111 ibi
2454 2061 2592 2114 male
2637 2063 2986 2119 versabantur
3015 2067 3175 2131 (Jouu
3229 2086 3285 2133 ιι,
3312 2072 3400 2141 I5)
3425 2089 3440 2137 ;
3472 2083 3527 2128 et
3553 2074 3802 2145 signiﬁca
3821 2107 3840 2119 -

2234 2150 2309 2204 vit
2333 2151 2486 2206 nobis
2528 2154 2796 2222 quomodo
2842 2157 3200 2229 intelligamus
3234 2174 3404 2219 restes
3437 2184 3450 2218 :
3478 2166 3624 2235 quia,
3658 2168 3837 2222 Crini-

2230 2244 2359 2297 culis
2375 2255 2692 2314 peccatorum
2703 2265 2907 2302 suorum
2924 2254 3261 2323 unusquisque
3270 2258 3629 2327 constringitur
3640 2260 3659 2327 (
3668 2258 3836 2320 Prov.

2233 2347 2284 2399 v,
2315 2335 2431 2403 22),
2480 2336 2608 2391 dicit
2653 2340 2753 2394 alia
2796 2340 3067 2410 Scriptura
3093 2361 3109 2409 ;
3138 2354 3192 2399 et
3215 2356 3400 2415 aperte
3430 2348 3610 2413 Isaias,
3652 2349 3745 2405 Vc
3769 2353 3838 2408 iis

2229 2427 2313 2496 qui
2338 2429 2544 2483 trahunt
2586 2442 2791 2502 peccata
2817 2434 2942 2488 sicut
2980 2449 3158 2513 restem
3190 2439 3391 2509 longam
3421 2440 3571 2513 (lsai.
3605 2459 3660 2508 ν,
3700 2444 3834 2513 I8)!

2229 2516 2404 2585 Quare
2446 2528 2624 2575 autem
2673 2522 2866 2578 dicitur
2926 2510 3128 2581 restis?
3174 2528 3307 2596 Quia
3355 2510 3531 2587 omnis
3579 2545 3835 2602 precator

2231 2624 2581 2677 perseverans
2625 2613 2678 2667 in
2727 2617 2958 2685 peccatis
3005 2618 3138 2684 suis,
3181 2620 3330 2674 addit
3380 2634 3593 2691 [recc-ita
3640 2641 3835 2694 pecca—

2232 2701 2334 2764 tis;
2381 2709 2436 2755 ct
2464 2717 2585 2757 cum
2616 2703 2836 2760 deberet
2863 2711 3201 2765 accusatione
3238 2713 3440 2780 peccati
3477 2715 3558 2768 sui
3585 2717 3787 2787 corrigi
3810 2760 3830 2785 ,

2227 2789 2539 2848 defensione
2600 2794 2836 2865 duplicat
2898 2799 3038 2869 quod
3090 2800 3431 2859 confessione
3494 2818 3677 2875 posset
3726 2823 3829 2861 an-

2227 2880 2378 2947 ferri,
2414 2892 2469 2939 et
2509 2885 2818 2957 plerumque
2855 2889 2975 2944 aliis
3013 2893 3249 2960 peccatis
3287 2893 3395 2947 vult
3439 2896 3673 2950 munitus
3699 2911 3832 2954 esse

2229 2985 2448 3044 propter
2490 2975 2577 3030 illa
2623 2992 2742 3048 qua:
2785 2980 3072 3035 commisit.
3106 2982 3257 3038 Fecit
3299 2984 3641 3051 adulterium,
3672 2997 3728 3042 et
3759 3005 3831 3044 ne

2227 3064 2518 3133 occidatur,
2557 3077 2711 3137 parat
2755 3069 3141 3136 homicidium;
3171 3074 3317 3129 addit
3364 3086 3583 3146 peccato
3633 3093 3833 3148 pecca-

2229 3165 2362 3211 tum.
2426 3157 2655 3215 Rursum
2699 3161 2744 3216 si
2787 3162 2837 3217 ei
2880 3165 3163 3235 contigerit
3207 3165 3383 3222 facere
3430 3168 3828 3239 homicidium,

2223 3249 2333 3317 jam
2361 3250 2451 3319 qui
2482 3266 2643 3306 unum
2686 3254 2889 3309 crimen
2918 3255 3158 3323 timebat,
3189 3257 3295 3313 duo
3326 3259 3476 3315 timet
3508 3277 3523 3313 :
3552 3271 3607 3315 et
3636 3263 3831 3332 utique

2226 3354 2346 3394 cum
2377 3341 2549 3396 videat
2573 3359 2633 3399 se
2659 3344 2807 3413 plura
2833 3345 3039 3414 timere,
3067 3365 3226 3420 quam
3251 3361 3407 3406 antea
3439 3352 3679 3416 timebat,
3708 3371 3827 3412 non

2225 3433 2422 3502 cogitat
2444 3434 2685 3491 minuere
2705 3437 2846 3506 quod
2869 3438 3013 3505 fecit,
3041 3440 3133 3496 sed
3160 3440 3357 3497 addere
3403 3445 3545 3513 quod
3577 3446 3824 3502 nondum

2225 3522 2385 3589 fecit;
2422 3527 2611 3596 ιιιιιιεισίι
2653 3526 2790 3584 forte
2831 3540 2885 3585 ct
2927 3532 3266 3590 maleﬁcium.
3298 3534 3420 3590 Tria
3464 3551 3589 3591 ecce
3630 3536 3822 3595 habet.

2226 3612 2353 3669 Inde
2375 3614 2483 3684 jam
2505 3618 2624 3687 quis
2642 3619 2877 3689 cogitet?
2904 3621 3023 3691 quis
3046 3625 3194 3678 liniat
3213 3635 3406 3680 restem
3432 3630 3819 3695 peccatorum?

2226 3705 2286 3760 Et
2316 3706 2515 3776 optimc
2540 3709 2733 3765 dicitur
2776 3713 2932 3767 restis
2964 3731 2978 3767 :
3010 3724 3063 3767 ut
3093 3717 3235 3771 enim
3271 3726 3581 3787 torqueatur
3610 3722 3775 3776 restis
3800 3764 3819 3787 ,

2222 3797 2471 3864 additur;
2503 3808 2555 3854 et
2583 3817 2688 3854 nou
2713 3802 2981 3856 adduntur
3005 3815 3148 3859 recta
3178 3806 3283 3869 hla,
3317 3808 3409 3862 sed
3445 3819 3598 3863 torta.
3630 3810 3824 3866 Pravi-

2222 3895 2304 3943 tas
2346 3889 2446 3945 sibi
2487 3905 2724 3946 connexa
2769 3893 2984 3948 ducitur
3012 3895 3066 3949 in
3109 3897 3345 3967 longum.
3394 3908 3450 3953 et
3479 3916 3585 3954 non
3614 3903 3823 3972 cogitat

2223 3981 2515 4052 prmcidere
2538 3984 2678 4054 quod
2711 3985 2849 4041 male
2881 3988 3085 4053 texuit;
3117 3989 3213 4044 sed
3237 3989 3457 4055 addere,
3491 3993 3821 4065 producere,

2222 4072 2274 4126 in
2306 4073 2517 4144 longum
2545 4076 2901 4144 protendere:
2928 4087 2983 4132 ut
3028 4077 3220 4135 habeat
3245 4080 3300 4136 in
3340 4083 3444 4137 line
3471 4083 3610 4139 unde
3636 4085 3711 4139 illi
3742 4087 3820 4142 li-

2219 4174 2412 4235 gentur
2451 4182 2638 4223 atauus
2680 4179 2735 4224 et
2778 4169 2962 4239 pedes,
3005 4180 3062 4226 et
3108 4172 3415 4242 proﬁciatur
3459 4176 3514 4231 in
3558 4177 3825 4236 tenebras

2219 4259 2512 4339 exteriores
2538 4260 2752 4331 (Matth.
2790 4279 2919 4328 χχιι,
2955 4264 3065 4337 15).
3097 4266 3223 4322 llzec
3260 4279 3436 4324 autem
3464 4281 3678 4340 peccata
3709 4286 3820 4329 sua

2222 4349 2445 4405 tendunt
2465 4336 2642 4421 iustis,
2686 4353 2901 4423 quando
2929 4336 3027 4410 eis
3053 4356 3281 4413 suadent
3313 4336 3491 4417 facere
3516 4362 3654 4417 mala
3682 4358 3822 4434 qua:

2222 4440 2319 4510 ipsi
2343 4442 2558 4497 faciunt.
2585 4443 2710 4499 Ideo
2733 4444 2886 4513 dixit,
2928 4446 3106 4525 Restes
3139 4449 3468 4506 extenderunt
3497 4454 3826 4524 muscipula:

2221 4535 2429 4602 pedibus
2445 4536 2606 4601 meis;
2636 4536 2686 4592 id
2713 4546 2815 4602 est,
2846 4538 2914 4594 de
2943 4542 3172 4609 peccatis
3195 4543 3307 4600 suis
3336 4559 3423 4600 me
3444 4544 3675 4616 dejicere
3702 4563 3822 4604 vo-

2219 4623 2452 4681 luerunt.
2488 4626 2553 4681 Et
2576 4628 2663 4683 ubi
2694 4627 2834 4685 hoc?
2858 4628 3020 4686 Juxta
3046 4633 3251 4688 semitas
3275 4635 3574 4690 scandalum
3616 4653 3818 4707 possie-

2218 4728 2337 4771 ruut
2366 4720 2490 4774 nti/ti
2517 4737 2537 4774 :
2565 4738 2667 4776 non
2695 4722 2747 4777 in
2779 4724 3007 4792 sentitis,
3039 4725 3131 4780 sed
3150 4726 3310 4797 juxta
3333 4729 3557 4783 semitas.
3584 4731 3820 4789 Semita:

2221 4820 2343 4878 tum,
2393 4823 2656 4883 pra-cepta
2688 4815 2780 4871 Dei
2811 4827 2953 4872 sunt.
2998 4817 3074 4872 Illi
3104 4820 3351 4875 scandala
3389 4821 3538 4891 juxta
3582 4824 3820 4882 semitas

2220 4915 2545 4974 posuerunt;
2576 4917 2651 4972 tu,
2680 4909 2786 4962 noli
2831 4909 3080 4966 recedere
3104 4926 3133 4964 a
3160 4913 3384 4978 semitis,
3406 4924 3461 4968 et
3492 4930 3597 4969 non
3630 4916 3819 4974 irmes

2218 4996 2272 5051 in
2297 4999 2563 5053 scandala.
2591 4998 2701 5055 Nec
2725 5001 2847 5055 volo
2867 5001 3013 5058 dicas
3042 5019 3058 5057 :
3093 5004 3157 5058 Et
3181 5005 3489 5074 prohiberet
3515 5010 3635 5064 illos
3663 5010 3815 5068 Deus

2216 5103 2416 5159 ponere
2442 5090 2568 5145 mihi
2599 5093 2844 5147 scandala
2868 5092 3016 5162 juxta
3044 5096 3283 5161 semitas,
3313 5106 3367 5152 ct
3392 5112 3496 5153 non
3525 5100 3597 5153 ibi
3627 5116 3812 5170 pone-

2214 5187 2354 5234 rent.
2399 5178 2509 5237 Imo
2537 5183 2775 5252 permisit
2817 5185 2954 5239 Deus
2983 5201 3179 5254 ponere
3208 5187 3456 5243 scandala
3499 5191 3615 5245 illos
3647 5191 3809 5261 juxta

2213 5274 2449 5339 semims,
2493 5284 2547 5330 et
2586 5284 2639 5330 tu
2682 5291 2786 5331 non
2830 5278 3052 5334 recedas
3079 5294 3108 5334 a
3136 5281 3360 5337 semitis.
3390 5280 3555 5338 Juxta
3596 5286 3813 5344 senatus

2209 5364 2455 5420 scandala
2480 5377 2754 5437 posuerunt
2779 5369 2924 5423 mihi.

2284 5460 2371 5515 lO.
2406 5459 2555 5533 [υεη.
2589 5460 2665 5535 7.]
2697 5462 2760 5516 Ει
2783 5461 2908 5530 quid
2934 5464 3140 5519 restat?
3167 5463 3306 5535 quod
3335 5466 3627 5523 remedium
3658 5468 3810 5526 inter

2212 5561 2356 5606 tanta
2389 5553 2525 5607 mala
2548 5594 2564 5619 ,
2594 5554 2645 5607 in
2676 5555 2790 5609 istis
2817 5556 3194 5612 tentationibns
3217 5599 3232 5623 ,
3266 5557 3319 5613 in
3362 5558 3477 5614 istis
3505 5562 3757 5630 periculis
3780 5565 3809 5619 ?

2208 5644 2331 5700 Dixi
2372 5646 2587 5699 Domino
2611 5686 2626 5713 ,
2660 5646 2793 5702 Deus
2819 5665 2957 5703 meus
2982 5666 3033 5704 es
3059 5659 3132 5704 tu.
3164 5649 3240 5706 Illi
3280 5650 3524 5706 homines
3549 5664 3671 5708 sunt
3696 5697 3710 5717 ,
3743 5667 3805 5713 et

2207 5752 2314 5792 non
2342 5736 2444 5791 mei
2469 5753 2485 5802 ;
2519 5746 2571 5791 tu
2597 5746 2653 5792 et
2681 5739 2841 5804 Deus,
2865 5749 2919 5795 et
2945 5756 3095 5796 meus
3124 5758 3204 5798 es.
3238 5740 3362 5796 Diai
3388 5741 3625 5811 Domino,
3656 5746 3803 5805 Deus

2273 5852 2289 5884 ι
2316 5849 2537 5902 usshoc
2559 5849 2680 5913 loco,
2698 5864 2891 5915 gressus
2912 5860 3077 5905 rectos.
3106 5860 3201 5916 Er.,
3232 5865 3426 5920 gressus
3456 5867 3585 5906 meos
3618 5864 3801 5910 rectos.
