4042 6202
249 382 268 426 ι
279 368 383 427 809

247 501 380 540 tllt’lls
395 503 444 539 es
461 495 533 538 tu.
555 484 740 556 Magna
759 503 854 541 vox
875 485 1157 554 orationis;
1179 499 1358 544 move:
1375 490 1640 545 ﬁduciam.
1673 489 1826 545 Num-

249 575 370 644 quid
405 576 614 630 illorqu
649 593 751 631 nou
777 586 860 631 est
892 577 1061 632 Deus?
1084 579 1241 647 Citius
1269 581 1408 634 enim
1437 597 1539 634 non
1567 592 1646 635 est
1666 582 1823 646 Deus,

245 667 332 736 qui
359 675 439 720 est
466 680 622 720 verus
643 668 930 723 Deus?Scd
959 677 1132 724 tamen
1163 671 1374 740 proprie
1404 687 1586 726 eorum
1616 682 1714 735 est,
1737 673 1825 742 qui

242 772 306 810 eo
333 757 594 823 fruuntur,
613 759 700 828 qui
720 760 765 812 ei
793 761 1050 826 serviunt,
1071 763 1157 830 qui
1181 762 1410 818 libenter
1424 765 1521 818 sub
1550 765 1663 833 ipso
1680 776 1822 820 sunt.

244 848 368 903 Nam
402 859 453 903 et
482 851 604 903 mali
637 852 876 919 quamvis
906 852 1074 916 inviti,
1101 855 1199 907 sub
1225 853 1342 924 ipso
1368 867 1511 910 sunt.
1546 857 1618 910 llli
1645 860 1827 928 appel-

242 940 348 993 laut
383 940 566 1003 Deum,
599 955 626 993 a
659 956 763 1010 quo
787 955 1144 1008 coronentur;
1179 947 1279 999 sub
1311 945 1401 999 illo
1429 946 1501 1000 illi
1536 947 1757 1016 fugiunt,
1793 965 1824 1004 a

240 1048 341 1102 quo
367 1032 702 1088 damnentur.
740 1033 806 1087 Et
835 1035 1044 1105 iniquus
1070 1037 1157 1106 qui
1203 1054 1308 1091 non
1337 1039 1446 1092 vult
1491 1039 1685 1094 habere
1713 1041 1823 1094 Do-

239 1124 436 1177 minum
471 1125 634 1178 Deum
663 1140 814 1178 suum
840 1168 854 1191 ,
889 1142 994 1197 quo
1027 1127 1190 1198 fugiet
1222 1129 1384 1184 Deum
1409 1130 1646 1206 onmiqm
1669 1131 1692 1184 ἲ
1716 1132 1817 1186 Βο-

235 1233 359 1271 num
388 1225 471 1271 est
499 1217 570 1270 illi
595 1232 722 1285 ergo
749 1228 800 1270 ut
828 1227 1166 1273 convertatur
1191 1220 1255 1273 ad
1278 1222 1441 1274 lle-um
1468 1222 1726 1286 euntium,
1749 1223 1824 1276 fa-

236 1309 442 1378 ciatque
461 1310 608 1364 illum
636 1312 985 1366 conversione
1011 1328 1194 1376 suum;
1216 1323 1269 1368 ct
1296 1314 1496 1383 positos
1523 1315 1660 1370 inter
1690 1317 1822 1372 tales

236 1413 544 1472 peccatores
568 1445 582 1468 ,
611 1404 922 1458 seducmrcs
946 1448 960 1470 ,
984 1405 1290 1476 hypocritas
1315 1449 1328 1472 ,
1357 1409 1616 1477 superbos
1639 1449 1654 1474 ,
1678 1409 1822 1465 dicat

233 1493 295 1546 ad
317 1494 505 1558 Demn,
525 1511 681 1564 quem
701 1497 780 1549 sui
801 1499 1147 1552 conversione
1172 1497 1269 1551 sibi
1301 1497 1424 1553 fecit
1443 1500 1605 1554 Deum
1625 1516 1777 1555 suum
1803 1519 1815 1556 :

235 1584 352 1638 Dixi
383 1584 606 1639 Domino
629 1629 641 1648 ,
679 1586 811 1640 Deus
841 1605 974 1642 meus
1003 1606 1054 1642 es
1084 1599 1158 1643 tu.
1193 1589 1401 1660 Pcrcipe
1435 1593 1641 1645 auribus
1663 1634 1679 1660 ,
1709 1593 1819 1648 Do-

232 1678 363 1730 mine
385 1718 399 1740 ,
434 1694 601 1730 vocem
632 1678 994 1747 deprecationis
1018 1697 1156 1734 metu.
1189 1680 1425 1752 Simplex
1453 1683 1665 1751 quidem
1693 1701 1818 1739 seu-

234 1770 392 1822 tcntia
427 1780 525 1829 est.
554 1778 606 1823 et
637 1769 806 1824 iacilis
831 1771 896 1824 ad
927 1772 1320 1843 intelligi-udum
1356 1791 1370 1828 :
1400 1774 1493 1828 sed
1523 1783 1699 1830 tamen
1727 1775 1821 1832 de-

232 1857 387 1912 lectat
417 1859 551 1912 forte
577 1861 809 1927 cogitare
839 1878 1001 1930 quare
1029 1879 1130 1916 non
1163 1864 1397 1928 dixerit,
1431 1865 1652 1936 Pcrcipe
1675 1867 1819 1922 auri-

231 1949 328 2004 bus
354 1950 782 2019 deprecationem
813 1969 1014 2014 meum;
1039 1956 1130 2011 sed
1152 1957 1287 2010 velut
1318 1957 1614 2013 evidentius
1641 1959 1818 2031 expri-

232 2058 380 2096 mens
401 2044 648 2098 all‘cetnm
669 2046 830 2100 animi
853 2047 956 2114 Sui,
975 2049 1069 2114 ait,
1089 2064 1257 2102 vocem
1288 2050 1652 2121 deprecationis
1671 2070 1813 2120 mete,

231 2133 389 2186 vitam
409 2134 799 2205 deprecationis
820 2154 978 2204 mem,
998 2140 1226 2195 animam
1255 2141 1643 2212 deprecationis
1660 2161 1812 2212 mete,

231 2240 332 2277 non
357 2227 496 2294 quod
529 2238 681 2280 sonat
709 2228 758 2281 in
781 2230 957 2284 verbis
987 2233 1137 2294 meis,
1164 2232 1256 2287 sed
1283 2233 1420 2288 unde
1447 2235 1626 2290 vivunt
1655 2237 1815 2293 verba

229 2331 366 2369 mea.
387 2316 578 2371 Czelet‘i
608 2320 749 2372 enim
781 2322 1029 2389 strepitus
1057 2323 1174 2377 sine
1203 2325 1400 2392 anima,
1419 2327 1534 2380 soni
1564 2327 1666 2382 dici
1694 2344 1817 2398 pas-

225 2418 372 2467 snut,
393 2425 552 2463 voces
581 2425 681 2464 non
703 2422 921 2479 possmu
941 2429 954 2464 :
977 2430 1072 2468 vos
1103 2416 1315 2485 proprie
1340 2419 1692 2476 animatorum
1710 2433 1812 2490 est,

224 2499 467 2552 vivorum
496 2509 594 2553 est.
617 2502 782 2566 Quam
813 2504 958 2557 multi
981 2516 1159 2560 autem
1182 2507 1532 2576 deprecantur
1553 2513 1740 2581 Deum,
1759 2526 1814 2572 et

223 2604 332 2642 non
365 2591 599 2644 sentiunt
622 2592 807 2658 Deum,
828 2610 925 2648 nec
955 2595 1088 2650 bene
1111 2598 1343 2667 cogitant
1367 2600 1433 2655 dc
1452 2602 1595 2656 Deo?
1612 2604 1811 2661 Sonmn

225 2679 616 2740 deprecationis
636 2683 827 2738 habere
845 2697 1085 2754 possunt,
1109 2704 1289 2744 vocem
1307 2707 1408 2744 non
1430 2703 1670 2762 possunt;
1690 2698 1812 2767 quia

226 2771 328 2824 vita
363 2773 432 2825 ibi
462 2791 564 2827 non
595 2785 693 2828 est.
727 2776 890 2846 llujus
918 2779 1003 2847 qui
1037 2780 1284 2846 vivebat,
1311 2785 1432 2853 quia
1462 2786 1625 2841 Deum
1656 2804 1809 2845 suum

228 2862 574 2934 iutelligebal,
599 2876 650 2920 et
679 2884 706 2920 a
737 2883 841 2937 quo
873 2869 1184 2926 liberaretur
1215 2873 1446 2941 videbat,
1479 2884 1532 2930 ct
1559 2893 1586 2930 a
1619 2880 1810 2946 quibus

231 2953 550 3010 liberaretur
564 2958 844 3022 sentiebat,
866 2959 980 3029 ipsa
1005 2971 1117 3016 erat
1145 2979 1240 3018 vox
1265 2964 1656 3036 deprecationis
1669 2971 1804 3038 ejus.

297 3049 381 3101 11.
418 3046 566 3119 [vers
600 3049 678 3120 8.]
707 3050 727 3104 ‘l
737 3065 879 3119 psam
899 3053 1280 3111 cmunu'ndans
1301 3057 1518 3113 auribus
1537 3059 1626 3116 Dei
1644 3061 1805 3132 dicat,

227 3137 459 3203 Domine,
498 3141 724 3195 Domine.
758 3143 834 3196 Τιι
870 3143 1096 3204 Domine.
1131 3146 1366 3212 Domine,
1401 3148 1452 3204 id
1493 3159 1594 3219 est,
1629 3162 1684 3208 tu
1711 3170 1808 3210 ve-

225 3232 429 3286 rissime
449 3233 694 3298 Domine,
715 3251 818 3290 non
839 3238 1021 3306 quales
1042 3237 1240 3294 domini
1269 3240 1534 3310 homines,
1552 3259 1657 3300 non
1676 3261 1808 3317 qua-

222 3323 300 3377 les
327 3325 528 3379 deritini
559 3328 648 3396 qui
691 3337 876 3382 eumut
916 3330 1183 3396 saccello;
1227 3333 1319 3387 sed
1349 3335 1520 3405 qualis
1552 3335 1806 3394 Dominus

223 3416 307 3482 qui
330 3417 460 3471 emit
480 3418 753 3486 sanguine.
775 3418 1009 3486 Domine,
1032 3421 1262 3491 Domine,
1281 3425 1438 3480 virtus
1455 3428 1632 3482 salutis
1645 3447 1769 3485 mea:
1785 3447 1805 3486 :

223 3508 270 3561 id
298 3519 375 3563 est
400 3551 423 3572 ν
446 3511 533 3579 qui
565 3511 659 3565 das
684 3512 824 3567 vires
847 3513 1002 3568 saluti
1045 3530 1197 3570 mem.
1230 3516 1368 3583 Quid
1395 3519 1496 3574 sibi
1525 3521 1670 3587 vult,
1700 3524 1802 3577 vir-

222 3611 296 3654 ms
320 3601 501 3654 salutis
531 3605 696 3658 uiae?
719 3604 1156 3675 Conquerebatur
1179 3608 1246 3664 de
1289 3611 1552 3667 scandatis
1579 3622 1633 3667 et
1671 3615 1802 3668 iusi-

221 3693 316 3744 diis
345 3703 681 3762 peccatorum
710 3738 723 3760 ,
756 3697 822 3751 de
846 3698 1361 3754 circumlatrantibus
1390 3712 1443 3756 et
1471 3706 1802 3759 circumiusi-

220 3784 484 3842 diantibus
511 3789 753 3858 malignis
779 3788 1082 3845 hominibus
1109 3792 1248 3846 vasis
1276 3792 1495 3859 diaboli,
1525 3795 1592 3849 de
1617 3809 1803 3864 Super-

222 3875 298 3928 bis
322 3878 676 3933 invidentibus
701 3879 876 3947 justis,
907 3881 1044 3936 inter
1072 3883 1254 3951 quales
1285 3899 1504 3940 neceSse
1529 3895 1612 3940 cst
1640 3888 1798 3942 vitam

220 3965 428 4036 ducere,
451 3985 570 4023 cum
601 3970 685 4025 hic
703 3972 927 4026 vivimus
950 3973 998 4026 in
1027 3975 1452 4042 peregrinatione
1479 3987 1656 4032 nostra
1674 3977 1794 4034 hac.

220 4057 358 4112 Talia
387 4077 514 4115 vero
540 4063 786 4116 scandala
830 4063 1148 4119 abundantia
1178 4065 1354 4120 futura
1380 4069 1631 4123 Dominus
1657 4087 1796 4140 prac-

219 4147 365 4217 dixit,
393 4162 445 4207 et
477 4153 548 4208 ait
583 4166 596 4207 :
631 4155 915 4210 Abundabit
942 4157 1195 4229 iniquitas,
1227 4170 1272 4212 et
1303 4163 1538 4230 quoniam
1568 4164 1797 4217 abunda-

219 4240 283 4293 bit
309 4242 564 4314 iniquitas,
601 4246 883 4317 refrigescet
912 4249 1132 4304 Charitas
1157 4252 1444 4305 multorum.
1477 4253 1579 4308 Sed
1611 4255 1799 4324 adjun-

217 4332 291 4385 xit
312 4336 490 4388 statim
519 4338 760 4390 solatium
789 4356 801 4392 :
830 4339 927 4404 Qui
959 4346 1338 4407 perseveraverit
1365 4362 1517 4414 usque
1544 4348 1594 4400 in
1619 4349 1791 4416 ﬁnem,

218 4422 296 4477 hic
323 4427 492 4480 salvus
520 4429 610 4480 erit
643 4428 853 4498 (Matt/1.
887 4447 1025 4495 .vmv,
1063 4433 1147 4496 12,
1184 4435 1291 4504 l5).
1325 4436 1563 4491 Attendit
1595 4439 1711 4501 iste,
1743 4448 1792 4494 et

217 4518 420 4586 timuit;
451 4529 506 4575 et
549 4522 866 4577 abundantia
912 4525 1246 4594 iniquitatum
1294 4529 1533 4584 turbatus
1564 4533 1795 4600 respexit

217 4622 358 4676 spem
391 4628 403 4662 :
438 4612 560 4680 quia
586 4613 671 4682 qui
696 4617 1076 4682 perseveraverit
1104 4634 1258 4688 usque
1283 4619 1334 4672 in
1358 4620 1511 4688 ﬁnem
1537 4662 1550 4686 ,
1582 4621 1662 4674 hic
1686 4624 1794 4676 sal-

217 4717 300 4754 rus
325 4704 430 4756 erit.
455 4704 706 4759 Extendit
725 4721 782 4760 se
801 4723 1160 4774 perseverare,
1179 4719 1232 4764 et
1247 4713 1376 4765 vidit
1403 4712 1610 4783 longam
1632 4716 1790 4780 viam;

215 4793 395 4860 etquia
425 4810 769 4864 perseverare
796 4813 1043 4868 maguum
1063 4810 1207 4855 cstct
1235 4800 1473 4870 difﬁcile,
1495 4805 1664 4874 ipsum
1683 4822 1796 4860 ora-

215 4882 286 4935 vit
311 4885 373 4937 ad
394 4885 771 4954 perfectionem
797 4892 1199 4956 perseverantia:
1225 4907 1334 4947 sua:
1354 4894 1392 4959 ¹,
1413 4909 1442 4948 a
1461 4911 1565 4964 quo
1593 4896 1662 4950 illi
1682 4897 1795 4963 jus-

215 4987 324 5028 Sum
352 4989 430 5032 est
461 4989 518 5032 ut
548 4990 928 5048 perseveraret.
947 4982 1102 5037 Certe
1131 4985 1308 5038 salvus
1336 5000 1450 5050 cro,
1472 4987 1513 5040 si
1545 5003 1794 5056 perseve-

216 5081 394 5122 ravero
423 5087 589 5140 usque
615 5072 666 5126 in
697 5073 886 5137 finem;
919 5076 1008 5128 sed
1038 5077 1425 5143 perseverantia
1451 5078 1516 5131 ad
1544 5079 1792 5134 virtutem

217 5161 454 5225 pertinet,
475 5173 530 5215 ut
559 5178 766 5218 merear
791 5165 1014 5218 salutem
1036 5184 1048 5216 :
1071 5174 1122 5218 tu
1151 5181 1210 5220 es
1230 5165 1395 5222 virtus
1420 5169 1606 5224 salutis
1635 5185 1788 5237 mem,

215 5257 266 5302 tu
295 5269 375 5307 me
398 5254 525 5309 facis
552 5271 914 5324 perseverare,
936 5269 986 5311 ut
1009 5262 1309 5326 perveniam
1335 5261 1401 5316 ad
1429 5263 1677 5320 salutem.
1699 5263 1793 5318 Do-

214 5340 339 5394 mine
361 5384 373 5406 ,
410 5343 622 5399 Domine
644 5389 658 5412 ,
687 5359 841 5400 virtus
871 5349 1046 5402 salutis
1071 5366 1209 5404 mete.
1237 5351 1301 5404 Et
1327 5352 1466 5406 unde
1491 5367 1650 5423 spero
1670 5357 1790 5425 quia

216 5439 265 5484 ιιι
289 5450 346 5488 es
364 5437 523 5490 virtus
549 5440 734 5494 salutis
758 5441 923 5494 more?
943 5441 1260 5497 Obumbrasti
1283 5463 1432 5516 super
1447 5458 1600 5518 caput
1627 5467 1791 5505 meum

213 5523 260 5578 in
285 5528 362 5580 die
386 5528 518 5583 belli.
540 5531 678 5587 Ecce
697 5535 853 5588 modo
883 5534 1053 5589 adlmc
1079 5551 1286 5606 pugno:
1309 5553 1483 5609 pugno
1512 5539 1637 5594 foris
1662 5556 1791 5596 con-

215 5622 286 5668 tra
316 5617 465 5672 flctos
496 5621 660 5676 bonos
687 5665 702 5689 ,
736 5639 910 5694 pugno
938 5625 1078 5680 intus
1122 5637 1305 5681 contra
1331 5630 1790 5700 concupiscentias

213 5720 377 5772 meas;
399 5714 644 5778 quoniam
673 5716 811 5779 video
841 5717 994 5770 aliam
1023 5719 1177 5788 legem
1209 5721 1258 5772 in
1291 5723 1522 5778 membris
1552 5725 1691 5790 meis,
1711 5742 1790 5780 re-

272 5821 285 5850 '
315 5821 474 5877 I‘hu'cs
500 5834 621 5891 “3.,
646 5829 709 5878 ad
732 5831 1132 5893 perseveratum”:
1151 5847 1303 5885 suam.

1281 374 1674 430 ENAllRA'l'li)
1715 376 1776 430 iN
1818 375 2134 434 PSALMUM
2174 377 2457 436 CXXXIX.

3389 396 3526 453 ιίξιθ

1946 504 2246 561 pugnantem
2273 497 2370 568 legi
2391 498 2565 553 mentis
2592 516 2732 567 metu,
2753 512 2796 554 et
2817 504 3067 572 Citpllvlﬂﬂ
3094 523 3174 562 me
3199 508 3458 564 deceased;
3479 513 3530 564 in

1941 585 2046 655 lege
2077 588 2284 653 peccati,
2311 604 2422 656 qua:
2446 601 2516 642 est
2543 590 2595 643 in
2622 592 2852 647 membris
2879 597 3014 650 uicis.
3053 595 3208 650 Miser
3233 615 3323 668 ego
3352 604 3523 663 Itonia,

1933 674 2045 742 quis
2075 691 2152 728 me
2178 675 2400 730 liberabit
2438 679 2500 731 de
2527 697 2736 750 corpore
2762 685 2932 738 mortis
2961 686 3110 754 hujus
3132 689 3156 742 2
3185 688 3360 745 Gratia
3390 692 3482 745 1)μέ
3506 735 3520 758 ,

1934 783 2024 835 per
2047 767 2224 821 Jesum
2252 768 2508 824 Christum
2536 771 2804 827 Dominum
2830 785 3052 831 nostrum
3081 780 3256 848 (flatu.
3290 799 3357 837 vlt
3384 827 3397 846 ,
3425 785 3524 839 25-

1937 855 2050 927 25).
2083 857 2244 928 Igitur
2274 859 2518 914 laborans
2547 861 2598 915 in
2626 861 2727 918 hoc
2758 865 2916 934 l)el|0,
2946 871 3180 938 respexit
3204 872 3269 925 ad
3299 876 3520 942 gratiam

1942 947 2030 1000 Dei
2047 965 2064 1013 ;
2081 957 2134 1002 ct
2149 950 2268 1018 quia
2291 949 2398 1018 jam
2417 962 2653 1020 coeperat
2680 965 2904 1010 :cstuare
2923 967 2970 1012 et
2991 975 3250 1026 arescere,
3274 973 3521 1034 tauquam

1933 1038 2173 1094 umbram
2208 1040 2428 1104 invenit,
2458 1043 2556 1098 sub
2586 1061 2686 1114 qua
2718 1046 2920 1102 viveret
2952 1067 2963 1101 :
3001 1050 3348 1107 Obrumbrasti
3372 1074 3524 1126 super
3575 1091 3583 1100 η

1933 1138 2082 1200 Caput
2109 1147 2272 1184 uicum
2301 1132 2352 1185 in
2381 1132 2464 1188 die
2491 1134 2607 1188 belli
2629 1152 2648 1200 ;
2678 1136 2729 1191 id
2754 1146 2860 1207 est,
2890 1139 2940 1193 iu
2969 1150 3126 1208 :estu,
3161 1159 3228 1199 ne
3253 1145 3517 1216 fatigarer,

1931 1235 1997 1276 ne
2017 1235 2336 1276 arrsccrcm.

2005 1313 2092 1368 12.
2127 1314 2273 1386 [vers.
2308 1315 2384 1390 9.]
2418 1318 2500 1372 Ne
2526 1320 2698 1374 tradas
2726 1339 2821 1388 me,
2843 1321 3078 1393 Domine,
3097 1327 3389 1384 adesiderio
3412 1348 3519 1384 tneo

1928 1408 2195 1476 peccatori.
2219 1409 2354 1464 Ecce
2381 1425 2485 1480 quo
2512 1412 2638 1466 mihi
2670 1414 2863 1468 valebit
2883 1417 3246 1474 umbraculom
3277 1431 3442 1488 tuum,
3464 1433 3522 1478 ιιι,

1927 1505 2114 1550 :cstum
2143 1513 2247 1552 non
2277 1500 2446 1568 patiar
2475 1516 2504 1555 a
2538 1503 2762 1571 mcipso.
2784 1504 2990 1576 thuid
3020 1508 3147 1562 mihi
3181 1521 3426 1579 pacantur
3443 1514 3520 1568 fa-

1926 1597 2073 1642 ceret
2100 1587 2188 1644 ille
2213 1631 2228 1655 ,
2273 1593 2660 1660 quantumlibet
2686 1595 2939 1651 smviret?
2966 1597 3263 1655 Szevieruut
3293 1604 3432 1657 mia:
3465 1606 3516 1661 iu

1925 1686 2188 1750 martyres
2216 1679 2420 1751 iniqui;
2455 1692 2730 1739 traxerunt
2756 1700 2850 1741 eos
2875 1727 2889 1752 ,
2935 1691 3137 1744 catenis
3181 1692 3514 1761 ligaverunt,

1925 1770 2227 1826 carceribus
2258 1771 2604 1842 incluserunt,
2637 1776 2809 1845 gladio
2838 1777 3093 1834 fet-ierunt
3116 1823 3130 1848 ,
3172 1782 3356 1839 bestiis
3382 1787 3514 1841 sub-

1925 1863 2215 1916 rexerunt‘
2245 1903 2261 1927 ,
2306 1864 2514 1933 ignibus
2565 1882 3010 1939 consmnpserunt
3040 1888 3052 1924 :
3088 1872 3204 1929 haec
3232 1877 3407 1931 omnia
3434 1877 3515 1932 fe-

1924 1963 2150 2021 cerunt;
2180 1955 2272 2010 sed
2302 1972 2405 2012 non
2432 1973 2527 2014 eos
2554 1960 2770 2015 tradidit
2800 1962 2938 2017 Deus
2962 1967 3332 2034 peccatoribus
3357 2011 3368 2032 ,
3393 1973 3513 2040 quia

1923 2061 2029 2101 non
2057 2057 2180 2104 sunt
2201 2049 2376 2104 traditi
2407 2065 2437 2106 a
2468 2051 2734 2109 desiderio
2761 2071 2878 2110 suo.
2899 2055 3028 2113 lllud
3057 2075 3183 2129 ergo
3206 2078 3320 2125 ora,
3341 2081 3480 2134 quau
3498 2097 3512 2108 ο

1923 2147 2032 2194 ιιιιη
2064 2150 2232 2212 potes,
2256 2153 2312 2198 ut
2339 2160 2367 2199 a
2398 2143 2667 2202 desiderio
2697 2157 2788 2204 tuo
2817 2165 2922 2204 non
2956 2161 3007 2206 te
3035 2153 3364 2212 tradatDeus
3394 2175 3515 2227 pec.

1921 2232 2108 2286 calori.
2129 2232 2208 2287 Tu
2235 2235 2375 2288 enim
2393 2235 2660 2293 desiderio
2688 2247 2779 2294 tuo
2807 2240 2980 2295 locum
3001 2242 3214 2298 diabolo
3240 2247 3357 2304 das.
3379 2250 3514 2306 Ecce

1922 2324 2061 2377 enim
2093 2324 2334 2379 diabolus
2361 2329 2637 2397 proposuit
2664 2330 2888 2395 lucrum,
2920 2341 2973 2386 et
3005 2333 3243 2390 invitavit
3271 2337 3337 2390 ad
3365 2340 3510 2392 frau-

1921 2411 2042 2466 dem
2075 2430 2088 2465 :
2124 2415 2325 2469 luermu
2351 2416 2548 2473 habere
2571 2435 2673 2473 non
2707 2429 2876 2488 potes,
2903 2422 3000 2476 nisi
3031 2409 3265 2478 fraudein
3296 2426 3506 2485 feceris.

1919 2503 2022 2560 Sed
2049 2506 2252 2562 lucrum
2275 2523 2397 2563 esca
2415 2519 2514 2575 est,
2537 2509 2677 2564 fraus
2702 2511 2940 2582 laqUeus.
2960 2513 3048 2568 Sic
3073 2517 3289 2572 attende
3304 2534 3506 2587 escam,

1921 2607 1978 2652 ut
1997 2599 2174 2654 videas
2191 2610 2244 2655 et
2273 2601 2518 2671 laqueum
2541 2621 2553 2656 :
2574 2605 2694 2674 quia
2723 2605 2927 2660 lucrum
2958 2622 3064 2662 non
3090 2620 3242 2678 potes
3263 2612 3504 2683 adipisci,

1919 2689 2019 2744 nisi
2048 2690 2281 2746 fraudem
2312 2693 2530 2757 feceris;
2555 2693 2788 2750 fraudem
2816 2705 2994 2752 autem
3023 2699 3066 2753 si
3097 2699 3305 2766 feceris,
3325 2705 3504 2773 capie-

1919 2781 2010 2834 ris.
2043 2781 2156 2837 Non
2187 2784 2308 2838 ideo
2333 2784 2474 2851 dico,
2499 2787 2746 2856 capieris,
2773 2790 2894 2858 quia
2926 2789 3210 2848 invenieris
3231 2809 3244 2846 :
3264 2794 3508 2863 aliquau-

1916 2871 1986 2925 do
2009 2873 2148 2927 enim
2179 2889 2282 2929 non
2316 2875 2621 2945 invenieris,
2640 2878 2736 2934 sed
2757 2880 2825 2934 ab
2853 2880 3181 2950 hominibus;
3201 2887 3450 2956 numquid
3473 2903 3504 2944 a

1917 2965 2098 3020 Deo’?
2118 2966 2378 3036 Capieris,
2403 2978 2457 3024 et
2482 2970 2729 3038 traheris,
2757 2981 2811 3028 et
2836 2974 3114 3030 occideris.
3147 2977 3331 3032 Omnis
3360 2981 3502 3034 enim

1915 3055 2002 3126 qui
2035 3058 2156 3111 talia
2187 3056 2332 3127 facit,
2364 3059 2579 3129 perimit
2604 3061 2860 3132 seipsum.
2892 3064 2965 3118 lbi
2996 3073 3080 3120 est
3108 3081 3235 3137 ergo
3262 3084 3404 3132 esca,
3429 3070 3501 3124 ibi

1913 3157 1997 3202 est
2023 3159 2076 3203 et
2099 3148 2354 3220 laqueus;
2388 3149 2536 3206 frena
2563 3151 2908 3220 desiderium,
2938 3164 2993 3210 et
3021 3173 3125 3210 non
3154 3157 3314 3213 cades
3340 3159 3390 3212 iu
3421 3159 3501 3212 la-

1913 3253 2106 3308 qucum
2140 3257 2153 3293 :
2187 3241 2231 3295 si
2275 3252 2452 3296 autem
2483 3242 2671 3299 vicerit
2700 3253 2752 3299 te
2779 3243 3104 3301 desiderium
3135 3263 3272 3304 escae
3295 3291 3307 3313 ,
3343 3251 3503 3306 mittit

1913 3329 2006 3384 tibi
2034 3331 2226 3385 collum
2256 3333 2305 3386 in
2325 3332 2593 3402 laqueum,
2615 3342 2667 3388 et
2684 3336 2855 3404 capiet
2885 3347 2937 3392 te
2957 3352 3154 3407 auceps
3179 3340 3503 3399 animarum.

1912 3419 1967 3473 Ν
1970 3437 1997 3475 c
2023 3422 2195 3475 tradas
2221 3438 2298 3476 me
2317 3439 2348 3476 a
2369 3423 2614 3479 desiderio
2635 3442 2742 3480 meo
2768 3429 3037 3497 percolari.
3069 3429 3196 3486 lude
3225 3432 3499 3487 inumbra-

1911 3519 1998 3566 tur
2021 3512 2071 3565 in
2101 3511 2188 3566 die
2214 3512 2354 3568 belli.
2387 3514 2712 3570 Desiderium
2744 3518 2886 3573 enim
2915 3528 3078 3575 {estus
3106 3522 3256 3589 facit;
3281 3525 3497 3578 umbra-

1909 3604 2085 3657 culum
2113 3615 2290 3659 autem
2318 3605 2526 3661 Domini
2565 3618 2822 3678 temperat
2849 3610 3168 3668 desiderium
3193 3655 3206 3678 ,
3237 3626 3295 3670 ut
3322 3619 3496 3685 possi-

1908 3708 2025 3745 mus
2070 3693 2339 3749 refrenare
2365 3711 2470 3764 quo
2498 3696 2836 3766 rapiebamur
2855 3741 2870 3765 ,
2902 3710 2958 3754 ut
2997 3717 3100 3755 non
3131 3704 3200 3758 ita
3228 3717 3494 3763 exaestue-

1908 3797 2024 3836 mus
2047 3824 2062 3849 ,
2094 3792 2150 3837 ut
2173 3783 2238 3836 ad
2265 3784 2508 3854 laqueum
2533 3788 2906 3856 perducamur.
2938 3790 3288 3862 Cogitaveruut
3310 3799 3493 3852 adver-

1905 3889 2016 3927 sum
2046 3891 2162 3940 me;
2191 3892 2252 3928 ne
2275 3876 2590 3948 derelinquas
2615 3896 2693 3933 me
2716 3922 2730 3946 ,
2762 3898 2823 3934 ne
2843 3886 2972 3953 forte
2995 3886 3292 3941 exaltentur.
3319 3889 3493 3946 Habes

1905 3965 2009 4018 alio
2053 3966 2171 4020 loco
2204 3982 2219 4019 :
2255 3967 2355 4033 Qui
2381 3985 2459 4022 me
2485 3982 2714 4039 premunt
2738 3975 3058 4028 exsultabant
3096 3977 3139 4030 si
3165 3988 3326 4034 motus
3350 3981 3494 4049 {mro

1907 4053 2075 4126 (Psal.
2109 4071 2201 4120 xu,
2232 4056 2306 4127 5).
2341 4058 2496 4114 Tales
2524 4069 2727 4116 suntet
2758 4063 2861 4128 isti,
2891 4066 3010 4135 quia
3040 4068 3158 4122 talis
3187 4081 3268 4123 ρει
3297 4079 3350 4124 et
3379 4071 3503 4141 ipse-

1903 4146 2166 4202 diabolus.
2197 4147 2418 4215 Quando
2443 4154 2712 4207 seduxerit
2741 4155 3031 4220 hominem,
3063 4159 3274 4227 gaudet,
3303 4162 3496 4218 tritan-

1904 4238 2029 4306 pliat
2059 4239 2125 4295 dc
2152 4240 2240 4294 illo
2265 4257 2280 4308 ;
2313 4242 2574 4297 exaltalur
2599 4244 2713 4315 ipse
2737 4286 2751 4310 ,
2784 4247 2904 4316 quia
2936 4248 3022 4303 ille
3052 4249 3354 4306 humiliatus
3384 4263 3488 4309 est.

1902 4331 2077 4398 Quare
2107 4342 2281 4386 autem
2313 4334 2401 4389 ille
2427 4334 2734 4392 luuuiliatus
2760 4349 2838 4393 est
2860 4339 2883 4391 ?
2909 4341 3039 4406 Quia
3069 4344 3204 4397 male
3229 4347 3492 4401 exaltatus

1905 4421 1999 4478 fuit
2025 4441 2034 4474 :
2062 4433 2118 4478 et
2148 4425 2234 4480 ille
2260 4427 2346 4494 qui
2375 4426 2441 4482 de
2473 4427 2560 4481 illo
2590 4429 2896 4501 triumphat,
2923 4432 3302 4490 lmmiliabitur.
3332 4437 3491 4494 Tales

1902 4523 2024 4568 sunt
2068 4517 2207 4570 enim
2255 4531 2442 4572 omnes
2488 4520 2577 4590 qui
2619 4522 2854 4590 gaudent
2896 4523 2964 4578 de
3011 4525 3189 4592 malo;
3244 4527 3494 4584 videntur

1901 4607 2001 4662 sibi
2046 4608 2111 4662 ad
2156 4619 2363 4679 tempus
2405 4611 2660 4680 gloriari,
2709 4617 3024 4685 superbire,
3066 4621 3332 4677 cervicem
3378 4623 3491 4679 erl-

1899 4713 2045 4766 gere.
2092 4699 2204 4754 Non
2257 4716 2354 4756 vos
2394 4702 2620 4758 delectet
2666 4707 2921 4760 cxaltatio
2960 4708 2981 4740 ³
3027 4725 3250 4776 eorum;
3303 4728 3487 4772 escam

1902 4789 2096 4844 habent
2125 4792 2174 4845 iu
2218 4791 2456 4848 faucibus
2485 4804 2537 4848 et
2567 4793 2782 4850 hamum
2818 4815 2832 4852 :
2868 4799 2938 4852 ibi
2980 4809 3061 4855 est
3089 4817 3194 4871 quo
3219 4803 3493 4860 delectan-

1902 4890 2004 4944 tur,
2030 4881 2098 4934 ibi
2125 4893 2207 4936 est
2234 4899 2337 4952 quo
2365 4885 2665 4939 tralmutur.
2702 4887 2786 4941 Ne
2813 4889 3128 4959 derelinquas
3154 4911 3250 4961 me,
3274 4913 3336 4949 ne
3361 4901 3492 4967 forte

1899 4974 2179 5027 rma/tentur
2207 4992 2224 5030 :
2262 4975 2310 5030 id
2339 4984 2440 5044 est,
2465 4993 2570 5031 nou
2595 4977 2660 5032 de
2689 4995 2775 5034 me
2807 4981 3150 5052 triumphent,
3176 5003 3278 5041 non
3305 4987 3372 5042 de
3401 5004 3491 5044 mo

1899 5063 2180 5132 gaudeant.

1971 5154 2058 5207 l5.
2095 5153 2258 5225 [vers..
2279 5154 2389 5228 l0.]
2421 5156 2584 5228 Caput
2601 5159 2838 5215 circuitus
2867 5178 3056 5230 eorum,
3076 5165 3218 5219 labor
3241 5166 3490 5223 labiorum

1899 5244 2119 5314 ipsorum
2149 5255 2277 5316 teget
2311 5261 2414 5300 eos.
2445 5248 2526 5302 Me
2549 5290 2564 5316 ,
2594 5249 2799 5320 inquit,
2833 5254 3016 5309 umbra
3043 5256 3244 5310 alarum
3277 5267 3486 5314 tuarum

1900 5344 2041 5405 teget
2072 5353 2086 5390 :
2119 5338 2444 5394 obumbrasti
2471 5342 2610 5396 enim
2640 5344 2769 5399 mihi
2801 5346 2850 5400 in
2892 5347 2978 5402 die
3008 5349 3152 5404 belli.
3185 5350 3330 5418 Ipsos
3358 5355 3483 5422 quid

1899 5426 2080 5496 teget?
2106 5427 2268 5499 Caput
2294 5430 2530 5487 circuitus
2555 5451 2724 5488 eorum
2755 5453 2774 5490 :
2808 5439 2917 5506 ipsa
2948 5449 3030 5494 est
3056 5444 3300 5510 superbia
3345 5446 3485 5512 Quid

1896 5529 1980 5576 est
2001 5562 2014 5586 ,
2043 5523 2278 5578 circuitus
2298 5524 2525 5594 ipsorum
2545 5529 2571 5581 Ρ
2600 5527 2668 5582 Ut
2692 5529 3017 5586 circumeant
3039 5574 3053 5601 ,
3085 5542 3138 5589 et
3165 5549 3271 5590 non
3297 5546 3441 5592 stent
3465 5556 3481 5605 ;

1961 5657 1975 5687 ί
2003 5661 2076 5703 Fr.
2103 5656 2246 5719 Lugd.
2276 5665 2393 5706 ven.
2413 5665 2463 5708 et
2483 5667 2591 5710 Lov.
2618 5659 2922 5719 subjererunt
2961 5672 3016 5714 ιιι.

1934 5720 1976 5786 ,³
2001 5719 2072 5788 sic
2098 5725 2203 5767 Mss.
2231 5727 2284 5769 At
2321 5720 2455 5781 Edd.,
2485 5722 2571 5772 sed
2597 5721 2660 5771 ab
2691 5719 2973 5786 hominibus,
2997 5739 3028 5776 a
3075 5735 3170 5778 mo
3204 5735 3368 5780 autem
3402 5747 3480 5781 ra-

1895 5793 2058 5842 piens,
2075 5788 2180 5829 etc..

1961 5842 1979 5872 -‘
2004 5850 2086 5890 Am
2111 5850 2161 5892 et
2188 5841 2354 5906 plures
2377 5851 2505 5910 itis,
2528 5844 2800 5900 exsultatio.
