4042 6202
543 369 676 426 1811

541 487 596 544 lu
618 501 806 559 gyrum
833 491 956 539 onht
983 480 1202 543 erroris,
1224 477 1311 532 uhl
1338 478 1437 532 iter
1461 483 1544 531 cst
1571 475 1688 529 sine
1714 473 1834 527 line.
1859 471 1957 540 Qui
1978 471 2119 526 enim

540 581 594 636 in
625 579 838 650 longum
867 577 928 640 it,
949 572 1192 630 alicunde
1217 569 1421 639 incipit,
1443 567 1634 622 alicubi
1666 565 1779 619 linit
1803 581 1815 617 :
1839 564 1928 633 qui
1955 562 2007 616 in
2027 577 2124 634 gy—

539 687 658 726 rum
685 670 728 726 Et
747 709 764 736 ,
796 681 1054 737 nusquam
1086 664 1217 718 linit.
1249 663 1366 732 Ipse
1394 669 1476 714 est
1500 658 1650 712 labor
1675 655 1956 726 impiorum
1983 692 2000 719 ,
2032 653 2122 721 qui

538 762 934 817 demonstratur
975 759 1027 812 in
1057 757 1162 812 alio
1193 754 1396 826 psalmo
1441 751 1738 808 evidentius
1771 767 1784 803 :
1816 749 1881 802 In
1911 748 2122 801 circuitu

536 855 684 924 impii
709 852 967 907 ambulant
993 849 1161 921 (Psal.
1193 863 1244 902 xi
1268 887 1283 912 ,
1314 845 1392 919 9).
1420 844 1524 901 Sed
1550 842 1801 898 circuitus
1825 854 2012 897 eorum
2034 854 2121 892 ca-

537 956 630 1014 put
655 987 670 1010 ,
699 943 951 1014 superbia
974 948 1057 996 est
1081 956 1096 1005 ;
1124 939 1250 1010 quia
1273 937 1482 992 initium
1506 935 1682 990 omnis
1706 931 1907 1003 peccati
1937 945 2124 998 super-

538 1037 621 1091 hia
649 1035 836 1103 (Secti.
867 1050 900 1088 x
923 1076 939 1100 ,
970 1031 1082 1100 15).
1113 1029 1266 1087 Unde
1306 1035 1482 1083 autem
1509 1025 1754 1097 superbia
1786 1023 1928 1076 labor
1955 1021 2120 1075 labio-

536 1142 650 1179 rum
676 1123 948 1194 ipsorum?
974 1121 1160 1178 Omnis
1187 1121 1328 1176 enim
1353 1117 1614 1188 superbus
1640 1116 1791 1170 tictus
1815 1121 1917 1180 est,
1946 1111 2120 1166 omnis

539 1218 695 1271 tictus
719 1214 966 1271 mendax.
993 1213 1260 1270 Laborant
1294 1211 1536 1266 homines
1562 1208 1702 1278 loqui
1733 1206 2065 1262 mendacium
2100 1222 2114 1260 :

536 1322 660 1362 nam
690 1305 967 1362 veritatem
1009 1311 1120 1360 tota
1148 1303 1400 1361 facilitate
1429 1301 1794 1372 loquerentur.
1838 1298 1930 1354 ille
1972 1297 2116 1353 enim

538 1395 746 1454 laborat
773 1398 862 1468 qui
888 1397 1037 1468 lingit
1061 1395 1200 1467 quod
1226 1394 1374 1451 dicit.
1399 1389 1531 1450 Nam
1569 1392 1661 1464 qui
1686 1406 1868 1448 verum
1893 1391 2004 1445 vult
2031 1389 2116 1446 di-

537 1502 661 1546 cere
681 1528 698 1554 .
725 1503 831 1544 non
874 1487 1078 1544 laborat
1109 1505 1122 1542 :
1155 1487 1267 1558 ipsa
1293 1486 1434 1542 enim
1460 1484 1656 1540 veritas
1679 1483 1796 1540 sine
1825 1481 2006 1538 labore
2032 1481 2118 1537 lo~

535 1581 737 1653 quitur.
782 1581 857 1636 De
881 1579 1096 1636 homine
1120 1593 1248 1649 ergo
1273 1577 1376 1634 hoc
1399 1576 1531 1632 dixit
1567 1576 1677 1632 Deo
1709 1591 1724 1629 :
1757 1574 1839 1630 Me
1878 1581 2120 1644 proteget

537 1672 901 1728 umbraculum
931 1681 1108 1738 tuum;
1139 1670 1283 1741 ipsos
1311 1677 1450 1740 teget
1473 1668 1805 1724 mendacium
1833 1667 2112 1738 ipsorum:

534 1764 628 1818 sed
656 1765 828 1834 ipsum
855 1762 1189 1820 mendacium
1233 1761 1512 1832 ipsorum,
1544 1759 1694 1816 labor
1734 1768 1816 1816 est
1852 1759 2116 1816 labiorum

534 1855 792 1924 ipsorum.
819 1854 951 1910 Ecce
975 1855 1239 1925 parturivit
1262 1853 1582 1922 injustitiam,
1611 1853 1837 1923 concepit
1865 1853 2112 1918 dolorem,

533 1955 584 1999 et
609 1946 799 2015 peperit
837 1945 1148 2015 iniquitatem
1177 1943 1350 2012 (Psal.
1381 1957 1452 1998 vn
1478 1981 1494 2010 ,
1525 1941 1640 2012 15).
1683 1940 1740 1997 In
1783 1941 1928 1998 omni
1970 1941 2113 1998 enim

531 2051 697 2104 opere
722 2035 861 2090 malo
887 2034 1034 2089 labor
1049 2043 1152 2099 est,
1171 2043 1223 2091 et
1248 2048 1406 2089 omne
1422 2047 1556 2102 opus
1580 2032 1778 2087 malum
1803 2032 2115 2103 cogitatum,

533 2127 866 2182 mendacium
891 2127 1081 2183 ducem
1112 2125 1290 2182 habet.
1320 2125 1433 2182 Non
1465 2125 1606 2182 enim
1632 2135 1716 2181 est
1743 2125 1938 2181 veritas
1959 2166 1976 2190 ,
2009 2123 2113 2181 nisi

532 2210 586 2270 iu
613 2232 776 2285 opere
804 2217 964 2272 bono.
993 2218 1060 2273 Et
1087 2226 1365 2288 propterea
1391 2217 1511 2289 quia
1539 2232 1727 2273 omnes
1769 2217 2017 2274 laborant
2055 2217 2109 2274 in

530 2310 830 2377 mendacio,
863 2311 1070 2368 Veritas
1096 2313 1220 2383 quid
1251 2313 1540 2379 clamavit?
1573 2312 1747 2369 Venite
1773 2313 1842 2368 ad
1868 2331 1968 2382 me,
1997 2330 2110 2370 om-

529 2415 616 2452 nes
657 2400 743 2467 qui
783 2399 1021 2456 laboratis
1065 2411 1114 2457 et
1160 2403 1353 2458 onerati
1377 2404 1494 2458 estis
1517 2437 1534 2470 ,
1565 2411 1613 2458 et
1639 2412 1731 2474 ego
1771 2405 1997 2474 reﬁciam
2024 2421 2112 2460 vos

528 2489 742 2558 (Matth.
789 2509 840 2548 xi
865 2534 880 2559 ,
911 2493 1028 2565 28).
1073 2495 1190 2566 Ipsa
1219 2505 1302 2551 est
1325 2510 1426 2551 vox
1452 2495 1688 2551 clamans
1711 2494 1780 2551 ad
1808 2495 2110 2553 laborantes

528 2583 582 2636 iu
611 2583 716 2638 alio
745 2585 947 2655 psalmo
979 2603 992 2639 :
1026 2585 1150 2641 Filii
1191 2587 1448 2641 hominum
1472 2604 1725 2658 usquequo
1750 2589 1892 2659 gravi
1918 2588 2068 2643 corde
2085 2590 2112 2644 Ρ

528 2675 706 2744 utquid
735 2675 943 2748 diligitis
968 2677 1253 2744 vanitatem,
1278 2687 1324 2732 ct
1349 2677 1570 2748 quazritis
1594 2677 1909 2732 mendacium
1937 2675 2106 2749 (Psal.

527 2777 582 2822 tv
605 2809 620 2831 ,
653 2766 768 2838 3)?
797 2770 993 2838 Aperte
1017 2769 1138 2823 audi
1167 2769 1272 2824 alio
1298 2769 1416 2824 loco
1443 2768 1678 2825 laborem
1704 2769 1756 2825 in
1786 2768 2062 2826 mendacio
2092 2786 2106 2826 :

529 2857 821 2913 Docuerunt
850 2859 1048 2930 linguas
1063 2875 1182 2914 suas
1206 2859 1342 2930 loqui
1366 2859 1713 2924 mendacium;
1729 2869 1782 2914 ut
1804 2859 1973 2929 inique
1994 2875 2112 2932 age-

527 2959 638 3003 rent
665 2949 1013 3005 laboraverunt
1041 2949 1252 3023 (Jerem.
1279 2966 1353 3020 lx,
1372 2950 1450 3014 5).
1469 2949 1633 3023 Caput
1655 2952 1891 3008 circuitus
1915 2967 2106 3020 eorum,

527 3042 670 3100 labor
689 3041 940 3098 labiorum
958 3044 1183 3114 ipsorum
1203 3052 1330 3116 leget
1349 3061 1453 3100 eos.

600 3133 688 3190 14.
719 3131 871 3206 [vers.
905 3133 1017 3208 11.]
1046 3135 1288 3192 Deeident
1327 3153 1483 3208 supra
1509 3153 1594 3194 eos
1620 3139 1856 3194 carbones
1883 3139 2015 3212 ignis
2057 3140 2110 3195 in

529 3231 663 3277 terra
685 3264 702 3289 ,
729 3233 776 3277 et
802 3224 1006 3296 dejicies
1029 3241 1132 3281 eos.
1159 3224 1294 3293 Quid
1322 3235 1404 3282 est
1426 3266 1442 3292 ,
1469 3226 1523 3281 in
1564 3236 1697 3283 terra
1717 3227 1744 3282 ἲ
1769 3223 1867 3284 Hic
1889 3269 1906 3295 ,
1936 3229 2112 3286 adhuc

527 3312 583 3366 in
609 3311 710 3368 hac
733 3314 837 3369 vita
864 3331 880 3380 ;
911 3315 1000 3371 hic
1021 3331 1177 3386 supra
1203 3317 1319 3372 illos
1347 3316 1574 3372 decident
1599 3317 1838 3374 carbones
1865 3319 1997 3390 ignis
2021 3361 2037 3386 ,
2065 3329 2110 3375 et

527 3404 732 3473 dejiciss
747 3419 850 3459 eos.
867 3404 968 3472 Qui
990 3415 1113 3460 sunt
1127 3407 1364 3462 carbones
1387 3407 1553 3478 ignis?
1566 3406 1820 3464 Novimus
1847 3408 1977 3465 istos
1991 3425 2112 3466 car-

526 3494 714 3550 bones.
745 3495 824 3550 An
851 3495 939 3551 alii
983 3507 1106 3552 sunt
1136 3498 1260 3564 isti,
1291 3507 1344 3554 et
1368 3497 1458 3554 alii
1487 3499 1565 3554 illi
1609 3500 1675 3555 de
1701 3501 1892 3572 quibus
1917 3503 2110 3560 dicturl

526 3589 754 3643 smnus?
783 3587 916 3644 lstos
940 3589 1084 3645 enim
1109 3589 1264 3646 video
1286 3590 1353 3646 ad
1380 3605 1591 3661 pinnam
1619 3592 1832 3658 valere;
1866 3593 1985 3650 illos
2012 3610 2110 3650 au-

528 3689 636 3733 tem
662 3694 796 3749 quos
820 3689 1334 3744 commemoraturus
1358 3695 1500 3750 sum,
1530 3683 1597 3739 ad
1625 3684 1872 3740 salutem.
1902 3686 2109 3742 Dictum

526 3778 611 3823 est
634 3769 774 3825 enim
802 3769 870 3825 de
893 3770 1206 3841 quihusdam
1235 3772 1556 3829 carbonibus
1578 3815 1594 3842 ,
1622 3789 1744 3830 cum
1769 3773 1930 3831 homo
1961 3785 2110 3846 pete-

526 3873 611 3918 ret
633 3861 912 3918 adversnm
938 3864 1169 3934 linguam
1193 3864 1467 3921 subdolam
1492 3865 1782 3920 auxilium:
1808 3865 1942 3933 Quid
1967 3868 2114 3921 detur

529 3954 636 4016 tibi,
666 3963 753 4007 aut
775 3953 896 4023 quid
923 3953 1192 4024 adjiciatur
1218 3956 1304 4009 tibi
1331 3955 1399 4009 ad
1422 3955 1647 4026 linguam
1670 3955 1977 4012 subdolam?
2007 3956 2112 4012 Sa-

529 4045 668 4113 gitta:
695 4045 909 4114 potentis
931 4057 1096 4101 acules
1118 4087 1132 4112 ,
1164 4063 1278 4100 cum
1312 4046 1605 4102 carbonibus
1631 4049 1910 4102 vastatoriis
1936 4047 2109 4118 (Psal.

528 4151 649 4189 exix
675 4175 691 4199 ,
722 4137 755 4191 5
779 4177 800 4203 ,
826 4135 880 4208 4)
915 4155 928 4192 :
961 4137 1011 4192 id
1037 4146 1120 4194 est
1141 4177 1163 4205 ,
1191 4138 1349 4194 verba
1377 4139 1468 4194 Dei
1496 4153 1589 4196 cor
1631 4139 1988 4211 transﬁgentia
2015 4181 2031 4208 ,
2059 4149 2114 4198 et

531 4236 849 4288 vetustatem
903 4230 1215 4299 perimentia
1240 4270 1254 4294 ,
1307 4245 1651 4302 amoremque
1698 4230 2004 4303 gignentia;
2061 4240 2117 4288 et

531 4320 772 4389 exempla
800 4318 1072 4376 hominum
1099 4322 1188 4392 qui
1214 4323 1406 4378 mortui
1432 4333 1582 4380 erant
1606 4333 1662 4381 et
1685 4324 2032 4392 revixerunt,
2063 4333 2118 4381 et

533 4410 668 4480 nigri
714 4419 898 4477 crant,
927 4421 982 4466 et
1009 4411 1266 4482 fulgentes
1294 4413 1464 4470 ell‘ccti
1491 4424 1634 4470 sunt.
1683 4415 1950 4472 Carboncs
1974 4416 2116 4472 enim

534 4499 772 4556 tenebras
813 4509 974 4568 sunt;
1006 4502 1155 4558 color
1181 4503 1394 4559 indicat.
1421 4502 1526 4561 Sed
1554 4521 1674 4560 cum
1702 4505 1768 4560 ad
1798 4521 1892 4563 eos
1935 4521 2118 4564 ncces.

537 4590 668 4644 serit
694 4589 905 4646 ﬂamma
930 4592 1223 4658 charitatis,
1253 4602 1308 4649 et
1334 4609 1400 4648 ex
1429 4596 1652 4649 mortuis
1680 4596 1988 4660 revixerint,
2021 4613 2118 4652 au-

540 4678 692 4733 diant
731 4680 800 4734 ab
825 4682 1082 4752 Apostolo
1113 4700 1127 4736 ε
1163 4683 1356 4738 Fuistis
1391 4684 1522 4738 enim
1559 4684 1832 4752 aliquando
1868 4687 2117 4753 tenebrae,

541 4788 676 4825 nunc
701 4781 867 4828 autent
886 4775 976 4829 lux
999 4777 1052 4829 in
1079 4775 1294 4830 Domino
1321 4776 1533 4848 (Ephes.
1558 4792 1610 4842 v,
1631 4776 1712 4848 8).
1735 4777 1835 4846 Ipsi
1863 4785 1987 4832 sunt
2006 4793 2124 4834 car-

540 4868 730 4935 bones,
765 4867 976 4937 fratres,
1007 4885 1140 4940 quos
1170 4872 1456 4935 intuemur,
1488 4871 1701 4940 quando
1729 4871 1972 4926 volumus
2000 4887 2121 4925 mu-

539 4971 654 5014 tare
683 4961 840 5014 vitam
871 4962 1108 5017 transﬁxi
1139 4963 1325 5032 sagitta
1355 4962 1468 5027 Dei,
1487 4971 1542 5016 et
1568 4962 1861 5032 impediunt
1886 4977 1982 5018 nos
2012 4978 2123 5016 ma-

535 5051 820 5123 laﬂingua:
851 5053 1120 5108 hominum
1149 5097 1164 5121 ,
1195 5056 1263 5110 de
1287 5055 1534 5125 qualibus
1561 5055 1646 5110 hic
1672 5055 1831 5111 modo
1855 5056 2119 5126 quereba-

537 5151 659 5210 tur;
691 5155 745 5200 et
771 5147 954 5202 volunt
977 5145 1231 5202 seducere
1259 5164 1290 5202 a
1320 5148 1403 5200 via
1431 5148 1668 5203 veritatis
1692 5189 1706 5213 ,
1734 5149 2011 5218 potiusque
2036 5149 2120 5202 in-

535 5240 735 5294 ducere
757 5239 824 5294 ad
866 5254 1076 5294 errores
1101 5253 1228 5294 suos
1253 5280 1269 5303 ,
1309 5249 1363 5294 et
1390 5239 1569 5295 dicere
1596 5241 1749 5296 nobis
1777 5240 1894 5310 quia
1921 5241 1966 5295 si
1993 5256 2118 5309 pro-

535 5328 661 5384 fessi
694 5328 948 5384 fuerimus
973 5371 988 5394 ,
1021 5344 1123 5382 non
1154 5328 1508 5397 implehimus.
1551 5330 1886 5384 Attendimus
1927 5329 2119 5384 carbo-

537 5435 634 5474 nes
663 5419 803 5474 illos.
831 5420 932 5487 Qui
973 5429 1088 5474 erat
1116 5419 1230 5474 beri
1261 5419 1502 5474 ebriosus
1527 5462 1543 5486 ,
1577 5419 1736 5476 hodie
1763 5419 1971 5475 sobrius
1995 5429 2115 5486 est;

533 5511 623 5578 qui
651 5521 766 5566 erat
791 5511 905 5565 heri
931 5511 1141 5566 adulter
1163 5553 1179 5577 ,
1209 5509 1367 5565 hodie
1392 5520 1571 5565 castus
1599 5519 1720 5576 est;
1747 5510 1836 5580 qui
1862 5519 1976 5565 erat
2002 5510 2118 5565 heri

536 5607 741 5670 raptor,
760 5599 918 5655 hodie
943 5601 1190 5672 largitor:
1211 5614 1398 5655 omnes
1423 5600 1508 5654 isti
1531 5600 1790 5654 carbones
1817 5599 1952 5672 ignis
1971 5609 2114 5654 sunt.

536 5694 813 5750 Accedunt
845 5698 1085 5766 exeiupla
1129 5696 1419 5751 carbonum
1467 5694 1532 5750 ad
1569 5694 1758 5748 vulnus
1805 5695 2112 5764 sagittarum

535 5791 671 5856 (non
699 5787 836 5842 enim
886 5789 1100 5844 timeam
1142 5789 1319 5844 dicere
1361 5788 1545 5843 vulnus
1571 5827 1586 5856 ,
1619 5805 1738 5844 cum
1781 5787 1974 5842 clamet
2002 5787 2111 5858 ipsa

1777 354 1832 411 S.
1873 345 2236 409 AUGUSTINI
2277 349 2573 408 EPISCOPI

2183 456 2194 463 ’
2233 487 2426 542 sponsa
2461 491 2474 529 :
2517 471 2790 528 Vulnerata
2819 475 3059 529 cltaritnle
3083 489 3174 545 ego
3200 451 3310 528 sunt
3341 471 3506 545 lCant.
3539 489 3596 539 It,
3629 473 3680 533 5.
3708 492 3800 528 sec.

3679 356 3800 414 1812

2229 566 2443 638 Ι.ΧΧ]),
2462 577 2516 622 et
2538 567 2595 622 lit
2620 567 2689 623 ibi
2720 567 2942 621 vastatio
2968 567 3102 631 leni;
3131 575 3347 635 promer
3375 565 3517 636 qund
3546 575 3601 620 et
3619 565 3800 620 dicun-

2229 667 2316 713 tur
2340 660 2600 714 carbones
2640 659 2932 713 vastatorii.
2964 657 3212 712 Vastatur
3241 657 3418 712 fenum
3443 697 3458 720 ,
3491 655 3584 710 sed
3616 672 3801 725 purga-

2230 759 2315 804 tur
2335 765 2524 804 aurum
2550 767 2565 815 ;
2593 760 2646 806 et
2671 757 2841 804 mutat
2881 748 3043 804 homo
3069 764 3131 802 ex
3164 758 3337 803 morte
3360 747 3522 802 vitam
3549 788 3566 814 ,
3594 757 3648 802 et
3676 748 3804 801 inci-

2229 843 2304 913 pit
2328 857 2446 898 csse
2470 841 2630 897 etiam
2660 841 2775 912 ipse
2810 841 2970 896 carbo
3001 839 3229 912 ﬂagrans
3261 855 3274 893 :
3305 839 3480 910 qualis
3508 839 3670 894 carbo
3693 849 3806 893 crat

2228 933 2534 1002 Apostolus,
2562 932 2650 1002 qui
2679 931 2826 1003 prius
2850 930 2950 986 fuit
2977 938 3288 1002 persecutor
3315 938 3369 984 et
3387 927 3730 998 blaSphcmus
3756 937 3807 982 et

2226 1019 2510 1092 lajuriosus
2532 1065 2548 1090 ,
2589 1025 2738 1094 niger
2763 1033 2817 1079 et
2857 1023 3187 1088 exstinctus;
3217 1020 3635 1077 miscricordiam
3681 1037 3807 1076 vero

2224 1126 2542 1173 consecutus
2570 1112 2614 1188 (1
2647 1116 2778 1171 Tim.
2806 1132 2845 1184 ι,
2877 1116 2991 1186 15),
3019 1130 3277 1170 accensus
3301 1123 3384 1170 est
3406 1113 3475 1170 de
3503 1113 3642 1170 coalo
3666 1131 3680 1168 :
3707 1129 3803 1191 vox

2223 1209 2421 1268 Christi
2445 1211 2688 1267 accendit
2712 1211 2888 1273 illum;
2909 1210 3066 1281 periit
3090 1210 3141 1264 in
3163 1224 3230 1265 eo
3258 1217 3366 1265 tota
3391 1207 3678 1280 nigritudo,
3697 1223 3804 1263 cm-

2224 1302 2301 1373 pit
2325 1301 2536 1359 fervens
2562 1303 2749 1373 spiritu
2776 1317 2882 1374 quo
2906 1300 3318 1371 accendebatur,
3347 1299 3660 1357 accendere.
3695 1301 3800 1356 Ta.

2225 1393 2303 1449 les
2330 1409 2457 1465 ergo
2483 1403 2537 1450 et
2563 1395 2648 1450 hic
2678 1393 2993 1451 intellecturi
3021 1408 3206 1449 sumus
3231 1391 3492 1448 carbones
3522 1391 3683 1462 ignis,
3715 1391 3802 1462 qui

2221 1484 2417 1542 cadunt
2454 1501 2616 1556 super
2645 1486 2776 1541 istos
2817 1485 3025 1554 malos,
3053 1493 3108 1541 et
3145 1483 3399 1555 dejiciunt
3443 1484 3607 1540 illos?
3635 1481 3801 1540 Plane

2221 1593 2325 1633 non
2353 1577 2696 1648 prohibemur
2723 1577 2864 1633 hunc
2893 1577 3090 1634 habere
3114 1575 3466 1632 intellectum.
3511 1574 3685 1631 Video
3719 1576 3800 1631 hic

2221 1669 2373 1724 nobis
2395 1669 2698 1726 elucescere
2721 1684 2828 1725 non
2853 1667 3255 1739 improbabilem
3282 1674 3337 1722 et
3360 1665 3802 1736 irreprehcnsihi-

2219 1757 2323 1815 lem
2351 1760 2669 1816 sententiam
2694 1776 2710 1816 :
2733 1759 2968 1830 intelligo
2991 1758 3112 1814 illos
3135 1757 3395 1815 carbones
3419 1756 3614 1812 cadere
3638 1771 3805 1826 super

2219 1851 2350 1908 istos
2371 1893 2388 1919 ,
2435 1861 2492 1907 ut
2517 1851 2851 1922 dejiciantur.
2898 1850 2955 1906 In
2983 1850 3118 1906 alios
3146 1849 3289 1906 enim
3319 1849 3576 1914 veniunt,
3623 1857 3684 1902 ut
3713 1864 3800 1903 ac-

2217 1944 2548 2010 cendantur;
2580 1945 2632 2000 in
2659 1944 2793 2000 alios
2815 1985 2831 2009 ,
2857 1953 2915 1999 ut
2935 1943 3251 2014 dejiciantur
3283 1958 3297 1997 :
3330 1943 3443 2012 ipse
3467 1942 3610 1996 enim
3635 1941 3804 1997 carbo

2215 2035 2444 2103 dicebat,
2467 2035 2780 2104 Quibusdam
2803 2050 2974 2090 sumus
3003 2034 3128 2088 odor
3156 2034 3330 2087 mortis
3356 2032 3408 2086 in
3432 2041 3666 2097 mortem,
3692 2032 3804 2102 qui-

2215 2128 2425 2182 busdam
2451 2144 2624 2184 sumus
2649 2127 2774 2182 odor
2801 2127 2914 2182 vitta
2939 2127 2991 2181 in
3016 2126 3169 2180 vitam
3209 2123 3275 2196 (ll
3301 2123 3420 2181 Cor.
3447 2139 3482 2179 ιι
3506 2163 3524 2191 ,
3553 2125 3672 2194 16).
3710 2124 3800 2177 Vi-

2215 2217 2343 2275 dent
2365 2219 2507 2295 enim
2534 2219 2707 2289 justas
2735 2217 3068 2273 ﬂammantes
3097 2217 3306 2288 spiritu,
3337 2214 3628 2272 candentes
3659 2215 3797 2278 luce,

2213 2319 2268 2364 et
2308 2310 2388 2364 eis
2413 2307 2696 2365 invidendo
2724 2308 2960 2376 cadunt;
2993 2307 3094 2362 hoc
3129 2316 3210 2363 est
3247 2306 3388 2378 quod
3415 2306 3798 2376 supervenient

2213 2401 2318 2457 illis
2344 2401 2602 2457 carbones
2632 2401 2768 2473 ignis
2797 2400 2848 2456 in
2882 2409 3044 2466 terra,
3074 2406 3129 2456 et
3156 2397 3494 2469 dejicientur.
3524 2396 3663 2464 Quid
3697 2408 3795 2462 est,

2212 2492 2266 2546 in
2294 2493 2464 2548 terra?
2483 2492 2670 2549 Adhuc
2693 2488 2781 2548 hic
2803 2501 2927 2548 sunt
2952 2492 3004 2548 in
3032 2491 3132 2546 hac
3160 2491 3294 2557 vita;
3317 2498 3539 2560 excepta
3567 2490 3659 2544 illa
3689 2504 3796 2559 po:-

2215 2600 2280 2640 na
2309 2600 2429 2657 qua:
2452 2593 2696 2642 servatur
2725 2584 2900 2654 impiis
2925 2625 2942 2652 ,
2968 2583 3228 2639 carbones
3255 2581 3341 2636 isti
3371 2579 3492 2636 illos
3515 2580 3793 2650 dejiciunt,

2212 2685 2495 2749 antequam
2515 2675 2692 2733 veniat
2711 2675 2845 2748 ignis
2859 2683 3088 2730 aeternus
3107 2690 3120 2727 :
3141 2672 3384 2731 Decident
3407 2687 3559 2743 super
3586 2687 3672 2726 eos
3690 2688 3796 2725 car-

2213 2766 2362 2822 bones
2379 2767 2510 2838 ignis
2536 2767 2588 2820 in
2613 2775 2766 2832 terra,
2785 2775 2830 2820 et
2855 2765 3084 2836 dejicienl
3109 2780 3211 2818 eos.
3233 2761 3300 2817 In
3324 2762 3539 2817 miseriis
3565 2778 3669 2816 non
3684 2761 3795 2816 sub-

2211 2865 2405 2914 sistent.
2431 2858 2589 2914 Venit
2613 2858 2714 2912 illis
2739 2857 2951 2913 miseria
2981 2865 3035 2912 et
3060 2870 3167 2910 non
3193 2854 3422 2910 tolerant
3452 2867 3468 2907 ε
3496 2852 3678 2923 justus
3700 2867 3794 2905 an-

2213 2959 2320 3006 tem
2347 2949 2626 3016 subsistit;
2659 2947 2926 3020 quomodo
2954 2948 3043 3004 ille
3064 2946 3305 3002 subsistit
3326 2987 3341 3011 ,
3371 2945 3460 3016 qui
3491 2944 3625 2999 dicit
3645 2985 3662 3011 ,
3696 2943 3795 2998 Sed

2211 3046 2362 3100 etiam
2387 3046 2665 3118 gloriamur
2688 3046 2740 3100 in
2763 3042 3190 3109 tribulationibus,
3217 3042 3427 3098 scientes
3447 3041 3690 3112 quoniam
3711 3041 3795 3092 tri-

2213 3138 2400 3192 bulatio
2425 3138 2716 3208 patientiam
2743 3145 3001 3206 operatur,
3025 3135 3266 3205 patientia
3293 3133 3658 3204 probationem,
3682 3149 3794 3201 proo

2211 3227 2346 3283 batio
2371 3244 2509 3298 spem
2531 3245 2551 3293 ;
2577 3243 2691 3298 spes
2719 3239 2886 3282 autem
2910 3243 3008 3281 non
3035 3224 3339 3296 confundit:
3359 3225 3600 3294 quoniam
3625 3223 3792 3276 citari.

2214 3331 2290 3376 tas
2314 3316 2409 3376 Dei
2433 3320 2623 3388 di/fusa
2649 3331 2720 3376 est
2743 3321 2794 3376 in
2819 3321 3052 3376 cordibus
3077 3319 3260 3375 nostris
3285 3335 3372 3389 per
3397 3316 3653 3388 Spiritum
3674 3334 3792 3372 san-

2213 3424 2368 3480 ctum,
2390 3415 2475 3483 qui
2501 3415 2652 3468 datus
2677 3425 2750 3469 est
2777 3413 2918 3468 nobis
2948 3410 3122 3486 (Rom.
3149 3427 3202 3477 v,
3225 3408 3361 3481 3—5).
3395 3411 3464 3464 At
3490 3424 3621 3464 vero
3641 3423 3796 3477 super

2213 3507 2335 3562 illos
2358 3521 2478 3562 cum
2523 3505 2778 3562 ceciderit
2805 3505 2980 3576 aliqua
3010 3519 3256 3576 pressura
3279 3545 3296 3570 ,
3321 3503 3495 3574 aliqua
3539 3503 3754 3558 miseria
3776 3539 3791 3566 ,

2213 3612 2320 3652 non
2351 3597 2674 3664 subsistunt;
2697 3597 2912 3654 cadunt.
2943 3595 3166 3664 Quando
3194 3596 3336 3650 enim
3367 3596 3500 3650 tales
3528 3595 3794 3665 patiuntur

2215 3689 2518 3758 hujusmodi
2549 3685 2827 3760 prissuras
2850 3729 2866 3755 ,
2909 3703 3014 3744 non
3041 3688 3220 3744 valent
3249 3687 3477 3744 tolerare
3498 3729 3516 3755 ,
3544 3686 3796 3743 decidunt

2215 3779 2267 3835 in
2298 3779 2600 3850 iniquitates
2625 3779 2828 3846 malas;
2859 3779 2982 3850 quia
3022 3778 3302 3834 traduntur
3327 3793 3357 3832 a
3387 3776 3663 3834 desiderio
3702 3791 3797 3832 suo

2215 3871 2501 3940 peccatori.

2289 3962 2376 4018 15.
2418 3960 2583 4035 [vers.
2623 3961 2752 4036 12.]
2805 3961 2890 4016 Vir
2932 3962 3193 4033 linguosus
3232 3976 3334 4017 non
3368 3962 3616 4033 dirigetur
3655 3976 3799 4033 super

2217 4063 2419 4109 terram.
2453 4054 2544 4108 Vir
2572 4054 2844 4123 linguosus
2875 4063 3019 4109 amat
3058 4053 3353 4110 mendacia.
3381 4053 3518 4122 Quid
3549 4054 3700 4108 enim
3730 4052 3799 4107 illi

2217 4154 2300 4202 est
2327 4147 2572 4216 voluptas
2592 4187 2608 4211 ,
2638 4146 2737 4202 nisi
2765 4145 2954 4214 loqui?
2982 4145 3096 4199 Non
3125 4145 3268 4200 enim
3292 4143 3518 4199 attendit
3554 4144 3686 4213 quid
3729 4143 3804 4196 lo-

2217 4245 2408 4306 quatur
2430 4276 2447 4302 ,
2476 4235 2602 4292 dum
2634 4235 2879 4306 loquatur
2907 4237 2945 4290 ³.
2976 4235 3092 4291 Non
3121 4244 3293 4305 potest
3321 4235 3432 4291 lleri
3459 4244 3516 4290 ut
3543 4235 3651 4290 iste
3679 4234 3805 4290 diri-

2217 4339 2388 4400 gatur.
2417 4329 2603 4398 Qualis
2627 4343 2754 4400 ergo
2785 4343 2905 4384 esse
2942 4325 3102 4384 debet
3144 4343 3330 4384 servus
3373 4328 3505 4393 Dei,
3543 4313 3806 4384 accensus

2221 4420 2328 4476 illis
2381 4420 2738 4484 carbonibus,
2789 4428 2845 4476 et
2885 4419 2998 4490 ipse
3043 4419 3208 4475 carbo
3251 4420 3498 4476 salutaris
3539 4419 3806 4476 enectus?

2219 4512 2390 4584 qualis
2411 4527 2530 4568 esse
2549 4511 2744 4568 debet?
2767 4511 2834 4567 Ut
2853 4511 3020 4583 magis
3039 4521 3187 4583 optet
3209 4512 3393 4567 audire
3417 4527 3574 4583 quam
3599 4512 3806 4575 dicere,

2221 4605 2356 4660 sicut
2383 4603 2635 4673 scriptum
2665 4611 2785 4671 est,
2829 4603 2912 4660 Sit
2951 4613 3120 4658 autem
3153 4603 3318 4658 omnis
3364 4603 3513 4657 homo
3554 4605 3708 4658 velox
3744 4603 3807 4655 ad

2221 4695 2527 4750 audiendum
2549 4737 2565 4762 ,
2594 4695 2769 4750 tardus
2798 4697 2866 4750 ad
2888 4695 3230 4764 loquendum(
3253 4695 3433 4750 Jacobi
3457 4710 3474 4749 ι
3497 4735 3512 4760 ,
3543 4694 3613 4750 19
3636 4699 3656 4766 )
3683 4714 3697 4748 :
3721 4705 3806 4759 et,

2223 4788 2270 4844 sl
2299 4788 2410 4844 ﬁeri
2441 4797 2650 4857 potest,
2679 4787 2781 4842 hoc
2804 4789 2980 4858 cupiat
3002 4829 3017 4854 ,
3047 4803 3154 4842 non
3194 4786 3389 4842 habere
3431 4787 3808 4842 necessitatem

2226 4881 2511 4952 loquendi,
2544 4890 2599 4938 et
2620 4880 2830 4936 dicendi
2855 4883 2898 4949 ',
2931 4889 2986 4936 et
3019 4880 3267 4936 docendi.
3317 4879 3456 4936 Ecce
3502 4880 3651 4934 enim
3694 4879 3810 4932 dico

2224 4972 2480 5027 Charitatl
2510 4980 2700 5027 vestros
2729 4989 2742 5026 :
2769 4971 2956 5026 fratres
2980 4971 3084 5026 mei
3111 5013 3126 5037 ,
3152 4972 3416 5041 loquimur
3435 4985 3534 5025 nos
3555 4971 3724 5025 modo
3748 4969 3811 5022 ad

2225 5078 2320 5117 vos
2340 5105 2354 5128 ,
2389 5073 2444 5117 ut
2471 5063 2667 5134 aliquid
2697 5062 2982 5118 doceamus
3012 5079 3105 5118 vos
3138 5080 3153 5117 :
3186 5071 3386 5131 quanto
3415 5063 3608 5117 melius
3633 5104 3649 5127 ,
3695 5077 3813 5117 om-

2226 5169 2322 5208 nes
2347 5152 2604 5207 sciremus
2627 5159 2646 5219 ζ
2675 5162 2729 5207 et
2750 5167 2906 5207 nemo
2929 5151 3145 5207 doceret
3169 5152 3394 5207 alterum
3418 5169 3433 5218 ;
3458 5160 3516 5206 ut
3541 5167 3650 5205 non
3674 5160 3811 5206 esset

2225 5244 2360 5300 alius
2388 5244 2610 5314 loquens
2633 5287 2649 5306 .
2689 5245 2823 5298 alius
2862 5243 3084 5299 audiens
3107 5284 3123 5308 ,
3168 5243 3263 5300 sed
3306 5260 3495 5300 omnes
3531 5244 3813 5298 audientes

2226 5350 2388 5392 unum
2418 5335 2562 5388 illum
2590 5335 2674 5389 cui
2704 5335 2895 5388 dicitur
2918 5375 2933 5400 ,
2966 5334 3174 5387 Auditui
3202 5350 3309 5388 meo
3335 5333 3484 5398 dabis
3515 5334 3813 5388 exsultatio-

2226 5441 2336 5478 nem
2364 5435 2409 5477 et
2438 5425 2660 5478 lwtitinm
2685 5424 2701 5492 (
2730 5423 2872 5477 Psal.
2907 5440 2937 5479 ι.
2962 5465 2976 5486 .
3001 5423 3068 5479 10
3090 5422 3316 5494 )?Undc
3339 5432 3392 5478 et
3421 5423 3511 5477 ille
3537 5423 3774 5478 Joannes
3795 5459 3811 5485 ,

2227 5532 2333 5572 non
2364 5525 2466 5570 tam
2498 5515 2760 5586 gaudebat
2789 5517 2907 5586 quia
2939 5514 3260 5585 praedicabat
3285 5556 3300 5580 ,
3325 5524 3379 5570 et
3404 5514 3529 5585 quia
3558 5514 3813 5581 loqueba-

2229 5618 2346 5674 tur;
2377 5607 2470 5661 sed
2499 5607 2760 5678 gaudebat
2785 5607 2907 5678 quia
2939 5606 3187 5661 audiebat
3214 5624 3228 5660 :
3256 5607 3330 5662 ait
3364 5608 3508 5663 enim
3535 5647 3549 5674 ,
3596 5603 3812 5658 Amicus

2291 5727 2307 5758 ι
2333 5727 2404 5774 sic
2425 5723 2605 5785 aliquot
2621 5729 2726 5770 uss.
2750 5720 2858 5785 edd.
2881 5732 3016 5785 vero,
3037 5717 3260 5785 Ιοιιηὶιων.

2295 5791 2315 5820 ³
2341 5786 2450 5836 Edd.
2471 5781 2711 5844 omittunt,
2737 5789 2781 5832 ct
2799 5781 3011 5832 dicendi.
