  <div class='ocr_page' id='page_1' title='image "/cluster/home/n/w/nwhite01/storage/ocr_20150623/37/hvd.32044096580592/402.png"; bbox 0 0 4082 6204; ppageno 0'>
   <div class='ocr_carea' id='block_1_1' title="bbox 281 313 417 371">
    <p class='ocr_par' dir='ltr' id='par_1_1' title="bbox 281 313 417 371">
     <span class='ocr_line' id='line_1_1' title="bbox 281 313 417 371; baseline 0 -1"><span class='ocrx_word' id='word_1_1' title='bbox 281 313 417 371; x_wconf 66' lang='grc'><strong>1813</strong></span> 
     </span>
    </p>
   </div>
   <div class='ocr_carea' id='block_1_2' title="bbox 281 417 1855 496">
    <p class='ocr_par' dir='ltr' id='par_1_2' title="bbox 281 417 1855 496">
     <span class='ocr_line' id='line_1_2' title="bbox 281 417 1855 496; baseline -0.008 -17"><span class='ocrx_word' id='word_1_2' title='bbox 281 437 446 479; x_wconf 82' lang='lat' dir='ltr'><strong>autent</strong></span> <span class='ocrx_word' id='word_1_3' title='bbox 467 422 644 493; x_wconf 78' lang='lat' dir='ltr'><strong>sponsi</strong></span> <span class='ocrx_word' id='word_1_4' title='bbox 671 431 766 477; x_wconf 87' lang='lat' dir='ltr'><strong>stat</strong></span> <span class='ocrx_word' id='word_1_5' title='bbox 790 465 804 488; x_wconf 88' lang='lat'><strong>,</strong></span> <span class='ocrx_word' id='word_1_6' title='bbox 835 431 879 474; x_wconf 90' lang='lat' dir='ltr'><strong>et</strong></span> <span class='ocrx_word' id='word_1_7' title='bbox 909 421 1051 473; x_wconf 85' lang='lat' dir='ltr'><strong>audit</strong></span> <span class='ocrx_word' id='word_1_8' title='bbox 1077 435 1219 496; x_wconf 63' lang='lat' dir='ltr'><strong>eum,</strong></span> <span class='ocrx_word' id='word_1_9' title='bbox 1245 429 1288 470; x_wconf 78' lang='grc' dir='ltr'><strong>α</strong></span> <span class='ocrx_word' id='word_1_10' title='bbox 1317 418 1500 488; x_wconf 84' lang='lat' dir='ltr'><strong>gaudio</strong></span> <span class='ocrx_word' id='word_1_11' title='bbox 1526 417 1705 485; x_wconf 82' lang='lat' dir='ltr'><strong>gaudet</strong></span> <span class='ocrx_word' id='word_1_12' title='bbox 1737 431 1855 484; x_wconf 90' lang='lat' dir='ltr'><strong>pro-</strong></span> 
     </span>
    </p>
   </div>
   <div class='ocr_carea' id='block_1_3' title="bbox 284 505 1859 586">
    <p class='ocr_par' dir='ltr' id='par_1_3' title="bbox 284 505 1859 586">
     <span class='ocr_line' id='line_1_3' title="bbox 284 505 1859 586; baseline -0.004 -20"><span class='ocrx_word' id='word_1_13' title='bbox 284 527 396 586; x_wconf 79' lang='lat' dir='ltr'><strong>pter</strong></span> <span class='ocrx_word' id='word_1_14' title='bbox 414 531 579 567; x_wconf 82' lang='lat' dir='ltr'><strong>vocem</strong></span> <span class='ocrx_word' id='word_1_15' title='bbox 615 513 786 582; x_wconf 84' lang='lat' dir='ltr'><strong>sponsi</strong></span> <span class='ocrx_word' id='word_1_16' title='bbox 831 511 1023 584; x_wconf 82' lang='lat' dir='ltr'><strong>(Joan.</strong></span> <span class='ocrx_word' id='word_1_17' title='bbox 1072 526 1124 564; x_wconf 81' lang='grc' dir='ltr'><strong>ιιι</strong></span> <span class='ocrx_word' id='word_1_18' title='bbox 1152 551 1167 576; x_wconf 85' lang='grc'><em>,</em></span> <span class='ocrx_word' id='word_1_19' title='bbox 1197 508 1325 580; x_wconf 73' lang='grc'><strong>29).</strong></span> <span class='ocrx_word' id='word_1_20' title='bbox 1368 509 1546 577; x_wconf 82' lang='lat' dir='ltr'><strong>Itaque.</strong></span> <span class='ocrx_word' id='word_1_21' title='bbox 1571 548 1587 572; x_wconf 88' lang='lat'><strong>,</strong></span> <span class='ocrx_word' id='word_1_22' title='bbox 1631 505 1818 560; x_wconf 71' lang='lat' dir='ltr'><strong>fratres</strong></span> <span class='ocrx_word' id='word_1_23' title='bbox 1844 545 1859 572; x_wconf 85' lang='lat'><strong><em>,</em></strong></span> 
     </span>
    </p>
   </div>
   <div class='ocr_carea' id='block_1_4' title="bbox 283 601 1863 669">
    <p class='ocr_par' dir='ltr' id='par_1_4' title="bbox 283 601 1863 669">
     <span class='ocr_line' id='line_1_4' title="bbox 283 601 1863 669; baseline -0.006 -10"><span class='ocrx_word' id='word_1_24' title='bbox 283 608 389 660; x_wconf 83' lang='lat' dir='ltr'><strong>cllo</strong></span> <span class='ocrx_word' id='word_1_25' title='bbox 418 605 642 660; x_wconf 77' lang='lat' dir='ltr'><strong>dixerim</strong></span> <span class='ocrx_word' id='word_1_26' title='bbox 669 604 919 659; x_wconf 85' lang='lat' dir='ltr'><strong>Charitati</strong></span> <span class='ocrx_word' id='word_1_27' title='bbox 952 613 1141 658; x_wconf 71' lang='lat' dir='ltr'><strong>vestrm</strong></span> <span class='ocrx_word' id='word_1_28' title='bbox 1167 645 1180 668; x_wconf 85' lang='lat'><strong>,</strong></span> <span class='ocrx_word' id='word_1_29' title='bbox 1223 603 1310 657; x_wconf 73' lang='lat' dir='ltr'><strong>ubi</strong></span> <span class='ocrx_word' id='word_1_30' title='bbox 1351 601 1712 669; x_wconf 68' lang='lat' dir='ltr'><strong>unusquisque</strong></span> <span class='ocrx_word' id='word_1_31' title='bbox 1744 615 1863 668; x_wconf 84' lang='lat' dir='ltr'><strong>pro-</strong></span> 
     </span>
    </p>
   </div>
   <div class='ocr_carea' id='block_1_5' title="bbox 285 689 1865 764">
    <p class='ocr_par' dir='ltr' id='par_1_5' title="bbox 285 689 1865 764">
     <span class='ocr_line' id='line_1_5' title="bbox 285 689 1865 764; baseline -0.006 -13"><span class='ocrx_word' id='word_1_32' title='bbox 285 696 373 751; x_wconf 89' lang='lat' dir='ltr'><strong>hct</strong></span> <span class='ocrx_word' id='word_1_33' title='bbox 397 713 454 750; x_wconf 82' lang='lat' dir='ltr'><strong>se</strong></span> <span class='ocrx_word' id='word_1_34' title='bbox 483 713 496 748; x_wconf 88' lang='lat'><strong>:</strong></span> <span class='ocrx_word' id='word_1_35' title='bbox 531 712 635 749; x_wconf 88' lang='lat' dir='ltr'><strong>non</strong></span> <span class='ocrx_word' id='word_1_36' title='bbox 666 705 720 750; x_wconf 92' lang='lat' dir='ltr'><strong>ut</strong></span> <span class='ocrx_word' id='word_1_37' title='bbox 751 711 854 748; x_wconf 90' lang='lat' dir='ltr'><strong>non</strong></span> <span class='ocrx_word' id='word_1_38' title='bbox 884 695 1130 764; x_wconf 87' lang='lat' dir='ltr'><strong>loquatur</strong></span> <span class='ocrx_word' id='word_1_39' title='bbox 1157 695 1194 757; x_wconf 78' lang='lat'><strong>&#39;,</strong></span> <span class='ocrx_word' id='word_1_40' title='bbox 1228 694 1319 748; x_wconf 78' lang='lat' dir='ltr'><strong>sed</strong></span> <span class='ocrx_word' id='word_1_41' title='bbox 1345 704 1404 747; x_wconf 91' lang='lat' dir='ltr'><strong>ut</strong></span> <span class='ocrx_word' id='word_1_42' title='bbox 1432 692 1498 747; x_wconf 91' lang='lat' dir='ltr'><strong>de</strong></span> <span class='ocrx_word' id='word_1_43' title='bbox 1526 692 1614 744; x_wconf 88' lang='lat' dir='ltr'><strong>illo</strong></span> <span class='ocrx_word' id='word_1_44' title='bbox 1644 689 1865 750; x_wconf 83' lang='lat' dir='ltr'><strong>locutio-</strong></span> 
     </span>
    </p>
   </div>
   <div class='ocr_carea' id='block_1_6' title="bbox 284 780 1866 857">
    <p class='ocr_par' dir='ltr' id='par_1_6' title="bbox 284 780 1866 857">
     <span class='ocr_line' id='line_1_6' title="bbox 284 780 1866 857; baseline -0.005 -15"><span class='ocrx_word' id='word_1_45' title='bbox 284 789 368 842; x_wconf 88' lang='lat' dir='ltr'><strong>nis</strong></span> <span class='ocrx_word' id='word_1_46' title='bbox 417 786 648 841; x_wconf 78' lang='lat' dir='ltr'><strong>ofﬁcium</strong></span> <span class='ocrx_word' id='word_1_47' title='bbox 692 786 912 857; x_wconf 78' lang='lat' dir='ltr'><strong>exigat;</strong></span> <span class='ocrx_word' id='word_1_48' title='bbox 965 785 1212 855; x_wconf 78' lang='lat' dir='ltr'><strong>gaudium</strong></span> <span class='ocrx_word' id='word_1_49' title='bbox 1263 796 1438 838; x_wconf 87' lang='lat' dir='ltr'><strong>autem</strong></span> <span class='ocrx_word' id='word_1_50' title='bbox 1493 780 1866 838; x_wconf 68' lang='lat' dir='ltr'><strong>taciturnitatis</strong></span> 
     </span>
    </p>
   </div>
   <div class='ocr_carea' id='block_1_7' title="bbox 285 874 1861 942">
    <p class='ocr_par' dir='ltr' id='par_1_7' title="bbox 285 874 1861 942">
     <span class='ocr_line' id='line_1_7' title="bbox 285 874 1861 942; baseline -0.007 -7"><span class='ocrx_word' id='word_1_51' title='bbox 285 880 477 935; x_wconf 86' lang='lat' dir='ltr'><strong>habeat</strong></span> <span class='ocrx_word' id='word_1_52' title='bbox 503 881 555 933; x_wconf 91' lang='lat' dir='ltr'><strong>in</strong></span> <span class='ocrx_word' id='word_1_53' title='bbox 585 879 849 934; x_wconf 72' lang='lat' dir='ltr'><strong>voluntate</strong></span> <span class='ocrx_word' id='word_1_54' title='bbox 874 920 888 942; x_wconf 86' lang='lat'><strong>,</strong></span> <span class='ocrx_word' id='word_1_55' title='bbox 919 895 1101 933; x_wconf 79' lang='lat' dir='ltr'><strong>Vocem</strong></span> <span class='ocrx_word' id='word_1_56' title='bbox 1129 878 1384 932; x_wconf 74' lang='lat' dir='ltr'><strong>doctrina:</strong></span> <span class='ocrx_word' id='word_1_57' title='bbox 1433 878 1483 930; x_wconf 92' lang='lat' dir='ltr'><strong>iu</strong></span> <span class='ocrx_word' id='word_1_58' title='bbox 1529 874 1861 930; x_wconf 85' lang='lat' dir='ltr'><strong>necessitate.</strong></span> 
     </span>
    </p>
   </div>
   <div class='ocr_carea' id='block_1_8' title="bbox 284 965 1867 1040">
    <p class='ocr_par' dir='ltr' id='par_1_8' title="bbox 284 965 1867 1040">
     <span class='ocr_line' id='line_1_8' title="bbox 284 965 1867 1040; baseline -0.003 -18"><span class='ocrx_word' id='word_1_59' title='bbox 284 970 507 1040; x_wconf 91' lang='lat' dir='ltr'><strong>Quando</strong></span> <span class='ocrx_word' id='word_1_60' title='bbox 537 970 676 1026; x_wconf 91' lang='lat' dir='ltr'><strong>enim</strong></span> <span class='ocrx_word' id='word_1_61' title='bbox 709 986 842 1040; x_wconf 84' lang='lat' dir='ltr'><strong>opus</strong></span> <span class='ocrx_word' id='word_1_62' title='bbox 862 978 943 1024; x_wconf 86' lang='lat' dir='ltr'><strong>est</strong></span> <span class='ocrx_word' id='word_1_63' title='bbox 962 984 1091 1024; x_wconf 89' lang='lat' dir='ltr'><strong>voce</strong></span> <span class='ocrx_word' id='word_1_64' title='bbox 1112 966 1407 1024; x_wconf 74' lang='lat' dir='ltr'><strong>doctrinm?</strong></span> <span class='ocrx_word' id='word_1_65' title='bbox 1429 965 1649 1034; x_wconf 90' lang='lat' dir='ltr'><strong>Quando</strong></span> <span class='ocrx_word' id='word_1_66' title='bbox 1671 965 1867 1034; x_wconf 84' lang='lat' dir='ltr'><strong>pateris</strong></span> 
     </span>
    </p>
   </div>
   <div class='ocr_carea' id='block_1_9' title="bbox 287 1057 1867 1130">
    <p class='ocr_par' dir='ltr' id='par_1_9' title="bbox 287 1057 1867 1130">
     <span class='ocr_line' id='line_1_9' title="bbox 287 1057 1867 1130; baseline -0.004 -14"><span class='ocrx_word' id='word_1_67' title='bbox 287 1063 624 1130; x_wconf 77' lang='lat' dir='ltr'><strong>imperitum,</strong></span> <span class='ocrx_word' id='word_1_68' title='bbox 658 1059 870 1130; x_wconf 89' lang='lat' dir='ltr'><strong>quando</strong></span> <span class='ocrx_word' id='word_1_69' title='bbox 901 1060 1097 1129; x_wconf 87' lang='lat' dir='ltr'><strong>pateris</strong></span> <span class='ocrx_word' id='word_1_70' title='bbox 1137 1059 1428 1114; x_wconf 87' lang='lat' dir='ltr'><strong>indoctum.</strong></span> <span class='ocrx_word' id='word_1_71' title='bbox 1462 1057 1517 1114; x_wconf 88' lang='lat' dir='ltr'><strong>Si</strong></span> <span class='ocrx_word' id='word_1_72' title='bbox 1560 1071 1772 1125; x_wconf 85' lang='lat' dir='ltr'><strong>semper</strong></span> <span class='ocrx_word' id='word_1_73' title='bbox 1815 1063 1867 1110; x_wconf 87' lang='lat' dir='ltr'><strong>te</strong></span> 
     </span>
    </p>
   </div>
   <div class='ocr_carea' id='block_1_10' title="bbox 283 1148 1864 1222">
    <p class='ocr_par' dir='ltr' id='par_1_10' title="bbox 283 1148 1864 1222">
     <span class='ocr_line' id='line_1_10' title="bbox 283 1148 1864 1222; baseline -0.005 -14"><span class='ocrx_word' id='word_1_74' title='bbox 283 1153 512 1208; x_wconf 80' lang='lat' dir='ltr'><strong>delectat</strong></span> <span class='ocrx_word' id='word_1_75' title='bbox 538 1151 735 1208; x_wconf 85' lang='lat' dir='ltr'><strong>docere</strong></span> <span class='ocrx_word' id='word_1_76' title='bbox 760 1193 774 1217; x_wconf 88' lang='lat'><strong>,</strong></span> <span class='ocrx_word' id='word_1_77' title='bbox 816 1166 1028 1222; x_wconf 81' lang='lat' dir='ltr'><strong>semper</strong></span> <span class='ocrx_word' id='word_1_78' title='bbox 1054 1154 1130 1205; x_wconf 91' lang='lat' dir='ltr'><strong>vis</strong></span> <span class='ocrx_word' id='word_1_79' title='bbox 1161 1151 1353 1204; x_wconf 81' lang='lat' dir='ltr'><strong>habere</strong></span> <span class='ocrx_word' id='word_1_80' title='bbox 1383 1148 1684 1219; x_wconf 84' lang='lat' dir='ltr'><strong>imperitum</strong></span> <span class='ocrx_word' id='word_1_81' title='bbox 1709 1162 1864 1217; x_wconf 91' lang='lat' dir='ltr'><strong>quem</strong></span> 
     </span>
    </p>
   </div>
   <div class='ocr_carea' id='block_1_11' title="bbox 285 1241 1868 1312">
    <p class='ocr_par' dir='ltr' id='par_1_11' title="bbox 285 1241 1868 1312">
     <span class='ocr_line' id='line_1_11' title="bbox 285 1241 1868 1312; baseline -0.004 -12"><span class='ocrx_word' id='word_1_82' title='bbox 285 1246 483 1301; x_wconf 78' lang='lat' dir='ltr'><strong>doceas</strong></span> <span class='ocrx_word' id='word_1_83' title='bbox 511 1262 523 1298; x_wconf 90' lang='lat'><strong>:</strong></span> <span class='ocrx_word' id='word_1_84' title='bbox 553 1244 595 1298; x_wconf 90' lang='lat' dir='ltr'><strong>si</strong></span> <span class='ocrx_word' id='word_1_85' title='bbox 625 1254 800 1299; x_wconf 89' lang='lat' dir='ltr'><strong>autem</strong></span> <span class='ocrx_word' id='word_1_86' title='bbox 833 1245 1116 1300; x_wconf 88' lang='lat' dir='ltr'><strong>benevolus</strong></span> <span class='ocrx_word' id='word_1_87' title='bbox 1144 1261 1200 1300; x_wconf 92' lang='lat' dir='ltr'><strong>es</strong></span> <span class='ocrx_word' id='word_1_88' title='bbox 1224 1286 1238 1312; x_wconf 88' lang='lat'><strong><em>,</em></strong></span> <span class='ocrx_word' id='word_1_89' title='bbox 1271 1252 1324 1299; x_wconf 89' lang='lat' dir='ltr'><strong>et</strong></span> <span class='ocrx_word' id='word_1_90' title='bbox 1349 1245 1428 1298; x_wconf 85' lang='lat' dir='ltr'><strong>vis</strong></span> <span class='ocrx_word' id='word_1_91' title='bbox 1467 1257 1657 1298; x_wconf 86' lang='lat' dir='ltr'><strong>omnes</strong></span> <span class='ocrx_word' id='word_1_92' title='bbox 1682 1241 1868 1296; x_wconf 90' lang='lat' dir='ltr'><strong>doctos</strong></span> 
     </span>
    </p>
   </div>
   <div class='ocr_carea' id='block_1_12' title="bbox 286 1334 1868 1406">
    <p class='ocr_par' dir='ltr' id='par_1_12' title="bbox 286 1334 1868 1406">
     <span class='ocr_line' id='line_1_12' title="bbox 286 1334 1868 1406; baseline -0.001 -14"><span class='ocrx_word' id='word_1_93' title='bbox 286 1352 411 1392; x_wconf 83' lang='lat' dir='ltr'><strong>esse</strong></span> <span class='ocrx_word' id='word_1_94' title='bbox 436 1379 451 1402; x_wconf 85' lang='grc'><em>,</em></span> <span class='ocrx_word' id='word_1_95' title='bbox 481 1353 585 1391; x_wconf 88' lang='lat' dir='ltr'><strong>non</strong></span> <span class='ocrx_word' id='word_1_96' title='bbox 630 1338 711 1391; x_wconf 89' lang='lat' dir='ltr'><strong>vis</strong></span> <span class='ocrx_word' id='word_1_97' title='bbox 755 1352 966 1406; x_wconf 81' lang='lat' dir='ltr'><strong>semper</strong></span> <span class='ocrx_word' id='word_1_98' title='bbox 1009 1337 1207 1391; x_wconf 88' lang='lat' dir='ltr'><strong>habere</strong></span> <span class='ocrx_word' id='word_1_99' title='bbox 1245 1351 1378 1405; x_wconf 78' lang='lat' dir='ltr'><strong>quos</strong></span> <span class='ocrx_word' id='word_1_100' title='bbox 1423 1334 1654 1400; x_wconf 80' lang='lat' dir='ltr'><strong>doceas;</strong></span> <span class='ocrx_word' id='word_1_101' title='bbox 1685 1343 1868 1390; x_wconf 89' lang='lat' dir='ltr'><strong>etnon</strong></span> 
     </span>
    </p>
   </div>
   <div class='ocr_carea' id='block_1_13' title="bbox 287 1423 1870 1496">
    <p class='ocr_par' dir='ltr' id='par_1_13' title="bbox 287 1423 1870 1496">
     <span class='ocr_line' id='line_1_13' title="bbox 287 1423 1870 1496; baseline -0.002 -14"><span class='ocrx_word' id='word_1_102' title='bbox 287 1429 388 1483; x_wconf 87' lang='lat' dir='ltr'><strong>erit</strong></span> <span class='ocrx_word' id='word_1_103' title='bbox 431 1429 483 1483; x_wconf 92' lang='lat' dir='ltr'><strong>in</strong></span> <span class='ocrx_word' id='word_1_104' title='bbox 535 1428 807 1482; x_wconf 85' lang='lat' dir='ltr'><strong>voluntate</strong></span> <span class='ocrx_word' id='word_1_105' title='bbox 849 1428 1158 1482; x_wconf 89' lang='lat' dir='ltr'><strong>exercitatio</strong></span> <span class='ocrx_word' id='word_1_106' title='bbox 1199 1429 1279 1481; x_wconf 87' lang='lat' dir='ltr'><strong>vel</strong></span> <span class='ocrx_word' id='word_1_107' title='bbox 1327 1427 1566 1496; x_wconf 88' lang='lat' dir='ltr'><strong>probatio</strong></span> <span class='ocrx_word' id='word_1_108' title='bbox 1612 1423 1870 1480; x_wconf 67' lang='lat' dir='ltr'><strong>doctrinm</strong></span> 
     </span>
    </p>
   </div>
   <div class='ocr_carea' id='block_1_14' title="bbox 286 1508 1870 1586">
    <p class='ocr_par' dir='ltr' id='par_1_14' title="bbox 286 1508 1870 1586">
     <span class='ocr_line' id='line_1_14' title="bbox 286 1508 1870 1586; baseline -0.003 -12"><span class='ocrx_word' id='word_1_109' title='bbox 286 1529 391 1574; x_wconf 82' lang='lat' dir='ltr'><strong>tua-</strong></span> <span class='ocrx_word' id='word_1_110' title='bbox 411 1561 428 1586; x_wconf 87' lang='lat'>,</span> <span class='ocrx_word' id='word_1_111' title='bbox 461 1521 551 1574; x_wconf 90' lang='lat' dir='ltr'><strong>sed</strong></span> <span class='ocrx_word' id='word_1_112' title='bbox 580 1522 630 1573; x_wconf 90' lang='lat' dir='ltr'><strong>iu</strong></span> <span class='ocrx_word' id='word_1_113' title='bbox 661 1508 994 1574; x_wconf 79' lang='lat' dir='ltr'><strong>necessitate.</strong></span> <span class='ocrx_word' id='word_1_114' title='bbox 1021 1519 1280 1576; x_wconf 86' lang='lat' dir='ltr'><strong>Gaudium</strong></span> <span class='ocrx_word' id='word_1_115' title='bbox 1310 1519 1399 1572; x_wconf 92' lang='lat' dir='ltr'><strong>tibi</strong></span> <span class='ocrx_word' id='word_1_116' title='bbox 1428 1520 1496 1572; x_wconf 89' lang='lat' dir='ltr'><strong>sit</strong></span> <span class='ocrx_word' id='word_1_117' title='bbox 1522 1519 1572 1572; x_wconf 90' lang='lat' dir='ltr'><strong>in</strong></span> <span class='ocrx_word' id='word_1_118' title='bbox 1601 1517 1870 1572; x_wconf 88' lang='lat' dir='ltr'><strong>auditione</strong></span> 
     </span>
    </p>
   </div>
   <div class='ocr_carea' id='block_1_15' title="bbox 291 1607 1871 1677">
    <p class='ocr_par' dir='ltr' id='par_1_15' title="bbox 291 1607 1871 1677">
     <span class='ocr_line' id='line_1_15' title="bbox 291 1607 1871 1677; baseline -0.002 -13"><span class='ocrx_word' id='word_1_119' title='bbox 291 1610 385 1664; x_wconf 87' lang='lat' dir='ltr'><strong>Dei</strong></span> <span class='ocrx_word' id='word_1_120' title='bbox 413 1652 428 1677; x_wconf 89' lang='lat'><strong>,</strong></span> <span class='ocrx_word' id='word_1_121' title='bbox 463 1613 750 1665; x_wconf 87' lang='lat' dir='ltr'><strong>necessitas</strong></span> <span class='ocrx_word' id='word_1_122' title='bbox 781 1609 874 1664; x_wconf 88' lang='lat' dir='ltr'><strong>tibi</strong></span> <span class='ocrx_word' id='word_1_123' title='bbox 904 1610 974 1664; x_wconf 87' lang='lat' dir='ltr'><strong>sit</strong></span> <span class='ocrx_word' id='word_1_124' title='bbox 999 1610 1050 1664; x_wconf 92' lang='lat' dir='ltr'><strong>in</strong></span> <span class='ocrx_word' id='word_1_125' title='bbox 1079 1609 1342 1664; x_wconf 90' lang='lat' dir='ltr'><strong>locutione</strong></span> <span class='ocrx_word' id='word_1_126' title='bbox 1371 1621 1457 1663; x_wconf 92' lang='lat' dir='ltr'><strong>tua</strong></span> <span class='ocrx_word' id='word_1_127' title='bbox 1486 1617 1577 1673; x_wconf 86' lang='lat' dir='ltr'><strong>;et</strong></span> <span class='ocrx_word' id='word_1_128' title='bbox 1615 1621 1721 1662; x_wconf 89' lang='lat' dir='ltr'><strong>non</strong></span> <span class='ocrx_word' id='word_1_129' title='bbox 1763 1607 1871 1663; x_wconf 89' lang='lat' dir='ltr'><strong>eris</strong></span> 
     </span>
    </p>
   </div>
   <div class='ocr_carea' id='block_1_16' title="bbox 290 1700 1874 1774">
    <p class='ocr_par' dir='ltr' id='par_1_16' title="bbox 290 1700 1874 1774">
     <span class='ocr_line' id='line_1_16' title="bbox 290 1700 1874 1774; baseline -0.003 -18"><span class='ocrx_word' id='word_1_130' title='bbox 290 1704 373 1756; x_wconf 91' lang='lat' dir='ltr'><strong>vir</strong></span> <span class='ocrx_word' id='word_1_131' title='bbox 404 1703 673 1772; x_wconf 84' lang='lat' dir='ltr'><strong>linguosus</strong></span> <span class='ocrx_word' id='word_1_132' title='bbox 698 1745 712 1765; x_wconf 83' lang='grc'>,</span> <span class='ocrx_word' id='word_1_133' title='bbox 742 1719 811 1757; x_wconf 89' lang='lat' dir='ltr'><strong>ne</strong></span> <span class='ocrx_word' id='word_1_134' title='bbox 835 1718 940 1756; x_wconf 88' lang='lat' dir='ltr'><strong>tton</strong></span> <span class='ocrx_word' id='word_1_135' title='bbox 968 1701 1230 1774; x_wconf 85' lang='lat' dir='ltr'><strong>dirigaris.</strong></span> <span class='ocrx_word' id='word_1_136' title='bbox 1257 1701 1431 1770; x_wconf 82' lang='lat' dir='ltr'><strong>Quare</strong></span> <span class='ocrx_word' id='word_1_137' title='bbox 1456 1702 1535 1756; x_wconf 87' lang='lat' dir='ltr'><strong>vis</strong></span> <span class='ocrx_word' id='word_1_138' title='bbox 1565 1700 1706 1770; x_wconf 85' lang='lat' dir='ltr'><strong>loqui</strong></span> <span class='ocrx_word' id='word_1_139' title='bbox 1732 1742 1748 1766; x_wconf 93' lang='lat'><strong>,</strong></span> <span class='ocrx_word' id='word_1_140' title='bbox 1779 1715 1874 1753; x_wconf 84' lang='lat' dir='ltr'><strong>au-</strong></span> 
     </span>
    </p>
   </div>
   <div class='ocr_carea' id='block_1_17' title="bbox 288 1791 1867 1863">
    <p class='ocr_par' dir='ltr' id='par_1_17' title="bbox 288 1791 1867 1863">
     <span class='ocr_line' id='line_1_17' title="bbox 288 1791 1867 1863; baseline -0.003 -15"><span class='ocrx_word' id='word_1_141' title='bbox 288 1794 407 1848; x_wconf 84' lang='lat' dir='ltr'><strong>dire</strong></span> <span class='ocrx_word' id='word_1_142' title='bbox 432 1811 534 1848; x_wconf 90' lang='lat' dir='ltr'><strong>non</strong></span> <span class='ocrx_word' id='word_1_143' title='bbox 562 1793 682 1847; x_wconf 75' lang='lat' dir='ltr'><strong>vis?</strong></span> <span class='ocrx_word' id='word_1_144' title='bbox 708 1793 934 1863; x_wconf 82' lang='lat' dir='ltr'><strong>Semper</strong></span> <span class='ocrx_word' id='word_1_145' title='bbox 958 1792 1098 1848; x_wconf 80' lang='lat' dir='ltr'><strong>foras</strong></span> <span class='ocrx_word' id='word_1_146' title='bbox 1127 1793 1241 1848; x_wconf 82' lang='lat' dir='ltr'><strong>exis</strong></span> <span class='ocrx_word' id='word_1_147' title='bbox 1263 1833 1277 1856; x_wconf 91' lang='lat'><strong>,</strong></span> <span class='ocrx_word' id='word_1_148' title='bbox 1312 1793 1452 1847; x_wconf 91' lang='lat' dir='ltr'><strong>intro</strong></span> <span class='ocrx_word' id='word_1_149' title='bbox 1479 1792 1656 1847; x_wconf 88' lang='lat' dir='ltr'><strong>redire</strong></span> <span class='ocrx_word' id='word_1_150' title='bbox 1685 1791 1867 1845; x_wconf 82' lang='lat' dir='ltr'><strong>detre-</strong></span> 
     </span>
    </p>
   </div>
   <div class='ocr_carea' id='block_1_18' title="bbox 288 1880 1871 1952">
    <p class='ocr_par' dir='ltr' id='par_1_18' title="bbox 288 1880 1871 1952">
     <span class='ocr_line' id='line_1_18' title="bbox 288 1880 1871 1952; baseline -0.005 -12"><span class='ocrx_word' id='word_1_151' title='bbox 288 1897 425 1940; x_wconf 80' lang='lat' dir='ltr'><strong>etas.</strong></span> <span class='ocrx_word' id='word_1_152' title='bbox 458 1887 556 1950; x_wconf 79' lang='lat' dir='ltr'><strong>Qui</strong></span> <span class='ocrx_word' id='word_1_153' title='bbox 589 1886 728 1938; x_wconf 87' lang='lat' dir='ltr'><strong>enim</strong></span> <span class='ocrx_word' id='word_1_154' title='bbox 760 1894 810 1938; x_wconf 92' lang='lat' dir='ltr'><strong>te</strong></span> <span class='ocrx_word' id='word_1_155' title='bbox 836 1883 989 1939; x_wconf 71' lang='lat' dir='ltr'><strong>docet</strong></span> <span class='ocrx_word' id='word_1_156' title='bbox 1013 1924 1030 1950; x_wconf 89' lang='lat'><strong>,</strong></span> <span class='ocrx_word' id='word_1_157' title='bbox 1054 1884 1194 1937; x_wconf 83' lang='lat' dir='ltr'><strong>intus</strong></span> <span class='ocrx_word' id='word_1_158' title='bbox 1220 1893 1302 1938; x_wconf 89' lang='lat' dir='ltr'><strong>est</strong></span> <span class='ocrx_word' id='word_1_159' title='bbox 1326 1901 1340 1937; x_wconf 89' lang='lat'>:</span> <span class='ocrx_word' id='word_1_160' title='bbox 1367 1881 1577 1952; x_wconf 82' lang='lat' dir='ltr'><strong>quando</strong></span> <span class='ocrx_word' id='word_1_161' title='bbox 1599 1889 1652 1936; x_wconf 92' lang='lat' dir='ltr'><strong>tu</strong></span> <span class='ocrx_word' id='word_1_162' title='bbox 1674 1880 1871 1946; x_wconf 85' lang='lat' dir='ltr'><strong>doces,</strong></span> 
     </span>
    </p>
   </div>
   <div class='ocr_carea' id='block_1_19' title="bbox 289 1969 1875 2043">
    <p class='ocr_par' dir='ltr' id='par_1_19' title="bbox 289 1969 1875 2043">
     <span class='ocr_line' id='line_1_19' title="bbox 289 1969 1875 2043; baseline -0.003 -15"><span class='ocrx_word' id='word_1_163' title='bbox 289 1985 542 2043; x_wconf 87' lang='lat' dir='ltr'><strong>tanquam</strong></span> <span class='ocrx_word' id='word_1_164' title='bbox 577 1975 716 2029; x_wconf 81' lang='lat' dir='ltr'><strong>foras</strong></span> <span class='ocrx_word' id='word_1_165' title='bbox 737 1975 850 2028; x_wconf 82' lang='lat' dir='ltr'><strong>exis</strong></span> <span class='ocrx_word' id='word_1_166' title='bbox 871 1973 936 2027; x_wconf 89' lang='lat' dir='ltr'><strong>ad</strong></span> <span class='ocrx_word' id='word_1_167' title='bbox 962 1987 1055 2028; x_wconf 84' lang='lat' dir='ltr'><strong>eos</strong></span> <span class='ocrx_word' id='word_1_168' title='bbox 1081 1974 1170 2043; x_wconf 90' lang='lat' dir='ltr'><strong>qui</strong></span> <span class='ocrx_word' id='word_1_169' title='bbox 1195 1971 1322 2026; x_wconf 80' lang='lat' dir='ltr'><strong>foris</strong></span> <span class='ocrx_word' id='word_1_170' title='bbox 1347 1982 1488 2026; x_wconf 91' lang='lat' dir='ltr'><strong>sunt.</strong></span> <span class='ocrx_word' id='word_1_171' title='bbox 1513 1971 1595 2026; x_wconf 81' lang='lat' dir='ltr'><strong>Ab</strong></span> <span class='ocrx_word' id='word_1_172' title='bbox 1619 1969 1875 2025; x_wconf 83' lang='lat' dir='ltr'><strong>interiore</strong></span> 
     </span>
    </p>
   </div>
   <div class='ocr_carea' id='block_1_20' title="bbox 290 2062 1875 2133">
    <p class='ocr_par' dir='ltr' id='par_1_20' title="bbox 290 2062 1875 2133">
     <span class='ocr_line' id='line_1_20' title="bbox 290 2062 1875 2133; baseline -0.003 -13"><span class='ocrx_word' id='word_1_173' title='bbox 290 2065 437 2120; x_wconf 88' lang='lat' dir='ltr'><strong>enim</strong></span> <span class='ocrx_word' id='word_1_174' title='bbox 465 2065 710 2120; x_wconf 86' lang='lat' dir='ltr'><strong>audimus</strong></span> <span class='ocrx_word' id='word_1_175' title='bbox 742 2065 1018 2119; x_wconf 89' lang='lat' dir='ltr'><strong>veritatem</strong></span> <span class='ocrx_word' id='word_1_176' title='bbox 1043 2104 1058 2128; x_wconf 88' lang='lat'><strong>,</strong></span> <span class='ocrx_word' id='word_1_177' title='bbox 1081 2073 1136 2118; x_wconf 91' lang='lat' dir='ltr'><strong>et</strong></span> <span class='ocrx_word' id='word_1_178' title='bbox 1156 2065 1220 2116; x_wconf 86' lang='lat' dir='ltr'><strong>ad</strong></span> <span class='ocrx_word' id='word_1_179' title='bbox 1242 2078 1335 2118; x_wconf 90' lang='lat' dir='ltr'><strong>eos</strong></span> <span class='ocrx_word' id='word_1_180' title='bbox 1361 2063 1449 2133; x_wconf 89' lang='lat' dir='ltr'><strong>qui</strong></span> <span class='ocrx_word' id='word_1_181' title='bbox 1481 2062 1610 2117; x_wconf 84' lang='lat' dir='ltr'><strong>foris</strong></span> <span class='ocrx_word' id='word_1_182' title='bbox 1635 2077 1663 2115; x_wconf 90' lang='lat' dir='ltr'><strong>a</strong></span> <span class='ocrx_word' id='word_1_183' title='bbox 1690 2071 1875 2116; x_wconf 88' lang='lat' dir='ltr'><strong>nostro</strong></span> 
     </span>
    </p>
   </div>
   <div class='ocr_carea' id='block_1_21' title="bbox 288 2150 1878 2225">
    <p class='ocr_par' dir='ltr' id='par_1_21' title="bbox 288 2150 1878 2225">
     <span class='ocr_line' id='line_1_21' title="bbox 288 2150 1878 2225; baseline -0.003 -16"><span class='ocrx_word' id='word_1_184' title='bbox 288 2155 456 2209; x_wconf 78' lang='lat' dir='ltr'><strong>corde</strong></span> <span class='ocrx_word' id='word_1_185' title='bbox 503 2165 667 2220; x_wconf 84' lang='lat' dir='ltr'><strong>sunt,</strong></span> <span class='ocrx_word' id='word_1_186' title='bbox 711 2156 993 2225; x_wconf 89' lang='lat' dir='ltr'><strong>l0quimur.</strong></span> <span class='ocrx_word' id='word_1_187' title='bbox 1038 2153 1189 2221; x_wconf 87' lang='lat' dir='ltr'><strong>Quod</strong></span> <span class='ocrx_word' id='word_1_188' title='bbox 1235 2154 1374 2208; x_wconf 90' lang='lat' dir='ltr'><strong>enim</strong></span> <span class='ocrx_word' id='word_1_189' title='bbox 1419 2151 1646 2208; x_wconf 77' lang='lat' dir='ltr'><strong>dicimur</strong></span> <span class='ocrx_word' id='word_1_190' title='bbox 1684 2165 1778 2206; x_wconf 90' lang='lat' dir='ltr'><strong>eos</strong></span> <span class='ocrx_word' id='word_1_191' title='bbox 1823 2150 1878 2205; x_wconf 90' lang='lat' dir='ltr'><strong>in</strong></span> 
     </span>
    </p>
   </div>
   <div class='ocr_carea' id='block_1_22' title="bbox 289 2244 1876 2316">
    <p class='ocr_par' dir='ltr' id='par_1_22' title="bbox 289 2244 1876 2316">
     <span class='ocr_line' id='line_1_22' title="bbox 289 2244 1876 2316; baseline -0.004 -13"><span class='ocrx_word' id='word_1_192' title='bbox 289 2246 454 2303; x_wconf 87' lang='lat' dir='ltr'><strong>corde</strong></span> <span class='ocrx_word' id='word_1_193' title='bbox 487 2246 681 2302; x_wconf 88' lang='lat' dir='ltr'><strong>habere</strong></span> <span class='ocrx_word' id='word_1_194' title='bbox 707 2245 773 2302; x_wconf 91' lang='lat' dir='ltr'><strong>de</strong></span> <span class='ocrx_word' id='word_1_195' title='bbox 798 2245 988 2316; x_wconf 89' lang='lat' dir='ltr'><strong>quibus</strong></span> <span class='ocrx_word' id='word_1_196' title='bbox 1010 2247 1303 2316; x_wconf 80' lang='lat' dir='ltr'><strong>cogitamus</strong></span> <span class='ocrx_word' id='word_1_197' title='bbox 1326 2287 1338 2307; x_wconf 88' lang='lat'>,</span> <span class='ocrx_word' id='word_1_198' title='bbox 1371 2244 1662 2299; x_wconf 88' lang='lat' dir='ltr'><strong>secundum</strong></span> <span class='ocrx_word' id='word_1_199' title='bbox 1687 2257 1876 2312; x_wconf 87' lang='lat' dir='ltr'><strong>quam-</strong></span> 
     </span>
    </p>
   </div>
   <div class='ocr_carea' id='block_1_23' title="bbox 289 2334 1881 2408">
    <p class='ocr_par' dir='ltr' id='par_1_23' title="bbox 289 2334 1881 2408">
     <span class='ocr_line' id='line_1_23' title="bbox 289 2334 1881 2408; baseline -0.005 -12"><span class='ocrx_word' id='word_1_200' title='bbox 289 2339 418 2396; x_wconf 80' lang='lat' dir='ltr'><strong>dam</strong></span> <span class='ocrx_word' id='word_1_201' title='bbox 447 2339 728 2408; x_wconf 79' lang='lat' dir='ltr'><strong>imaginem</strong></span> <span class='ocrx_word' id='word_1_202' title='bbox 759 2337 984 2393; x_wconf 86' lang='lat' dir='ltr'><strong>dicimur</strong></span> <span class='ocrx_word' id='word_1_203' title='bbox 1008 2378 1024 2404; x_wconf 83' lang='lat'><strong><em>,</em></strong></span> <span class='ocrx_word' id='word_1_204' title='bbox 1055 2353 1212 2407; x_wconf 86' lang='lat' dir='ltr'><strong>quam</strong></span> <span class='ocrx_word' id='word_1_205' title='bbox 1236 2337 1302 2391; x_wconf 90' lang='lat' dir='ltr'><strong>de</strong></span> <span class='ocrx_word' id='word_1_206' title='bbox 1329 2337 1433 2391; x_wconf 92' lang='lat' dir='ltr'><strong>illis</strong></span> <span class='ocrx_word' id='word_1_207' title='bbox 1477 2334 1735 2390; x_wconf 89' lang='lat' dir='ltr'><strong>habemus</strong></span> <span class='ocrx_word' id='word_1_208' title='bbox 1781 2334 1881 2388; x_wconf 86' lang='lat' dir='ltr'><strong>itu-</strong></span> 
     </span>
    </p>
   </div>
   <div class='ocr_carea' id='block_1_24' title="bbox 295 2427 1882 2501">
    <p class='ocr_par' dir='ltr' id='par_1_24' title="bbox 295 2427 1882 2501">
     <span class='ocr_line' id='line_1_24' title="bbox 295 2427 1882 2501; baseline -0.001 -19"><span class='ocrx_word' id='word_1_209' title='bbox 295 2445 562 2501; x_wconf 86' lang='lat' dir='ltr'><strong>pressam.</strong></span> <span class='ocrx_word' id='word_1_210' title='bbox 593 2428 723 2483; x_wconf 86' lang='lat' dir='ltr'><strong>Nam</strong></span> <span class='ocrx_word' id='word_1_211' title='bbox 751 2429 794 2484; x_wconf 90' lang='lat' dir='ltr'><strong>si</strong></span> <span class='ocrx_word' id='word_1_212' title='bbox 840 2429 1058 2484; x_wconf 89' lang='lat' dir='ltr'><strong>omnino</strong></span> <span class='ocrx_word' id='word_1_213' title='bbox 1104 2429 1245 2483; x_wconf 89' lang='lat' dir='ltr'><strong>intus</strong></span> <span class='ocrx_word' id='word_1_214' title='bbox 1285 2427 1382 2498; x_wconf 88' lang='lat' dir='ltr'><strong>ipsi</strong></span> <span class='ocrx_word' id='word_1_215' title='bbox 1427 2435 1641 2493; x_wconf 88' lang='lat' dir='ltr'><strong>essent,</strong></span> <span class='ocrx_word' id='word_1_216' title='bbox 1682 2428 1882 2481; x_wconf 89' lang='lat' dir='ltr'><strong>scirent</strong></span> 
     </span>
    </p>
   </div>
   <div class='ocr_carea' id='block_1_25' title="bbox 292 2517 1882 2590">
    <p class='ocr_par' dir='ltr' id='par_1_25' title="bbox 292 2517 1882 2590">
     <span class='ocr_line' id='line_1_25' title="bbox 292 2517 1882 2590; baseline -0.002 -15"><span class='ocrx_word' id='word_1_217' title='bbox 292 2521 482 2590; x_wconf 78' lang='lat' dir='ltr'><strong>utique</strong></span> <span class='ocrx_word' id='word_1_218' title='bbox 511 2519 634 2588; x_wconf 84' lang='lat' dir='ltr'><strong>quid</strong></span> <span class='ocrx_word' id='word_1_219' title='bbox 662 2519 712 2573; x_wconf 91' lang='lat' dir='ltr'><strong>in</strong></span> <span class='ocrx_word' id='word_1_220' title='bbox 741 2519 900 2574; x_wconf 91' lang='lat' dir='ltr'><strong>corde</strong></span> <span class='ocrx_word' id='word_1_221' title='bbox 937 2528 1122 2574; x_wconf 88' lang='lat' dir='ltr'><strong>nostro</strong></span> <span class='ocrx_word' id='word_1_222' title='bbox 1161 2529 1347 2584; x_wconf 89' lang='lat' dir='ltr'><strong>esset;</strong></span> <span class='ocrx_word' id='word_1_223' title='bbox 1387 2529 1545 2586; x_wconf 89' lang='lat' dir='ltr'><strong>atque</strong></span> <span class='ocrx_word' id='word_1_224' title='bbox 1587 2517 1658 2571; x_wconf 88' lang='lat' dir='ltr'><strong>ita</strong></span> <span class='ocrx_word' id='word_1_225' title='bbox 1706 2525 1764 2570; x_wconf 84' lang='grc' dir='ltr'>ιη</span> <span class='ocrx_word' id='word_1_226' title='bbox 1803 2517 1882 2572; x_wconf 89' lang='lat' dir='ltr'><strong>eis</strong></span> 
     </span>
    </p>
   </div>
   <div class='ocr_carea' id='block_1_26' title="bbox 296 2607 1883 2681">
    <p class='ocr_par' dir='ltr' id='par_1_26' title="bbox 296 2607 1883 2681">
     <span class='ocr_line' id='line_1_26' title="bbox 296 2607 1883 2681; baseline -0.003 -14"><span class='ocrx_word' id='word_1_227' title='bbox 296 2613 645 2681; x_wconf 85' lang='lat' dir='ltr'><strong>loqueremur</strong></span> <span class='ocrx_word' id='word_1_228' title='bbox 667 2652 681 2675; x_wconf 91' lang='lat'><strong>,</strong></span> <span class='ocrx_word' id='word_1_229' title='bbox 705 2625 842 2681; x_wconf 88' lang='lat' dir='ltr'><strong>opus</strong></span> <span class='ocrx_word' id='word_1_230' title='bbox 867 2626 971 2664; x_wconf 91' lang='lat' dir='ltr'><strong>non</strong></span> <span class='ocrx_word' id='word_1_231' title='bbox 998 2618 1159 2665; x_wconf 86' lang='lat' dir='ltr'><strong>esset.</strong></span> <span class='ocrx_word' id='word_1_232' title='bbox 1181 2609 1236 2666; x_wconf 89' lang='lat' dir='ltr'><strong>Si</strong></span> <span class='ocrx_word' id='word_1_233' title='bbox 1257 2619 1435 2664; x_wconf 89' lang='lat' dir='ltr'><strong>autem</strong></span> <span class='ocrx_word' id='word_1_234' title='bbox 1457 2609 1558 2664; x_wconf 93' lang='lat' dir='ltr'><strong>hoc</strong></span> <span class='ocrx_word' id='word_1_235' title='bbox 1582 2617 1634 2662; x_wconf 89' lang='lat' dir='ltr'><strong>te</strong></span> <span class='ocrx_word' id='word_1_236' title='bbox 1651 2607 1883 2664; x_wconf 85' lang='lat' dir='ltr'><strong>delectat</strong></span> 
     </span>
    </p>
   </div>
   <div class='ocr_carea' id='block_1_27' title="bbox 296 2700 1883 2774">
    <p class='ocr_par' dir='ltr' id='par_1_27' title="bbox 296 2700 1883 2774">
     <span class='ocr_line' id='line_1_27' title="bbox 296 2700 1883 2774; baseline -0.002 -16"><span class='ocrx_word' id='word_1_237' title='bbox 296 2703 442 2774; x_wconf 84' lang='lat' dir='ltr'><strong>quod</strong></span> <span class='ocrx_word' id='word_1_238' title='bbox 475 2702 601 2758; x_wconf 84' lang='lat' dir='ltr'><strong>foris</strong></span> <span class='ocrx_word' id='word_1_239' title='bbox 625 2704 737 2774; x_wconf 86' lang='lat' dir='ltr'><strong>agis</strong></span> <span class='ocrx_word' id='word_1_240' title='bbox 761 2719 776 2765; x_wconf 87' lang='lat'><strong>;</strong></span> <span class='ocrx_word' id='word_1_241' title='bbox 802 2702 920 2767; x_wconf 90' lang='lat' dir='ltr'><strong>vide</strong></span> <span class='ocrx_word' id='word_1_242' title='bbox 943 2718 1010 2758; x_wconf 89' lang='lat' dir='ltr'><strong>ne</strong></span> <span class='ocrx_word' id='word_1_243' title='bbox 1032 2712 1295 2759; x_wconf 88' lang='lat' dir='ltr'><strong>tumescas</strong></span> <span class='ocrx_word' id='word_1_244' title='bbox 1315 2701 1440 2756; x_wconf 83' lang='lat' dir='ltr'><strong>foris</strong></span> <span class='ocrx_word' id='word_1_245' title='bbox 1460 2741 1475 2765; x_wconf 90' lang='lat'><strong>,</strong></span> <span class='ocrx_word' id='word_1_246' title='bbox 1504 2711 1556 2758; x_wconf 89' lang='lat' dir='ltr'><strong>et</strong></span> <span class='ocrx_word' id='word_1_247' title='bbox 1581 2715 1687 2755; x_wconf 91' lang='lat' dir='ltr'><strong>non</strong></span> <span class='ocrx_word' id='word_1_248' title='bbox 1712 2700 1883 2771; x_wconf 89' lang='lat' dir='ltr'><strong>possis</strong></span> 
     </span>
    </p>
   </div>
   <div class='ocr_carea' id='block_1_28' title="bbox 298 2793 1883 2866">
    <p class='ocr_par' dir='ltr' id='par_1_28' title="bbox 298 2793 1883 2866">
     <span class='ocr_line' id='line_1_28' title="bbox 298 2793 1883 2866; baseline -0.001 -16"><span class='ocrx_word' id='word_1_249' title='bbox 298 2795 476 2850; x_wconf 86' lang='lat' dir='ltr'><strong>redire</strong></span> <span class='ocrx_word' id='word_1_250' title='bbox 504 2810 599 2864; x_wconf 79' lang='lat' dir='ltr'><strong>per</strong></span> <span class='ocrx_word' id='word_1_251' title='bbox 623 2805 900 2866; x_wconf 82' lang='lat' dir='ltr'><strong>augustam</strong></span> <span class='ocrx_word' id='word_1_252' title='bbox 923 2796 970 2860; x_wconf 79' lang='lat'><strong>‘,</strong></span> <span class='ocrx_word' id='word_1_253' title='bbox 998 2801 1054 2849; x_wconf 93' lang='lat' dir='ltr'><strong>et</strong></span> <span class='ocrx_word' id='word_1_254' title='bbox 1081 2809 1186 2849; x_wconf 90' lang='lat' dir='ltr'><strong>non</strong></span> <span class='ocrx_word' id='word_1_255' title='bbox 1217 2794 1382 2863; x_wconf 81' lang='lat' dir='ltr'><strong>possit</strong></span> <span class='ocrx_word' id='word_1_256' title='bbox 1411 2793 1502 2847; x_wconf 89' lang='lat' dir='ltr'><strong>tibi</strong></span> <span class='ocrx_word' id='word_1_257' title='bbox 1534 2793 1711 2848; x_wconf 89' lang='lat' dir='ltr'><strong>dicere</strong></span> <span class='ocrx_word' id='word_1_258' title='bbox 1744 2793 1883 2848; x_wconf 87' lang='lat' dir='ltr'><strong>Deus</strong></span> 
     </span>
    </p>
   </div>
   <div class='ocr_carea' id='block_1_29' title="bbox 301 2883 1882 2958">
    <p class='ocr_par' dir='ltr' id='par_1_29' title="bbox 301 2883 1882 2958">
     <span class='ocr_line' id='line_1_29' title="bbox 301 2883 1882 2958; baseline -0.003 -17"><span class='ocrx_word' id='word_1_259' title='bbox 301 2897 424 2942; x_wconf 90' lang='lat' dir='ltr'><strong>tuus</strong></span> <span class='ocrx_word' id='word_1_260' title='bbox 452 2928 467 2952; x_wconf 91' lang='lat'><strong>,</strong></span> <span class='ocrx_word' id='word_1_261' title='bbox 495 2885 638 2940; x_wconf 81' lang='lat' dir='ltr'><strong>Intra</strong></span> <span class='ocrx_word' id='word_1_262' title='bbox 662 2887 714 2940; x_wconf 87' lang='lat' dir='ltr'><strong>in</strong></span> <span class='ocrx_word' id='word_1_263' title='bbox 739 2887 981 2958; x_wconf 80' lang='lat' dir='ltr'><strong>gaudium</strong></span> <span class='ocrx_word' id='word_1_264' title='bbox 1022 2885 1226 2940; x_wconf 80' lang='lat' dir='ltr'><strong>Domini</strong></span> <span class='ocrx_word' id='word_1_265' title='bbox 1267 2885 1392 2939; x_wconf 88' lang='lat' dir='ltr'><strong>tui:</strong></span> <span class='ocrx_word' id='word_1_266' title='bbox 1436 2883 1530 2939; x_wconf 87' lang='lat' dir='ltr'><strong>sed</strong></span> <span class='ocrx_word' id='word_1_267' title='bbox 1567 2883 1712 2939; x_wconf 84' lang='lat' dir='ltr'><strong>dicat</strong></span> <span class='ocrx_word' id='word_1_268' title='bbox 1749 2883 1882 2948; x_wconf 83' lang='lat' dir='ltr'><strong>tibi,</strong></span> 
     </span>
    </p>
   </div>
   <div class='ocr_carea' id='block_1_30' title="bbox 300 2973 1885 3049">
    <p class='ocr_par' dir='ltr' id='par_1_30' title="bbox 300 2973 1885 3049">
     <span class='ocr_line' id='line_1_30' title="bbox 300 2973 1885 3049; baseline -0.003 -18"><span class='ocrx_word' id='word_1_269' title='bbox 300 2979 422 3049; x_wconf 86' lang='lat' dir='ltr'><strong>quia</strong></span> <span class='ocrx_word' id='word_1_270' title='bbox 458 2978 752 3033; x_wconf 80' lang='lat' dir='ltr'><strong>forinsecus</strong></span> <span class='ocrx_word' id='word_1_271' title='bbox 776 2987 888 3032; x_wconf 90' lang='lat' dir='ltr'><strong>erat</strong></span> <span class='ocrx_word' id='word_1_272' title='bbox 914 2976 1054 3047; x_wconf 88' lang='lat' dir='ltr'><strong>quod</strong></span> <span class='ocrx_word' id='word_1_273' title='bbox 1087 2977 1274 3030; x_wconf 85' lang='lat' dir='ltr'><strong>amasti</strong></span> <span class='ocrx_word' id='word_1_274' title='bbox 1301 3015 1318 3041; x_wconf 87' lang='lat'><strong>,</strong></span> <span class='ocrx_word' id='word_1_275' title='bbox 1365 2973 1541 3047; x_wconf 85' lang='lat' dir='ltr'><strong>Ligate</strong></span> <span class='ocrx_word' id='word_1_276' title='bbox 1564 2976 1610 3029; x_wconf 84' lang='lat' dir='ltr'><strong>ei</strong></span> <span class='ocrx_word' id='word_1_277' title='bbox 1635 2989 1812 3028; x_wconf 85' lang='lat' dir='ltr'><strong>manus</strong></span> <span class='ocrx_word' id='word_1_278' title='bbox 1838 2982 1885 3028; x_wconf 85' lang='lat' dir='ltr'><strong>et</strong></span> 
     </span>
    </p>
   </div>
   <div class='ocr_carea' id='block_1_31' title="bbox 305 3065 1883 3141">
    <p class='ocr_par' dir='ltr' id='par_1_31' title="bbox 305 3065 1883 3141">
     <span class='ocr_line' id='line_1_31' title="bbox 305 3065 1883 3141; baseline -0.003 -16"><span class='ocrx_word' id='word_1_279' title='bbox 305 3073 456 3141; x_wconf 74' lang='lat' dir='ltr'><strong>pedes</strong></span> <span class='ocrx_word' id='word_1_280' title='bbox 479 3114 494 3138; x_wconf 87' lang='lat'><strong>,</strong></span> <span class='ocrx_word' id='word_1_281' title='bbox 541 3082 586 3126; x_wconf 88' lang='lat' dir='ltr'><strong>et</strong></span> <span class='ocrx_word' id='word_1_282' title='bbox 625 3072 801 3125; x_wconf 90' lang='lat' dir='ltr'><strong>mittite</strong></span> <span class='ocrx_word' id='word_1_283' title='bbox 841 3087 953 3124; x_wconf 77' lang='lat' dir='ltr'><strong>eum</strong></span> <span class='ocrx_word' id='word_1_284' title='bbox 998 3071 1051 3124; x_wconf 90' lang='lat' dir='ltr'><strong>in</strong></span> <span class='ocrx_word' id='word_1_285' title='bbox 1091 3069 1315 3124; x_wconf 75' lang='lat' dir='ltr'><strong>tenebras</strong></span> <span class='ocrx_word' id='word_1_286' title='bbox 1357 3068 1624 3122; x_wconf 76' lang='lat' dir='ltr'><strong>exteriores</strong></span> <span class='ocrx_word' id='word_1_287' title='bbox 1649 3067 1668 3138; x_wconf 86' lang='lat'><strong>(</strong></span> <span class='ocrx_word' id='word_1_288' title='bbox 1695 3065 1883 3120; x_wconf 75' lang='lat' dir='ltr'><strong>Matth.</strong></span> 
     </span>
    </p>
   </div>
   <div class='ocr_carea' id='block_1_32' title="bbox 308 3158 1888 3234">
    <p class='ocr_par' dir='ltr' id='par_1_32' title="bbox 308 3158 1888 3234">
     <span class='ocr_line' id='line_1_32' title="bbox 308 3158 1888 3234; baseline -0.004 -16"><span class='ocrx_word' id='word_1_289' title='bbox 308 3180 423 3218; x_wconf 63' lang='grc' dir='ltr'>χιιι</span> <span class='ocrx_word' id='word_1_290' title='bbox 449 3207 465 3230; x_wconf 85' lang='grc'><em>,</em></span> <span class='ocrx_word' id='word_1_291' title='bbox 499 3165 561 3218; x_wconf 83' lang='lat' dir='ltr'><strong>l3</strong></span> <span class='ocrx_word' id='word_1_292' title='bbox 583 3164 622 3234; x_wconf 94' lang='lat'><strong>).</strong></span> <span class='ocrx_word' id='word_1_293' title='bbox 652 3163 750 3220; x_wconf 84' lang='lat' dir='ltr'><strong>Ubi</strong></span> <span class='ocrx_word' id='word_1_294' title='bbox 777 3164 918 3218; x_wconf 89' lang='lat' dir='ltr'><strong>enim</strong></span> <span class='ocrx_word' id='word_1_295' title='bbox 950 3160 1182 3216; x_wconf 87' lang='lat' dir='ltr'><strong>ostendit</strong></span> <span class='ocrx_word' id='word_1_296' title='bbox 1208 3160 1400 3215; x_wconf 88' lang='lat' dir='ltr'><strong>malum</strong></span> <span class='ocrx_word' id='word_1_297' title='bbox 1428 3172 1548 3214; x_wconf 88' lang='lat' dir='ltr'><strong>esse</strong></span> <span class='ocrx_word' id='word_1_298' title='bbox 1576 3158 1710 3212; x_wconf 91' lang='lat' dir='ltr'><strong>mitti</strong></span> <span class='ocrx_word' id='word_1_299' title='bbox 1739 3167 1888 3212; x_wconf 77' lang='lat' dir='ltr'><strong>exte-</strong></span> 
     </span>
    </p>
   </div>
   <div class='ocr_carea' id='block_1_33' title="bbox 306 3247 1888 3328">
    <p class='ocr_par' dir='ltr' id='par_1_33' title="bbox 306 3247 1888 3328">
     <span class='ocr_line' id='line_1_33' title="bbox 306 3247 1888 3328; baseline -0.006 -15"><span class='ocrx_word' id='word_1_300' title='bbox 306 3261 416 3313; x_wconf 89' lang='lat' dir='ltr'><strong>rius</strong></span> <span class='ocrx_word' id='word_1_301' title='bbox 440 3299 456 3328; x_wconf 85' lang='lat'><strong><em>,</em></strong></span> <span class='ocrx_word' id='word_1_302' title='bbox 488 3259 556 3312; x_wconf 85' lang='lat' dir='ltr'><strong>ibi</strong></span> <span class='ocrx_word' id='word_1_303' title='bbox 584 3256 817 3312; x_wconf 86' lang='lat' dir='ltr'><strong>ostendit</strong></span> <span class='ocrx_word' id='word_1_304' title='bbox 847 3255 1040 3310; x_wconf 89' lang='lat' dir='ltr'><strong>bonum</strong></span> <span class='ocrx_word' id='word_1_305' title='bbox 1089 3269 1209 3310; x_wconf 88' lang='lat' dir='ltr'><strong>esse</strong></span> <span class='ocrx_word' id='word_1_306' title='bbox 1249 3255 1448 3308; x_wconf 89' lang='lat' dir='ltr'><strong>intrare</strong></span> <span class='ocrx_word' id='word_1_307' title='bbox 1486 3250 1726 3306; x_wconf 90' lang='lat' dir='ltr'><strong>interius.</strong></span> <span class='ocrx_word' id='word_1_308' title='bbox 1756 3247 1888 3304; x_wconf 89' lang='lat' dir='ltr'><strong>Nam</strong></span> 
     </span>
    </p>
   </div>
   <div class='ocr_carea' id='block_1_34' title="bbox 307 3340 1887 3420">
    <p class='ocr_par' dir='ltr' id='par_1_34' title="bbox 307 3340 1887 3420">
     <span class='ocr_line' id='line_1_34' title="bbox 307 3340 1887 3420; baseline -0.006 -16"><span class='ocrx_word' id='word_1_309' title='bbox 307 3365 465 3404; x_wconf 87' lang='lat' dir='ltr'><strong>servo</strong></span> <span class='ocrx_word' id='word_1_310' title='bbox 496 3350 635 3404; x_wconf 69' lang='lat' dir='ltr'><strong>boao</strong></span> <span class='ocrx_word' id='word_1_311' title='bbox 661 3348 784 3420; x_wconf 89' lang='lat' dir='ltr'><strong>quid</strong></span> <span class='ocrx_word' id='word_1_312' title='bbox 816 3346 984 3402; x_wconf 88' lang='lat' dir='ltr'><strong>dixit?</strong></span> <span class='ocrx_word' id='word_1_313' title='bbox 1013 3343 1157 3399; x_wconf 88' lang='lat' dir='ltr'><strong>Intra</strong></span> <span class='ocrx_word' id='word_1_314' title='bbox 1183 3345 1235 3398; x_wconf 86' lang='lat' dir='ltr'><strong>in</strong></span> <span class='ocrx_word' id='word_1_315' title='bbox 1262 3343 1505 3416; x_wconf 82' lang='lat' dir='ltr'><strong>gaudium</strong></span> <span class='ocrx_word' id='word_1_316' title='bbox 1548 3340 1757 3397; x_wconf 85' lang='lat' dir='ltr'><strong>Domini</strong></span> <span class='ocrx_word' id='word_1_317' title='bbox 1795 3341 1887 3394; x_wconf 90' lang='lat' dir='ltr'><strong>tui.</strong></span> 
     </span>
    </p>
   </div>
   <div class='ocr_carea' id='block_1_35' title="bbox 224 3429 1890 3507">
    <p class='ocr_par' dir='ltr' id='par_1_35' title="bbox 224 3429 1890 3507">
     <span class='ocr_line' id='line_1_35' title="bbox 224 3429 1890 3507; baseline -0.006 -13"><span class='ocrx_word' id='word_1_318' title='bbox 224 3429 232 3438; x_wconf 73' lang='grc'><em>’</em></span> <span class='ocrx_word' id='word_1_319' title='bbox 308 3439 445 3493; x_wconf 81' lang='lat' dir='ltr'><strong>Malo</strong></span> <span class='ocrx_word' id='word_1_320' title='bbox 475 3449 648 3492; x_wconf 86' lang='lat' dir='ltr'><strong>autent</strong></span> <span class='ocrx_word' id='word_1_321' title='bbox 676 3452 864 3502; x_wconf 88' lang='lat' dir='ltr'><strong>servo,</strong></span> <span class='ocrx_word' id='word_1_322' title='bbox 898 3435 1141 3507; x_wconf 81' lang='lat' dir='ltr'><strong>Projicite</strong></span> <span class='ocrx_word' id='word_1_323' title='bbox 1166 3432 1314 3488; x_wconf 81' lang='lat' dir='ltr'><strong>illum</strong></span> <span class='ocrx_word' id='word_1_324' title='bbox 1339 3434 1392 3486; x_wconf 91' lang='lat' dir='ltr'><strong>in</strong></span> <span class='ocrx_word' id='word_1_325' title='bbox 1423 3433 1650 3487; x_wconf 79' lang='lat' dir='ltr'><strong>tenebras</strong></span> <span class='ocrx_word' id='word_1_326' title='bbox 1674 3430 1890 3486; x_wconf 73' lang='lat' dir='ltr'><strong>exterio-</strong></span> 
     </span>
    </p>
   </div>
   <div class='ocr_carea' id='block_1_36' title="bbox 309 3523 1892 3601">
    <p class='ocr_par' dir='ltr' id='par_1_36' title="bbox 309 3523 1892 3601">
     <span class='ocr_line' id='line_1_36' title="bbox 309 3523 1892 3601; baseline -0.004 -17"><span class='ocrx_word' id='word_1_327' title='bbox 309 3549 386 3586; x_wconf 86' lang='lat' dir='ltr'><strong>res</strong></span> <span class='ocrx_word' id='word_1_328' title='bbox 419 3533 436 3601; x_wconf 94' lang='lat'><strong>(</strong></span> <span class='ocrx_word' id='word_1_329' title='bbox 464 3529 544 3583; x_wconf 83' lang='lat' dir='ltr'><strong>Id.</strong></span> <span class='ocrx_word' id='word_1_330' title='bbox 577 3545 706 3593; x_wconf 80' lang='lat' dir='ltr'><strong>xxv,</strong></span> <span class='ocrx_word' id='word_1_331' title='bbox 731 3530 791 3582; x_wconf 74' lang='lat' dir='ltr'><strong>2t</strong></span> <span class='ocrx_word' id='word_1_332' title='bbox 825 3571 839 3594; x_wconf 87' lang='lat'><strong>,</strong></span> <span class='ocrx_word' id='word_1_333' title='bbox 867 3528 938 3582; x_wconf 71' lang='lat'><strong>23</strong></span> <span class='ocrx_word' id='word_1_334' title='bbox 957 3569 971 3593; x_wconf 85' lang='lat'><strong>,</strong></span> <span class='ocrx_word' id='word_1_335' title='bbox 1000 3527 1069 3584; x_wconf 73' lang='lat'><strong>30</strong></span> <span class='ocrx_word' id='word_1_336' title='bbox 1091 3528 1130 3597; x_wconf 92' lang='lat'><strong>).</strong></span> <span class='ocrx_word' id='word_1_337' title='bbox 1162 3526 1275 3580; x_wconf 85' lang='lat' dir='ltr'><strong>Non</strong></span> <span class='ocrx_word' id='word_1_338' title='bbox 1301 3541 1428 3595; x_wconf 80' lang='lat' dir='ltr'><strong>ergo</strong></span> <span class='ocrx_word' id='word_1_339' title='bbox 1454 3539 1697 3580; x_wconf 85' lang='lat' dir='ltr'><strong>amemus</strong></span> <span class='ocrx_word' id='word_1_340' title='bbox 1725 3523 1892 3594; x_wconf 87' lang='lat' dir='ltr'><strong>magis</strong></span> 
     </span>
    </p>
   </div>
   <div class='ocr_carea' id='block_1_37' title="bbox 310 3615 1891 3686">
    <p class='ocr_par' dir='ltr' id='par_1_37' title="bbox 310 3615 1891 3686">
     <span class='ocr_line' id='line_1_37' title="bbox 310 3615 1891 3686; baseline -0.007 -8"><span class='ocrx_word' id='word_1_341' title='bbox 310 3625 572 3678; x_wconf 80' lang='lat' dir='ltr'><strong>exteriora</strong></span> <span class='ocrx_word' id='word_1_342' title='bbox 600 3665 614 3686; x_wconf 89' lang='grc'><em>,</em></span> <span class='ocrx_word' id='word_1_343' title='bbox 642 3621 734 3674; x_wconf 88' lang='lat' dir='ltr'><strong>sed</strong></span> <span class='ocrx_word' id='word_1_344' title='bbox 763 3620 1013 3674; x_wconf 88' lang='lat' dir='ltr'><strong>interiora</strong></span> <span class='ocrx_word' id='word_1_345' title='bbox 1041 3637 1052 3672; x_wconf 92' lang='lat'><strong>:</strong></span> <span class='ocrx_word' id='word_1_346' title='bbox 1077 3618 1143 3672; x_wconf 90' lang='lat' dir='ltr'><strong>de</strong></span> <span class='ocrx_word' id='word_1_347' title='bbox 1167 3616 1508 3672; x_wconf 88' lang='lat' dir='ltr'><strong>interioribus</strong></span> <span class='ocrx_word' id='word_1_348' title='bbox 1527 3615 1852 3686; x_wconf 80' lang='lat' dir='ltr'><strong>gaudeamus</strong></span> <span class='ocrx_word' id='word_1_349' title='bbox 1875 3629 1891 3679; x_wconf 95' lang='lat'><strong>;</strong></span> 
     </span>
    </p>
   </div>
   <div class='ocr_carea' id='block_1_38' title="bbox 313 3707 1895 3767">
    <p class='ocr_par' dir='ltr' id='par_1_38' title="bbox 313 3707 1895 3767">
     <span class='ocr_line' id='line_1_38' title="bbox 313 3707 1895 3767; baseline -0.004 -2"><span class='ocrx_word' id='word_1_350' title='bbox 313 3714 363 3765; x_wconf 90' lang='lat' dir='ltr'><strong>in</strong></span> <span class='ocrx_word' id='word_1_351' title='bbox 389 3712 746 3767; x_wconf 66' lang='lat' dir='ltr'><strong>exterioribus</strong></span> <span class='ocrx_word' id='word_1_352' title='bbox 786 3719 962 3764; x_wconf 89' lang='lat' dir='ltr'><strong>autem</strong></span> <span class='ocrx_word' id='word_1_353' title='bbox 1010 3709 1378 3763; x_wconf 86' lang='lat' dir='ltr'><strong>necessitatem</strong></span> <span class='ocrx_word' id='word_1_354' title='bbox 1421 3707 1740 3767; x_wconf 85' lang='lat' dir='ltr'><strong>habeamus,</strong></span> <span class='ocrx_word' id='word_1_355' title='bbox 1785 3718 1895 3758; x_wconf 89' lang='lat' dir='ltr'><strong>non</strong></span> 
     </span>
    </p>
   </div>
   <div class='ocr_carea' id='block_1_39' title="bbox 314 3797 1892 3871">
    <p class='ocr_par' dir='ltr' id='par_1_39' title="bbox 314 3797 1892 3871">
     <span class='ocr_line' id='line_1_39' title="bbox 314 3797 1892 3871; baseline -0.008 -14"><span class='ocrx_word' id='word_1_356' title='bbox 314 3805 639 3859; x_wconf 78' lang='lat' dir='ltr'><strong>Voluntateut</strong></span> <span class='ocrx_word' id='word_1_357' title='bbox 662 3802 703 3856; x_wconf 85' lang='grc'><strong>⁸.</strong></span> <span class='ocrx_word' id='word_1_358' title='bbox 736 3800 826 3855; x_wconf 85' lang='lat' dir='ltr'><strong>Vir</strong></span> <span class='ocrx_word' id='word_1_359' title='bbox 847 3801 1105 3871; x_wconf 76' lang='lat' dir='ltr'><strong>linguosus</strong></span> <span class='ocrx_word' id='word_1_360' title='bbox 1129 3815 1229 3851; x_wconf 91' lang='lat' dir='ltr'><strong>non</strong></span> <span class='ocrx_word' id='word_1_361' title='bbox 1251 3797 1494 3868; x_wconf 83' lang='lat' dir='ltr'><strong>dirigetur</strong></span> <span class='ocrx_word' id='word_1_362' title='bbox 1513 3811 1663 3865; x_wconf 86' lang='lat' dir='ltr'><strong>super</strong></span> <span class='ocrx_word' id='word_1_363' title='bbox 1686 3803 1892 3848; x_wconf 87' lang='lat' dir='ltr'><strong>terram.</strong></span> 
     </span>
    </p>
   </div>
   <div class='ocr_carea' id='block_1_40' title="bbox 387 3885 1893 3964">
    <p class='ocr_par' dir='ltr' id='par_1_40' title="bbox 387 3885 1893 3964">
     <span class='ocr_line' id='line_1_40' title="bbox 387 3885 1893 3964; baseline -0.007 -14"><span class='ocrx_word' id='word_1_364' title='bbox 387 3896 475 3950; x_wconf 79' lang='lat' dir='ltr'><strong>l6.</strong></span> <span class='ocrx_word' id='word_1_365' title='bbox 531 3894 699 3947; x_wconf 85' lang='lat' dir='ltr'><strong>Virum</strong></span> <span class='ocrx_word' id='word_1_366' title='bbox 736 3893 980 3964; x_wconf 84' lang='lat' dir='ltr'><strong>iujustum</strong></span> <span class='ocrx_word' id='word_1_367' title='bbox 1021 3891 1155 3944; x_wconf 82' lang='lat' dir='ltr'><strong>mala</strong></span> <span class='ocrx_word' id='word_1_368' title='bbox 1192 3888 1500 3944; x_wconf 77' lang='lat' dir='ltr'><strong>venabantur</strong></span> <span class='ocrx_word' id='word_1_369' title='bbox 1538 3888 1590 3940; x_wconf 89' lang='lat' dir='ltr'><strong>in</strong></span> <span class='ocrx_word' id='word_1_370' title='bbox 1616 3885 1893 3940; x_wconf 86' lang='lat' dir='ltr'><strong>interitum.</strong></span> 
     </span>
    </p>
   </div>
   <div class='ocr_carea' id='block_1_41' title="bbox 320 3976 1898 4050">
    <p class='ocr_par' dir='ltr' id='par_1_41' title="bbox 320 3976 1898 4050">
     <span class='ocr_line' id='line_1_41' title="bbox 320 3976 1898 4050; baseline -0.008 -8"><span class='ocrx_word' id='word_1_371' title='bbox 320 3988 552 4044; x_wconf 69' lang='lat' dir='ltr'><strong>Veniunt</strong></span> <span class='ocrx_word' id='word_1_372' title='bbox 576 3987 712 4040; x_wconf 88' lang='lat' dir='ltr'><strong>mala</strong></span> <span class='ocrx_word' id='word_1_373' title='bbox 735 4025 751 4050; x_wconf 87' lang='lat'><strong>,</strong></span> <span class='ocrx_word' id='word_1_374' title='bbox 779 3993 834 4040; x_wconf 91' lang='lat' dir='ltr'><strong>et</strong></span> <span class='ocrx_word' id='word_1_375' title='bbox 860 3999 966 4038; x_wconf 90' lang='lat' dir='ltr'><strong>non</strong></span> <span class='ocrx_word' id='word_1_376' title='bbox 987 3983 1225 4038; x_wconf 86' lang='lat' dir='ltr'><strong>subsistit</strong></span> <span class='ocrx_word' id='word_1_377' title='bbox 1248 3999 1262 4045; x_wconf 94' lang='lat'><strong>;</strong></span> <span class='ocrx_word' id='word_1_378' title='bbox 1291 3980 1411 4036; x_wconf 91' lang='lat' dir='ltr'><strong>ideo</strong></span> <span class='ocrx_word' id='word_1_379' title='bbox 1435 3979 1604 4045; x_wconf 81' lang='lat' dir='ltr'><strong>dixit,</strong></span> <span class='ocrx_word' id='word_1_380' title='bbox 1638 3976 1898 4032; x_wconf 82' lang='lat' dir='ltr'><strong>Venabun-</strong></span> 
     </span>
    </p>
   </div>
   <div class='ocr_carea' id='block_1_42' title="bbox 315 4069 1894 4140">
    <p class='ocr_par' dir='ltr' id='par_1_42' title="bbox 315 4069 1894 4140">
     <span class='ocr_line' id='line_1_42' title="bbox 315 4069 1894 4140; baseline -0.004 -9"><span class='ocrx_word' id='word_1_381' title='bbox 315 4088 397 4132; x_wconf 83' lang='lat' dir='ltr'><strong>tur</strong></span> <span class='ocrx_word' id='word_1_382' title='bbox 422 4079 476 4132; x_wconf 86' lang='lat' dir='ltr'><strong>in</strong></span> <span class='ocrx_word' id='word_1_383' title='bbox 496 4077 769 4132; x_wconf 80' lang='lat' dir='ltr'><strong>interitum.</strong></span> <span class='ocrx_word' id='word_1_384' title='bbox 798 4075 972 4130; x_wconf 79' lang='lat' dir='ltr'><strong>Multis</strong></span> <span class='ocrx_word' id='word_1_385' title='bbox 995 4074 1136 4129; x_wconf 90' lang='lat' dir='ltr'><strong>enim</strong></span> <span class='ocrx_word' id='word_1_386' title='bbox 1164 4071 1318 4127; x_wconf 86' lang='lat' dir='ltr'><strong>bouis</strong></span> <span class='ocrx_word' id='word_1_387' title='bbox 1337 4113 1352 4137; x_wconf 82' lang='lat'><strong>,</strong></span> <span class='ocrx_word' id='word_1_388' title='bbox 1387 4070 1564 4126; x_wconf 87' lang='lat' dir='ltr'><strong>multis</strong></span> <span class='ocrx_word' id='word_1_389' title='bbox 1583 4069 1744 4140; x_wconf 73' lang='lat' dir='ltr'><strong>iustis</strong></span> <span class='ocrx_word' id='word_1_390' title='bbox 1768 4082 1894 4124; x_wconf 85' lang='lat' dir='ltr'><strong>eve-</strong></span> 
     </span>
    </p>
   </div>
   <div class='ocr_carea' id='block_1_43' title="bbox 317 4158 1891 4237">
    <p class='ocr_par' dir='ltr' id='par_1_43' title="bbox 317 4158 1891 4237">
     <span class='ocr_line' id='line_1_43' title="bbox 317 4158 1891 4237; baseline -0.008 -11"><span class='ocrx_word' id='word_1_391' title='bbox 317 4180 511 4226; x_wconf 87' lang='lat' dir='ltr'><strong>nerunt</strong></span> <span class='ocrx_word' id='word_1_392' title='bbox 538 4169 672 4224; x_wconf 86' lang='lat' dir='ltr'><strong>mala</strong></span> <span class='ocrx_word' id='word_1_393' title='bbox 697 4185 713 4235; x_wconf 95' lang='lat'><strong>;</strong></span> <span class='ocrx_word' id='word_1_394' title='bbox 745 4177 800 4224; x_wconf 90' lang='lat' dir='ltr'><strong>et</strong></span> <span class='ocrx_word' id='word_1_395' title='bbox 825 4176 1072 4237; x_wconf 84' lang='lat' dir='ltr'><strong>tanquam</strong></span> <span class='ocrx_word' id='word_1_396' title='bbox 1103 4165 1420 4220; x_wconf 73' lang='lat' dir='ltr'><strong>invenerunt</strong></span> <span class='ocrx_word' id='word_1_397' title='bbox 1444 4177 1538 4218; x_wconf 92' lang='lat' dir='ltr'><strong>eos</strong></span> <span class='ocrx_word' id='word_1_398' title='bbox 1567 4161 1726 4216; x_wconf 89' lang='lat' dir='ltr'><strong>mala.</strong></span> <span class='ocrx_word' id='word_1_399' title='bbox 1756 4158 1891 4215; x_wconf 89' lang='lat' dir='ltr'><strong>Nam</strong></span> 
     </span>
    </p>
   </div>
   <div class='ocr_carea' id='block_1_44' title="bbox 315 4249 1897 4326">
    <p class='ocr_par' dir='ltr' id='par_1_44' title="bbox 315 4249 1897 4326">
     <span class='ocr_line' id='line_1_44' title="bbox 315 4249 1897 4326; baseline -0.005 -12"><span class='ocrx_word' id='word_1_400' title='bbox 315 4261 437 4314; x_wconf 85' lang='lat' dir='ltr'><strong>ideo</strong></span> <span class='ocrx_word' id='word_1_401' title='bbox 475 4259 648 4325; x_wconf 80' lang='lat' dir='ltr'><strong>dixit,</strong></span> <span class='ocrx_word' id='word_1_402' title='bbox 699 4257 1062 4321; x_wconf 80' lang='lat' dir='ltr'><strong>Venabuntur,</strong></span> <span class='ocrx_word' id='word_1_403' title='bbox 1111 4254 1234 4326; x_wconf 87' lang='lat' dir='ltr'><strong>quia</strong></span> <span class='ocrx_word' id='word_1_404' title='bbox 1275 4252 1638 4322; x_wconf 85' lang='lat' dir='ltr'><strong>unusquisque</strong></span> <span class='ocrx_word' id='word_1_405' title='bbox 1667 4249 1897 4306; x_wconf 85' lang='lat' dir='ltr'><strong>abscon-</strong></span> 
     </span>
    </p>
   </div>
   <div class='ocr_carea' id='block_1_45' title="bbox 316 4340 1896 4411">
    <p class='ocr_par' dir='ltr' id='par_1_45' title="bbox 316 4340 1896 4411">
     <span class='ocr_line' id='line_1_45' title="bbox 316 4340 1896 4411; baseline -0.008 -5"><span class='ocrx_word' id='word_1_406' title='bbox 316 4351 444 4406; x_wconf 83' lang='lat' dir='ltr'><strong>dere</strong></span> <span class='ocrx_word' id='word_1_407' title='bbox 470 4366 530 4405; x_wconf 85' lang='lat' dir='ltr'><strong>se</strong></span> <span class='ocrx_word' id='word_1_408' title='bbox 557 4350 669 4404; x_wconf 85' lang='lat' dir='ltr'><strong>vult</strong></span> <span class='ocrx_word' id='word_1_409' title='bbox 688 4365 716 4402; x_wconf 83' lang='lat' dir='ltr'><strong>a</strong></span> <span class='ocrx_word' id='word_1_410' title='bbox 740 4348 880 4403; x_wconf 89' lang='lat' dir='ltr'><strong>malo</strong></span> <span class='ocrx_word' id='word_1_411' title='bbox 909 4365 922 4402; x_wconf 93' lang='lat'>:</span> <span class='ocrx_word' id='word_1_412' title='bbox 949 4345 1042 4402; x_wconf 82' lang='lat' dir='ltr'><strong>sed</strong></span> <span class='ocrx_word' id='word_1_413' title='bbox 1066 4361 1186 4400; x_wconf 91' lang='lat' dir='ltr'><strong>cum</strong></span> <span class='ocrx_word' id='word_1_414' title='bbox 1213 4343 1479 4400; x_wconf 87' lang='lat' dir='ltr'><strong>invenitur</strong></span> <span class='ocrx_word' id='word_1_415' title='bbox 1500 4359 1530 4398; x_wconf 89' lang='lat' dir='ltr'><strong>a</strong></span> <span class='ocrx_word' id='word_1_416' title='bbox 1550 4341 1692 4396; x_wconf 89' lang='lat' dir='ltr'><strong>malo</strong></span> <span class='ocrx_word' id='word_1_417' title='bbox 1711 4382 1726 4406; x_wconf 94' lang='lat'><strong>,</strong></span> <span class='ocrx_word' id='word_1_418' title='bbox 1747 4340 1896 4411; x_wconf 88' lang='lat' dir='ltr'><strong>quasi</strong></span> 
     </span>
    </p>
   </div>
   <div class='ocr_carea' id='block_1_46' title="bbox 319 4431 1897 4507">
    <p class='ocr_par' dir='ltr' id='par_1_46' title="bbox 319 4431 1897 4507">
     <span class='ocr_line' id='line_1_46' title="bbox 319 4431 1897 4507; baseline -0.007 -11"><span class='ocrx_word' id='word_1_419' title='bbox 319 4443 487 4498; x_wconf 81' lang='lat' dir='ltr'><strong>factus</strong></span> <span class='ocrx_word' id='word_1_420' title='bbox 516 4451 599 4497; x_wconf 90' lang='lat' dir='ltr'><strong>est</strong></span> <span class='ocrx_word' id='word_1_421' title='bbox 625 4442 677 4496; x_wconf 93' lang='lat' dir='ltr'><strong>in</strong></span> <span class='ocrx_word' id='word_1_422' title='bbox 708 4441 1062 4495; x_wconf 88' lang='lat' dir='ltr'><strong>venationem.</strong></span> <span class='ocrx_word' id='word_1_423' title='bbox 1094 4435 1360 4507; x_wconf 83' lang='lat' dir='ltr'><strong>Numquid</strong></span> <span class='ocrx_word' id='word_1_424' title='bbox 1404 4444 1580 4488; x_wconf 89' lang='lat' dir='ltr'><strong>autem</strong></span> <span class='ocrx_word' id='word_1_425' title='bbox 1625 4431 1727 4488; x_wconf 89' lang='lat' dir='ltr'><strong>soli</strong></span> <span class='ocrx_word' id='word_1_426' title='bbox 1774 4432 1897 4486; x_wconf 82' lang='lat' dir='ltr'><strong>mali</strong></span> 
     </span>
    </p>
   </div>
   <div class='ocr_carea' id='block_1_47' title="bbox 319 4523 1900 4607">
    <p class='ocr_par' dir='ltr' id='par_1_47' title="bbox 319 4523 1900 4607">
     <span class='ocr_line' id='line_1_47' title="bbox 319 4523 1900 4607; baseline -0.007 -17"><span class='ocrx_word' id='word_1_427' title='bbox 319 4537 527 4607; x_wconf 76' lang='lat' dir='ltr'><strong>fugiunt</strong></span> <span class='ocrx_word' id='word_1_428' title='bbox 555 4551 584 4590; x_wconf 88' lang='lat' dir='ltr'><strong>a</strong></span> <span class='ocrx_word' id='word_1_429' title='bbox 610 4535 763 4590; x_wconf 88' lang='lat' dir='ltr'><strong>malis</strong></span> <span class='ocrx_word' id='word_1_430' title='bbox 789 4575 801 4598; x_wconf 87' lang='grc'><em>,</em></span> <span class='ocrx_word' id='word_1_431' title='bbox 831 4531 1042 4603; x_wconf 90' lang='lat' dir='ltr'><strong>quando</strong></span> <span class='ocrx_word' id='word_1_432' title='bbox 1066 4537 1374 4600; x_wconf 74' lang='lat' dir='ltr'><strong>qumruntnr</strong></span> <span class='ocrx_word' id='word_1_433' title='bbox 1415 4541 1443 4580; x_wconf 86' lang='lat' dir='ltr'><strong>a</strong></span> <span class='ocrx_word' id='word_1_434' title='bbox 1484 4524 1679 4582; x_wconf 84' lang='lat' dir='ltr'><strong>malis?</strong></span> <span class='ocrx_word' id='word_1_435' title='bbox 1714 4523 1900 4579; x_wconf 87' lang='lat' dir='ltr'><strong>Nonne</strong></span> 
     </span>
    </p>
   </div>
   <div class='ocr_carea' id='block_1_48' title="bbox 318 4616 1902 4692">
    <p class='ocr_par' dir='ltr' id='par_1_48' title="bbox 318 4616 1902 4692">
     <span class='ocr_line' id='line_1_48' title="bbox 318 4616 1902 4692; baseline -0.01 -8"><span class='ocrx_word' id='word_1_436' title='bbox 318 4642 368 4684; x_wconf 89' lang='lat' dir='ltr'><strong>ct</strong></span> <span class='ocrx_word' id='word_1_437' title='bbox 401 4628 556 4683; x_wconf 91' lang='lat' dir='ltr'><strong>bouis</strong></span> <span class='ocrx_word' id='word_1_438' title='bbox 581 4626 778 4681; x_wconf 89' lang='lat' dir='ltr'><strong>dictum</strong></span> <span class='ocrx_word' id='word_1_439' title='bbox 803 4635 926 4680; x_wconf 88' lang='lat' dir='ltr'><strong>est:</strong></span> <span class='ocrx_word' id='word_1_440' title='bbox 971 4623 1032 4679; x_wconf 89' lang='lat' dir='ltr'><strong>Si</strong></span> <span class='ocrx_word' id='word_1_441' title='bbox 1075 4639 1160 4675; x_wconf 80' lang='lat' dir='ltr'><strong>vos</strong></span> <span class='ocrx_word' id='word_1_442' title='bbox 1204 4620 1448 4692; x_wconf 81' lang='lat' dir='ltr'><strong>persecuti</strong></span> <span class='ocrx_word' id='word_1_443' title='bbox 1485 4618 1673 4689; x_wconf 82' lang='lat' dir='ltr'><strong>fuerint</strong></span> <span class='ocrx_word' id='word_1_444' title='bbox 1709 4617 1762 4670; x_wconf 89' lang='lat' dir='ltr'><strong>in</strong></span> <span class='ocrx_word' id='word_1_445' title='bbox 1806 4616 1902 4669; x_wconf 73' lang='lat' dir='ltr'><strong>hac</strong></span> 
     </span>
    </p>
   </div>
   <div class='ocr_carea' id='block_1_49' title="bbox 319 4705 1901 4789">
    <p class='ocr_par' dir='ltr' id='par_1_49' title="bbox 319 4705 1901 4789">
     <span class='ocr_line' id='line_1_49' title="bbox 319 4705 1901 4789; baseline -0.008 -16"><span class='ocrx_word' id='word_1_446' title='bbox 319 4722 544 4784; x_wconf 66' lang='lat' dir='ltr'><strong>civitate,</strong></span> <span class='ocrx_word' id='word_1_447' title='bbox 579 4718 738 4789; x_wconf 80' lang='lat' dir='ltr'><strong>fugite</strong></span> <span class='ocrx_word' id='word_1_448' title='bbox 762 4717 814 4770; x_wconf 87' lang='lat' dir='ltr'><strong>in</strong></span> <span class='ocrx_word' id='word_1_449' title='bbox 851 4715 1006 4769; x_wconf 77' lang='lat' dir='ltr'><strong>otium</strong></span> <span class='ocrx_word' id='word_1_450' title='bbox 1051 4712 1176 4784; x_wconf 88' lang='lat' dir='ltr'><strong>(Id.</strong></span> <span class='ocrx_word' id='word_1_451' title='bbox 1209 4728 1240 4765; x_wconf 81' lang='lat' dir='ltr'><strong>x</strong></span> <span class='ocrx_word' id='word_1_452' title='bbox 1265 4752 1280 4768; x_wconf 96' lang='lat'><strong>.</strong></span> <span class='ocrx_word' id='word_1_453' title='bbox 1309 4709 1382 4765; x_wconf 71' lang='lat'><strong>23</strong></span> <span class='ocrx_word' id='word_1_454' title='bbox 1407 4709 1469 4781; x_wconf 85' lang='lat'><strong>)?</strong></span> <span class='ocrx_word' id='word_1_455' title='bbox 1504 4708 1648 4778; x_wconf 86' lang='lat' dir='ltr'><strong>Ergo</strong></span> <span class='ocrx_word' id='word_1_456' title='bbox 1688 4705 1901 4777; x_wconf 89' lang='lat' dir='ltr'><strong>quando</strong></span> 
     </span>
    </p>
   </div>
   <div class='ocr_carea' id='block_1_50' title="bbox 322 4803 1897 4880">
    <p class='ocr_par' dir='ltr' id='par_1_50' title="bbox 322 4803 1897 4880">
     <span class='ocr_line' id='line_1_50' title="bbox 322 4803 1897 4880; baseline -0.008 -17"><span class='ocrx_word' id='word_1_457' title='bbox 322 4812 440 4864; x_wconf 89' lang='lat' dir='ltr'><strong>mali</strong></span> <span class='ocrx_word' id='word_1_458' title='bbox 470 4808 922 4880; x_wconf 85' lang='lat' dir='ltr'><strong>persequebantur</strong></span> <span class='ocrx_word' id='word_1_459' title='bbox 943 4805 1111 4859; x_wconf 80' lang='lat' dir='ltr'><strong>bonos</strong></span> <span class='ocrx_word' id='word_1_460' title='bbox 1133 4847 1146 4868; x_wconf 85' lang='lat'><strong>,</strong></span> <span class='ocrx_word' id='word_1_461' title='bbox 1182 4803 1233 4857; x_wconf 88' lang='lat' dir='ltr'><strong>id</strong></span> <span class='ocrx_word' id='word_1_462' title='bbox 1255 4811 1336 4856; x_wconf 87' lang='lat' dir='ltr'><strong>est</strong></span> <span class='ocrx_word' id='word_1_463' title='bbox 1359 4809 1622 4872; x_wconf 76' lang='lat' dir='ltr'><strong>martyres</strong></span> <span class='ocrx_word' id='word_1_464' title='bbox 1647 4807 1858 4853; x_wconf 88' lang='lat' dir='ltr'><strong>nostros</strong></span> <span class='ocrx_word' id='word_1_465' title='bbox 1881 4837 1897 4863; x_wconf 86' lang='lat'><strong>,</strong></span> 
     </span>
    </p>
   </div>
   <div class='ocr_carea' id='block_1_51' title="bbox 320 4888 1899 4968">
    <p class='ocr_par' dir='ltr' id='par_1_51' title="bbox 320 4888 1899 4968">
     <span class='ocr_line' id='line_1_51' title="bbox 320 4888 1899 4968; baseline -0.009 -12"><span class='ocrx_word' id='word_1_466' title='bbox 320 4920 436 4956; x_wconf 77' lang='lat' dir='ltr'><strong>cum</strong></span> <span class='ocrx_word' id='word_1_467' title='bbox 463 4917 559 4957; x_wconf 83' lang='lat' dir='ltr'><strong>eos</strong></span> <span class='ocrx_word' id='word_1_468' title='bbox 588 4897 1104 4968; x_wconf 79' lang='lat' dir='ltr'><strong>comprehenderunt</strong></span> <span class='ocrx_word' id='word_1_469' title='bbox 1128 4937 1142 4960; x_wconf 92' lang='lat'><strong>,</strong></span> <span class='ocrx_word' id='word_1_470' title='bbox 1171 4894 1342 4950; x_wconf 89' lang='lat' dir='ltr'><strong>venati</strong></span> <span class='ocrx_word' id='word_1_471' title='bbox 1371 4901 1496 4947; x_wconf 90' lang='lat' dir='ltr'><strong>sunt</strong></span> <span class='ocrx_word' id='word_1_472' title='bbox 1520 4906 1614 4946; x_wconf 89' lang='lat' dir='ltr'><strong>eos</strong></span> <span class='ocrx_word' id='word_1_473' title='bbox 1637 4907 1652 4956; x_wconf 93' lang='lat'><strong>;</strong></span> <span class='ocrx_word' id='word_1_474' title='bbox 1675 4888 1770 4944; x_wconf 86' lang='lat' dir='ltr'><strong>sed</strong></span> <span class='ocrx_word' id='word_1_475' title='bbox 1794 4903 1899 4943; x_wconf 92' lang='lat' dir='ltr'><strong>nou</strong></span> 
     </span>
    </p>
   </div>
   <div class='ocr_carea' id='block_1_52' title="bbox 321 4987 1902 5050">
    <p class='ocr_par' dir='ltr' id='par_1_52' title="bbox 321 4987 1902 5050">
     <span class='ocr_line' id='line_1_52' title="bbox 321 4987 1902 5050; baseline -0.009 -1"><span class='ocrx_word' id='word_1_476' title='bbox 321 4996 384 5049; x_wconf 84' lang='lat' dir='ltr'><strong>ad</strong></span> <span class='ocrx_word' id='word_1_477' title='bbox 435 4995 726 5049; x_wconf 88' lang='lat' dir='ltr'><strong>interitum.</strong></span> <span class='ocrx_word' id='word_1_478' title='bbox 771 4991 960 5046; x_wconf 79' lang='lat' dir='ltr'><strong>Pressa</strong></span> <span class='ocrx_word' id='word_1_479' title='bbox 1005 4997 1088 5042; x_wconf 89' lang='lat' dir='ltr'><strong>est</strong></span> <span class='ocrx_word' id='word_1_480' title='bbox 1133 4987 1274 5042; x_wconf 91' lang='lat' dir='ltr'><strong>enim</strong></span> <span class='ocrx_word' id='word_1_481' title='bbox 1313 4999 1477 5050; x_wconf 87' lang='lat' dir='ltr'><strong>caro,</strong></span> <span class='ocrx_word' id='word_1_482' title='bbox 1525 4990 1779 5038; x_wconf 87' lang='lat' dir='ltr'><strong>coronata</strong></span> <span class='ocrx_word' id='word_1_483' title='bbox 1819 4988 1902 5035; x_wconf 87' lang='lat' dir='ltr'><strong>est</strong></span> 
     </span>
    </p>
   </div>
   <div class='ocr_carea' id='block_1_53' title="bbox 323 5073 1902 5154">
    <p class='ocr_par' dir='ltr' id='par_1_53' title="bbox 323 5073 1902 5154">
     <span class='ocr_line' id='line_1_53' title="bbox 323 5073 1902 5154; baseline -0.008 -15"><span class='ocrx_word' id='word_1_484' title='bbox 323 5089 530 5148; x_wconf 82' lang='lat' dir='ltr'><strong>anima;</strong></span> <span class='ocrx_word' id='word_1_485' title='bbox 561 5094 612 5139; x_wconf 88' lang='lat' dir='ltr'><strong>et</strong></span> <span class='ocrx_word' id='word_1_486' title='bbox 640 5085 808 5154; x_wconf 77' lang='lat' dir='ltr'><strong>ejecta</strong></span> <span class='ocrx_word' id='word_1_487' title='bbox 835 5091 914 5137; x_wconf 88' lang='lat' dir='ltr'><strong>est</strong></span> <span class='ocrx_word' id='word_1_488' title='bbox 941 5082 1115 5136; x_wconf 88' lang='lat' dir='ltr'><strong>anima</strong></span> <span class='ocrx_word' id='word_1_489' title='bbox 1139 5079 1207 5134; x_wconf 88' lang='lat' dir='ltr'><strong>de</strong></span> <span class='ocrx_word' id='word_1_490' title='bbox 1234 5092 1394 5133; x_wconf 90' lang='lat' dir='ltr'><strong>carne</strong></span> <span class='ocrx_word' id='word_1_491' title='bbox 1418 5118 1435 5143; x_wconf 92' lang='lat'><strong>,</strong></span> <span class='ocrx_word' id='word_1_492' title='bbox 1481 5090 1580 5130; x_wconf 93' lang='lat' dir='ltr'><strong>nec</strong></span> <span class='ocrx_word' id='word_1_493' title='bbox 1625 5073 1771 5128; x_wconf 92' lang='lat' dir='ltr'><strong>carui</strong></span> <span class='ocrx_word' id='word_1_494' title='bbox 1806 5073 1902 5128; x_wconf 83' lang='lat' dir='ltr'><strong>ali-</strong></span> 
     </span>
    </p>
   </div>
   <div class='ocr_carea' id='block_1_54' title="bbox 323 5164 1898 5245">
    <p class='ocr_par' dir='ltr' id='par_1_54' title="bbox 323 5164 1898 5245">
     <span class='ocr_line' id='line_1_54' title="bbox 323 5164 1898 5245; baseline -0.008 -17"><span class='ocrx_word' id='word_1_495' title='bbox 323 5178 446 5245; x_wconf 85' lang='lat' dir='ltr'><strong>quid</strong></span> <span class='ocrx_word' id='word_1_496' title='bbox 477 5179 669 5230; x_wconf 85' lang='lat' dir='ltr'><strong>l’actum</strong></span> <span class='ocrx_word' id='word_1_497' title='bbox 697 5183 778 5229; x_wconf 81' lang='lat' dir='ltr'><strong>est</strong></span> <span class='ocrx_word' id='word_1_498' title='bbox 819 5171 957 5244; x_wconf 87' lang='lat' dir='ltr'><strong>quod</strong></span> <span class='ocrx_word' id='word_1_499' title='bbox 1005 5171 1219 5226; x_wconf 90' lang='lat' dir='ltr'><strong>obesset</strong></span> <span class='ocrx_word' id='word_1_500' title='bbox 1261 5169 1314 5224; x_wconf 90' lang='lat' dir='ltr'><strong>in</strong></span> <span class='ocrx_word' id='word_1_501' title='bbox 1355 5176 1648 5238; x_wconf 89' lang='lat' dir='ltr'><strong>posterum.</strong></span> <span class='ocrx_word' id='word_1_502' title='bbox 1681 5164 1898 5218; x_wconf 89' lang='lat' dir='ltr'><strong>Incensa</strong></span> 
     </span>
    </p>
   </div>
   <div class='ocr_carea' id='block_1_55' title="bbox 323 5258 1904 5336">
    <p class='ocr_par' dir='ltr' id='par_1_55' title="bbox 323 5258 1904 5336">
     <span class='ocr_line' id='line_1_55' title="bbox 323 5258 1904 5336; baseline -0.008 -17"><span class='ocrx_word' id='word_1_503' title='bbox 323 5268 391 5319; x_wconf 85' lang='lat' dir='ltr'><strong>sit</strong></span> <span class='ocrx_word' id='word_1_504' title='bbox 415 5281 542 5321; x_wconf 69' lang='lat' dir='ltr'><strong>caro</strong></span> <span class='ocrx_word' id='word_1_505' title='bbox 567 5307 582 5332; x_wconf 90' lang='lat'><strong><em>,</em></strong></span> <span class='ocrx_word' id='word_1_506' title='bbox 616 5278 862 5336; x_wconf 84' lang='lat' dir='ltr'><strong>percussa</strong></span> <span class='ocrx_word' id='word_1_507' title='bbox 890 5264 959 5318; x_wconf 88' lang='lat' dir='ltr'><strong>sit</strong></span> <span class='ocrx_word' id='word_1_508' title='bbox 997 5275 1124 5316; x_wconf 90' lang='lat' dir='ltr'><strong>caro</strong></span> <span class='ocrx_word' id='word_1_509' title='bbox 1147 5301 1164 5327; x_wconf 88' lang='lat'><strong>,</strong></span> <span class='ocrx_word' id='word_1_510' title='bbox 1207 5259 1399 5314; x_wconf 88' lang='lat' dir='ltr'><strong>laniata</strong></span> <span class='ocrx_word' id='word_1_511' title='bbox 1444 5258 1515 5312; x_wconf 89' lang='lat' dir='ltr'><strong>sit</strong></span> <span class='ocrx_word' id='word_1_512' title='bbox 1555 5271 1719 5321; x_wconf 89' lang='lat' dir='ltr'><strong>caro;</strong></span> <span class='ocrx_word' id='word_1_513' title='bbox 1750 5269 1904 5309; x_wconf 88' lang='lat' dir='ltr'><strong>num-</strong></span> 
     </span>
    </p>
   </div>
   <div class='ocr_carea' id='block_1_56' title="bbox 323 5345 1902 5425">
    <p class='ocr_par' dir='ltr' id='par_1_56' title="bbox 323 5345 1902 5425">
     <span class='ocr_line' id='line_1_56' title="bbox 323 5345 1902 5425; baseline -0.007 -17"><span class='ocrx_word' id='word_1_514' title='bbox 323 5356 444 5425; x_wconf 84' lang='lat' dir='ltr'><strong>qn&#39;ul</strong></span> <span class='ocrx_word' id='word_1_515' title='bbox 476 5355 594 5409; x_wconf 88' lang='lat' dir='ltr'><strong>ideo</strong></span> <span class='ocrx_word' id='word_1_516' title='bbox 621 5354 889 5408; x_wconf 80' lang='lat' dir='ltr'><strong>subtracta</strong></span> <span class='ocrx_word' id='word_1_517' title='bbox 910 5360 992 5406; x_wconf 88' lang='lat' dir='ltr'><strong>est</strong></span> <span class='ocrx_word' id='word_1_518' title='bbox 1015 5349 1252 5405; x_wconf 79' lang='lat' dir='ltr'><strong>Creatori</strong></span> <span class='ocrx_word' id='word_1_519' title='bbox 1280 5389 1298 5413; x_wconf 84' lang='lat'><strong>,</strong></span> <span class='ocrx_word' id='word_1_520' title='bbox 1321 5347 1442 5416; x_wconf 89' lang='lat' dir='ltr'><strong>quia</strong></span> <span class='ocrx_word' id='word_1_521' title='bbox 1463 5346 1583 5400; x_wconf 86' lang='lat' dir='ltr'><strong>data</strong></span> <span class='ocrx_word' id='word_1_522' title='bbox 1605 5355 1687 5399; x_wconf 87' lang='lat' dir='ltr'><strong>est</strong></span> <span class='ocrx_word' id='word_1_523' title='bbox 1710 5345 1762 5398; x_wconf 89' lang='lat' dir='ltr'><strong>in</strong></span> <span class='ocrx_word' id='word_1_524' title='bbox 1790 5358 1902 5397; x_wconf 88' lang='lat' dir='ltr'><strong>ma-</strong></span> 
     </span>
    </p>
   </div>
   <div class='ocr_carea' id='block_1_57' title="bbox 324 5433 1899 5516">
    <p class='ocr_par' dir='ltr' id='par_1_57' title="bbox 324 5433 1899 5516">
     <span class='ocr_line' id='line_1_57' title="bbox 324 5433 1899 5516; baseline -0.006 -20"><span class='ocrx_word' id='word_1_525' title='bbox 324 5441 856 5516; x_wconf 80' lang='lat' dir='ltr'><strong>nuspersecutoris?</strong></span> <span class='ocrx_word' id='word_1_526' title='bbox 887 5440 980 5495; x_wconf 92' lang='lat' dir='ltr'><strong>llle</strong></span> <span class='ocrx_word' id='word_1_527' title='bbox 1025 5439 1113 5510; x_wconf 89' lang='lat' dir='ltr'><strong>qui</strong></span> <span class='ocrx_word' id='word_1_528' title='bbox 1153 5438 1352 5494; x_wconf 86' lang='lat' dir='ltr'><strong>creavit</strong></span> <span class='ocrx_word' id='word_1_529' title='bbox 1397 5451 1463 5492; x_wconf 78' lang='lat' dir='ltr'><strong>ex</strong></span> <span class='ocrx_word' id='word_1_530' title='bbox 1502 5450 1568 5491; x_wconf 88' lang='lat' dir='ltr'><strong>eo</strong></span> <span class='ocrx_word' id='word_1_531' title='bbox 1609 5433 1750 5505; x_wconf 91' lang='lat' dir='ltr'><strong>quod</strong></span> <span class='ocrx_word' id='word_1_532' title='bbox 1795 5447 1899 5487; x_wconf 88' lang='lat' dir='ltr'><strong>non</strong></span> 
     </span>
    </p>
   </div>
   <div class='ocr_carea' id='block_1_58' title="bbox 386 5551 1315 5612">
    <p class='ocr_par' dir='ltr' id='par_1_58' title="bbox 386 5551 1315 5612">
     <span class='ocr_line' id='line_1_58' title="bbox 386 5551 1315 5612; baseline -0.011 -9"><span class='ocrx_word' id='word_1_533' title='bbox 386 5556 402 5588; x_wconf 85' lang='grc'>¹</span> <span class='ocrx_word' id='word_1_534' title='bbox 431 5559 501 5604; x_wconf 70' lang='lat' dir='ltr'><strong>sic</strong></span> <span class='ocrx_word' id='word_1_535' title='bbox 522 5561 625 5603; x_wconf 73' lang='lat' dir='ltr'><strong>ttss.</strong></span> <span class='ocrx_word' id='word_1_536' title='bbox 650 5561 704 5603; x_wconf 77' lang='lat' dir='ltr'><strong>At</strong></span> <span class='ocrx_word' id='word_1_537' title='bbox 726 5551 856 5610; x_wconf 41' lang='lat' dir='ltr'><strong>edd&quot;</strong></span> <span class='ocrx_word' id='word_1_538' title='bbox 881 5563 973 5601; x_wconf 88' lang='lat' dir='ltr'><strong>non</strong></span> <span class='ocrx_word' id='word_1_539' title='bbox 998 5556 1048 5601; x_wconf 88' lang='lat' dir='ltr'><strong>ut</strong></span> <span class='ocrx_word' id='word_1_540' title='bbox 1081 5551 1315 5612; x_wconf 68' lang='lat' dir='ltr'><strong>mouetur.</strong></span> 
     </span>
    </p>
   </div>
   <div class='ocr_carea' id='block_1_59' title="bbox 386 5617 1260 5678">
    <p class='ocr_par' dir='ltr' id='par_1_59' title="bbox 386 5617 1260 5678">
     <span class='ocr_line' id='line_1_59' title="bbox 386 5617 1260 5678; baseline -0.005 -14"><span class='ocrx_word' id='word_1_541' title='bbox 386 5619 408 5649; x_wconf 77' lang='grc'>³</span> <span class='ocrx_word' id='word_1_542' title='bbox 428 5617 558 5676; x_wconf 67' lang='lat' dir='ltr'><strong>uid,</strong></span> <span class='ocrx_word' id='word_1_543' title='bbox 574 5629 660 5678; x_wconf 78' lang='lat' dir='ltr'><strong>per</strong></span> <span class='ocrx_word' id='word_1_544' title='bbox 681 5619 1020 5678; x_wconf 64' lang='lat' dir='ltr'><strong>angustunutt</strong></span> <span class='ocrx_word' id='word_1_545' title='bbox 1041 5619 1260 5678; x_wconf 43' lang='lat' dir='ltr'><strong>Itsspper</strong></span> 
     </span>
    </p>
   </div>
   <div class='ocr_carea' id='block_1_60' title="bbox 327 5671 1566 5794">
    <p class='ocr_par' dir='ltr' id='par_1_60' title="bbox 327 5671 1566 5794">
     <span class='ocr_line' id='line_1_60' title="bbox 327 5671 1373 5738; baseline -0.011 -11"><span class='ocrx_word' id='word_1_546' title='bbox 327 5683 442 5738; x_wconf 84' lang='lat' dir='ltr'><strong>tam,</strong></span> <span class='ocrx_word' id='word_1_547' title='bbox 467 5671 555 5727; x_wconf 75' lang='lat' dir='ltr'><strong>aut</strong></span> <span class='ocrx_word' id='word_1_548' title='bbox 575 5671 721 5727; x_wconf 58' lang='lat' dir='ltr'><strong>riunt.</strong></span> <span class='ocrx_word' id='word_1_549' title='bbox 746 5671 921 5724; x_wconf 54' lang='lat' dir='ltr'><strong>alludit</strong></span> <span class='ocrx_word' id='word_1_550' title='bbox 941 5673 998 5723; x_wconf 85' lang='lat' dir='ltr'><strong>ad</strong></span> <span class='ocrx_word' id='word_1_551' title='bbox 1022 5671 1183 5722; x_wconf 55' lang='lat' dir='ltr'><strong>Matth;</strong></span> <span class='ocrx_word' id='word_1_552' title='bbox 1201 5687 1281 5730; x_wconf 83' lang='lat' dir='ltr'><strong>vn,</strong></span> <span class='ocrx_word' id='word_1_553' title='bbox 1300 5671 1373 5719; x_wconf 77' lang='lat' dir='ltr'><strong>l3.</strong></span> 
     </span>
     <span class='ocr_line' id='line_1_61' title="bbox 393 5732 1566 5794; baseline -0.01 -3"><span class='ocrx_word' id='word_1_554' title='bbox 393 5741 412 5773; x_wconf 88' lang='grc'><em>³</em></span> <span class='ocrx_word' id='word_1_555' title='bbox 439 5743 509 5790; x_wconf 77' lang='lat' dir='ltr'><strong>sic</strong></span> <span class='ocrx_word' id='word_1_556' title='bbox 533 5751 630 5790; x_wconf 73' lang='lat' dir='ltr'><strong>aut.</strong></span> <span class='ocrx_word' id='word_1_557' title='bbox 657 5747 708 5790; x_wconf 89' lang='lat' dir='ltr'><strong>et</strong></span> <span class='ocrx_word' id='word_1_558' title='bbox 726 5744 830 5788; x_wconf 77' lang='lat' dir='ltr'><strong>ttss.</strong></span> <span class='ocrx_word' id='word_1_559' title='bbox 869 5744 938 5787; x_wconf 78' lang='lat' dir='ltr'><strong>At.</strong></span> <span class='ocrx_word' id='word_1_560' title='bbox 966 5741 1038 5785; x_wconf 86' lang='lat' dir='ltr'><strong>t~&#39;.r.</strong></span> <span class='ocrx_word' id='word_1_561' title='bbox 1068 5742 1120 5785; x_wconf 85' lang='lat' dir='ltr'><strong>et</strong></span> <span class='ocrx_word' id='word_1_562' title='bbox 1139 5741 1268 5794; x_wconf 86' lang='lat' dir='ltr'><strong>t.ov.,</strong></span> <span class='ocrx_word' id='word_1_563' title='bbox 1290 5732 1566 5794; x_wconf 74' lang='lat' dir='ltr'><strong>totuptatent</strong></span> 
     </span>
    </p>
   </div>
   <div class='ocr_carea' id='block_1_61' title="bbox 1378 5605 1900 5671">
    <p class='ocr_par' dir='ltr' id='par_1_61' title="bbox 1378 5605 1900 5671">
     <span class='ocr_line' id='line_1_62' title="bbox 1378 5605 1900 5671; baseline -0.011 -11"><span class='ocrx_word' id='word_1_564' title='bbox 1378 5613 1530 5659; x_wconf 78' lang='lat' dir='ltr'><strong>ustum</strong></span> <span class='ocrx_word' id='word_1_565' title='bbox 1551 5619 1568 5658; x_wconf 89' lang='lat'><strong><em>:</em></strong></span> <span class='ocrx_word' id='word_1_566' title='bbox 1590 5605 1764 5671; x_wconf 83' lang='lat' dir='ltr'><strong>supple</strong></span> <span class='ocrx_word' id='word_1_567' title='bbox 1787 5617 1900 5668; x_wconf 87' lang='lat' dir='ltr'><strong>por-</strong></span> 
     </span>
    </p>
   </div>
   <div class='ocr_carea' id='block_1_62' title="bbox 1338 298 2512 360">
    <p class='ocr_par' dir='ltr' id='par_1_62' title="bbox 1338 298 2512 360">
     <span class='ocr_line' id='line_1_63' title="bbox 1338 298 2512 360; baseline -0.003 0"><span class='ocrx_word' id='word_1_568' title='bbox 1338 301 1730 360; x_wconf 66' lang='lat' dir='ltr'><strong>ENARRATIO</strong></span> <span class='ocrx_word' id='word_1_569' title='bbox 1768 300 1834 355; x_wconf 75' lang='lat' dir='ltr'><strong>IN</strong></span> <span class='ocrx_word' id='word_1_570' title='bbox 1874 298 2190 358; x_wconf 72' lang='lat' dir='ltr'><strong>PSALMUM</strong></span> <span class='ocrx_word' id='word_1_571' title='bbox 2227 301 2512 358; x_wconf 68' lang='lat' dir='ltr'><strong>CXXXIX.</strong></span> 
     </span>
    </p>
   </div>
   <div class='ocr_carea' id='block_1_63' title="bbox 3415 311 3550 364">
    <p class='ocr_par' dir='ltr' id='par_1_63' title="bbox 3415 311 3550 364">
     <span class='ocr_line' id='line_1_64' title="bbox 3415 311 3550 364; baseline -0.007 0"><span class='ocrx_word' id='word_1_572' title='bbox 3415 311 3550 364; x_wconf 63' lang='lat' dir='ltr'><strong>18M</strong></span> 
     </span>
    </p>
   </div>
   <div class='ocr_carea' id='block_1_64' title="bbox 1972 416 3547 490">
    <p class='ocr_par' dir='ltr' id='par_1_64' title="bbox 1972 416 3547 490">
     <span class='ocr_line' id='line_1_65' title="bbox 1972 416 3547 490; baseline 0.004 -22"><span class='ocrx_word' id='word_1_573' title='bbox 1972 423 2083 468; x_wconf 87' lang='lat' dir='ltr'><strong>erat</strong></span> <span class='ocrx_word' id='word_1_574' title='bbox 2105 455 2119 478; x_wconf 92' lang='lat'><strong>,</strong></span> <span class='ocrx_word' id='word_1_575' title='bbox 2150 429 2253 469; x_wconf 89' lang='lat' dir='ltr'><strong>non</strong></span> <span class='ocrx_word' id='word_1_576' title='bbox 2284 416 2554 484; x_wconf 82' lang='lat' dir='ltr'><strong>reparabit</strong></span> <span class='ocrx_word' id='word_1_577' title='bbox 2584 417 2772 472; x_wconf 86' lang='lat' dir='ltr'><strong>melius</strong></span> <span class='ocrx_word' id='word_1_578' title='bbox 2795 434 2952 488; x_wconf 89' lang='lat' dir='ltr'><strong>quam</strong></span> <span class='ocrx_word' id='word_1_579' title='bbox 2992 421 3148 475; x_wconf 82' lang='lat' dir='ltr'><strong>erat?</strong></span> <span class='ocrx_word' id='word_1_580' title='bbox 3198 419 3336 490; x_wconf 76' lang='lat' dir='ltr'><strong>Ergo</strong></span> <span class='ocrx_word' id='word_1_581' title='bbox 3379 439 3547 490; x_wconf 47' lang='lat' dir='ltr'><strong>quau.</strong></span> 
     </span>
    </p>
   </div>
   <div class='ocr_carea' id='block_1_65' title="bbox 1969 508 3549 586">
    <p class='ocr_par' dir='ltr' id='par_1_65' title="bbox 1969 508 3549 586">
     <span class='ocr_line' id='line_1_66' title="bbox 1969 508 3549 586; baseline 0.005 -23"><span class='ocrx_word' id='word_1_582' title='bbox 1969 508 2267 577; x_wconf 83' lang='lat' dir='ltr'><strong>ducumque</strong></span> <span class='ocrx_word' id='word_1_583' title='bbox 2291 509 2428 579; x_wconf 86' lang='lat' dir='ltr'><strong>capti</strong></span> <span class='ocrx_word' id='word_1_584' title='bbox 2457 510 2723 580; x_wconf 77' lang='lat' dir='ltr'><strong>suntjusti</strong></span> <span class='ocrx_word' id='word_1_585' title='bbox 2749 554 2764 578; x_wconf 83' lang='lat'><strong>,</strong></span> <span class='ocrx_word' id='word_1_586' title='bbox 2807 515 2981 567; x_wconf 84' lang='lat' dir='ltr'><strong>venali</strong></span> <span class='ocrx_word' id='word_1_587' title='bbox 3016 525 3139 567; x_wconf 82' lang='lat' dir='ltr'><strong>Sunt</strong></span> <span class='ocrx_word' id='word_1_588' title='bbox 3179 514 3294 567; x_wconf 82' lang='lat' dir='ltr'><strong>illos</strong></span> <span class='ocrx_word' id='word_1_589' title='bbox 3336 517 3549 586; x_wconf 87' lang='lat' dir='ltr'><strong>quidem</strong></span> 
     </span>
    </p>
   </div>
   <div class='ocr_carea' id='block_1_66' title="bbox 1973 599 3550 674">
    <p class='ocr_par' dir='ltr' id='par_1_66' title="bbox 1973 599 3550 674">
     <span class='ocr_line' id='line_1_67' title="bbox 1973 599 3550 674; baseline 0.004 -22"><span class='ocrx_word' id='word_1_590' title='bbox 1973 599 2094 653; x_wconf 91' lang='lat' dir='ltr'><strong>mali</strong></span> <span class='ocrx_word' id='word_1_591' title='bbox 2119 641 2134 662; x_wconf 83' lang='lat'><strong>.</strong></span> <span class='ocrx_word' id='word_1_592' title='bbox 2160 599 2254 654; x_wconf 89' lang='lat' dir='ltr'><strong>sed</strong></span> <span class='ocrx_word' id='word_1_593' title='bbox 2281 615 2384 656; x_wconf 88' lang='lat' dir='ltr'><strong>non</strong></span> <span class='ocrx_word' id='word_1_594' title='bbox 2412 599 2477 654; x_wconf 91' lang='lat' dir='ltr'><strong>ad</strong></span> <span class='ocrx_word' id='word_1_595' title='bbox 2510 601 2798 656; x_wconf 84' lang='lat' dir='ltr'><strong>interitum.</strong></span> <span class='ocrx_word' id='word_1_596' title='bbox 2827 603 2893 655; x_wconf 78' lang='lat' dir='ltr'><strong>At</strong></span> <span class='ocrx_word' id='word_1_597' title='bbox 2918 618 3044 657; x_wconf 88' lang='lat' dir='ltr'><strong>vero</strong></span> <span class='ocrx_word' id='word_1_598' title='bbox 3075 603 3148 658; x_wconf 86' lang='lat' dir='ltr'><strong>illi</strong></span> <span class='ocrx_word' id='word_1_599' title='bbox 3173 605 3258 674; x_wconf 84' lang='lat' dir='ltr'><strong>qui</strong></span> <span class='ocrx_word' id='word_1_600' title='bbox 3290 622 3392 657; x_wconf 88' lang='lat' dir='ltr'><strong>non</strong></span> <span class='ocrx_word' id='word_1_601' title='bbox 3417 605 3550 659; x_wconf 81' lang='lat' dir='ltr'><strong>diri-</strong></span> 
     </span>
    </p>
   </div>
   <div class='ocr_carea' id='block_1_67' title="bbox 1971 691 3547 762">
    <p class='ocr_par' dir='ltr' id='par_1_67' title="bbox 1971 691 3547 762">
     <span class='ocr_line' id='line_1_68' title="bbox 1971 691 3547 762; baseline 0.006 -19"><span class='ocrx_word' id='word_1_602' title='bbox 1971 701 2160 758; x_wconf 73' lang='lat' dir='ltr'><strong>gentur</strong></span> <span class='ocrx_word' id='word_1_603' title='bbox 2189 702 2240 746; x_wconf 91' lang='lat' dir='ltr'><strong>et</strong></span> <span class='ocrx_word' id='word_1_604' title='bbox 2267 691 2494 762; x_wconf 78' lang='lat' dir='ltr'><strong>liuguosi</strong></span> <span class='ocrx_word' id='word_1_605' title='bbox 2524 702 2646 746; x_wconf 90' lang='lat' dir='ltr'><strong>sunt</strong></span> <span class='ocrx_word' id='word_1_606' title='bbox 2669 734 2685 758; x_wconf 85' lang='lat'><strong>,</strong></span> <span class='ocrx_word' id='word_1_607' title='bbox 2713 693 2850 748; x_wconf 83' lang='lat' dir='ltr'><strong>mala</strong></span> <span class='ocrx_word' id='word_1_608' title='bbox 2877 710 2968 748; x_wconf 91' lang='lat' dir='ltr'><strong>eos</strong></span> <span class='ocrx_word' id='word_1_609' title='bbox 2990 696 3322 750; x_wconf 78' lang='lat' dir='ltr'><strong>ven-tlmntur</strong></span> <span class='ocrx_word' id='word_1_610' title='bbox 3364 698 3428 751; x_wconf 90' lang='lat' dir='ltr'><strong>ad</strong></span> <span class='ocrx_word' id='word_1_611' title='bbox 3473 698 3547 752; x_wconf 84' lang='lat' dir='ltr'><strong>iu-</strong></span> 
     </span>
    </p>
   </div>
   <div class='ocr_carea' id='block_1_68' title="bbox 1975 783 3368 852">
    <p class='ocr_par' dir='ltr' id='par_1_68' title="bbox 1975 783 3368 852">
     <span class='ocr_line' id='line_1_69' title="bbox 1975 783 3368 852; baseline 0.004 -15"><span class='ocrx_word' id='word_1_612' title='bbox 1975 784 2208 837; x_wconf 86' lang='lat' dir='ltr'><strong>lerilum.</strong></span> <span class='ocrx_word' id='word_1_613' title='bbox 2247 785 2464 850; x_wconf 81' lang='lat' dir='ltr'><strong>Quare?</strong></span> <span class='ocrx_word' id='word_1_614' title='bbox 2493 783 2625 852; x_wconf 89' lang='lat' dir='ltr'><strong>Quia</strong></span> <span class='ocrx_word' id='word_1_615' title='bbox 2653 785 2702 838; x_wconf 89' lang='lat' dir='ltr'><strong>in</strong></span> <span class='ocrx_word' id='word_1_616' title='bbox 2730 785 2944 840; x_wconf 84' lang='lat' dir='ltr'><strong>miseriis</strong></span> <span class='ocrx_word' id='word_1_617' title='bbox 2967 802 3065 840; x_wconf 93' lang='lat' dir='ltr'><strong>non</strong></span> <span class='ocrx_word' id='word_1_618' title='bbox 3088 788 3368 843; x_wconf 68' lang='lat' dir='ltr'><strong>subsistant.</strong></span> 
     </span>
    </p>
   </div>
   <div class='ocr_carea' id='block_1_69' title="bbox 2044 873 3551 953">
    <p class='ocr_par' dir='ltr' id='par_1_69' title="bbox 2044 873 3551 953">
     <span class='ocr_line' id='line_1_70' title="bbox 2044 873 3551 953; baseline 0.005 -23"><span class='ocrx_word' id='word_1_619' title='bbox 2044 875 2129 930; x_wconf 74' lang='grc'><strong>17.</strong></span> <span class='ocrx_word' id='word_1_620' title='bbox 2169 873 2339 948; x_wconf 78' lang='lat' dir='ltr'><strong>[vers</strong></span> <span class='ocrx_word' id='word_1_621' title='bbox 2377 873 2505 949; x_wconf 70' lang='lat'><strong>15.]</strong></span> <span class='ocrx_word' id='word_1_622' title='bbox 2543 877 2764 948; x_wconf 82' lang='lat' dir='ltr'><strong>Cognovi</strong></span> <span class='ocrx_word' id='word_1_623' title='bbox 2786 879 2902 948; x_wconf 81' lang='lat' dir='ltr'><strong>quia</strong></span> <span class='ocrx_word' id='word_1_624' title='bbox 2927 880 3075 950; x_wconf 81' lang='lat' dir='ltr'><strong>faciet</strong></span> <span class='ocrx_word' id='word_1_625' title='bbox 3119 880 3368 936; x_wconf 87' lang='lat' dir='ltr'><strong>Dominus</strong></span> <span class='ocrx_word' id='word_1_626' title='bbox 3400 883 3551 953; x_wconf 83' lang='lat' dir='ltr'><strong>judi-</strong></span> 
     </span>
    </p>
   </div>
   <div class='ocr_carea' id='block_1_70' title="bbox 1973 967 3551 1043">
    <p class='ocr_par' dir='ltr' id='par_1_70' title="bbox 1973 967 3551 1043">
     <span class='ocr_line' id='line_1_71' title="bbox 1973 967 3551 1043; baseline 0.006 -23"><span class='ocrx_word' id='word_1_627' title='bbox 1973 968 2104 1020; x_wconf 84' lang='lat' dir='ltr'><strong>cium</strong></span> <span class='ocrx_word' id='word_1_628' title='bbox 2131 969 2339 1039; x_wconf 83' lang='lat' dir='ltr'><strong>egentis.</strong></span> <span class='ocrx_word' id='word_1_629' title='bbox 2372 967 2548 1038; x_wconf 79' lang='lat' dir='ltr'><strong>Egens</strong></span> <span class='ocrx_word' id='word_1_630' title='bbox 2579 967 2679 1024; x_wconf 86' lang='lat' dir='ltr'><strong>iste</strong></span> <span class='ocrx_word' id='word_1_631' title='bbox 2706 983 2810 1024; x_wconf 90' lang='lat' dir='ltr'><strong>non</strong></span> <span class='ocrx_word' id='word_1_632' title='bbox 2843 979 2923 1025; x_wconf 88' lang='lat' dir='ltr'><strong>est</strong></span> <span class='ocrx_word' id='word_1_633' title='bbox 2953 971 3222 1042; x_wconf 89' lang='lat' dir='ltr'><strong>linguosus</strong></span> <span class='ocrx_word' id='word_1_634' title='bbox 3248 988 3260 1025; x_wconf 93' lang='lat'>:</span> <span class='ocrx_word' id='word_1_635' title='bbox 3295 973 3380 1043; x_wconf 90' lang='lat' dir='ltr'><strong>qui</strong></span> <span class='ocrx_word' id='word_1_636' title='bbox 3409 974 3551 1029; x_wconf 89' lang='lat' dir='ltr'><strong>enim</strong></span> 
     </span>
    </p>
   </div>
   <div class='ocr_carea' id='block_1_71' title="bbox 1973 1057 3554 1129">
    <p class='ocr_par' dir='ltr' id='par_1_71' title="bbox 1973 1057 3554 1129">
     <span class='ocr_line' id='line_1_72' title="bbox 1973 1057 3554 1129; baseline 0.005 -17"><span class='ocrx_word' id='word_1_637' title='bbox 1973 1057 2246 1129; x_wconf 75' lang='lat' dir='ltr'><strong>linguosus</strong></span> <span class='ocrx_word' id='word_1_638' title='bbox 2269 1067 2353 1114; x_wconf 90' lang='lat' dir='ltr'><strong>est</strong></span> <span class='ocrx_word' id='word_1_639' title='bbox 2377 1101 2392 1125; x_wconf 92' lang='lat'><strong>,</strong></span> <span class='ocrx_word' id='word_1_640' title='bbox 2423 1059 2695 1115; x_wconf 88' lang='lat' dir='ltr'><strong>abundare</strong></span> <span class='ocrx_word' id='word_1_641' title='bbox 2729 1061 2836 1115; x_wconf 90' lang='lat' dir='ltr'><strong>vult</strong></span> <span class='ocrx_word' id='word_1_642' title='bbox 2861 1100 2880 1128; x_wconf 83' lang='lat'><strong>,</strong></span> <span class='ocrx_word' id='word_1_643' title='bbox 2912 1063 3115 1118; x_wconf 88' lang='lat' dir='ltr'><strong>esurire</strong></span> <span class='ocrx_word' id='word_1_644' title='bbox 3139 1065 3324 1118; x_wconf 89' lang='lat' dir='ltr'><strong>nescit.</strong></span> <span class='ocrx_word' id='word_1_645' title='bbox 3353 1065 3432 1120; x_wconf 89' lang='lat' dir='ltr'><strong>Illi</strong></span> <span class='ocrx_word' id='word_1_646' title='bbox 3456 1082 3554 1120; x_wconf 91' lang='lat' dir='ltr'><strong>au-</strong></span> 
     </span>
    </p>
   </div>
   <div class='ocr_carea' id='block_1_72' title="bbox 1974 1154 3552 1229">
    <p class='ocr_par' dir='ltr' id='par_1_72' title="bbox 1974 1154 3552 1229">
     <span class='ocr_line' id='line_1_73' title="bbox 1974 1154 3552 1229; baseline 0.005 -23"><span class='ocrx_word' id='word_1_647' title='bbox 1974 1160 2077 1206; x_wconf 67' lang='lat' dir='ltr'><strong>tent</strong></span> <span class='ocrx_word' id='word_1_648' title='bbox 2110 1161 2328 1221; x_wconf 84' lang='lat' dir='ltr'><strong>egentes</strong></span> <span class='ocrx_word' id='word_1_649' title='bbox 2353 1161 2476 1208; x_wconf 91' lang='lat' dir='ltr'><strong>sunt</strong></span> <span class='ocrx_word' id='word_1_650' title='bbox 2497 1195 2515 1222; x_wconf 85' lang='lat'>,</span> <span class='ocrx_word' id='word_1_651' title='bbox 2549 1154 2739 1224; x_wconf 89' lang='lat' dir='ltr'><strong>quibus</strong></span> <span class='ocrx_word' id='word_1_652' title='bbox 2759 1155 2954 1211; x_wconf 91' lang='lat' dir='ltr'><strong>dicitur</strong></span> <span class='ocrx_word' id='word_1_653' title='bbox 2978 1199 2992 1220; x_wconf 85' lang='lat'><strong><em>,</em></strong></span> <span class='ocrx_word' id='word_1_654' title='bbox 3019 1154 3230 1212; x_wconf 82' lang='lat' dir='ltr'><strong>Putsate</strong></span> <span class='ocrx_word' id='word_1_655' title='bbox 3253 1199 3268 1224; x_wconf 93' lang='lat'><strong>,</strong></span> <span class='ocrx_word' id='word_1_656' title='bbox 3292 1167 3338 1212; x_wconf 90' lang='lat' dir='ltr'><strong>et</strong></span> <span class='ocrx_word' id='word_1_657' title='bbox 3357 1161 3552 1229; x_wconf 77' lang='lat' dir='ltr'><strong>aperie-</strong></span> 
     </span>
    </p>
   </div>
   <div class='ocr_carea' id='block_1_73' title="bbox 1973 1245 3551 1318">
    <p class='ocr_par' dir='ltr' id='par_1_73' title="bbox 1973 1245 3551 1318">
     <span class='ocr_line' id='line_1_74' title="bbox 1973 1245 3551 1318; baseline 0.004 -21"><span class='ocrx_word' id='word_1_658' title='bbox 1973 1252 2055 1301; x_wconf 85' lang='lat' dir='ltr'><strong>tur</strong></span> <span class='ocrx_word' id='word_1_659' title='bbox 2082 1245 2216 1299; x_wconf 83' lang='lat' dir='ltr'><strong>tobis</strong></span> <span class='ocrx_word' id='word_1_660' title='bbox 2238 1260 2258 1309; x_wconf 90' lang='lat'><strong>;</strong></span> <span class='ocrx_word' id='word_1_661' title='bbox 2282 1246 2519 1316; x_wconf 77' lang='lat' dir='ltr'><strong>qttwrite;</strong></span> <span class='ocrx_word' id='word_1_662' title='bbox 2547 1256 2594 1301; x_wconf 85' lang='lat' dir='ltr'><strong>et</strong></span> <span class='ocrx_word' id='word_1_663' title='bbox 2621 1246 2915 1313; x_wconf 85' lang='lat' dir='ltr'><strong>invenietis;</strong></span> <span class='ocrx_word' id='word_1_664' title='bbox 2941 1248 3090 1318; x_wconf 86' lang='lat' dir='ltr'><strong>petite</strong></span> <span class='ocrx_word' id='word_1_665' title='bbox 3112 1289 3126 1312; x_wconf 90' lang='lat'><strong><em>,</em></strong></span> <span class='ocrx_word' id='word_1_666' title='bbox 3173 1259 3218 1302; x_wconf 85' lang='lat' dir='ltr'><strong>et</strong></span> <span class='ocrx_word' id='word_1_667' title='bbox 3239 1249 3437 1303; x_wconf 86' lang='lat' dir='ltr'><strong>dabitur</strong></span> <span class='ocrx_word' id='word_1_668' title='bbox 3464 1267 3551 1304; x_wconf 78' lang='lat' dir='ltr'><strong>uo-</strong></span> 
     </span>
    </p>
   </div>
   <div class='ocr_carea' id='block_1_74' title="bbox 1975 1333 3556 1412">
    <p class='ocr_par' dir='ltr' id='par_1_74' title="bbox 1975 1333 3556 1412">
     <span class='ocr_line' id='line_1_75' title="bbox 1975 1333 3556 1412; baseline 0.006 -24"><span class='ocrx_word' id='word_1_669' title='bbox 1975 1334 2050 1389; x_wconf 86' lang='lat' dir='ltr'><strong>bis</strong></span> <span class='ocrx_word' id='word_1_670' title='bbox 2077 1333 2290 1406; x_wconf 76' lang='lat' dir='ltr'><strong>(Mattli.</strong></span> <span class='ocrx_word' id='word_1_671' title='bbox 2325 1350 2398 1391; x_wconf 87' lang='lat' dir='ltr'><strong>vu</strong></span> <span class='ocrx_word' id='word_1_672' title='bbox 2422 1379 2437 1404; x_wconf 93' lang='lat'><strong>,</strong></span> <span class='ocrx_word' id='word_1_673' title='bbox 2468 1337 2499 1390; x_wconf 90' lang='lat'><strong>7</strong></span> <span class='ocrx_word' id='word_1_674' title='bbox 2525 1335 2582 1400; x_wconf 90' lang='lat'><strong>):</strong></span> <span class='ocrx_word' id='word_1_675' title='bbox 2630 1337 2716 1393; x_wconf 91' lang='lat' dir='ltr'><strong>ille</strong></span> <span class='ocrx_word' id='word_1_676' title='bbox 2745 1353 2907 1409; x_wconf 81' lang='lat' dir='ltr'><strong>egens</strong></span> <span class='ocrx_word' id='word_1_677' title='bbox 2933 1349 3012 1394; x_wconf 87' lang='lat' dir='ltr'><strong>est</strong></span> <span class='ocrx_word' id='word_1_678' title='bbox 3035 1382 3052 1407; x_wconf 91' lang='lat'><strong>,</strong></span> <span class='ocrx_word' id='word_1_679' title='bbox 3097 1340 3163 1396; x_wconf 90' lang='lat' dir='ltr'><strong>de</strong></span> <span class='ocrx_word' id='word_1_680' title='bbox 3192 1357 3296 1412; x_wconf 92' lang='lat' dir='ltr'><strong>quo</strong></span> <span class='ocrx_word' id='word_1_681' title='bbox 3339 1342 3556 1404; x_wconf 87' lang='lat' dir='ltr'><strong>dicitur.</strong></span> 
     </span>
    </p>
   </div>
   <div class='ocr_carea' id='block_1_75' title="bbox 1973 1425 3558 1503">
    <p class='ocr_par' dir='ltr' id='par_1_75' title="bbox 1973 1425 3558 1503">
     <span class='ocr_line' id='line_1_76' title="bbox 1973 1425 3558 1503; baseline 0.003 -21"><span class='ocrx_word' id='word_1_682' title='bbox 1973 1425 2118 1483; x_wconf 84' lang='lat' dir='ltr'><strong>Beati</strong></span> <span class='ocrx_word' id='word_1_683' title='bbox 2156 1429 2243 1498; x_wconf 83' lang='lat' dir='ltr'><strong>qui</strong></span> <span class='ocrx_word' id='word_1_684' title='bbox 2280 1429 2506 1483; x_wconf 80' lang='lat' dir='ltr'><strong>esuriant</strong></span> <span class='ocrx_word' id='word_1_685' title='bbox 2549 1439 2596 1484; x_wconf 87' lang='lat' dir='ltr'><strong>et</strong></span> <span class='ocrx_word' id='word_1_686' title='bbox 2630 1430 2804 1484; x_wconf 86' lang='lat' dir='ltr'><strong>sitiunt</strong></span> <span class='ocrx_word' id='word_1_687' title='bbox 2841 1432 3134 1502; x_wconf 87' lang='lat' dir='ltr'><strong>justitiam,</strong></span> <span class='ocrx_word' id='word_1_688' title='bbox 3175 1434 3409 1502; x_wconf 87' lang='lat' dir='ltr'><strong>quoniam</strong></span> <span class='ocrx_word' id='word_1_689' title='bbox 3460 1435 3558 1503; x_wconf 84' lang='lat' dir='ltr'><strong>ipsi</strong></span> 
     </span>
    </p>
   </div>
   <div class='ocr_carea' id='block_1_76' title="bbox 1975 1519 3560 1593">
    <p class='ocr_par' dir='ltr' id='par_1_76' title="bbox 1975 1519 3560 1593">
     <span class='ocr_line' id='line_1_77' title="bbox 1975 1519 3560 1593; baseline 0.001 -19"><span class='ocrx_word' id='word_1_690' title='bbox 1975 1519 2338 1574; x_wconf 84' lang='lat' dir='ltr'><strong>saturabuntur</strong></span> <span class='ocrx_word' id='word_1_691' title='bbox 2359 1520 2378 1591; x_wconf 96' lang='lat'><strong>(</strong></span> <span class='ocrx_word' id='word_1_692' title='bbox 2400 1519 2486 1576; x_wconf 87' lang='lat' dir='ltr'><strong>Id.</strong></span> <span class='ocrx_word' id='word_1_693' title='bbox 2512 1536 2566 1588; x_wconf 74' lang='grc' dir='ltr'><strong>ν,</strong></span> <span class='ocrx_word' id='word_1_694' title='bbox 2589 1519 2684 1593; x_wconf 89' lang='lat'><strong>6).</strong></span> <span class='ocrx_word' id='word_1_695' title='bbox 2712 1521 2940 1577; x_wconf 84' lang='lat' dir='ltr'><strong>Gcmunt</strong></span> <span class='ocrx_word' id='word_1_696' title='bbox 2968 1522 3105 1576; x_wconf 89' lang='lat' dir='ltr'><strong>inter</strong></span> <span class='ocrx_word' id='word_1_697' title='bbox 3129 1523 3374 1577; x_wconf 85' lang='lat' dir='ltr'><strong>scandala</strong></span> <span class='ocrx_word' id='word_1_698' title='bbox 3403 1525 3560 1577; x_wconf 87' lang='lat' dir='ltr'><strong>malo-</strong></span> 
     </span>
    </p>
   </div>
   <div class='ocr_carea' id='block_1_77' title="bbox 1977 1611 3561 1683">
    <p class='ocr_par' dir='ltr' id='par_1_77' title="bbox 1977 1611 3561 1683">
     <span class='ocr_line' id='line_1_78' title="bbox 1977 1611 3561 1683; baseline 0.001 -15"><span class='ocrx_word' id='word_1_699' title='bbox 1977 1629 2098 1668; x_wconf 92' lang='lat' dir='ltr'><strong>rum</strong></span> <span class='ocrx_word' id='word_1_700' title='bbox 2125 1653 2140 1677; x_wconf 87' lang='lat'><strong>,</strong></span> <span class='ocrx_word' id='word_1_701' title='bbox 2171 1613 2268 1682; x_wconf 89' lang='lat' dir='ltr'><strong>ipsi</strong></span> <span class='ocrx_word' id='word_1_702' title='bbox 2296 1620 2580 1683; x_wconf 73' lang='lat' dir='ltr'><strong>precantur</strong></span> <span class='ocrx_word' id='word_1_703' title='bbox 2605 1611 2669 1668; x_wconf 87' lang='lat' dir='ltr'><strong>ad</strong></span> <span class='ocrx_word' id='word_1_704' title='bbox 2693 1622 2854 1682; x_wconf 88' lang='lat' dir='ltr'><strong>caput</strong></span> <span class='ocrx_word' id='word_1_705' title='bbox 2876 1629 3028 1669; x_wconf 90' lang='lat' dir='ltr'><strong>suum</strong></span> <span class='ocrx_word' id='word_1_706' title='bbox 3059 1655 3074 1680; x_wconf 83' lang='lat'><strong>,</strong></span> <span class='ocrx_word' id='word_1_707' title='bbox 3104 1622 3162 1668; x_wconf 92' lang='lat' dir='ltr'><strong>ut</strong></span> <span class='ocrx_word' id='word_1_708' title='bbox 3204 1624 3458 1668; x_wconf 88' lang='lat' dir='ltr'><strong>eruantur</strong></span> <span class='ocrx_word' id='word_1_709' title='bbox 3493 1616 3561 1668; x_wconf 82' lang='lat' dir='ltr'><strong>ab</strong></span> 
     </span>
    </p>
   </div>
   <div class='ocr_carea' id='block_1_78' title="bbox 1979 1702 3561 1772">
    <p class='ocr_par' dir='ltr' id='par_1_78' title="bbox 1979 1702 3561 1772">
     <span class='ocr_line' id='line_1_79' title="bbox 1979 1702 3561 1772; baseline 0 -14"><span class='ocrx_word' id='word_1_710' title='bbox 1979 1705 2193 1759; x_wconf 88' lang='lat' dir='ltr'><strong>homine</strong></span> <span class='ocrx_word' id='word_1_711' title='bbox 2217 1703 2357 1759; x_wconf 88' lang='lat' dir='ltr'><strong>malo</strong></span> <span class='ocrx_word' id='word_1_712' title='bbox 2381 1746 2396 1770; x_wconf 89' lang='lat'><strong>,</strong></span> <span class='ocrx_word' id='word_1_713' title='bbox 2428 1711 2484 1760; x_wconf 87' lang='lat' dir='ltr'><strong>et</strong></span> <span class='ocrx_word' id='word_1_714' title='bbox 2510 1702 2579 1758; x_wconf 87' lang='lat' dir='ltr'><strong>ab</strong></span> <span class='ocrx_word' id='word_1_715' title='bbox 2615 1702 2830 1758; x_wconf 87' lang='lat' dir='ltr'><strong>homine</strong></span> <span class='ocrx_word' id='word_1_716' title='bbox 2869 1703 3100 1772; x_wconf 82' lang='lat' dir='ltr'><strong>maligno</strong></span> <span class='ocrx_word' id='word_1_717' title='bbox 3146 1703 3436 1758; x_wconf 86' lang='lat' dir='ltr'><strong>liberentur</strong></span> <span class='ocrx_word' id='word_1_718' title='bbox 3459 1745 3474 1769; x_wconf 86' lang='lat'><strong>,</strong></span> <span class='ocrx_word' id='word_1_719' title='bbox 3507 1715 3561 1758; x_wconf 76' lang='lat' dir='ltr'><strong>et</strong></span> 
     </span>
    </p>
   </div>
   <div class='ocr_carea' id='block_1_79' title="bbox 1977 1793 3560 1864">
    <p class='ocr_par' dir='ltr' id='par_1_79' title="bbox 1977 1793 3560 1864">
     <span class='ocr_line' id='line_1_80' title="bbox 1977 1793 3560 1864; baseline -0.001 -14"><span class='ocrx_word' id='word_1_720' title='bbox 1977 1793 2046 1851; x_wconf 88' lang='lat' dir='ltr'><strong>de</strong></span> <span class='ocrx_word' id='word_1_721' title='bbox 2073 1793 2317 1850; x_wconf 89' lang='lat' dir='ltr'><strong>manibus</strong></span> <span class='ocrx_word' id='word_1_722' title='bbox 2343 1793 2662 1864; x_wconf 85' lang='lat' dir='ltr'><strong>iujustorum</strong></span> <span class='ocrx_word' id='word_1_723' title='bbox 2686 1803 2962 1849; x_wconf 87' lang='lat' dir='ltr'><strong>eruantur.</strong></span> <span class='ocrx_word' id='word_1_724' title='bbox 2995 1793 3098 1864; x_wconf 88' lang='lat' dir='ltr'><strong>lpsi</strong></span> <span class='ocrx_word' id='word_1_725' title='bbox 3123 1808 3250 1864; x_wconf 83' lang='lat' dir='ltr'><strong>ergo</strong></span> <span class='ocrx_word' id='word_1_726' title='bbox 3271 1803 3395 1848; x_wconf 91' lang='lat' dir='ltr'><strong>sunt</strong></span> <span class='ocrx_word' id='word_1_727' title='bbox 3423 1809 3530 1864; x_wconf 91' lang='lat' dir='ltr'><strong>quo</strong></span> <span class='ocrx_word' id='word_1_728' title='bbox 3546 1825 3560 1836; x_wconf 83' lang='lat'><strong>-</strong></span> 
     </span>
    </p>
   </div>
   <div class='ocr_carea' id='block_1_80' title="bbox 1977 1883 3564 1954">
    <p class='ocr_par' dir='ltr' id='par_1_80' title="bbox 1977 1883 3564 1954">
     <span class='ocr_line' id='line_1_81' title="bbox 1977 1883 3564 1954; baseline -0.003 -12"><span class='ocrx_word' id='word_1_729' title='bbox 1977 1901 2096 1942; x_wconf 90' lang='lat' dir='ltr'><strong>rum</strong></span> <span class='ocrx_word' id='word_1_730' title='bbox 2118 1900 2332 1941; x_wconf 75' lang='lat' dir='ltr'><strong>cauSam</strong></span> <span class='ocrx_word' id='word_1_731' title='bbox 2367 1884 2622 1940; x_wconf 89' lang='lat' dir='ltr'><strong>Dominus</strong></span> <span class='ocrx_word' id='word_1_732' title='bbox 2651 1899 2756 1939; x_wconf 89' lang='lat' dir='ltr'><strong>non</strong></span> <span class='ocrx_word' id='word_1_733' title='bbox 2785 1883 3015 1954; x_wconf 75' lang='lat' dir='ltr'><strong>negligat</strong></span> <span class='ocrx_word' id='word_1_734' title='bbox 3043 1901 3056 1938; x_wconf 89' lang='lat'>:</span> <span class='ocrx_word' id='word_1_735' title='bbox 3086 1892 3138 1939; x_wconf 89' lang='lat' dir='ltr'><strong>et</strong></span> <span class='ocrx_word' id='word_1_736' title='bbox 3162 1885 3206 1938; x_wconf 92' lang='lat' dir='ltr'><strong>si</strong></span> <span class='ocrx_word' id='word_1_737' title='bbox 3235 1883 3393 1941; x_wconf 73' lang='lat' dir='ltr'><strong>modo</strong></span> <span class='ocrx_word' id='word_1_738' title='bbox 3419 1899 3564 1953; x_wconf 88' lang='lat' dir='ltr'><strong>pres-</strong></span> 
     </span>
    </p>
   </div>
   <div class='ocr_carea' id='block_1_81' title="bbox 1979 1973 3566 2046">
    <p class='ocr_par' dir='ltr' id='par_1_81' title="bbox 1979 1973 3566 2046">
     <span class='ocr_line' id='line_1_82' title="bbox 1979 1973 3566 2046; baseline -0.004 -15"><span class='ocrx_word' id='word_1_739' title='bbox 1979 1991 2131 2032; x_wconf 90' lang='lat' dir='ltr'><strong>suras</strong></span> <span class='ocrx_word' id='word_1_740' title='bbox 2161 1975 2433 2046; x_wconf 89' lang='lat' dir='ltr'><strong>patiuntur</strong></span> <span class='ocrx_word' id='word_1_741' title='bbox 2458 2017 2474 2041; x_wconf 91' lang='lat'><strong>,</strong></span> <span class='ocrx_word' id='word_1_742' title='bbox 2501 1973 2779 2045; x_wconf 85' lang='lat' dir='ltr'><strong>apparebit</strong></span> <span class='ocrx_word' id='word_1_743' title='bbox 2805 1973 2973 2045; x_wconf 79' lang='lat' dir='ltr'><strong>gloria</strong></span> <span class='ocrx_word' id='word_1_744' title='bbox 3003 1973 3235 2044; x_wconf 87' lang='lat' dir='ltr'><strong>ipsorum</strong></span> <span class='ocrx_word' id='word_1_745' title='bbox 3262 2016 3274 2034; x_wconf 83' lang='lat'><strong>.</strong></span> <span class='ocrx_word' id='word_1_746' title='bbox 3319 1989 3439 2029; x_wconf 91' lang='lat' dir='ltr'><strong>cum</strong></span> <span class='ocrx_word' id='word_1_747' title='bbox 3467 1991 3566 2042; x_wconf 83' lang='lat' dir='ltr'><strong>ap-</strong></span> 
     </span>
    </p>
   </div>
   <div class='ocr_carea' id='block_1_82' title="bbox 1981 2063 3566 2139">
    <p class='ocr_par' dir='ltr' id='par_1_82' title="bbox 1981 2063 3566 2139">
     <span class='ocr_line' id='line_1_83' title="bbox 1981 2063 3566 2139; baseline 0.001 -21"><span class='ocrx_word' id='word_1_748' title='bbox 1981 2067 2217 2139; x_wconf 79' lang='lat' dir='ltr'><strong>paruerit</strong></span> <span class='ocrx_word' id='word_1_749' title='bbox 2240 2076 2396 2137; x_wconf 88' lang='lat' dir='ltr'><strong>caput</strong></span> <span class='ocrx_word' id='word_1_750' title='bbox 2427 2066 2682 2137; x_wconf 91' lang='lat' dir='ltr'><strong>ipsorum.</strong></span> <span class='ocrx_word' id='word_1_751' title='bbox 2713 2065 2930 2120; x_wconf 85' lang='lat' dir='ltr'><strong>Talibus</strong></span> <span class='ocrx_word' id='word_1_752' title='bbox 2957 2065 3099 2120; x_wconf 90' lang='lat' dir='ltr'><strong>enim</strong></span> <span class='ocrx_word' id='word_1_753' title='bbox 3140 2065 3226 2120; x_wconf 91' lang='lat' dir='ltr'><strong>hic</strong></span> <span class='ocrx_word' id='word_1_754' title='bbox 3265 2063 3566 2120; x_wconf 87' lang='lat' dir='ltr'><strong>constitutis</strong></span> 
     </span>
    </p>
   </div>
   <div class='ocr_carea' id='block_1_83' title="bbox 1980 2155 3570 2224">
    <p class='ocr_par' dir='ltr' id='par_1_83' title="bbox 1980 2155 3570 2224">
     <span class='ocr_line' id='line_1_84' title="bbox 1980 2155 3570 2224; baseline -0.003 -11"><span class='ocrx_word' id='word_1_755' title='bbox 1980 2157 2174 2213; x_wconf 90' lang='lat' dir='ltr'><strong>dicitur</strong></span> <span class='ocrx_word' id='word_1_756' title='bbox 2199 2198 2213 2222; x_wconf 90' lang='lat'><strong>,</strong></span> <span class='ocrx_word' id='word_1_757' title='bbox 2245 2156 2436 2212; x_wconf 77' lang='grc' dir='ltr'><strong>Μονιυί</strong></span> <span class='ocrx_word' id='word_1_758' title='bbox 2466 2157 2586 2211; x_wconf 90' lang='lat' dir='ltr'><strong>estis</strong></span> <span class='ocrx_word' id='word_1_759' title='bbox 2607 2199 2623 2224; x_wconf 87' lang='lat'><strong>,</strong></span> <span class='ocrx_word' id='word_1_760' title='bbox 2662 2165 2707 2210; x_wconf 90' lang='lat' dir='ltr'><strong>et</strong></span> <span class='ocrx_word' id='word_1_761' title='bbox 2731 2157 2831 2210; x_wconf 80' lang='lat' dir='ltr'><strong>vita</strong></span> <span class='ocrx_word' id='word_1_762' title='bbox 2856 2165 3016 2211; x_wconf 79' lang='lat' dir='ltr'><strong>vestra</strong></span> <span class='ocrx_word' id='word_1_763' title='bbox 3039 2155 3332 2211; x_wconf 86' lang='lat' dir='ltr'><strong>abscondita</strong></span> <span class='ocrx_word' id='word_1_764' title='bbox 3355 2165 3428 2210; x_wconf 87' lang='lat' dir='ltr'><strong>est</strong></span> <span class='ocrx_word' id='word_1_765' title='bbox 3451 2172 3570 2210; x_wconf 89' lang='lat' dir='ltr'><strong>cum</strong></span> 
     </span>
    </p>
   </div>
   <div class='ocr_carea' id='block_1_84' title="bbox 1981 2246 3566 2317">
    <p class='ocr_par' dir='ltr' id='par_1_84' title="bbox 1981 2246 3566 2317">
     <span class='ocr_line' id='line_1_85' title="bbox 1981 2246 3566 2317; baseline -0.003 -11"><span class='ocrx_word' id='word_1_766' title='bbox 1981 2247 2183 2306; x_wconf 82' lang='lat' dir='ltr'><strong>Christo</strong></span> <span class='ocrx_word' id='word_1_767' title='bbox 2203 2249 2254 2302; x_wconf 87' lang='lat' dir='ltr'><strong>in</strong></span> <span class='ocrx_word' id='word_1_768' title='bbox 2285 2247 2389 2304; x_wconf 87' lang='lat' dir='ltr'><strong>Deo</strong></span> <span class='ocrx_word' id='word_1_769' title='bbox 2410 2247 2429 2317; x_wconf 96' lang='lat'><strong>(</strong></span> <span class='ocrx_word' id='word_1_770' title='bbox 2453 2247 2648 2302; x_wconf 83' lang='lat' dir='ltr'><strong>Coloss.</strong></span> <span class='ocrx_word' id='word_1_771' title='bbox 2679 2262 2731 2301; x_wconf 90' lang='lat' dir='ltr'><strong>Ill</strong></span> <span class='ocrx_word' id='word_1_772' title='bbox 2757 2288 2772 2310; x_wconf 88' lang='lat'><strong>,</strong></span> <span class='ocrx_word' id='word_1_773' title='bbox 2799 2247 2834 2302; x_wconf 78' lang='grc'><strong>5</strong></span> <span class='ocrx_word' id='word_1_774' title='bbox 2855 2246 2895 2316; x_wconf 95' lang='grc'><strong>).</strong></span> <span class='ocrx_word' id='word_1_775' title='bbox 2923 2246 3062 2316; x_wconf 79' lang='lat' dir='ltr'><strong>Ergo</strong></span> <span class='ocrx_word' id='word_1_776' title='bbox 3082 2261 3340 2316; x_wconf 81' lang='lat' dir='ltr'><strong>pauperes</strong></span> <span class='ocrx_word' id='word_1_777' title='bbox 3361 2263 3566 2314; x_wconf 86' lang='lat' dir='ltr'><strong>sumus,</strong></span> 
     </span>
    </p>
   </div>
   <div class='ocr_carea' id='block_1_85' title="bbox 1983 2337 3571 2408">
    <p class='ocr_par' dir='ltr' id='par_1_85' title="bbox 1983 2337 3571 2408">
     <span class='ocr_line' id='line_1_86' title="bbox 1983 2337 3571 2408; baseline -0.001 -14"><span class='ocrx_word' id='word_1_778' title='bbox 1983 2339 2290 2394; x_wconf 82' lang='lat' dir='ltr'><strong>abscondita</strong></span> <span class='ocrx_word' id='word_1_779' title='bbox 2317 2348 2400 2394; x_wconf 90' lang='lat' dir='ltr'><strong>est</strong></span> <span class='ocrx_word' id='word_1_780' title='bbox 2426 2339 2533 2392; x_wconf 86' lang='lat' dir='ltr'><strong>vita</strong></span> <span class='ocrx_word' id='word_1_781' title='bbox 2560 2346 2743 2392; x_wconf 90' lang='lat' dir='ltr'><strong>nostra</strong></span> <span class='ocrx_word' id='word_1_782' title='bbox 2767 2354 2782 2402; x_wconf 91' lang='lat'><strong>;</strong></span> <span class='ocrx_word' id='word_1_783' title='bbox 2815 2337 3108 2392; x_wconf 87' lang='lat' dir='ltr'><strong>clamemus</strong></span> <span class='ocrx_word' id='word_1_784' title='bbox 3132 2337 3196 2390; x_wconf 86' lang='lat' dir='ltr'><strong>ad</strong></span> <span class='ocrx_word' id='word_1_785' title='bbox 3230 2353 3417 2408; x_wconf 85' lang='lat' dir='ltr'><strong>panem</strong></span> <span class='ocrx_word' id='word_1_786' title='bbox 3444 2356 3458 2392; x_wconf 89' lang='lat'><strong>:</strong></span> <span class='ocrx_word' id='word_1_787' title='bbox 3487 2345 3571 2392; x_wconf 90' lang='lat' dir='ltr'><strong>est</strong></span> 
     </span>
    </p>
   </div>
   <div class='ocr_carea' id='block_1_86' title="bbox 1983 2430 3567 2503">
    <p class='ocr_par' dir='ltr' id='par_1_86' title="bbox 1983 2430 3567 2503">
     <span class='ocr_line' id='line_1_87' title="bbox 1983 2430 3567 2503; baseline -0.001 -16"><span class='ocrx_word' id='word_1_788' title='bbox 1983 2433 2124 2488; x_wconf 88' lang='lat' dir='ltr'><strong>enim</strong></span> <span class='ocrx_word' id='word_1_789' title='bbox 2156 2432 2306 2503; x_wconf 84' lang='lat' dir='ltr'><strong>panis</strong></span> <span class='ocrx_word' id='word_1_790' title='bbox 2333 2432 2484 2486; x_wconf 88' lang='lat' dir='ltr'><strong>vivus</strong></span> <span class='ocrx_word' id='word_1_791' title='bbox 2520 2432 2609 2501; x_wconf 91' lang='lat' dir='ltr'><strong>qui</strong></span> <span class='ocrx_word' id='word_1_792' title='bbox 2650 2430 2717 2486; x_wconf 88' lang='lat' dir='ltr'><strong>de</strong></span> <span class='ocrx_word' id='word_1_793' title='bbox 2755 2431 2894 2487; x_wconf 65' lang='lat' dir='ltr'><strong>caelo</strong></span> <span class='ocrx_word' id='word_1_794' title='bbox 2931 2431 3208 2486; x_wconf 86' lang='lat' dir='ltr'><strong>descendit</strong></span> <span class='ocrx_word' id='word_1_795' title='bbox 3249 2433 3445 2502; x_wconf 87' lang='lat' dir='ltr'><strong>(Joan.</strong></span> <span class='ocrx_word' id='word_1_796' title='bbox 3479 2449 3567 2496; x_wconf 86' lang='lat' dir='ltr'><strong>vt,</strong></span> 
     </span>
    </p>
   </div>
   <div class='ocr_carea' id='block_1_87' title="bbox 1985 2522 3568 2600">
    <p class='ocr_par' dir='ltr' id='par_1_87' title="bbox 1985 2522 3568 2600">
     <span class='ocr_line' id='line_1_88' title="bbox 1985 2522 3568 2600; baseline -0.003 -20"><span class='ocrx_word' id='word_1_797' title='bbox 1985 2525 2045 2580; x_wconf 64' lang='grc'><strong>81</strong></span> <span class='ocrx_word' id='word_1_798' title='bbox 2076 2523 2115 2594; x_wconf 86' lang='grc'><strong>);</strong></span> <span class='ocrx_word' id='word_1_799' title='bbox 2145 2534 2198 2580; x_wconf 92' lang='lat' dir='ltr'><strong>et</strong></span> <span class='ocrx_word' id='word_1_800' title='bbox 2224 2524 2312 2596; x_wconf 90' lang='lat' dir='ltr'><strong>qui</strong></span> <span class='ocrx_word' id='word_1_801' title='bbox 2342 2525 2394 2578; x_wconf 90' lang='lat' dir='ltr'><strong>in</strong></span> <span class='ocrx_word' id='word_1_802' title='bbox 2424 2523 2504 2578; x_wconf 88' lang='lat' dir='ltr'><strong>via</strong></span> <span class='ocrx_word' id='word_1_803' title='bbox 2531 2522 2702 2579; x_wconf 83' lang='lat' dir='ltr'><strong>reiicit</strong></span> <span class='ocrx_word' id='word_1_804' title='bbox 2729 2539 2862 2600; x_wconf 83' lang='lat' dir='ltr'><strong>nos,</strong></span> <span class='ocrx_word' id='word_1_805' title='bbox 2891 2523 2940 2576; x_wconf 89' lang='lat' dir='ltr'><strong>in</strong></span> <span class='ocrx_word' id='word_1_806' title='bbox 2969 2523 3137 2594; x_wconf 86' lang='lat' dir='ltr'><strong>patria</strong></span> <span class='ocrx_word' id='word_1_807' title='bbox 3165 2524 3425 2579; x_wconf 87' lang='lat' dir='ltr'><strong>saturabit</strong></span> <span class='ocrx_word' id='word_1_808' title='bbox 3452 2541 3568 2578; x_wconf 92' lang='lat' dir='ltr'><strong>uos.</strong></span> 
     </span>
    </p>
   </div>
   <div class='ocr_carea' id='block_1_88' title="bbox 1985 2612 3573 2680">
    <p class='ocr_par' dir='ltr' id='par_1_88' title="bbox 1985 2612 3573 2680">
     <span class='ocr_line' id='line_1_89' title="bbox 1985 2612 3573 2680; baseline -0.001 -9"><span class='ocrx_word' id='word_1_809' title='bbox 1985 2613 2144 2671; x_wconf 81' lang='lat' dir='ltr'><strong>Modo</strong></span> <span class='ocrx_word' id='word_1_810' title='bbox 2171 2613 2313 2669; x_wconf 87' lang='lat' dir='ltr'><strong>enim</strong></span> <span class='ocrx_word' id='word_1_811' title='bbox 2342 2656 2358 2680; x_wconf 87' lang='lat'><strong>,</strong></span> <span class='ocrx_word' id='word_1_812' title='bbox 2403 2621 2460 2668; x_wconf 93' lang='lat' dir='ltr'><strong>ut</strong></span> <span class='ocrx_word' id='word_1_813' title='bbox 2499 2612 2750 2669; x_wconf 91' lang='lat' dir='ltr'><strong>duremus</strong></span> <span class='ocrx_word' id='word_1_814' title='bbox 2774 2655 2788 2677; x_wconf 83' lang='lat'><strong>.</strong></span> <span class='ocrx_word' id='word_1_815' title='bbox 2832 2613 3138 2668; x_wconf 84' lang='lat' dir='ltr'><strong>relicimur:</strong></span> <span class='ocrx_word' id='word_1_816' title='bbox 3189 2630 3308 2668; x_wconf 88' lang='lat' dir='ltr'><strong>nam</strong></span> <span class='ocrx_word' id='word_1_817' title='bbox 3353 2630 3573 2670; x_wconf 78' lang='lat' dir='ltr'><strong>necesse</strong></span> 
     </span>
    </p>
   </div>
   <div class='ocr_carea' id='block_1_89' title="bbox 1985 2702 3575 2776">
    <p class='ocr_par' dir='ltr' id='par_1_89' title="bbox 1985 2702 3575 2776">
     <span class='ocr_line' id='line_1_90' title="bbox 1985 2702 3575 2776; baseline -0.002 -15"><span class='ocrx_word' id='word_1_818' title='bbox 1985 2714 2070 2761; x_wconf 90' lang='lat' dir='ltr'><strong>est</strong></span> <span class='ocrx_word' id='word_1_819' title='bbox 2093 2705 2428 2771; x_wconf 88' lang='lat' dir='ltr'><strong>esuriamus,</strong></span> <span class='ocrx_word' id='word_1_820' title='bbox 2485 2704 2832 2776; x_wconf 87' lang='lat' dir='ltr'><strong>quoadusque</strong></span> <span class='ocrx_word' id='word_1_821' title='bbox 2873 2705 3147 2760; x_wconf 81' lang='lat' dir='ltr'><strong>satientur.</strong></span> <span class='ocrx_word' id='word_1_822' title='bbox 3195 2702 3417 2775; x_wconf 81' lang='lat' dir='ltr'><strong>Cognovi</strong></span> <span class='ocrx_word' id='word_1_823' title='bbox 3457 2707 3575 2776; x_wconf 84' lang='lat' dir='ltr'><strong>quia</strong></span> 
     </span>
    </p>
   </div>
   <div class='ocr_carea' id='block_1_90' title="bbox 1986 2794 3573 2868">
    <p class='ocr_par' dir='ltr' id='par_1_90' title="bbox 1986 2794 3573 2868">
     <span class='ocr_line' id='line_1_91' title="bbox 1986 2794 3573 2868; baseline 0.001 -19"><span class='ocrx_word' id='word_1_824' title='bbox 1986 2795 2136 2866; x_wconf 76' lang='lat' dir='ltr'><strong>faciet</strong></span> <span class='ocrx_word' id='word_1_825' title='bbox 2161 2794 2409 2852; x_wconf 87' lang='lat' dir='ltr'><strong>Dominus</strong></span> <span class='ocrx_word' id='word_1_826' title='bbox 2425 2795 2680 2868; x_wconf 85' lang='lat' dir='ltr'><strong>judicium</strong></span> <span class='ocrx_word' id='word_1_827' title='bbox 2703 2803 2910 2867; x_wconf 77' lang='lat' dir='ltr'><strong>egentis.</strong></span> <span class='ocrx_word' id='word_1_828' title='bbox 2938 2796 3130 2852; x_wconf 87' lang='lat' dir='ltr'><strong>Certus</strong></span> <span class='ocrx_word' id='word_1_829' title='bbox 3152 2805 3267 2852; x_wconf 90' lang='lat' dir='ltr'><strong>crat</strong></span> <span class='ocrx_word' id='word_1_830' title='bbox 3306 2797 3404 2852; x_wconf 88' lang='lat' dir='ltr'><strong>iste</strong></span> <span class='ocrx_word' id='word_1_831' title='bbox 3445 2814 3573 2866; x_wconf 85' lang='lat' dir='ltr'><strong>quo-</strong></span> 
     </span>
    </p>
   </div>
   <div class='ocr_carea' id='block_1_91' title="bbox 1988 2889 3575 2960">
    <p class='ocr_par' dir='ltr' id='par_1_91' title="bbox 1988 2889 3575 2960">
     <span class='ocr_line' id='line_1_92' title="bbox 1988 2889 3575 2960; baseline -0.001 -17"><span class='ocrx_word' id='word_1_832' title='bbox 1988 2889 2125 2943; x_wconf 88' lang='lat' dir='ltr'><strong>niam</strong></span> <span class='ocrx_word' id='word_1_833' title='bbox 2149 2890 2298 2960; x_wconf 77' lang='lat' dir='ltr'><strong>faciet</strong></span> <span class='ocrx_word' id='word_1_834' title='bbox 2319 2889 2568 2944; x_wconf 89' lang='lat' dir='ltr'><strong>Dominus</strong></span> <span class='ocrx_word' id='word_1_835' title='bbox 2585 2890 2838 2960; x_wconf 83' lang='lat' dir='ltr'><strong>judicium</strong></span> <span class='ocrx_word' id='word_1_836' title='bbox 2863 2890 3084 2960; x_wconf 73' lang='lat' dir='ltr'><strong>egentis,</strong></span> <span class='ocrx_word' id='word_1_837' title='bbox 3127 2898 3172 2943; x_wconf 89' lang='lat' dir='ltr'><strong>et</strong></span> <span class='ocrx_word' id='word_1_838' title='bbox 3209 2905 3415 2944; x_wconf 84' lang='lat' dir='ltr'><strong>causam</strong></span> <span class='ocrx_word' id='word_1_839' title='bbox 3446 2905 3575 2958; x_wconf 63' lang='lat' dir='ltr'><strong>pauo</strong></span> 
     </span>
    </p>
   </div>
   <div class='ocr_carea' id='block_1_92' title="bbox 1988 2979 3573 3052">
    <p class='ocr_par' dir='ltr' id='par_1_92' title="bbox 1988 2979 3573 3052">
     <span class='ocr_line' id='line_1_93' title="bbox 1988 2979 3573 3052; baseline -0.001 -17"><span class='ocrx_word' id='word_1_840' title='bbox 1988 2998 2184 3052; x_wconf 86' lang='lat' dir='ltr'><strong>perunt.</strong></span> <span class='ocrx_word' id='word_1_841' title='bbox 2215 2980 2471 3037; x_wconf 82' lang='lat' dir='ltr'><strong>Ostendet</strong></span> <span class='ocrx_word' id='word_1_842' title='bbox 2501 2979 2694 3052; x_wconf 89' lang='lat' dir='ltr'><strong>iniquis</strong></span> <span class='ocrx_word' id='word_1_843' title='bbox 2720 2979 2988 3051; x_wconf 88' lang='lat' dir='ltr'><strong>quomodo</strong></span> <span class='ocrx_word' id='word_1_844' title='bbox 3015 2979 3181 3051; x_wconf 80' lang='lat' dir='ltr'><strong>diligit</strong></span> <span class='ocrx_word' id='word_1_845' title='bbox 3207 2981 3382 3051; x_wconf 83' lang='lat' dir='ltr'><strong>justos</strong></span> <span class='ocrx_word' id='word_1_846' title='bbox 3408 2995 3532 3034; x_wconf 89' lang='lat' dir='ltr'><strong>suos</strong></span> <span class='ocrx_word' id='word_1_847' title='bbox 3557 2998 3573 3044; x_wconf 93' lang='lat'><strong>;</strong></span> 
     </span>
    </p>
   </div>
   <div class='ocr_carea' id='block_1_93' title="bbox 1990 3073 3573 3145">
    <p class='ocr_par' dir='ltr' id='par_1_93' title="bbox 1990 3073 3573 3145">
     <span class='ocr_line' id='line_1_94' title="bbox 1990 3073 3573 3145; baseline -0.002 -14"><span class='ocrx_word' id='word_1_848' title='bbox 1990 3074 2240 3131; x_wconf 88' lang='lat' dir='ltr'><strong>ostendet</strong></span> <span class='ocrx_word' id='word_1_849' title='bbox 2281 3073 2535 3130; x_wconf 86' lang='lat' dir='ltr'><strong>divitibus</strong></span> <span class='ocrx_word' id='word_1_850' title='bbox 2574 3074 2842 3145; x_wconf 88' lang='lat' dir='ltr'><strong>quomodo</strong></span> <span class='ocrx_word' id='word_1_851' title='bbox 2888 3074 3072 3144; x_wconf 81' lang='lat' dir='ltr'><strong>diligat</strong></span> <span class='ocrx_word' id='word_1_852' title='bbox 3124 3090 3382 3144; x_wconf 83' lang='lat' dir='ltr'><strong>pauperes</strong></span> <span class='ocrx_word' id='word_1_853' title='bbox 3428 3091 3573 3130; x_wconf 79' lang='lat' dir='ltr'><strong>suos.</strong></span> 
     </span>
    </p>
   </div>
   <div class='ocr_carea' id='block_1_94' title="bbox 1991 3166 3575 3237">
    <p class='ocr_par' dir='ltr' id='par_1_94' title="bbox 1991 3166 3575 3237">
     <span class='ocr_line' id='line_1_95' title="bbox 1991 3166 3575 3237; baseline -0.003 -15"><span class='ocrx_word' id='word_1_854' title='bbox 1991 3167 2193 3223; x_wconf 84' lang='lat' dir='ltr'><strong>Divites</strong></span> <span class='ocrx_word' id='word_1_855' title='bbox 2233 3167 2407 3232; x_wconf 81' lang='lat' dir='ltr'><strong>dixit.</strong></span> <span class='ocrx_word' id='word_1_856' title='bbox 2453 3167 2746 3237; x_wconf 88' lang='lat' dir='ltr'><strong>superbos;</strong></span> <span class='ocrx_word' id='word_1_857' title='bbox 2783 3181 3044 3236; x_wconf 80' lang='lat' dir='ltr'><strong>pauperes</strong></span> <span class='ocrx_word' id='word_1_858' title='bbox 3084 3166 3257 3233; x_wconf 87' lang='lat' dir='ltr'><strong>dixit,</strong></span> <span class='ocrx_word' id='word_1_859' title='bbox 3305 3167 3575 3221; x_wconf 83' lang='lat' dir='ltr'><strong>humiles:</strong></span> 
     </span>
    </p>
   </div>
   <div class='ocr_carea' id='block_1_95' title="bbox 1993 3257 3573 3329">
    <p class='ocr_par' dir='ltr' id='par_1_95' title="bbox 1993 3257 3573 3329">
     <span class='ocr_line' id='line_1_96' title="bbox 1993 3257 3573 3329; baseline -0.001 -15"><span class='ocrx_word' id='word_1_860' title='bbox 1993 3259 2183 3315; x_wconf 90' lang='lat' dir='ltr'><strong>divites</strong></span> <span class='ocrx_word' id='word_1_861' title='bbox 2207 3259 2384 3326; x_wconf 82' lang='lat' dir='ltr'><strong>dixit,</strong></span> <span class='ocrx_word' id='word_1_862' title='bbox 2413 3274 2510 3329; x_wconf 82' lang='lat' dir='ltr'><strong>per</strong></span> <span class='ocrx_word' id='word_1_863' title='bbox 2539 3257 2916 3314; x_wconf 84' lang='lat' dir='ltr'><strong>abundantiam</strong></span> <span class='ocrx_word' id='word_1_864' title='bbox 2940 3274 3042 3311; x_wconf 84' lang='lat' dir='ltr'><strong>non</strong></span> <span class='ocrx_word' id='word_1_865' title='bbox 3071 3271 3409 3327; x_wconf 75' lang='lat' dir='ltr'><strong>quzercutt-s;</strong></span> <span class='ocrx_word' id='word_1_866' title='bbox 3453 3275 3573 3327; x_wconf 87' lang='lat' dir='ltr'><strong>pau-</strong></span> 
     </span>
    </p>
   </div>
   <div class='ocr_carea' id='block_1_96' title="bbox 1993 3349 3577 3424">
    <p class='ocr_par' dir='ltr' id='par_1_96' title="bbox 1993 3349 3577 3424">
     <span class='ocr_line' id='line_1_97' title="bbox 1993 3349 3577 3424; baseline 0 -18"><span class='ocrx_word' id='word_1_867' title='bbox 1993 3367 2149 3424; x_wconf 82' lang='lat' dir='ltr'><strong>pCI&#39;CS</strong></span> <span class='ocrx_word' id='word_1_868' title='bbox 2175 3351 2345 3416; x_wconf 76' lang='lat' dir='ltr'><strong>dixit,</strong></span> <span class='ocrx_word' id='word_1_869' title='bbox 2380 3366 2475 3420; x_wconf 87' lang='lat' dir='ltr'><strong>per</strong></span> <span class='ocrx_word' id='word_1_870' title='bbox 2514 3350 2838 3406; x_wconf 89' lang='lat' dir='ltr'><strong>desiderium</strong></span> <span class='ocrx_word' id='word_1_871' title='bbox 2882 3349 3234 3421; x_wconf 87' lang='lat' dir='ltr'><strong>suspirantes.</strong></span> <span class='ocrx_word' id='word_1_872' title='bbox 3265 3350 3444 3406; x_wconf 84' lang='lat' dir='ltr'><strong>Faciet</strong></span> <span class='ocrx_word' id='word_1_873' title='bbox 3473 3351 3577 3406; x_wconf 87' lang='lat' dir='ltr'><strong>Do-</strong></span> 
     </span>
    </p>
   </div>
   <div class='ocr_carea' id='block_1_97' title="bbox 1995 3443 2705 3511">
    <p class='ocr_par' dir='ltr' id='par_1_97' title="bbox 1995 3443 2705 3511">
     <span class='ocr_line' id='line_1_98' title="bbox 1995 3443 2705 3511; baseline -0.008 -13"><span class='ocrx_word' id='word_1_874' title='bbox 1995 3443 2172 3498; x_wconf 90' lang='lat' dir='ltr'><strong>minus</strong></span> <span class='ocrx_word' id='word_1_875' title='bbox 2199 3457 2412 3498; x_wconf 89' lang='lat' dir='ltr'><strong>causam</strong></span> <span class='ocrx_word' id='word_1_876' title='bbox 2446 3443 2705 3511; x_wconf 80' lang='lat' dir='ltr'><strong>ipsorum.</strong></span> 
     </span>
    </p>
   </div>
   <div class='ocr_carea' id='block_1_98' title="bbox 2067 3529 3584 3605">
    <p class='ocr_par' dir='ltr' id='par_1_98' title="bbox 2067 3529 3584 3605">
     <span class='ocr_line' id='line_1_99' title="bbox 2067 3529 3584 3605; baseline 0.001 -17"><span class='ocrx_word' id='word_1_877' title='bbox 2067 3533 2155 3588; x_wconf 77' lang='lat' dir='ltr'><strong>l8.</strong></span> <span class='ocrx_word' id='word_1_878' title='bbox 2196 3532 2361 3605; x_wconf 60' lang='lat' dir='ltr'><strong>[vers</strong></span> <span class='ocrx_word' id='word_1_879' title='bbox 2396 3531 2523 3603; x_wconf 66' lang='lat' dir='ltr'><strong>LL]</strong></span> <span class='ocrx_word' id='word_1_880' title='bbox 2571 3529 2924 3586; x_wconf 81' lang='lat' dir='ltr'><strong>Verumtamen</strong></span> <span class='ocrx_word' id='word_1_881' title='bbox 2941 3532 3074 3602; x_wconf 82' lang='lat' dir='ltr'><strong>justi</strong></span> <span class='ocrx_word' id='word_1_882' title='bbox 3093 3533 3460 3602; x_wconf 82' lang='lat' dir='ltr'><strong>conﬁtebuntur</strong></span> <span class='ocrx_word' id='word_1_883' title='bbox 3488 3552 3584 3589; x_wconf 85' lang='lat' dir='ltr'><strong>no-</strong></span> 
     </span>
    </p>
   </div>
   <div class='ocr_carea' id='block_1_99' title="bbox 1995 3623 3585 3693">
    <p class='ocr_par' dir='ltr' id='par_1_99' title="bbox 1995 3623 3585 3693">
     <span class='ocr_line' id='line_1_100' title="bbox 1995 3623 3585 3693; baseline 0.001 -15"><span class='ocrx_word' id='word_1_884' title='bbox 1995 3623 2120 3678; x_wconf 85' lang='lat' dir='ltr'><strong>mini</strong></span> <span class='ocrx_word' id='word_1_885' title='bbox 2145 3633 2250 3677; x_wconf 87' lang='lat' dir='ltr'><strong>tuo.</strong></span> <span class='ocrx_word' id='word_1_886' title='bbox 2281 3623 2347 3677; x_wconf 83' lang='lat' dir='ltr'><strong>Et</strong></span> <span class='ocrx_word' id='word_1_887' title='bbox 2367 3623 2577 3692; x_wconf 82' lang='lat' dir='ltr'><strong>quando</strong></span> <span class='ocrx_word' id='word_1_888' title='bbox 2602 3638 2728 3691; x_wconf 85' lang='lat' dir='ltr'><strong>ages</strong></span> <span class='ocrx_word' id='word_1_889' title='bbox 2750 3637 2967 3676; x_wconf 89' lang='lat' dir='ltr'><strong>causam</strong></span> <span class='ocrx_word' id='word_1_890' title='bbox 2989 3623 3224 3691; x_wconf 90' lang='lat' dir='ltr'><strong>ipsorum</strong></span> <span class='ocrx_word' id='word_1_891' title='bbox 3249 3663 3265 3689; x_wconf 87' lang='lat'><strong>,</strong></span> <span class='ocrx_word' id='word_1_892' title='bbox 3295 3634 3347 3678; x_wconf 81' lang='lat' dir='ltr'><strong>et</strong></span> <span class='ocrx_word' id='word_1_893' title='bbox 3373 3626 3585 3693; x_wconf 86' lang='lat' dir='ltr'><strong>quando</strong></span> 
     </span>
    </p>
   </div>
   <div class='ocr_carea' id='block_1_100' title="bbox 1999 3714 3580 3785">
    <p class='ocr_par' dir='ltr' id='par_1_100' title="bbox 1999 3714 3580 3785">
     <span class='ocr_line' id='line_1_101' title="bbox 1999 3714 3580 3785; baseline 0.001 -16"><span class='ocrx_word' id='word_1_894' title='bbox 1999 3715 2159 3771; x_wconf 77' lang='lat' dir='ltr'><strong>facies</strong></span> <span class='ocrx_word' id='word_1_895' title='bbox 2185 3714 2440 3785; x_wconf 86' lang='lat' dir='ltr'><strong>judicium</strong></span> <span class='ocrx_word' id='word_1_896' title='bbox 2471 3715 2704 3782; x_wconf 86' lang='lat' dir='ltr'><strong>ipsorum</strong></span> <span class='ocrx_word' id='word_1_897' title='bbox 2731 3755 2747 3779; x_wconf 85' lang='lat'><strong>,</strong></span> <span class='ocrx_word' id='word_1_898' title='bbox 2789 3721 2880 3767; x_wconf 87' lang='lat' dir='ltr'><strong>tuo</strong></span> <span class='ocrx_word' id='word_1_899' title='bbox 2913 3714 3110 3767; x_wconf 87' lang='lat' dir='ltr'><strong>nomini</strong></span> <span class='ocrx_word' id='word_1_900' title='bbox 3144 3714 3538 3768; x_wconf 87' lang='lat' dir='ltr'><strong>conlltelmntur</strong></span> <span class='ocrx_word' id='word_1_901' title='bbox 3568 3735 3580 3770; x_wconf 95' lang='lat'>:</span> 
     </span>
    </p>
   </div>
   <div class='ocr_carea' id='block_1_101' title="bbox 1999 3802 3583 3868">
    <p class='ocr_par' dir='ltr' id='par_1_101' title="bbox 1999 3802 3583 3868">
     <span class='ocr_line' id='line_1_102' title="bbox 1999 3802 3583 3868; baseline -0.001 -9"><span class='ocrx_word' id='word_1_902' title='bbox 1999 3805 2204 3859; x_wconf 87' lang='lat' dir='ltr'><strong>meritis</strong></span> <span class='ocrx_word' id='word_1_903' title='bbox 2229 3804 2338 3858; x_wconf 89' lang='lat' dir='ltr'><strong>suis</strong></span> <span class='ocrx_word' id='word_1_904' title='bbox 2365 3803 2491 3857; x_wconf 90' lang='lat' dir='ltr'><strong>nihil</strong></span> <span class='ocrx_word' id='word_1_905' title='bbox 2522 3802 2753 3857; x_wconf 88' lang='lat' dir='ltr'><strong>tribttcnt</strong></span> <span class='ocrx_word' id='word_1_906' title='bbox 2779 3845 2793 3868; x_wconf 90' lang='lat'><strong><em>,</em></strong></span> <span class='ocrx_word' id='word_1_907' title='bbox 2837 3817 2942 3856; x_wconf 91' lang='lat' dir='ltr'><strong>nou</strong></span> <span class='ocrx_word' id='word_1_908' title='bbox 2984 3803 3220 3856; x_wconf 88' lang='lat' dir='ltr'><strong>tribuent</strong></span> <span class='ocrx_word' id='word_1_909' title='bbox 3267 3811 3432 3857; x_wconf 88' lang='lat' dir='ltr'><strong>totutn</strong></span> <span class='ocrx_word' id='word_1_910' title='bbox 3479 3805 3583 3858; x_wconf 88' lang='lat' dir='ltr'><strong>nisi</strong></span> 
     </span>
    </p>
   </div>
   <div class='ocr_carea' id='block_1_102' title="bbox 2000 3892 3586 3962">
    <p class='ocr_par' dir='ltr' id='par_1_102' title="bbox 2000 3892 3586 3962">
     <span class='ocr_line' id='line_1_103' title="bbox 2000 3892 3586 3962; baseline -0.001 -12"><span class='ocrx_word' id='word_1_911' title='bbox 2000 3893 2384 3950; x_wconf 70' lang='lat' dir='ltr'><strong>misericordiae</strong></span> <span class='ocrx_word' id='word_1_912' title='bbox 2409 3902 2533 3948; x_wconf 65' lang='lat' dir='ltr'><strong>tua).</strong></span> <span class='ocrx_word' id='word_1_913' title='bbox 2571 3892 2923 3947; x_wconf 83' lang='lat' dir='ltr'><strong>Verumtamen</strong></span> <span class='ocrx_word' id='word_1_914' title='bbox 2940 3893 3070 3962; x_wconf 87' lang='lat' dir='ltr'><strong>justi</strong></span> <span class='ocrx_word' id='word_1_915' title='bbox 3097 3893 3464 3961; x_wconf 82' lang='lat' dir='ltr'><strong>conﬁtebuntur</strong></span> <span class='ocrx_word' id='word_1_916' title='bbox 3497 3912 3586 3948; x_wconf 51' lang='lat' dir='ltr'><strong>no.</strong></span> 
     </span>
    </p>
   </div>
   <div class='ocr_carea' id='block_1_103' title="bbox 1999 3984 3586 4056">
    <p class='ocr_par' dir='ltr' id='par_1_103' title="bbox 1999 3984 3586 4056">
     <span class='ocr_line' id='line_1_104' title="bbox 1999 3984 3586 4056; baseline -0.001 -16"><span class='ocrx_word' id='word_1_917' title='bbox 1999 3986 2124 4041; x_wconf 87' lang='lat' dir='ltr'><strong>mini</strong></span> <span class='ocrx_word' id='word_1_918' title='bbox 2153 3995 2254 4041; x_wconf 89' lang='lat' dir='ltr'><strong>tuo.</strong></span> <span class='ocrx_word' id='word_1_919' title='bbox 2291 3985 2497 4056; x_wconf 84' lang='lat' dir='ltr'><strong>thuia</strong></span> <span class='ocrx_word' id='word_1_920' title='bbox 2517 3984 2911 4041; x_wconf 84' lang='lat' dir='ltr'><strong>conﬁtebuntur</strong></span> <span class='ocrx_word' id='word_1_921' title='bbox 2941 3985 3144 4040; x_wconf 89' lang='lat' dir='ltr'><strong>nomini</strong></span> <span class='ocrx_word' id='word_1_922' title='bbox 3177 3996 3268 4041; x_wconf 88' lang='lat' dir='ltr'><strong>tuo</strong></span> <span class='ocrx_word' id='word_1_923' title='bbox 3291 4026 3308 4052; x_wconf 91' lang='lat'><strong>,</strong></span> <span class='ocrx_word' id='word_1_924' title='bbox 3336 3995 3395 4041; x_wconf 89' lang='lat' dir='ltr'><strong>ut</strong></span> <span class='ocrx_word' id='word_1_925' title='bbox 3415 4003 3586 4056; x_wconf 89' lang='lat' dir='ltr'><strong>quan-</strong></span> 
     </span>
    </p>
   </div>
   <div class='ocr_carea' id='block_1_104' title="bbox 2000 4074 3583 4147">
    <p class='ocr_par' dir='ltr' id='par_1_104' title="bbox 2000 4074 3583 4147">
     <span class='ocr_line' id='line_1_105' title="bbox 2000 4074 3583 4147; baseline -0.003 -14"><span class='ocrx_word' id='word_1_926' title='bbox 2000 4086 2342 4147; x_wconf 89' lang='lat' dir='ltr'><strong>tumcumque</strong></span> <span class='ocrx_word' id='word_1_927' title='bbox 2362 4075 2490 4146; x_wconf 86' lang='lat' dir='ltr'><strong>justi</strong></span> <span class='ocrx_word' id='word_1_928' title='bbox 2519 4075 2712 4130; x_wconf 77' lang='lat' dir='ltr'><strong>fuerint</strong></span> <span class='ocrx_word' id='word_1_929' title='bbox 2734 4117 2750 4141; x_wconf 91' lang='lat'><strong>,</strong></span> <span class='ocrx_word' id='word_1_930' title='bbox 2781 4074 2910 4129; x_wconf 90' lang='lat' dir='ltr'><strong>nihil</strong></span> <span class='ocrx_word' id='word_1_931' title='bbox 2941 4075 3041 4132; x_wconf 85' lang='lat' dir='ltr'><strong>sibi</strong></span> <span class='ocrx_word' id='word_1_932' title='bbox 3069 4085 3345 4130; x_wconf 88' lang='lat' dir='ltr'><strong>assumant</strong></span> <span class='ocrx_word' id='word_1_933' title='bbox 3368 4075 3436 4130; x_wconf 91' lang='lat' dir='ltr'><strong>de</strong></span> <span class='ocrx_word' id='word_1_934' title='bbox 3461 4092 3583 4137; x_wconf 88' lang='lat' dir='ltr'><strong>suo.</strong></span> 
     </span>
    </p>
   </div>
   <div class='ocr_carea' id='block_1_105' title="bbox 2000 4164 3586 4237">
    <p class='ocr_par' dir='ltr' id='par_1_105' title="bbox 2000 4164 3586 4237">
     <span class='ocr_line' id='line_1_106' title="bbox 2000 4164 3586 4237; baseline -0.002 -14"><span class='ocrx_word' id='word_1_935' title='bbox 2000 4167 2133 4223; x_wconf 89' lang='lat' dir='ltr'><strong>nihil</strong></span> <span class='ocrx_word' id='word_1_936' title='bbox 2157 4167 2256 4222; x_wconf 89' lang='lat' dir='ltr'><strong>sibi</strong></span> <span class='ocrx_word' id='word_1_937' title='bbox 2288 4167 2523 4222; x_wconf 86' lang='lat' dir='ltr'><strong>tribuant</strong></span> <span class='ocrx_word' id='word_1_938' title='bbox 2549 4165 2616 4220; x_wconf 92' lang='lat' dir='ltr'><strong>de</strong></span> <span class='ocrx_word' id='word_1_939' title='bbox 2639 4179 2776 4230; x_wconf 88' lang='lat' dir='ltr'><strong>suo;</strong></span> <span class='ocrx_word' id='word_1_940' title='bbox 2801 4164 2927 4235; x_wconf 89' lang='lat' dir='ltr'><strong>quid</strong></span> <span class='ocrx_word' id='word_1_941' title='bbox 2957 4165 3047 4220; x_wconf 78' lang='lat' dir='ltr'><strong>(let</strong></span> <span class='ocrx_word' id='word_1_942' title='bbox 3071 4205 3084 4231; x_wconf 87' lang='lat'><strong>,</strong></span> <span class='ocrx_word' id='word_1_943' title='bbox 3107 4174 3168 4220; x_wconf 93' lang='lat' dir='ltr'><strong>ut</strong></span> <span class='ocrx_word' id='word_1_944' title='bbox 3193 4165 3423 4237; x_wconf 79' lang='lat' dir='ltr'><strong>dirigant</strong></span> <span class='ocrx_word' id='word_1_945' title='bbox 3451 4169 3586 4220; x_wconf 74' lang='lat' dir='ltr'><strong>eor?</strong></span> 
     </span>
    </p>
   </div>
   <div class='ocr_carea' id='block_1_106' title="bbox 1998 4255 3590 4328">
    <p class='ocr_par' dir='ltr' id='par_1_106' title="bbox 1998 4255 3590 4328">
     <span class='ocr_line' id='line_1_107' title="bbox 1998 4255 3590 4328; baseline -0.004 -16"><span class='ocrx_word' id='word_1_946' title='bbox 1998 4257 2132 4327; x_wconf 86' lang='lat' dir='ltr'><strong>Quia</strong></span> <span class='ocrx_word' id='word_1_947' title='bbox 2155 4257 2368 4328; x_wconf 87' lang='lat' dir='ltr'><strong>quando</strong></span> <span class='ocrx_word' id='word_1_948' title='bbox 2403 4256 2469 4311; x_wconf 91' lang='lat' dir='ltr'><strong>ad</strong></span> <span class='ocrx_word' id='word_1_949' title='bbox 2509 4270 2570 4311; x_wconf 80' lang='lat' dir='ltr'><strong>se</strong></span> <span class='ocrx_word' id='word_1_950' title='bbox 2606 4255 2861 4322; x_wconf 82' lang='lat' dir='ltr'><strong>ﬂectunt,</strong></span> <span class='ocrx_word' id='word_1_951' title='bbox 2907 4263 3158 4327; x_wconf 79' lang='lat' dir='ltr'><strong>torquent</strong></span> <span class='ocrx_word' id='word_1_952' title='bbox 3199 4271 3330 4320; x_wconf 86' lang='lat' dir='ltr'><strong>cor;</strong></span> <span class='ocrx_word' id='word_1_953' title='bbox 3377 4257 3590 4326; x_wconf 77' lang='lat' dir='ltr'><strong>quando</strong></span> 
     </span>
    </p>
   </div>
   <div class='ocr_carea' id='block_1_107' title="bbox 1999 4347 3587 4418">
    <p class='ocr_par' dir='ltr' id='par_1_107' title="bbox 1999 4347 3587 4418">
     <span class='ocr_line' id='line_1_108' title="bbox 1999 4347 3587 4418; baseline -0.003 -14"><span class='ocrx_word' id='word_1_954' title='bbox 1999 4359 2176 4406; x_wconf 88' lang='lat' dir='ltr'><strong>autem</strong></span> <span class='ocrx_word' id='word_1_955' title='bbox 2199 4349 2252 4404; x_wconf 90' lang='lat' dir='ltr'><strong>in</strong></span> <span class='ocrx_word' id='word_1_956' title='bbox 2285 4349 2565 4403; x_wconf 84' lang='lat' dir='ltr'><strong>Dominum</strong></span> <span class='ocrx_word' id='word_1_957' title='bbox 2593 4347 2916 4414; x_wconf 88' lang='lat' dir='ltr'><strong>intendunt,</strong></span> <span class='ocrx_word' id='word_1_958' title='bbox 2959 4347 3195 4418; x_wconf 82' lang='lat' dir='ltr'><strong>dirigunt</strong></span> <span class='ocrx_word' id='word_1_959' title='bbox 3224 4364 3336 4402; x_wconf 83' lang='lat' dir='ltr'><strong>cor.</strong></span> <span class='ocrx_word' id='word_1_960' title='bbox 3390 4349 3454 4401; x_wconf 82' lang='lat' dir='ltr'><strong>Et</strong></span> <span class='ocrx_word' id='word_1_961' title='bbox 3500 4349 3587 4401; x_wconf 89' lang='lat' dir='ltr'><strong>ubi</strong></span> 
     </span>
    </p>
   </div>
   <div class='ocr_carea' id='block_1_108' title="bbox 2000 4438 3591 4510">
    <p class='ocr_par' dir='ltr' id='par_1_108' title="bbox 2000 4438 3591 4510">
     <span class='ocr_line' id='line_1_109' title="bbox 2000 4438 3591 4510; baseline -0.003 -14"><span class='ocrx_word' id='word_1_962' title='bbox 2000 4441 2103 4496; x_wconf 88' lang='lat' dir='ltr'><strong>erit</strong></span> <span class='ocrx_word' id='word_1_963' title='bbox 2129 4441 2372 4510; x_wconf 74' lang='lat' dir='ltr'><strong>voluptas</strong></span> <span class='ocrx_word' id='word_1_964' title='bbox 2391 4481 2408 4505; x_wconf 83' lang='lat'><strong><em>,</em></strong></span> <span class='ocrx_word' id='word_1_965' title='bbox 2441 4439 2528 4494; x_wconf 91' lang='lat' dir='ltr'><strong>ttbi</strong></span> <span class='ocrx_word' id='word_1_966' title='bbox 2557 4439 2769 4510; x_wconf 88' lang='lat' dir='ltr'><strong>requies</strong></span> <span class='ocrx_word' id='word_1_967' title='bbox 2791 4479 2807 4503; x_wconf 88' lang='lat'><strong>,</strong></span> <span class='ocrx_word' id='word_1_968' title='bbox 2841 4438 2926 4493; x_wconf 91' lang='lat' dir='ltr'><strong>ubi</strong></span> <span class='ocrx_word' id='word_1_969' title='bbox 2955 4438 3204 4510; x_wconf 78' lang='lat' dir='ltr'><strong>gaudium</strong></span> <span class='ocrx_word' id='word_1_970' title='bbox 3231 4481 3245 4503; x_wconf 87' lang='lat'><strong>,</strong></span> <span class='ocrx_word' id='word_1_971' title='bbox 3297 4439 3383 4494; x_wconf 92' lang='lat' dir='ltr'><strong>ubi</strong></span> <span class='ocrx_word' id='word_1_972' title='bbox 3422 4439 3591 4493; x_wconf 85' lang='lat' dir='ltr'><strong>beati-</strong></span> 
     </span>
    </p>
   </div>
   <div class='ocr_carea' id='block_1_109' title="bbox 2003 4529 3584 4600">
    <p class='ocr_par' dir='ltr' id='par_1_109' title="bbox 2003 4529 3584 4600">
     <span class='ocr_line' id='line_1_110' title="bbox 2003 4529 3584 4600; baseline -0.004 -13"><span class='ocrx_word' id='word_1_973' title='bbox 2003 4531 2172 4587; x_wconf 87' lang='lat' dir='ltr'><strong>tudo?</strong></span> <span class='ocrx_word' id='word_1_974' title='bbox 2207 4530 2471 4600; x_wconf 81' lang='lat' dir='ltr'><strong>Numquid</strong></span> <span class='ocrx_word' id='word_1_975' title='bbox 2520 4531 2572 4585; x_wconf 90' lang='lat' dir='ltr'><strong>in</strong></span> <span class='ocrx_word' id='word_1_976' title='bbox 2611 4532 2710 4585; x_wconf 84' lang='lat' dir='ltr'><strong>se?</strong></span> <span class='ocrx_word' id='word_1_977' title='bbox 2741 4529 2892 4596; x_wconf 90' lang='lat' dir='ltr'><strong>Non;</strong></span> <span class='ocrx_word' id='word_1_978' title='bbox 2935 4530 3029 4586; x_wconf 88' lang='lat' dir='ltr'><strong>sed</strong></span> <span class='ocrx_word' id='word_1_979' title='bbox 3059 4531 3112 4585; x_wconf 91' lang='lat' dir='ltr'><strong>in</strong></span> <span class='ocrx_word' id='word_1_980' title='bbox 3150 4546 3257 4600; x_wconf 90' lang='lat' dir='ltr'><strong>quo</strong></span> <span class='ocrx_word' id='word_1_981' title='bbox 3295 4539 3419 4584; x_wconf 88' lang='lat' dir='ltr'><strong>sunt</strong></span> <span class='ocrx_word' id='word_1_982' title='bbox 3472 4531 3584 4584; x_wconf 80' lang='lat' dir='ltr'><strong>lux.</strong></span> 
     </span>
    </p>
   </div>
   <div class='ocr_carea' id='block_1_110' title="bbox 2005 4619 3592 4692">
    <p class='ocr_par' dir='ltr' id='par_1_110' title="bbox 2005 4619 3592 4692">
     <span class='ocr_line' id='line_1_111' title="bbox 2005 4619 3592 4692; baseline -0.001 -17"><span class='ocrx_word' id='word_1_983' title='bbox 2005 4621 2160 4676; x_wconf 83' lang='lat' dir='ltr'><strong>Nunc</strong></span> <span class='ocrx_word' id='word_1_984' title='bbox 2184 4631 2350 4676; x_wconf 85' lang='lat' dir='ltr'><strong>autem</strong></span> <span class='ocrx_word' id='word_1_985' title='bbox 2375 4622 2466 4676; x_wconf 77' lang='lat' dir='ltr'><strong>tua:</strong></span> <span class='ocrx_word' id='word_1_986' title='bbox 2491 4621 2546 4676; x_wconf 87' lang='lat' dir='ltr'><strong>in</strong></span> <span class='ocrx_word' id='word_1_987' title='bbox 2569 4619 2788 4675; x_wconf 89' lang='lat' dir='ltr'><strong>Domino</strong></span> <span class='ocrx_word' id='word_1_988' title='bbox 2821 4619 3042 4692; x_wconf 82' lang='lat' dir='ltr'><strong>(Ephes.</strong></span> <span class='ocrx_word' id='word_1_989' title='bbox 3070 4635 3128 4687; x_wconf 88' lang='lat' dir='ltr'><strong>v,</strong></span> <span class='ocrx_word' id='word_1_990' title='bbox 3153 4621 3251 4691; x_wconf 89' lang='lat'><strong>8),</strong></span> <span class='ocrx_word' id='word_1_991' title='bbox 3283 4620 3434 4676; x_wconf 90' lang='lat' dir='ltr'><strong>dixit.</strong></span> <span class='ocrx_word' id='word_1_992' title='bbox 3468 4621 3592 4674; x_wconf 88' lang='lat' dir='ltr'><strong>Ideo</strong></span> 
     </span>
    </p>
   </div>
   <div class='ocr_carea' id='block_1_111' title="bbox 2005 4710 3589 4783">
    <p class='ocr_par' dir='ltr' id='par_1_111' title="bbox 2005 4710 3589 4783">
     <span class='ocr_line' id='line_1_112' title="bbox 2005 4710 3589 4783; baseline -0.001 -16"><span class='ocrx_word' id='word_1_993' title='bbox 2005 4713 2124 4769; x_wconf 88' lang='lat' dir='ltr'><strong>vide</strong></span> <span class='ocrx_word' id='word_1_994' title='bbox 2159 4712 2284 4783; x_wconf 90' lang='lat' dir='ltr'><strong>quid</strong></span> <span class='ocrx_word' id='word_1_995' title='bbox 2329 4712 2569 4783; x_wconf 88' lang='lat' dir='ltr'><strong>sequitur</strong></span> <span class='ocrx_word' id='word_1_996' title='bbox 2595 4752 2610 4776; x_wconf 92' lang='lat'><strong>,</strong></span> <span class='ocrx_word' id='word_1_997' title='bbox 2655 4710 2777 4767; x_wconf 90' lang='lat' dir='ltr'><strong>vide</strong></span> <span class='ocrx_word' id='word_1_998' title='bbox 2815 4727 2922 4781; x_wconf 89' lang='lat' dir='ltr'><strong>quo</strong></span> <span class='ocrx_word' id='word_1_999' title='bbox 2967 4711 3279 4767; x_wconf 90' lang='lat' dir='ltr'><strong>concludit:</strong></span> <span class='ocrx_word' id='word_1_1000' title='bbox 3322 4711 3589 4766; x_wconf 73' lang='lat' dir='ltr'><strong>lit/inbita-</strong></span> 
     </span>
    </p>
   </div>
   <div class='ocr_carea' id='block_1_112' title="bbox 2005 4801 3590 4860">
    <p class='ocr_par' dir='ltr' id='par_1_112' title="bbox 2005 4801 3590 4860">
     <span class='ocr_line' id='line_1_113' title="bbox 2005 4801 3590 4860; baseline -0.004 0"><span class='ocrx_word' id='word_1_1001' title='bbox 2005 4806 2124 4860; x_wconf 90' lang='lat' dir='ltr'><strong>bunt</strong></span> <span class='ocrx_word' id='word_1_1002' title='bbox 2149 4806 2271 4860; x_wconf 82' lang='lat' dir='ltr'><strong>recti</strong></span> <span class='ocrx_word' id='word_1_1003' title='bbox 2294 4821 2408 4858; x_wconf 88' lang='lat' dir='ltr'><strong>cum</strong></span> <span class='ocrx_word' id='word_1_1004' title='bbox 2435 4804 2579 4858; x_wconf 80' lang='lat' dir='ltr'><strong>vultu</strong></span> <span class='ocrx_word' id='word_1_1005' title='bbox 2606 4812 2712 4857; x_wconf 91' lang='lat' dir='ltr'><strong>tuo.</strong></span> <span class='ocrx_word' id='word_1_1006' title='bbox 2743 4801 2880 4858; x_wconf 81' lang='lat' dir='ltr'><strong>Male</strong></span> <span class='ocrx_word' id='word_1_1007' title='bbox 2906 4803 3049 4857; x_wconf 91' lang='lat' dir='ltr'><strong>enim</strong></span> <span class='ocrx_word' id='word_1_1008' title='bbox 3095 4803 3197 4857; x_wconf 90' lang='lat' dir='ltr'><strong>illis</strong></span> <span class='ocrx_word' id='word_1_1009' title='bbox 3237 4802 3336 4857; x_wconf 83' lang='lat' dir='ltr'><strong>fuit</strong></span> <span class='ocrx_word' id='word_1_1010' title='bbox 3365 4803 3415 4856; x_wconf 92' lang='lat' dir='ltr'><strong>iu</strong></span> <span class='ocrx_word' id='word_1_1011' title='bbox 3445 4803 3590 4856; x_wconf 89' lang='lat' dir='ltr'><strong>vultu</strong></span> 
     </span>
    </p>
   </div>
   <div class='ocr_carea' id='block_1_113' title="bbox 2004 4892 3591 4962">
    <p class='ocr_par' dir='ltr' id='par_1_113' title="bbox 2004 4892 3591 4962">
     <span class='ocr_line' id='line_1_114' title="bbox 2004 4892 3591 4962; baseline -0.003 -12"><span class='ocrx_word' id='word_1_1012' title='bbox 2004 4912 2136 4962; x_wconf 89' lang='lat' dir='ltr'><strong>suo;</strong></span> <span class='ocrx_word' id='word_1_1013' title='bbox 2167 4897 2301 4952; x_wconf 89' lang='lat' dir='ltr'><strong>bene</strong></span> <span class='ocrx_word' id='word_1_1014' title='bbox 2340 4895 2446 4950; x_wconf 89' lang='lat' dir='ltr'><strong>illis</strong></span> <span class='ocrx_word' id='word_1_1015' title='bbox 2480 4895 2582 4949; x_wconf 89' lang='lat' dir='ltr'><strong>erit</strong></span> <span class='ocrx_word' id='word_1_1016' title='bbox 2623 4908 2745 4948; x_wconf 86' lang='lat' dir='ltr'><strong>eum</strong></span> <span class='ocrx_word' id='word_1_1017' title='bbox 2785 4893 2934 4947; x_wconf 87' lang='lat' dir='ltr'><strong>vultu</strong></span> <span class='ocrx_word' id='word_1_1018' title='bbox 2981 4901 3091 4948; x_wconf 94' lang='lat' dir='ltr'><strong>tuo.</strong></span> <span class='ocrx_word' id='word_1_1019' title='bbox 3139 4892 3361 4961; x_wconf 88' lang='lat' dir='ltr'><strong>Quando</strong></span> <span class='ocrx_word' id='word_1_1020' title='bbox 3390 4893 3591 4946; x_wconf 80' lang='lat' dir='ltr'><strong>vultum</strong></span> 
     </span>
    </p>
   </div>
   <div class='ocr_carea' id='block_1_114' title="bbox 2005 4984 3591 5054">
    <p class='ocr_par' dir='ltr' id='par_1_114' title="bbox 2005 4984 3591 5054">
     <span class='ocr_line' id='line_1_115' title="bbox 2005 4984 3591 5054; baseline -0.003 -12"><span class='ocrx_word' id='word_1_1021' title='bbox 2005 5003 2158 5044; x_wconf 88' lang='lat' dir='ltr'><strong>suum</strong></span> <span class='ocrx_word' id='word_1_1022' title='bbox 2181 4995 2525 5050; x_wconf 88' lang='lat' dir='ltr'><strong>amaverunt,</strong></span> <span class='ocrx_word' id='word_1_1023' title='bbox 2555 4986 2604 5038; x_wconf 87' lang='lat' dir='ltr'><strong>in</strong></span> <span class='ocrx_word' id='word_1_1024' title='bbox 2628 4984 2824 5039; x_wconf 91' lang='lat' dir='ltr'><strong>sudore</strong></span> <span class='ocrx_word' id='word_1_1025' title='bbox 2847 4984 3020 5038; x_wconf 90' lang='lat' dir='ltr'><strong>vultus</strong></span> <span class='ocrx_word' id='word_1_1026' title='bbox 3044 4984 3123 5039; x_wconf 91' lang='lat' dir='ltr'><strong>sui</strong></span> <span class='ocrx_word' id='word_1_1027' title='bbox 3149 5000 3339 5054; x_wconf 88' lang='lat' dir='ltr'><strong>panem</strong></span> <span class='ocrx_word' id='word_1_1028' title='bbox 3369 4984 3591 5037; x_wconf 83' lang='lat' dir='ltr'><strong>mandu-</strong></span> 
     </span>
    </p>
   </div>
   <div class='ocr_carea' id='block_1_115' title="bbox 2004 5075 3591 5148">
    <p class='ocr_par' dir='ltr' id='par_1_115' title="bbox 2004 5075 3591 5148">
     <span class='ocr_line' id='line_1_116' title="bbox 2004 5075 3591 5148; baseline -0.005 -14"><span class='ocrx_word' id='word_1_1029' title='bbox 2004 5087 2259 5134; x_wconf 88' lang='lat' dir='ltr'><strong>caverunt</strong></span> <span class='ocrx_word' id='word_1_1030' title='bbox 2286 5075 2454 5148; x_wconf 86' lang='lat' dir='ltr'><strong>(Gen.</strong></span> <span class='ocrx_word' id='word_1_1031' title='bbox 2485 5092 2541 5132; x_wconf 85' lang='lat' dir='ltr'><strong>tu</strong></span> <span class='ocrx_word' id='word_1_1032' title='bbox 2567 5117 2582 5144; x_wconf 89' lang='lat'><strong><em>,</em></strong></span> <span class='ocrx_word' id='word_1_1033' title='bbox 2608 5075 2676 5131; x_wconf 75' lang='grc'><strong>19</strong></span> <span class='ocrx_word' id='word_1_1034' title='bbox 2699 5077 2743 5147; x_wconf 93' lang='grc'><strong>).</strong></span> <span class='ocrx_word' id='word_1_1035' title='bbox 2767 5075 3001 5130; x_wconf 74' lang='lat' dir='ltr'><strong>Redeunt</strong></span> <span class='ocrx_word' id='word_1_1036' title='bbox 3023 5117 3039 5142; x_wconf 91' lang='lat'><strong>,</strong></span> <span class='ocrx_word' id='word_1_1037' title='bbox 3063 5085 3110 5130; x_wconf 90' lang='lat' dir='ltr'><strong>et</strong></span> <span class='ocrx_word' id='word_1_1038' title='bbox 3135 5075 3346 5130; x_wconf 80' lang='lat' dir='ltr'><strong>deterso</strong></span> <span class='ocrx_word' id='word_1_1039' title='bbox 3375 5075 3591 5139; x_wconf 86' lang='lat' dir='ltr'><strong>sudore,</strong></span> 
     </span>
    </p>
   </div>
   <div class='ocr_carea' id='block_1_116' title="bbox 2007 5164 3592 5237">
    <p class='ocr_par' dir='ltr' id='par_1_116' title="bbox 2007 5164 3592 5237">
     <span class='ocr_line' id='line_1_117' title="bbox 2007 5164 3592 5237; baseline -0.004 -13"><span class='ocrx_word' id='word_1_1040' title='bbox 2007 5170 2169 5224; x_wconf 78' lang='lat' dir='ltr'><strong>ﬁnitis</strong></span> <span class='ocrx_word' id='word_1_1041' title='bbox 2197 5167 2473 5223; x_wconf 87' lang='lat' dir='ltr'><strong>laboribus</strong></span> <span class='ocrx_word' id='word_1_1042' title='bbox 2495 5208 2511 5234; x_wconf 91' lang='lat'><strong>,</strong></span> <span class='ocrx_word' id='word_1_1043' title='bbox 2543 5175 2801 5236; x_wconf 89' lang='lat' dir='ltr'><strong>pereunte</strong></span> <span class='ocrx_word' id='word_1_1044' title='bbox 2820 5167 3018 5237; x_wconf 81' lang='lat' dir='ltr'><strong>gemitu</strong></span> <span class='ocrx_word' id='word_1_1045' title='bbox 3043 5208 3058 5232; x_wconf 87' lang='lat'><strong><em>,</em></strong></span> <span class='ocrx_word' id='word_1_1046' title='bbox 3089 5167 3267 5220; x_wconf 88' lang='lat' dir='ltr'><strong>veniet</strong></span> <span class='ocrx_word' id='word_1_1047' title='bbox 3298 5164 3399 5219; x_wconf 91' lang='lat' dir='ltr'><strong>illis</strong></span> <span class='ocrx_word' id='word_1_1048' title='bbox 3431 5164 3592 5219; x_wconf 81' lang='lat' dir='ltr'><strong>facies</strong></span> 
     </span>
    </p>
   </div>
   <div class='ocr_carea' id='block_1_117' title="bbox 2006 5256 3590 5333">
    <p class='ocr_par' dir='ltr' id='par_1_117' title="bbox 2006 5256 3590 5333">
     <span class='ocr_line' id='line_1_118' title="bbox 2006 5256 3590 5333; baseline -0.005 -17"><span class='ocrx_word' id='word_1_1049' title='bbox 2006 5269 2093 5316; x_wconf 91' lang='lat' dir='ltr'><strong>tua</strong></span> <span class='ocrx_word' id='word_1_1050' title='bbox 2144 5259 2418 5315; x_wconf 86' lang='lat' dir='ltr'><strong>abundans</strong></span> <span class='ocrx_word' id='word_1_1051' title='bbox 2460 5258 2798 5313; x_wconf 82' lang='lat' dir='ltr'><strong>sullicientia.</strong></span> <span class='ocrx_word' id='word_1_1052' title='bbox 2842 5257 2983 5312; x_wconf 87' lang='lat' dir='ltr'><strong>Nihil</strong></span> <span class='ocrx_word' id='word_1_1053' title='bbox 3032 5265 3273 5326; x_wconf 75' lang='lat' dir='ltr'><strong>qumreut</strong></span> <span class='ocrx_word' id='word_1_1054' title='bbox 3319 5256 3548 5333; x_wconf 75' lang='lat' dir='ltr'><strong>amplius</strong></span> <span class='ocrx_word' id='word_1_1055' title='bbox 3575 5296 3590 5316; x_wconf 87' lang='lat'><strong>,</strong></span> 
     </span>
    </p>
   </div>
   <div class='ocr_carea' id='block_1_118' title="bbox 2005 5347 3589 5422">
    <p class='ocr_par' dir='ltr' id='par_1_118' title="bbox 2005 5347 3589 5422">
     <span class='ocr_line' id='line_1_119' title="bbox 2005 5347 3589 5422; baseline -0.004 -18"><span class='ocrx_word' id='word_1_1056' title='bbox 2005 5353 2125 5422; x_wconf 88' lang='lat' dir='ltr'><strong>quia</strong></span> <span class='ocrx_word' id='word_1_1057' title='bbox 2156 5349 2346 5405; x_wconf 90' lang='lat' dir='ltr'><strong>melius</strong></span> <span class='ocrx_word' id='word_1_1058' title='bbox 2372 5365 2478 5404; x_wconf 90' lang='lat' dir='ltr'><strong>non</strong></span> <span class='ocrx_word' id='word_1_1059' title='bbox 2515 5349 2748 5415; x_wconf 82' lang='lat' dir='ltr'><strong>habent;</strong></span> <span class='ocrx_word' id='word_1_1060' title='bbox 2789 5349 3016 5418; x_wconf 88' lang='lat' dir='ltr'><strong>amplius</strong></span> <span class='ocrx_word' id='word_1_1061' title='bbox 3057 5363 3162 5400; x_wconf 90' lang='lat' dir='ltr'><strong>non</strong></span> <span class='ocrx_word' id='word_1_1062' title='bbox 3203 5355 3254 5400; x_wconf 91' lang='lat' dir='ltr'><strong>te</strong></span> <span class='ocrx_word' id='word_1_1063' title='bbox 3296 5347 3589 5413; x_wconf 81' lang='lat' dir='ltr'><strong>deserent,</strong></span> 
     </span>
    </p>
   </div>
   <div class='ocr_carea' id='block_1_119' title="bbox 2005 5437 3589 5509">
    <p class='ocr_par' dir='ltr' id='par_1_119' title="bbox 2005 5437 3589 5509">
     <span class='ocr_line' id='line_1_120' title="bbox 2005 5437 3589 5509; baseline -0.004 -10"><span class='ocrx_word' id='word_1_1064' title='bbox 2005 5458 2102 5499; x_wconf 88' lang='lat' dir='ltr'><strong>nec</strong></span> <span class='ocrx_word' id='word_1_1065' title='bbox 2127 5443 2440 5499; x_wconf 89' lang='lat' dir='ltr'><strong>deserentur</strong></span> <span class='ocrx_word' id='word_1_1066' title='bbox 2463 5458 2493 5497; x_wconf 90' lang='lat' dir='ltr'><strong>a</strong></span> <span class='ocrx_word' id='word_1_1067' title='bbox 2519 5453 2568 5498; x_wconf 88' lang='lat' dir='ltr'><strong>te</strong></span> <span class='ocrx_word' id='word_1_1068' title='bbox 2591 5443 2631 5495; x_wconf 86' lang='grc'><strong>¹.</strong></span> <span class='ocrx_word' id='word_1_1069' title='bbox 2662 5441 2873 5495; x_wconf 87' lang='lat' dir='ltr'><strong>Etenim</strong></span> <span class='ocrx_word' id='word_1_1070' title='bbox 2905 5447 3023 5509; x_wconf 89' lang='lat' dir='ltr'><strong>post</strong></span> <span class='ocrx_word' id='word_1_1071' title='bbox 3047 5437 3493 5491; x_wconf 89' lang='lat' dir='ltr'><strong>resurrectionem</strong></span> <span class='ocrx_word' id='word_1_1072' title='bbox 3522 5437 3589 5492; x_wconf 79' lang='lat' dir='ltr'><strong>de</strong></span> 
     </span>
    </p>
   </div>
   <div class='ocr_carea' id='block_1_120' title="bbox 2069 5590 3599 5661">
    <p class='ocr_par' dir='ltr' id='par_1_120' title="bbox 2069 5590 3599 5661">
     <span class='ocr_line' id='line_1_121' title="bbox 2069 5590 3599 5661; baseline -0.007 -12"><span class='ocrx_word' id='word_1_1073' title='bbox 2069 5600 2088 5632; x_wconf 73' lang='grc'>⁸</span> <span class='ocrx_word' id='word_1_1074' title='bbox 2120 5600 2193 5648; x_wconf 86' lang='lat' dir='ltr'><strong>sic</strong></span> <span class='ocrx_word' id='word_1_1075' title='bbox 2216 5597 2437 5661; x_wconf 64' lang='lat' dir='ltr'><strong>plerique</strong></span> <span class='ocrx_word' id='word_1_1076' title='bbox 2473 5605 2576 5646; x_wconf 80' lang='lat' dir='ltr'><strong>Mss.</strong></span> <span class='ocrx_word' id='word_1_1077' title='bbox 2605 5603 2660 5644; x_wconf 77' lang='lat' dir='ltr'><strong>At</strong></span> <span class='ocrx_word' id='word_1_1078' title='bbox 2710 5595 2844 5652; x_wconf 66' lang='lat' dir='ltr'><strong>add,</strong></span> <span class='ocrx_word' id='word_1_1079' title='bbox 2891 5605 2982 5661; x_wconf 82' lang='lat' dir='ltr'><strong>non</strong></span> <span class='ocrx_word' id='word_1_1080' title='bbox 3020 5597 3066 5640; x_wconf 89' lang='lat' dir='ltr'><strong>te</strong></span> <span class='ocrx_word' id='word_1_1081' title='bbox 3089 5591 3420 5661; x_wconf 85' lang='lat' dir='ltr'><strong>deserent,_nc</strong></span> <span class='ocrx_word' id='word_1_1082' title='bbox 3458 5590 3599 5661; x_wconf 77' lang='lat' dir='ltr'><strong>dese-</strong></span> 
     </span>
    </p>
   </div>
   <div class='ocr_carea' id='block_1_121' title="bbox 2002 5651 3595 5776">
    <p class='ocr_par' dir='ltr' id='par_1_121' title="bbox 2002 5651 3595 5776">
     <span class='ocr_line' id='line_1_122' title="bbox 2002 5651 3595 5722; baseline -0.006 -12"><span class='ocrx_word' id='word_1_1083' title='bbox 2002 5667 2172 5711; x_wconf 85' lang='lat' dir='ltr'><strong>rantur</strong></span> <span class='ocrx_word' id='word_1_1084' title='bbox 2196 5651 2227 5711; x_wconf 81' lang='lat' dir='ltr'><strong>ti</strong></span> <span class='ocrx_word' id='word_1_1085' title='bbox 2249 5666 2309 5710; x_wconf 86' lang='lat' dir='ltr'><strong>te.</strong></span> <span class='ocrx_word' id='word_1_1086' title='bbox 2337 5651 2523 5722; x_wconf 69' lang='lat' dir='ltr'><strong>A&#39;liquot</strong></span> <span class='ocrx_word' id='word_1_1087' title='bbox 2545 5665 2672 5717; x_wconf 66' lang='lat' dir='ltr'><strong>Mss,</strong></span> <span class='ocrx_word' id='word_1_1088' title='bbox 2718 5669 2808 5705; x_wconf 87' lang='lat' dir='ltr'><strong>non</strong></span> <span class='ocrx_word' id='word_1_1089' title='bbox 2833 5662 2878 5705; x_wconf 82' lang='lat' dir='ltr'><strong>te</strong></span> <span class='ocrx_word' id='word_1_1090' title='bbox 2910 5655 3149 5713; x_wconf 83' lang='lat' dir='ltr'><strong>deserant,</strong></span> <span class='ocrx_word' id='word_1_1091' title='bbox 3187 5665 3274 5703; x_wconf 80' lang='lat' dir='ltr'><strong>nec</strong></span> <span class='ocrx_word' id='word_1_1092' title='bbox 3315 5651 3595 5702; x_wconf 81' lang='lat' dir='ltr'><strong>deserentur</strong></span> 
     </span>
     <span class='ocr_line' id='line_1_123' title="bbox 2011 5730 2127 5776; baseline -0.034 0"><span class='ocrx_word' id='word_1_1093' title='bbox 2011 5737 2041 5776; x_wconf 74' lang='grc' dir='ltr'><em>α</em></span> <span class='ocrx_word' id='word_1_1094' title='bbox 2064 5730 2127 5774; x_wconf 78' lang='grc' dir='ltr'><strong>ιε.</strong></span> 
     </span>
    </p>
   </div>
  </div>
