4082 6204
488 287 632 345 1835

485 400 714 458 Domino
739 395 867 471 quid
892 394 1090 452 dictum
1119 391 1240 457 est?
1261 389 1572 461 Adimplebis
1611 405 1692 444 me
1727 388 1904 444 latitia
1945 404 2062 442 cum

482 493 622 549 vultu
650 501 737 547 tuo
764 488 947 562 (Psal.
977 502 1065 554 xv,
1094 486 1154 542 ll
1180 483 1223 558 ).
1260 483 1391 540 Sine
1433 481 1580 539 vultu
1617 495 1720 538 suo
1760 495 1865 537 non
1910 478 2066 536 nobis

481 585 636 640 daret
663 581 921 639 lmtitiam.
958 578 1041 634 Ad
1076 576 1180 633 hoc
1221 588 1505 647 purgamus
1539 573 1740 628 vultum
1780 579 2061 637 nostrum,

481 686 539 733 ut
564 674 886 748 gaudeamus
906 670 974 726 ad
995 669 1194 726 vultum
1219 667 1403 739 ipsius.
1430 665 1556 720 Filii
1576 664 1718 720 enim
1741 662 1838 718 Dei
1866 678 2059 730 sumus,

480 779 525 823 et
550 766 774 822 nondum
792 762 1031 833 apparuit
1059 760 1183 832 quid
1208 759 1394 814 erimus
1415 773 1434 811 :
1463 756 1650 812 scimus
1674 754 1793 825 quia
1818 769 1934 808 cum
1960 768 2060 822 ap-

481 859 743 930 paruerit,
789 855 978 911 similcs
1015 854 1062 909 ei
1093 852 1279 907 erimus
1302 891 1318 916 ,
1361 849 1600 920 quoniam
1637 846 1911 902 uidebimus
1948 861 2063 899 eum

477 950 625 1005 sicuti
648 958 719 1003 est
743 946 763 1021 (
785 947 802 1002 Ι
823 946 979 1002 Joan.
1011 961 1065 999 tu
1092 984 1107 1009 ,
1133 943 1172 997 9.
1191 943 1232 1014 );
1255 942 1377 1011 quia
1406 939 1753 995 inhabitabant
1790 938 1914 992 recti
1946 952 2061 990 cum

474 1042 619 1095 uultu
642 1048 747 1093 tuo.
777 1038 1103 1093 Putamusne
1132 1049 1253 1088 cum
1283 1033 1429 1087 vultu
1454 1030 1627 1087 Patris
1650 1069 1667 1096 ,
1698 1037 1751 1086 et
1790 1043 1896 1084 non
1936 1041 2058 1083 eum

476 1132 623 1187 vultu
653 1130 819 1187 Filii?
847 1144 920 1185 an
951 1143 1072 1184 cum
1110 1126 1255 1181 vultu
1294 1123 1453 1191 Filii,
1493 1130 1558 1177 et-
1592 1136 1698 1177 non
1742 1136 1863 1176 cum
1910 1120 2059 1175 vultu

475 1221 693 1279 Patris?
720 1235 787 1275 an
818 1220 957 1275 unus
981 1215 1374 1289 quodammodo
1414 1214 1591 1268 vultus
1626 1211 1800 1267 Patris
1846 1219 1901 1267 et
1937 1209 2059 1266 Filii

475 1323 530 1368 et
558 1312 791 1383 Spiritus
814 1309 1025 1366 sancti?
1056 1308 1339 1363 Videamus
1367 1304 1410 1360 si
1438 1320 1545 1360 non
1577 1303 1729 1359 nobis
1756 1302 1868 1373 ipse
1893 1302 2058 1357 Filius

475 1402 740 1472 promittit
767 1401 969 1456 vultum
1000 1414 1151 1455 suum
1178 1438 1193 1465 ,
1218 1396 1361 1452 unde
1390 1410 1488 1450 nos
1513 1393 1668 1449 hetos
1695 1392 1870 1448 faciet.
1899 1391 2057 1446 Modo

481 1495 584 1548 hoc
612 1494 901 1565 capitulum
931 1494 983 1547 in
1010 1489 1301 1561 Evangelia
1319 1531 1334 1555 ,
1364 1485 1505 1558 quod
1533 1484 1655 1541 huic
1688 1483 1893 1555 psalmo
1916 1491 2055 1538 atte-

476 1594 710 1641 staretur
733 1624 748 1649 ,
778 1584 1033 1639 Dominus
1056 1582 1196 1636 Deus
1222 1578 1499 1648 inspiravit
1540 1584 1599 1631 ut
1640 1575 1925 1645 legeretur.
1967 1572 2057 1627 Ait

476 1676 617 1731 enim
646 1676 757 1745 ipse
787 1673 1042 1729 Dominus
1060 1713 1076 1739 ,
1105 1670 1204 1738 Qui
1230 1669 1372 1723 audit
1400 1675 1651 1738 praecepta
1691 1680 1800 1718 mea
1818 1704 1834 1731 ,
1879 1672 1926 1718 et
1962 1679 2055 1716 cu-

476 1767 626 1823 stodit
654 1783 711 1820 ea
733 1806 750 1830 ,
775 1766 882 1836 ipse
907 1772 979 1819 est
1006 1762 1091 1832 qui
1119 1760 1284 1831 diligit
1313 1776 1391 1813 me
1413 1775 1431 1813 :
1456 1767 1503 1812 et
1522 1758 1605 1825 qui
1632 1755 1797 1827 diligit
1824 1770 1903 1808 me
1922 1795 1939 1820 ,
1972 1753 2055 1807 di-

476 1857 658 1928 ligetur
684 1874 716 1911 a
749 1856 902 1910 Patre
928 1871 1036 1909 meo
1059 1895 1075 1919 ,
1105 1862 1151 1908 et
1180 1869 1269 1924 ego
1297 1852 1506 1922 diligant
1535 1864 1648 1904 eum
1674 1888 1689 1914 ,
1718 1858 1765 1901 et
1794 1847 2055 1902 ostendam

474 1951 553 2004 illi
596 1950 839 2020 meipsum
878 1945 1073 2019 (Joan.
1118 1943 1388 2014 x1v‘,21).
1429 1942 1595 2009 Quale
1634 1938 1880 2010 promisit
1914 1952 2052 2007 prae-

476 2040 680 2104 mium,
729 2034 1096 2093 dilectissimi?
1135 2032 1399 2103 Nltmquid
1448 2046 1568 2087 eum
1613 2044 1719 2084 non
1762 2027 2049 2093 videbant,

474 2128 667 2203 quibus
708 2142 769 2187 se
805 2125 1090 2182 ostendere
1129 2120 1512 2194 promittebat?
1557 2133 1734 2175 nonne
1773 2126 1897 2173 ante
1934 2116 2059 2189 illos

474 2221 631 2277 erat?
654 2233 829 2276 nonne
855 2217 1018 2274 facies
1045 2215 1225 2272 carnis
1254 2214 1396 2270 illius
1434 2211 1710 2281 adjacebat
1746 2208 1916 2265 oculis
1952 2222 2050 2263 eo-

471 2325 591 2365 rum
613 2310 636 2364 ?
662 2307 797 2378 Quid
827 2316 911 2363 est
938 2305 1079 2377 quod
1105 2303 1315 2361 volebat
1338 2301 1621 2358 ostendere
1640 2298 1936 2355 videntibus
1952 2298 2051 2354 se?

469 2399 575 2456 Sed
602 2400 724 2469 quia
757 2398 916 2453 talem
944 2395 1195 2451 videbant
1222 2392 1465 2463 discipuli
1490 2431 1506 2457 ,
1536 2389 1744 2460 qualem
1768 2388 2048 2445 cruciﬁxe-

470 2500 593 2545 ruat
621 2488 790 2545 Iudaei
811 2505 831 2555 ;
854 2496 968 2543 erat
993 2494 1170 2542 autem
1199 2471 1339 2539 Deus
1366 2483 1419 2538 in
1447 2495 1609 2537 carne
1642 2479 1732 2537 illa
1767 2477 2046 2542 occultus;

471 2580 741 2637 hominem
766 2587 942 2633 autem
968 2584 1187 2647 possent
1208 2573 1391 2630 videre
1420 2572 1662 2627 homines
1686 2611 1702 2637 ,
1726 2569 1892 2624 Deum
1915 2582 2045 2622 vero

469 2687 576 2727 non
603 2678 850 2741 possent,
879 2666 1123 2739 quamvis
1148 2667 1202 2720 in
1228 2663 1482 2729 homine;
1516 2662 1637 2733 quia
1675 2659 1818 2714 Beati
1858 2658 2046 2713 mundo

466 2760 617 2816 corde
638 2801 654 2825 ,
699 2758 935 2831 quoniam
978 2756 1074 2825 ipsi
1122 2755 1283 2809 Deum
1316 2753 1546 2808 videbunt
1581 2750 1808 2824 (Matth.
1836 2765 1891 2818 v,
1934 2746 2044 2821 8):

468 2850 618 2906 dedit
646 2847 871 2903 formam
914 2844 1185 2910 hominis,
1228 2852 1283 2899 et
1323 2843 1424 2914 piis
1460 2850 1515 2897 et
1556 2840 1771 2911 impiis;
1814 2839 2045 2896 servavit

471 2941 695 2994 formam
728 2936 823 2992 Dei
850 2935 1115 2992 mundatis
1138 2942 1192 2990 et
1215 2934 1317 3005 piis
1339 2974 1354 2999 ,
1388 2942 1445 2988 ut
1463 2931 1819 3004 jucundcmur
1844 2930 1899 2986 in
1926 2930 2040 2998 illo,

447 3039 526 3085 .et
550 3028 688 3085 bene
716 3027 870 3086 nobis
897 3028 949 3083 in
978 3034 1234 3083 aeternum
1260 3024 1329 3079 sit
1355 3038 1475 3079 cum
1504 3022 1648 3079 vultu
1677 3021 1864 3093 ipsius.

859 3241 940 3302 1N
982 3237 1360 3301 PBALMUM
1404 3237 1571 3299 CXL

1026 3355 1442 3412 ENARRATIO.

958 3480 1128 3522 δειιιιο
1158 3481 1226 3520 Δί)
1248 3479 1486 3520 Ροριςιυιι
1495 3502 1507 3516 ο

536 3581 586 3634 l.
631 3579 907 3645 Audistis,
932 3576 1597 3645 fratres,admonitionem
1639 3583 1693 3630 et
1731 3574 2037 3646 petitionem

461 3672 696 3727 nostram
737 3686 801 3739 ex
843 3686 938 3725 ore
976 3670 1250 3741 Apostoli,
1278 3684 1399 3723 cum
1444 3667 1562 3737 ejus
1604 3666 1762 3721 modo
1808 3666 2038 3736 Epistola

466 3765 751 3833 legeretur.
784 3763 872 3817 Ait
906 3762 1048 3816 enim
1080 3778 1092 3814 :
1130 3758 1360 3814 Orationi
1390 3759 1665 3826 instantes,
1697 3758 1958 3829 vigilantes
1985 3757 2039 3811 in

458 3858 582 3922 illa;
629 3864 827 3908 orantes
852 3854 1003 3907 sintut
1028 3862 1074 3906 et
1101 3868 1192 3922 pro
1215 3851 1355 3905 nobis
1380 3892 1395 3917 ,
1426 3861 1481 3904 ut
1506 3850 1644 3905 Deus
1678 3851 1872 3921 aperiat
1897 3849 2038 3903 nobis

459 3947 642 3999 ostium
669 3944 800 3999 verbi
837 3944 904 3997 ad
925 3943 1227 4013 loquendum
1253 3942 1541 4014 mysterium
1566 3943 1696 4012 ejus,
1728 3951 1781 3994 ut
1815 3941 2032 4012 manife-

458 4048 586 4091 stem
614 4037 907 4104 illud,sicut
933 4044 1126 4106 Oportet
1150 4051 1227 4089 me
1250 4034 1384 4102 loqui
1409 4034 1626 4103 (Coloss.
1650 4049 1726 4099 tv,
1745 4031 1882 4103 2-4).
1916 4031 2038 4086 lltcc

458 4130 621 4183 verba
655 4129 815 4183 etiam
843 4142 958 4181 mea
985 4126 1243 4195 deputare
1284 4124 1590 4195 dignemini.
1636 4124 1771 4179 Sunt
1810 4122 1949 4178 enim
1981 4123 2034 4175 in

459 4219 750 4289 Scripturis
795 4216 993 4271 sanctis
1042 4213 1301 4284 profunda
1346 4214 1619 4282 mysteria,
1672 4229 1788 4282 quae
1825 4210 1891 4266 ad
1937 4212 2038 4266 hoc

459 4307 879 4373 absconduntur,
921 4322 988 4361 ne
1029 4308 1322 4371 vilescunt;
1367 4303 1433 4358 ad
1478 4304 1579 4357 hoc
1624 4313 1949 4373 qna'runtur,
1982 4311 2039 4356 ut

460 4408 784 4462 exerceant;
836 4398 901 4450 ad
942 4396 1044 4451 hoc
1083 4397 1412 4465 aperiuntur,
1440 4404 1498 4448 ut
1530 4404 1765 4464 pascant.
1797 4393 2037 4448 Psalmos

463 4503 623 4557 quem
668 4488 828 4541 modo
867 4486 1220 4550 enatavimus,
1254 4485 1305 4538 in
1337 4485 1514 4538 audtis
1539 4485 1811 4538 sententiis
1838 4483 2036 4537 subob-

459 4597 649 4637 scurus
675 4589 777 4636 est.
824 4579 955 4635 Cum
978 4619 994 4643 ,
1022 4578 1306 4648 adiuvante
1337 4577 1557 4631 Domino
1580 4616 1595 4639 ,
1629 4593 1690 4629 ea
1733 4591 1851 4646 quae
1894 4575 2037 4630 dicta

459 4679 622 4736 sunt,
655 4671 769 4725 erui
799 4679 853 4725 et
877 4670 1068 4739 exponi
1100 4668 1392 4738 eruperint,
1424 4667 1667 4722 videbitis
1695 4667 1797 4721 hoc
1825 4681 1920 4721 vos
1946 4683 2038 4720 au-

465 4762 582 4817 dire
614 4760 755 4831 quod
780 4762 889 4830 jam
920 4761 1207 4815 noveratis.
1237 4759 1342 4816 Sed
1370 4759 1488 4814 ideo
1515 4758 1871 4828 multipliciter
1896 4758 2035 4813 dicta

457 4862 605 4921 sunt,
627 4862 684 4909 ut
707 4854 935 4908 varietas
954 4854 1236 4908 locutionis
1257 4852 1521 4907 fastidium
1551 4851 1761 4906 tolleret
1780 4850 2035 4905 veritatis.

527 4944 582 5000 2.
614 4944 750 5012 Quid
771 4944 913 5001 enim
932 4945 1180 5014 amplius,
1202 4946 1412 5008 fratres,
1434 4943 1516 4998 vel
1536 4944 1797 4998 salubrius
1809 4943 2036 4997 audituri

456 5047 511 5093 et
533 5037 797 5108 cognituri
820 5036 969 5101 estis,
996 5053 1175 5106 quam,
1193 5037 1386 5106 Diliges
1417 5036 1687 5091 Dominum
1708 5035 1870 5090 Deum
1896 5046 2036 5088 tuum

460 5144 523 5182 ea:
548 5138 652 5182 toto
673 5128 823 5182 corde
850 5137 955 5193 tuo,
977 5136 1023 5180 et
1044 5143 1106 5181 ca:
1126 5137 1227 5179 tota
1255 5129 1424 5180 anima
1456 5137 1561 5194 tua,
1585 5136 1631 5180 ct
1662 5143 1723 5181 ea:
1742 5135 1846 5180 tota
1878 5139 2039 5179 mcutc

458 5232 585 5287 tua;
605 5229 679 5287 et,
705 5218 896 5290 Diliges
918 5220 1202 5288 proximum
1229 5228 1365 5271 tuum
1388 5229 1628 5288 tanquam
1654 5219 1864 5288 teipsmn
1885 5218 1911 5271 ?
1932 5217 2036 5272 Sed

456 5327 526 5368 ne
555 5312 750 5383 putetis
779 5312 894 5367 lucc
919 5311 1025 5365 duo
1053 5320 1311 5380 prweepta
1338 5326 1496 5380 parva
1523 5326 1642 5365 esse
1673 5329 1685 5365 :
1717 5308 1779 5362 In
1810 5310 1885 5363 his
1911 5309 2038 5362 duo-

457 5404 549 5457 bus
574 5403 836 5474 praeceptis
860 5412 962 5458 tota
983 5402 1091 5457 Lex
1108 5401 1288 5472 pendet
1310 5412 1357 5456 et
1380 5400 1647 5473 PrOprta:
1664 5401 1877 5471 (Matth.
1900 5418 2034 5470 χιιι,

457 5493 676 5564 57-40).
714 5493 979 5563 Quidquid
1023 5508 1150 5563 ergo
1192 5492 1476 5547 salubriter
1515 5502 1689 5548 mente
1718 5493 2033 5563 concipitur,

458 5584 543 5639 vel
582 5600 675 5640 ore
710 5585 997 5655 proicitur.
1030 5587 1108 5640 vel
1145 5586 1214 5641 de
1250 5585 1485 5655 qualibet
1511 5584 1687 5639 divina
1722 5587 1907 5655 pagina
1939 5603 2034 5642 ex-

464 5675 741 5746 sculpitnr,
784 5692 886 5732 nou
917 5678 1087 5734 liabel’
1102 5676 1257 5732 linem
1287 5677 1390 5731 nisi
1418 5674 1729 5734 cltaritatcm
1789 5677 1909 5733 lltcc
1940 5694 2034 5733 att-

1679 279 1734 335 S.
1777 275 2135 336 AUGUSTINI
2173 278 2474 336 EPISCOP!

3612 285 3748 343 ISlG

2177 398 2282 447 tem
2326 390 2557 447 charitas
2603 407 2709 448 non
2762 391 3157 464 qualiscumque
3192 399 3295 462 est.
3340 390 3473 449 Nam
3518 402 3573 449 et
3612 394 3756 451 male

2169 483 2410 540 viventes
2448 482 2758 539 irretiuntnr
2784 483 2882 540 sibi
2924 484 3178 540 societate
3211 481 3430 554 perdiue
3466 483 3755 539 conscieno

2169 574 2278 642 tiae,
2295 582 2349 631 et
2364 574 2610 630 dicuntur
2629 588 2809 631 amare
2832 574 3081 638 se,.nolle
3106 572 3384 630 discedere
3398 572 3468 628 ab
3495 573 3752 643 invicem,

2166 666 2277 722 suis
2292 665 2735 722 collocutionibus
2755 664 3051 730 conciliari,
3069 664 3377 720 desiderare
3400 679 3461 721 se
3474 665 3759 732 absen'es,

2165 742 2408 827 gaudere
2425 754 2492 810 ad
2520 755 2861 825 praesentiam
2906 769 3079 811 suam.
3121 756 3288 811 Amor
3336 755 3436 810 iste
3487 764 3757 811 tartareus

2165 857 2248 904 est
2275 865 2290 902 :
2320 848 2524 905 viscum
2551 845 2711 902 habet
2732 886 2751 913 ,
2797 860 2903 917 quo
2930 845 3143 915 dejiciat
3170 844 3223 900 in
3252 844 3609 915 profundum;
3643 863 3754 900 non

2164 953 2369 1009 pennas
2397 979 2414 1007 ,
2439 938 2632 1010 quibus
2656 938 2797 994 levet
2822 938 2874 992 in
2898 937 3116 992 cretum.
3146 935 3277 1005 Qum
3306 945 3389 992 est
3413 947 3593 993 autem
3617 937 3755 993 chao

2163 1032 2316 1100 ritas,
2341 1041 2399 1088 ut
2427 1047 2458 1087 a
2485 1032 2695 1087 cteteris
2727 1046 2846 1103 qua:
2870 1030 3202 1101 appellantur
3229 1029 3539 1095 charitatcs,
3567 1044 3756 1101 segre-

2161 1130 2318 1193 getnr
2354 1130 2411 1177 et
2444 1121 2839 1194 distinguatur?
2875 1119 2951 1176 Ea
2981 1136 3101 1191 quae
3128 1120 3361 1176 cbaritas
3398 1120 3596 1176 dicitur
3622 1138 3752 1177 vera

2165 1211 2608 1279 Christianorum,
2655 1226 2686 1267 a
2729 1212 2892 1267 Paulo
2919 1210 3141 1267 deﬁnita
3180 1218 3283 1276 est,
3326 1219 3485 1282 atque
3523 1212 3596 1266 ita
3633 1213 3752 1267 suis

2163 1303 2481 1373 quibusdam
2511 1302 2750 1359 terminis
2777 1300 3200 1372 circumscripta,
3225 1316 3344 1358 cum
3371 1302 3443 1357 sit
3469 1301 3749 1359 divinitate

2161 1396 2383 1461 inﬁnita,
2407 1404 2465 1451 ut
2485 1395 2703 1452 omnino
2721 1394 3052 1450 discernatur
3077 1410 3106 1448 a
3131 1393 3362 1449 caeteris.
3392 1392 3541 1449 Finis
3564 1396 3737 1461 enim,

2160 1489 2347 1559 inquit,
2378 1488 2612 1559 prtecepIi
2639 1497 2712 1543 est
2740 1487 2980 1542 charitas.
3015 1487 3204 1543 Posset
3228 1486 3502 1557 hucusque
3534 1486 3742 1544 dicere.

2158 1581 2291 1637 Nam
2330 1582 2449 1637 aliis
2490 1582 2624 1637 locis
2653 1581 2741 1636 ubi
2783 1590 3029 1652 tanquam
3058 1579 3348 1661 scientibus
3385 1579 3737 1651 loquebatur,

2159 1673 2430 1744 hucusque
2448 1673 2613 1728 dixit:
2640 1671 2932 1739 Plenitudo,
2950 1672 3135 1743 inquit,
3157 1672 3280 1743 legis
3311 1672 3533 1726 alacritas
3550 1672 3733 1743 (Rem.

2160 1780 2249 1818 χιιι
2269 1805 2285 1829 ,
2319 1761 2449 1835 10);
2497 1771 2552 1818 et
2579 1777 2686 1817 non
2718 1761 2851 1816 dixit
2876 1761 3046 1833 qualis
3078 1759 3334 1817 cbaritas.
3365 1758 3489 1816 ideo
3519 1761 3589 1816 ibi
3632 1777 3743 1816 non

2156 1856 2308 1921 dixit,
2332 1856 2454 1926 quia
2474 1855 2607 1911 dixit
2626 1854 2784 1909 alibi:
2812 1868 2915 1909 non
2938 1853 3081 1909 enim
3107 1853 3300 1924 ubique
3319 1853 3496 1908 omnia
3516 1852 3622 1908 dici
3646 1862 3744 1908 aut

2156 1952 2399 2015 possunt,
2418 1954 2509 2000 aut
2528 1944 2742 2000 debent.
2768 1944 2905 2015 Ergo
2932 1943 3035 2007 hic,
3055 1941 3328 1997 Plenitudo
3349 1943 3473 2013 legis
3491 1944 3741 1999 clraritas.

2156 2033 2444 2104 Quaerebas
2474 2033 2634 2100 forte,
2664 2048 2781 2102 qua:
2805 2032 3084 2088 charitas?
3121 2032 3293 2103 qualis
3319 2032 3591 2088 charitas?
3628 2033 3747 2088 Au-

2155 2127 2238 2182 dis
2279 2126 2383 2181 alio
2430 2125 2548 2181 loco
2580 2143 2593 2178 :
2628 2123 2774 2179 Finis
2819 2123 3056 2194 pracepti
3099 2134 3171 2179 est
3213 2122 3432 2179 clraritas
3479 2123 3543 2177 de
3585 2126 3747 2178 corde

2156 2230 2302 2285 puro.
2355 2214 2469 2271 lam
2508 2212 2682 2270 videte
2725 2198 2911 2269 utrum,
2944 2214 3083 2269 inter
3125 2227 3183 2268 se
3222 2212 3459 2269 latrones
3504 2212 3745 2268 habeant

2153 2308 2465 2362 clnaritatem
2509 2306 2577 2362 de
2622 2320 2756 2377 puro
2788 2306 2968 2362 corde.
3009 2306 3205 2361 Purum
3246 2320 3340 2361 cor
3377 2306 3431 2361 in
3474 2305 3743 2362 charitate

2153 2398 2257 2454 hoe
2294 2407 2377 2454 est
2396 2438 2412 2463 ,
2453 2397 2666 2468 quando
2694 2396 2869 2468 diligis
2897 2396 3167 2452 hominem
3195 2396 3486 2452 secundum
3517 2397 3686 2452 Deum
3716 2412 3741 2461 ;

2151 2492 2273 2563 quia
2311 2499 2366 2547 et
2403 2491 2631 2560 teipsum
2669 2488 2748 2563 sic
2774 2487 2939 2544 debes
2964 2487 3183 2558 diligere
3204 2528 3223 2554 ,
3250 2496 3308 2542 ut
3335 2503 3443 2542 non
3472 2496 3615 2542 erret
3644 2504 3740 2543 re-

2150 2560 2294 2654 gula,
2343 2580 2539 2652 Diliges
2584 2560 2874 2651 proximum
2918 2588 3058 2633 tuum
3102 2587 3339 2654 tanquam
3387 2578 3623 2647 teipsum.
3672 2579 3737 2634 Si

2150 2649 2293 2728 enim
2318 2649 2469 2728 malev
2486 2680 2538 2727 te
2565 2649 2743 2741 diligis
2763 2678 2818 2725 et
2835 2669 3123 2735 inutiliter;
3148 2649 3218 2723 ila
3244 2677 3299 2724 et
3325 2669 3621 2740 proximum
3649 2669 3740 2724 di-

2151 2764 2391 2838 ligendo,
2416 2764 2542 2835 quid
2582 2763 2632 2818 ei
2657 2762 2927 2818 consulis?
2968 2760 3250 2830 Quomodo
3286 2770 3465 2817 autem
3509 2769 3559 2816 te
3587 2761 3740 2817 male

2148 2858 2358 2930 diligis?
2396 2856 2673 2927 Quomodo
2711 2856 2882 2912 innuit
2910 2856 2926 2887 ‘
2956 2854 3228 2925 Scriptura
3251 2894 3268 2919 ,
3306 2868 3427 2924 quae
3456 2853 3731 2908 neminem

2148 2951 2345 3023 palpat,
2373 2960 2427 3006 et
2450 2949 2718 3005 convincit
2736 2949 2858 3020 quia
2887 2962 2991 3003 non
3016 2956 3068 3005 te
3087 2947 3300 3019 diligis;
3328 2946 3436 3000 imo
3460 2945 3735 3002 convincit

2146 3042 2269 3114 quia
2294 3050 2348 3098 et
2371 3040 2530 3097 odisti
2560 3050 2649 3097 te:
2686 3039 2782 3106 Qui
2808 3049 2975 3094 autem
2997 3080 3012 3105 ,
3053 3038 3263 3109 inquit,
3292 3037 3456 3108 diligit
3483 3036 3732 3105 iniquita-

2146 3144 2244 3188 tem
2266 3176 2281 3202 ,
2313 3133 2418 3188 odit
2454 3133 2674 3187 animam
2703 3148 2847 3187 suam
2874 3130 2894 3204 (
2918 3130 3066 3187 Psal.
3089 3147 3123 3185 χ
3146 3171 3162 3197 ,
3189 3129 3285 3201 6).
3316 3128 3372 3185 Si
3396 3143 3524 3199 ergo
3548 3128 3730 3200 diligis

2146 3226 2499 3297 iniquitatem,
2535 3235 2688 3296 putas
2727 3224 2869 3296 quod
2899 3225 3124 3295 teipsum
3154 3223 3378 3295 diligas?
3413 3222 3614 3277 Erras:
3651 3222 3730 3276 ita

2144 3325 2201 3372 et
2226 3317 2525 3388 proximum
2551 3315 2797 3387 diligens,
2823 3315 2891 3371 ad
2919 3315 3248 3385 iniquitatem
3273 3314 3459 3381 duces,
3488 3323 3542 3373 et
3561 3313 3735 3369 dilec-

2147 3410 2219 3465 tio
2240 3418 2327 3463 tua
2354 3409 2572 3478 laqueus
2592 3411 2693 3463 erit
2712 3408 2911 3464 dilecti.
2939 3407 3172 3463 Charitas
3196 3421 3323 3478 ergo
3343 3404 3406 3459 de
3427 3422 3553 3477 puro
3572 3406 3734 3459 corde

2143 3506 2225 3554 est
2252 3514 2370 3569 qua:
2397 3507 2482 3555 est
2506 3499 2798 3555 secundum
2833 3499 2996 3553 Deum
3024 3538 3041 3564 ,
3068 3508 3115 3552 et
3138 3498 3443 3552 conscientia
3474 3498 3601 3550 bona
3628 3536 3646 3561 ,
3675 3508 3729 3551 et

2143 3590 2245 3658 [ide
2273 3607 2372 3643 non
2400 3589 2520 3657 [icta
2549 3588 2766 3660 (lTim.
2800 3593 2825 3644 l
2854 3631 2869 3656 ,
2898 3588 2990 3660 5).
3026 3588 3128 3643 Ista
3155 3587 3390 3642 Charitas
3415 3586 3626 3641 deﬁnita
3655 3586 3732 3641 ab

2143 3680 2400 3749 Apostolo
2454 3679 2617 3734 habet
2667 3680 2775 3735 duo
2826 3688 3128 3750 pra‘cepta;
3172 3677 3472 3732 dilectionis
3516 3677 3640 3741 Dei,
3671 3686 3731 3730 et

2142 3769 2442 3825 dilectionis
2482 3770 2729 3839 proximi.
2778 3769 2834 3824 ln
2876 3769 3034 3823 nullis
3059 3768 3347 3837 Scripturis
3372 3766 3512 3820 aliud
3542 3767 3728 3834 requi-

2141 3864 2292 3927 ratis,
2324 3877 2481 3917 nemo
2504 3861 2653 3916 vobis
2678 3861 2819 3915 aliud
2844 3861 3131 3930 put-cipiat.
3154 3859 3420 3929 Quidquid
3442 3859 3727 3912 obscurum

2141 3964 2220 4010 est
2260 3954 2315 4007 in
2360 3952 2655 4022 Scriptura,
2705 3951 2820 4007 inec
2864 3951 2932 4005 ibi
2964 3952 3165 4007 occulta
3197 3960 3279 4005 est
3309 3969 3321 4004 :
3354 3949 3609 4018 quidquid
3647 3949 3724 4002 ibi

2144 4044 2357 4113 planum
2388 4049 2470 4097 est
2494 4082 2508 4106 ,
2538 4042 2652 4096 haec
2697 4042 2767 4097 ibi
2805 4049 2986 4110 aperta
3017 4050 3118 4096 est.
3149 4039 3203 4095 Si
3244 4056 3504 4108 ιιιιδιμιεηη
3541 4046 3728 4107 aperta

2143 4144 2285 4191 esset
2310 4176 2325 4201 ,
2355 4149 2463 4188 non
2494 4143 2545 4189 te
2574 4142 2814 4203 pasceret
2846 4149 2860 4186 :
2894 4132 2938 4186 si
2969 4146 3227 4202 nusquam
3260 4129 3464 4184 occulta
3491 4170 3505 4195 ,
3536 4144 3643 4182 non
3676 4138 3732 4183 te

2142 4235 2438 4293 exerceret.
2494 4225 2618 4280 llmc
2663 4224 2898 4279 cbaritas
2940 4224 3135 4279 clamat
3163 4223 3229 4277 de
3258 4223 3419 4278 Corde
3455 4237 3586 4292 puro
3612 4262 3626 4283 ,
3658 4222 3732 4276 de

2141 4318 2301 4373 corde
2328 4318 2512 4371 talium
2546 4317 2597 4371 in
2625 4315 2708 4370 his
2736 4315 2913 4369 verbis
2934 4357 2949 4380 ,
2976 4314 3148 4385 qualis
3180 4315 3265 4368 hic
3292 4313 3448 4369 modo
3474 4324 3614 4368 orat.
3660 4312 3734 4367 Et

2140 4412 2258 4483 quis
2285 4412 2383 4466 iste
2409 4411 2498 4475 sit,
2527 4410 2634 4465 cito
2662 4407 2887 4462 dixerim
2914 4425 2928 4461 :
2960 4407 3202 4462 Christus
3227 4413 3331 4460 est.

2212 4503 2266 4557 5.
2305 4500 2548 4556 Audituri
2576 4508 2754 4555 autem
2789 4498 2920 4553 estis
2948 4497 3106 4552 verba
3132 4512 3249 4566 qu:e
3278 4495 3343 4550 de
3376 4494 3603 4549 Domino
3630 4508 3730 4546 uo-

2140 4606 2184 4652 st
2194 4611 2252 4649 ro
2271 4595 2397 4650 Jesu
2414 4594 2625 4649 Christo
2648 4591 2860 4662 indigne
2885 4589 3235 4659 accipiuntur,
3249 4597 3301 4643 et
3319 4586 3515 4658 putabit
3538 4602 3727 4657 parum

2142 4685 2445 4755 intelligens
2476 4693 2677 4739 temere
2705 4696 2792 4736 me
2820 4681 3018 4736 dixisse
3046 4679 3242 4734 Christi
3276 4693 3395 4733 esse
3439 4692 3730 4748 personam

2143 4777 2195 4830 in
2250 4776 2349 4830 hoc
2397 4774 2623 4844 psalmo.
2670 4770 2950 4838 Quomodo
2999 4770 3140 4825 enim
3185 4779 3357 4839 potest
3393 4769 3460 4822 de
3502 4768 3733 4821 Domino

2143 4878 2327 4924 nostro
2346 4866 2471 4923 Jesu
2499 4864 2734 4933 Christo,
2762 4864 2829 4920 de
2860 4863 2949 4918 illo
2980 4876 3116 4930 agno
3143 4861 3507 4930 immaculato,
3539 4859 3608 4914 de
3635 4859 3731 4913 illo

2146 4959 2196 5012 in
2226 4973 2344 5028 .quo
2387 4957 2505 5012 solo
2539 4971 2646 5011 non
2684 4964 2768 5010 est
2804 4956 3077 5010 inventum
3118 4962 3428 5023 peceatum,
3460 4952 3551 5019 qui
3581 4951 3733 5003 solus

2144 5050 2420 5105 verissime
2461 5049 2639 5105 dicere
2685 5047 2889 5115 potuit,
2934 5044 3067 5099 Ecce
3104 5045 3236 5099 venit
3276 5044 3506 5116 princeps
3552 5044 3738 5096 annuli

2144 5142 2326 5211 hujus,
2352 5150 2397 5195 et
2432 5141 2585 5194 inme
2620 5139 2748 5192 nihil
2774 5138 2990 5191 inveniet
3019 5135 3202 5206 (Joau.
3233 5151 3339 5200 xtv,
3367 5134 3463 5204 50)
3487 5172 3504 5199 ,
3540 5133 3593 5187 id
3620 5143 3731 5198 est,

2144 5231 2341 5286 nullam
2363 5230 2596 5299 culpam,
2620 5229 2822 5283 nullum
2851 5235 3060 5282 reatum
3089 5242 3107 5290 ;
3134 5226 3223 5296 qui
3254 5225 3419 5289 solus,
3447 5223 3590 5293 quod
3621 5240 3733 5278 non

2142 5322 2350 5391 rapuit,
2379 5320 2687 5375 exsolvebat
2713 5318 2731 5388 (
2760 5317 2903 5373 Psttl.
2931 5332 3113 5381 vatn,
3194 5315 3249 5384 );
3279 5315 3365 5384 qui
3395 5315 3543 5369 solus
3570 5316 3732 5367 inno-

2141 5423 2350 5470 ceulem
2395 5410 2706 5482 sanguinem
2748 5408 2881 5463 fudit
2904 5449 2919 5474 ,
2967 5407 3132 5461 Filius
3162 5407 3252 5459 Dei
3285 5405 3475 5458 unicus
3504 5420 3727 5458 carnem

2142 5505 2426 5573 accipiens,
2459 5517 2562 5556 non
2593 5516 2693 5571 qua
2727 5501 2840 5570 ipse
2871 5499 3218 5563 minueretur,
3254 5494 3346 5549 sed
3376 5512 3476 5564 qua
3509 5511 3605 5549 uos
3632 5512 3731 5549 au-

2145 5652 2154 5661 ο
2205 5622 2321 5734 ιάςὶο
2337 5619 2522 5690 aliquot.
2538 5625 2628 5668 Mss
2670 5617 2922 5667 Aliivero:
2950 5612 3191 5677 Quomodo
3224 5610 3417 5662 invenit.
3451 5609 3584 5660 Edd.:
3608 5610 3743 5668 Qua-

2145 5698 2218 5734 mo
2252 5698 2280 5733 0
2303 5691 2347 5733 te
2369 5692 2557 5731 ιιιυωηξ.

2141 5691 2280 5735 modo
2303 5691 2347 5733 te
2369 5692 2557 5731 mucmr.
