4082 6204
330 308 459 363 1817

327 425 474 484 geret
505 433 516 469 :
546 413 811 485 quomodo
835 428 962 482 ergo
982 411 1048 468 de
1075 413 1173 466 ista
1207 426 1428 480 persona
1453 421 1596 465 recte
1623 408 1897 478 accipitur,

334 507 493 571 Pone,
521 505 753 572 Domine,
777 504 1055 558 custodiam
1077 503 1153 556 ori
1175 519 1302 564 meo,
1327 512 1369 554 et
1389 502 1570 554 ostium
1589 500 1905 553 continentia:

331 598 519 648 circum
567 594 700 648 labia
735 611 854 650 tinea
874 634 889 657 ,
931 603 984 646 ut
1014 603 1112 646 no’n
1143 593 1360 647 declines
1383 609 1468 645 cor
1494 607 1657 644 meum
1684 592 1732 643 in
1759 589 1905 643 verba

332 685 556 755 maligna
584 684 649 736 ad
676 683 986 738 excusandas
1016 683 1354 736 excusationes
1379 683 1428 734 in
1454 680 1666 751 peccatis
1683 681 1708 732 ?
1737 679 1905 733 Mani-

334 777 620 832 festissime
646 777 839 845 quippe
869 776 969 830 iste
996 786 1077 830 est
1104 789 1292 829 sensus
1321 791 1333 827 :
1364 773 1576 828 Custodi
1603 814 1618 837 ,
1649 773 1867 825 Domine
1886 812 1902 836 ,

331 883 392 922 os
433 882 608 921 meum
645 867 803 932 janua
835 866 1060 935 quadam
1093 875 1147 920 et
1183 866 1320 919 ostio
1353 864 1596 934 pra'cepti
1630 864 1736 930 tui,
1770 863 1904 916 utin

329 959 488 1013 verba
520 959 744 1027 maligna
782 973 885 1010 non
913 957 1210 1012 decliuetur
1249 972 1341 1010 cor
1367 971 1562 1010 meum.
1588 955 1717 1022 Qua:
1747 955 1905 1008 verba

333 1049 600 1119 maligna?
639 1049 844 1114 Quibus
895 1057 1216 1102 excusantur
1260 1057 1495 1116 peccata.
1540 1045 1652 1110 Ne,
1704 1046 1934 1122 inquit,‘

340 1147 552 1206 peccata
599 1154 714 1193 mea
759 1137 937 1192 malim
964 1152 1217 1192 excusare
1239 1177 1255 1200 ,
1279 1152 1434 1205 quam
1467 1151 1735 1191 accusare.
1787 1136 1908 1189 llaec

332 1228 492 1282 verba
524 1229 575 1281 in
624 1228 793 1297 ipsmu
841 1227 1121 1281 Dominum
1172 1236 1407 1281 nostrum
1433 1225 1612 1281 Iesum
1638 1225 1908 1279 Christum

334 1337 439 1374 non
471 1320 687 1374 cadunt.
720 1321 849 1387 Qua:
889 1321 1032 1375 enim
1073 1312 1158 1374 ille
1201 1329 1415 1388 peccata
1459 1319 1744 1384 commisit,
1790 1333 1909 1388 qua:

331 1410 573 1466 conﬁteri
622 1411 797 1480 potius
835 1427 990 1481 quam
1038 1410 1324 1466 defendere
1368 1411 1670 1466 debuisset?
1717 1410 1908 1465 Nostra

332 1502 492 1554 verba
533 1502 632 1554 ista
671 1511 814 1555 sunt.
861 1502 1014 1556 Certe
1052 1501 1294 1556 Christus
1340 1501 1588 1569 loquitur.
1628 1501 1681 1555 Si
1729 1511 1909 1554 nostra

337 1591 499 1646 verba
518 1602 659 1648 sunt.
675 1591 940 1661 quomodo
956 1591 1198 1645 Christus
1219 1591 1484 1660 loquitur?
1506 1591 1571 1644 Et
1594 1591 1680 1644 ubi
1698 1600 1777 1645 est
1793 1591 1912 1644 cha-

334 1688 464 1741 ritas
481 1687 545 1741 dc
561 1703 660 1756 qua
681 1687 972 1757 loquebar?
993 1686 1220 1740 Nescitis
1243 1685 1362 1756 quia
1394 1686 1505 1753 ipsa
1539 1701 1697 1738 unum
1729 1699 1825 1737 nos
1845 1683 1911 1738 fe-

332 1781 407 1832 cit
439 1779 490 1836 in
519 1779 769 1832 Christo?
791 1778 1033 1833 Charitas
1059 1778 1250 1832 clamat
1269 1777 1334 1830 ad
1356 1776 1625 1831 Christum
1646 1775 1713 1830 de
1736 1775 1907 1840 nobis,

331 1867 580 1924 Charitas
608 1870 800 1924 clamat
827 1869 893 1923 de
915 1869 1126 1923 Christo
1153 1883 1248 1938 pro
1277 1868 1450 1922 nobis.
1477 1867 1755 1936 Quomodo
1780 1867 1908 1929 chas

334 1961 468 2014 ritas
494 1960 683 2015 clamat
714 1959 779 2013 ad
806 1959 1073 2014 Christum
1100 1959 1167 2012 de
1196 1958 1382 2012 nobis?
1413 1957 1477 2010 Et
1507 1958 1620 2019 erit,
1646 1957 1808 2011 omnis
1827 1956 1912 2025 qui

333 2051 632 2104 invocarerit
675 2066 854 2103 nomen
897 2049 1132 2112 Domini,
1174 2049 1341 2103 salvus
1382 2049 1471 2102 erit
1501 2047 1652 2118 (Joel
1681 2064 1750 2113 u,
1782 2047 1909 2115 52).

332 2141 613 2207 Quomodo
633 2140 865 2195 charitas
888 2141 955 2195 de
974 2139 1187 2194 Christo
1210 2154 1303 2209 pro
1321 2139 1472 2194 nobis
1489 2141 1512 2192 ‘t
1531 2139 1706 2202 Saule,
1732 2138 1909 2204 Sanle,

329 2232 455 2300 quid
481 2248 559 2285 me
582 2232 888 2302 persequeris
922 2231 1068 2302 (Act.
1092 2247 1166 2298 Ix,
1190 2232 1255 2300 4)
1281 2231 1303 2283 ?
1337 2230 1460 2297 Vos,
1485 2231 1654 2300 inquit
1679 2231 1912 2298 Aposto-

331 2319 441 2386 ius,
467 2322 580 2374 estis
609 2338 792 2390 corpus
817 2321 1003 2374 Christi
1028 2331 1072 2376 et
1099 2321 1316 2375 membra
1337 2322 1354 2390 (
1373 2323 1390 2375 I
1407 2320 1525 2377 Cor.
1558 2337 1629 2375 xu
1651 2363 1664 2384 ,
1697 2321 1765 2374 27
1855 2319 1911 2374 Si

329 2429 464 2483 ergo
508 2414 593 2466 ille
633 2421 828 2482 caput,
863 2428 960 2467 nos
1002 2428 1230 2482 corpus,
1264 2429 1398 2467 unus
1440 2413 1598 2468 homo
1644 2413 1908 2480 loquitur;

329 2505 448 2558 sive
475 2511 630 2570 caput
657 2504 920 2572 loquatur,
952 2502 1064 2556 sive
1093 2503 1353 2568 membra,
1385 2518 1524 2556 unus
1559 2501 1801 2556 Christus
1831 2503 1912 2564 lo-g

330 2598 535 2662 quitur.
567 2594 630 2646 Et
655 2593 840 2661 capitis
862 2603 945 2647 est
963 2593 1232 2663 proprium
1265 2593 1406 2663 loqui
1427 2593 1584 2647 etiam
1615 2593 1665 2646 in
1690 2607 1912 2661 persona

328 2683 722 2736 membrorum.
761 2682 930 2751 Ipsam
977 2693 1209 2737 nostram
1255 2683 1688 2738 consuetudinem
1727 2683 1915 2738 adver-

331 2773 450 2826 tite.
484 2772 663 2826 Primo
692 2774 962 2843 quomodo
1001 2774 1140 2844 loqui
1186 2775 1236 2827 in
1280 2775 1533 2828 membris
1572 2775 1767 2830 nostris
1808 2791 1913 2830 non

329 2874 513 2933 potest
545 2863 644 2917 nisi
676 2873 838 2934 caput
867 2865 1010 2934 :jam
1041 2880 1167 2920 vero
1196 2875 1356 2936 caput
1383 2875 1622 2920 nostrum
1648 2867 1914 2936 quomodo

331 2959 581 3025 laquatnr
608 2957 658 3010 in
692 2971 915 3025 persona
943 2958 1179 3011 onmium
1213 2959 1570 3013 membrorum
1595 3000 1610 3023 ,
1633 2959 1915 3022 advertite.

331 3047 390 3101 In
419 3057 644 3116 angusto
663 3047 753 3100 tibi
773 3047 959 3116 pedem
984 3048 1174 3117 aliquis
1199 3049 1367 3102 calcat
1394 3064 1408 3102 :
1435 3048 1620 3103 Calcas
1650 3064 1758 3117 me,
1785 3050 1916 3104 dicit

329 3145 512 3206 caput.
542 3137 848 3190 Vulneravit
871 3137 961 3191 tibi
987 3138 1176 3208 aliquis
1203 3153 1416 3193 manum
1443 3155 1456 3192 :
1483 3138 1781 3194 Vulnerasti
1805 3155 1910 3207 me,

330 3227 463 3280 dicit
502 3236 679 3296 caput.
710 3227 882 3297 Caput
925 3236 1072 3282 tuum
1113 3228 1286 3283 nullus
1315 3229 1519 3298 tetigit,
1551 3228 1644 3283 sed
1684 3230 1914 3299 loquitur

330 3321 511 3373 unitas
536 3320 863 3389 compaginis
884 3321 1124 3388 corporis
1152 3320 1246 3374 ttti.
1276 3321 1524 3375 Omnium
1555 3321 1914 3375 membrorum

331 3422 546 3466 tuorum
575 3426 854 3482 personam
887 3413 997 3477 illa,
1023 3428 1139 3482 qum
1170 3413 1220 3466 in
1252 3413 1425 3481 capite
1451 3421 1554 3477 est,
1587 3412 1764 3480 lingua
1793 3427 1913 3466 sus-

330 3505 497 3572 cepit,
534 3504 643 3572 ipsa
673 3518 768 3571 pro
798 3503 1050 3557 omnibus
1079 3503 1240 3558 verbo
1268 3504 1519 3573 fungitur.
1548 3503 1638 3559 Sic
1665 3518 1792 3574 ergo
1819 3518 1915 3556 an-

331 3594 544 3648 diamus
571 3591 836 3648 Christum
861 3593 1161 3663 loquentem
1186 3611 1199 3659 ;
1233 3595 1324 3649 sed
1357 3594 1720 3662 unusquisque
1749 3609 1916 3662 agno-

331 3694 451 3738 scat
498 3686 569 3739 ibi
630 3699 812 3738 vocem
855 3699 1040 3748 suam,
1090 3695 1332 3753 tanquam
1367 3685 1573 3737 haerens
1624 3684 1672 3735 in
1717 3682 1914 3737 Christi

332 3791 580 3844 corpore.
610 3775 908 3844 Aliquando
941 3775 1081 3828 enim
1110 3775 1342 3828 dicturus
1369 3782 1447 3827 est
1473 3774 1632 3827 verba
1655 3773 1704 3826 in
1723 3773 1916 3842 quibus

336 3869 513 3921 nullus
536 3877 772 3922 nostrum
795 3867 1025 3921 inveniat
1046 3881 1324 3936 personam
1347 3881 1518 3930 suam,
1543 3865 1632 3919 sed
1656 3866 1719 3918 ad
1743 3865 1912 3919 solum

334 3967 496 4027 caput
541 3959 874 4027 pertineant;
921 3974 1036 4012 non
1070 3972 1128 4011 se
1175 3966 1347 4010 tamen
1389 3968 1600 4022 separat
1637 3973 1702 4010 cx
1743 3956 1916 4010 verbis

336 4051 538 4103 nostris
563 4057 616 4104 et
643 4049 707 4103 ad
735 4066 826 4103 sua
854 4050 1062 4118 pmpria
1091 4049 1246 4115 tollit,
1273 4048 1400 4102 vela
1425 4049 1534 4101 suis
1564 4048 1788 4117 propriis
1810 4063 1915 4101 nou

334 4139 402 4192 ad
444 4148 622 4193 nostra
663 4139 818 4193 redit.
866 4140 939 4193 De
971 4140 1084 4209 ipso
1111 4139 1251 4193 enim
1281 4147 1335 4192 et
1362 4138 1428 4192 dc
1458 4139 1688 4192 Ecclesia
1717 4139 1914 4193 dictum

335 4242 453 4284 est:
484 4230 644 4284 Erunt
665 4232 764 4283 duo
795 4235 844 4284 in
866 4247 1016 4284 carne
1037 4239 1134 4284 una
1154 4230 1302 4302 (Gen.
1325 4247 1380 4296 u,
1407 4231 1517 4300 24).
1545 4231 1692 4286 Unde
1722 4240 1769 4286 el
1806 4233 1918 4301 ipse

337 4321 390 4374 iu
414 4321 700 4390 Evangelia
732 4321 858 4374 dicit
883 4321 948 4375 de
969 4320 1065 4374 hac
1093 4322 1202 4390 ipsa
1234 4337 1291 4376 re
1320 4339 1331 4374 :
1362 4321 1481 4374 Jum
1508 4323 1660 4390 igitur
1686 4341 1783 4376 non
1801 4333 1918 4377 sunt

338 4413 463 4472 duo.
496 4412 583 4464 sed
606 4429 704 4465 una
730 4428 844 4464 caro
873 4411 1080 4483 (Matth.
1108 4428 1218 4474 XIX,
1239 4410 1314 4483 (3).
1335 4411 1459 4466 "ac
1478 4429 1612 4466 nova
1637 4429 1740 4466 non
1763 4426 1914 4478 sunt;

337 4517 366 4553 a
392 4503 542 4555 vobis
570 4504 813 4571 semper‘
836 4503 1013 4556 audita
1044 4513 1166 4556 sunt
1201 4521 1214 4556 :
1239 4503 1331 4557 sed
1380 4519 1476 4572 pcr
1495 4504 1801 4558 occasiones
1825 4521 1920 4559 ne-

337 4609 493 4648 cesse
513 4605 594 4648 est
629 4589 1128 4659 commennirentur,
1162 4596 1329 4663 primo
1349 4596 1468 4664 quia
1489 4597 1614 4664 ipsa:
1631 4596 1918 4665 Scriptura:

339 4701 473 4754 quas
501 4694 806 4748 tractamus,
853 4686 920 4738 ita
968 4686 1065 4740 sibi
1122 4694 1242 4739 sunt
1295 4685 1536 4749 innexm,
1568 4695 1624 4740 tit
1677 4689 1836 4740 multa
1868 4688 1917 4740 in

343 4776 524 4829 multis
553 4785 891 4844 repetantur;
923 4785 974 4829 ct
1015 4777 1140 4829 utile
1162 4784 1262 4829 est.
1288 4775 1422 4829 Cura
1447 4777 1585 4829 enim
1609 4777 1786 4830 mundi
1813 4777 1920 4845 spi-

342 4883 440 4921 nas
462 4866 639 4932 habet,
664 4875 718 4921 ct
739 4867 929 4921 oll‘ocat
954 4868 1182 4932 semina;
1213 4877 1419 4935 Oportet
1441 4870 1632 4937 smpius
1652 4884 1679 4920 a
1699 4869 1920 4922 Domino

339 4957 751 5010 commemorari
791 4956 930 5025 quod
971 4958 1111 5028 cogit
1140 4957 1368 5011 mundus
1397 4959 1658 5014 oblivisci.

417 5051 470 5104 4.
533 5049 551 5122 [
578 5067 702 5105 vers.
742 5053 790 5104 1.
885 5051 1128 5115 Domine,
1161 5052 1370 5106 clamari
1407 5053 1476 5106 ad
1505 5062 1575 5119 te,
1609 5054 1792 5107 exaudi
1822 5071 1917 5107 me.

344 5140 458 5193 Iloc
487 5157 674 5196 munies
705 5157 988 5210 possumus
1033 5143 1230 5197 dicere.
1280 5144 1389 5197 Iloc
1434 5160 1537 5198 non
1580 5144 1732 5208 dico,
1781 5153 1922 5199 totus

343 5229 588 5284 Christus
620 5231 744 5284 dicit
767 5249 780 5284 :
800 5231 892 5285 sed
921 5233 1086 5301 magis
1112 5249 1175 5286 ex
1211 5247 1428 5299 persona
1456 5235 1694 5303 corporis
1722 5235 1918 5288 dictum

342 5331 460 5383 est;
489 5322 611 5391 quia
643 5330 696 5376 et
725 5338 843 5374 cum
870 5322 952 5375 hic
971 5331 1132 5388 esset,
1167 5339 1378 5376 carnem
1411 5336 1624 5392 portans
1654 5326 1843 5391 oravit,
1868 5335 1922 5380 et

345 5427 413 5463 ex
457 5428 683 5479 persona
729 5415 968 5481 corporis
1007 5415 1176 5467 oravit
1222 5414 1463 5479 Patrem,
1505 5424 1558 5469 et
1587 5433 1705 5469 eum
1747 5425 1924 5470 oraret

342 5503 487 5570 globi
511 5503 783 5570 Sanguinis
815 5503 878 5557 de
912 5513 1020 5557 toto
1042 5519 1264 5574 corpore
1299 5505 1413 5573 ejus
1449 5505 1802 5561 destillahaut.
1836 5508 1922 5562 Sic

342 5594 599 5661 scriptum
633 5603 711 5646 est
748 5593 798 5646 iu
843 5595 1123 5662 livaugelio
1157 5613 1170 5648 :
1205 5594 1376 5648 Oravit
1410 5594 1561 5650 Jesns
1591 5597 1777 5651 intenta
1807 5616 1921 5652 ora-

409 5706 424 5736 ¹
452 5704 560 5753 Edd.
587 5716 732 5765 stupe.
765 5713 810 5754 at
833 5712 922 5754 Mss
945 5741 957 5763 ,
984 5718 1184 5765 semper.

1423 295 1814 356 ENAIIRATIO
1850 294 1915 350 I.\'
1954 291 2269 351 PSALIICM
2308 297 2460 354 CXL.

3453 307 3589 364 ISID

2012 404 2166 470 tione,
2197 418 2242 461 et
2275 409 2472 462 sudavit
2499 411 2792 480 sanguinem
2833 410 2984 484 (an.
3017 430 3123 469 xm
3143 457 3156 479 ,
3183 417 3215 470 .I
3229 417 3295 486 ἱ).
3348 418 3481 484 Quid
3509 431 3588 473 est

2013 497 2078 549 de
2119 506 2228 550 toto
2265 512 2488 568 corpore
2525 502 2796 571 sanguinis
2825 504 3074 569 eflluxio,
3107 507 3206 561 nisi
3229 507 3303 561 de
3341 517 3446 562 tota
3480 508 3582 562 Ec-

2013 587 2170 640 clesia
2195 598 2482 661 martyrum
2529 592 2739 659 passio?
2769 593 3004 661 Domine,
3034 597 3244 650 clamavi
3275 598 3340 654 ad
3374 608 3420 652 tc
3444 639 3460 663 ,
3497 616 3589 652 ex-

2012 678 2134 730 audi
2155 695 2232 731 me
2254 695 2272 731 :
2297 680 2500 734 intende
2528 682 2634 734 voci
2661 682 3024 752 deprecationis
3059 703 3180 740 mea:
3198 729 3212 754 ,
3250 688 3368 740 dum
3402 691 3591 742 clama-

2011 783 2126 820 vero
2160 768 2227 820 ad
2262 779 2326 822 te.
2360 768 2477 823 Jam
2521 771 2724 824 ﬁnitum
2765 774 3030 842 negotium
3059 776 3316 830 clamandi
3347 779 3588 844 putabas,

2013 875 2132 914 cum
2161 859 2398 924 diceres,
2433 860 2658 916 Clamavi
2690 862 2758 914 ad
2794 873 2859 918 te.
2889 865 3160 930 Clamasti,
3187 866 3294 935 jam
3333 868 3441 921 noli
3470 884 3591 922 esse

2013 965 2254 1007 securus.
2286 953 2342 1008 Si
2372 955 2513 1007 ﬁnita
2541 965 2622 1009 est
2649 955 2934 1020 tribulatio,
2967 958 3144 1012 finitus
3170 967 3250 1012 est
3278 959 3513 1013 clamor:
3543 960 3586 1012 si

2013 1055 2188 1098 autem
2228 1053 2406 1100 manet
2446 1045 2715 1100 tribulatio
2747 1048 2996 1102 Ecclesia:
3031 1060 3084 1103 et
3123 1050 3364 1118 corporis
3393 1049 3588 1104 Christi

2016 1154 2184 1208 usque
2213 1140 2264 1192 in
2297 1139 2454 1192 finem
2487 1139 2687 1204 saeculi,
2723 1156 2826 1194 non
2857 1151 3056 1195 tantum
3084 1143 3241 1207 dicat,
3275 1142 3494 1196 Clamavi
3523 1143 3591 1196 ad

2014 1239 2080 1294 te,
2102 1230 2287 1284 exaudi
2307 1247 2414 1295 me;
2439 1230 2554 1297 sed,
2574 1230 2788 1286 Intende
2806 1234 2911 1285 voci
2929 1233 3290 1303 deprecationis
3309 1249 3448 1298 meat,
3470 1235 3591 1286 dum

2014 1322 2296 1376 clamat-ero
2325 1321 2392 1375 ad
2420 1332 2485 1376 te.

2084 1410 2137 1469 5.
2181 1413 2346 1486 [vers.
2388 1415 2528 1486 2-4.]
2569 1415 2832 1486 Dirigatur
2867 1418 3026 1471 oratio
3067 1434 3177 1470 mea
3224 1429 3462 1487 tanquam
3506 1418 3587 1471 in-

2015 1520 2217 1559 censum
2245 1506 2296 1557 in
2322 1517 2589 1576 conspectu
2618 1517 2740 1569 tuo;
2766 1507 2972 1561 elevatio
3003 1524 3244 1560 manuum
3268 1525 3490 1562 mearum
3512 1525 3595 1562 sa-

2014 1596 2258 1665 criﬁcium
2282 1600 2632 1666 vespertinum.
2661 1599 2773 1653 Hoc
2800 1599 2867 1654 de
2901 1600 3015 1668 ipso
3035 1601 3206 1669 capite
3232 1601 3408 1655 solere
3435 1603 3595 1654 intel-

2014 1687 2124 1757 ligi,
2153 1688 2326 1741 omnis
2349 1689 2668 1743 christianus
2696 1690 2955 1759 agnoscit.
2987 1690 3292 1744 Declinaute
3313 1691 3452 1744 enim
3478 1691 3589 1758 jaut

2016 1776 2100 1831 die
2126 1776 2177 1830 in
2203 1792 2502 1846 vesperum,
2538 1778 2790 1832 Dominus
2815 1779 2866 1832 in
2889 1794 3046 1833 cruce
3082 1779 3312 1832 animam
3351 1779 3595 1848 deposuit

2015 1876 2344 1936 recepturus,
2389 1883 2490 1922 non
2517 1870 2694 1923 amisit
2722 1871 2941 1923 invitus.
2967 1870 3072 1924 Sed
3101 1882 3274 1924 tamen
3321 1877 3376 1924 et
3401 1871 3466 1923 ibi
3496 1885 3592 1924 nos

2017 1957 2224 2027 ﬁgurati
2270 1973 2474 2013 sumus.
2519 1958 2654 2024 Quid
2697 1961 2836 2014 enim
2869 1961 3008 2014 illius
3050 1960 3299 2030 pependit
3339 1961 3388 2014 in
3432 1960 3590 2029 ligno,

2015 2049 2116 2102 nisi
2149 2048 2288 2117 quod
2317 2048 2382 2103 de
2423 2050 2576 2103 nobis
2615 2051 2849 2118 accepit?
2896 2051 2962 2104 Et
3001 2051 3140 2104 unde
3179 2051 3288 2103 ﬁeri
3339 2059 3509 2118 potest
3540 2058 3596 2102 ut

2015 2138 2301 2208 aliquando
2325 2140 2462 2194 Deus
2503 2140 2660 2195 Pater
2686 2140 2920 2194 dimittat
2943 2150 2997 2196 et
3025 2141 3238 2196 deserat
3263 2141 3474 2194 unicum
3504 2139 3594 2193 Fi-

2018 2230 2166 2295 lium,
2198 2232 2286 2300 qui
2317 2231 2499 2302 utique
2540 2247 2658 2286 cum
2692 2232 2781 2286 illo
2805 2247 2945 2286 unus
2979 2234 3116 2288 Deus
3153 2233 3274 2288 est?
3313 2233 3377 2286 Et
3421 2241 3592 2286 tamen

2017 2333 2252 2377 nostram
2279 2325 2636 2378 inﬁrmitatem
2666 2323 2831 2394 ﬁgens
2857 2325 2908 2378 in
2934 2340 3112 2390 cruce,
3153 2325 3238 2379 ubi
3278 2335 3414 2378 vetus
3444 2323 3593 2376 homo

2017 2423 2204 2480 noster,
2240 2414 2377 2468 sicut
2404 2413 2532 2467 dicit
2580 2415 2886 2482 Apostolus,
2935 2415 3164 2482 conﬁxus
3205 2422 3276 2490 est
3320 2413 3457 2466 cruci
3481 2428 3597 2464 cum

2018 2505 2127 2568 illo,
2174 2520 2240 2559 ex
2292 2521 2422 2560 voce
2464 2505 2627 2574 ipsius
2673 2505 2904 2560 hominis
2934 2508 3100 2560 nostri
3143 2504 3426 2559 clamavit:
3460 2504 3596 2558 Deus

2018 2609 2176 2658 mens,
2213 2593 2346 2647 Dens
2376 2609 2532 2656 mens,
2562 2593 2737 2662 utquid
2766 2610 2842 2646 me
2866 2594 3165 2662 dereliquisti
3195 2593 3362 2664 (Psal.
3384 2609 3493 2655 xxi,
3523 2592 3592 2657 2;

2020 2684 2208 2739 Ilattlt.
2238 2701 2401 2742 xxvn.
2429 2685 2554 2755 46)?
2577 2684 2704 2738 Illud
2729 2701 2855 2755 ergo
2875 2694 2957 2739 est
2982 2683 3295 2739 sacrificium
3327 2685 3595 2754 vespertio

2019 2790 2167 2848 num,
2201 2775 2376 2844 passio
2418 2775 2652 2840 Domini,
2696 2790 2826 2829 crux
2865 2776 3092 2836 Domini,
3133 2775 3330 2830 oblatio
3369 2775 3596 2829 victima:

2017 2867 2284 2933 salutaris,
2333 2867 2698 2922 holocaustum
2739 2878 3014 2937 acceptmn
3047 2869 3174 2922 Deo.
3221 2867 3349 2921 Illud
3391 2868 3596 2926 sacriﬁ-

2017 2959 2155 3013 cium
2187 2960 2544 3029 veSpertinum
2568 2961 2689 3014 fecit
2719 2960 2770 3012 in
2798 2961 3189 3016 resurrectione
3213 2975 3403 3014 munus
3427 2968 3600 3014 matu-

2018 3050 2206 3103 tinum.
2230 3049 2414 3105 Oratio
2445 3065 2572 3120 ergo
2602 3066 2731 3119 pure
2759 3050 2956 3104 directa
2997 3051 3063 3104 de
3089 3051 3250 3105 corde
3279 3049 3440 3116 fideli,
3473 3057 3595 3103 tan-

2016 3157 2173 3211 quam
2226 3142 2294 3197 de
2349 3157 2439 3197 ara
2503 3151 2687 3196 sancta
2740 3142 2908 3210 surgit
2967 3140 3259 3196 incensum.
3324 3140 3462 3194 Nihil
3517 3148 3600 3194 est

2017 3231 2384 3288 delectabilius
2432 3233 2628 3288 odore‘
2670 3233 2876 3287 Domini
2909 3249 2924 3286 :
2953 3233 3030 3288 sic
3069 3233 3247 3288 oleant
3284 3245 3470 3287 omnes
3509 3231 3598 3302 qui

2016 3323 2261 3377 credunt.

2088 3413 2141 3468 6.
2189 3431 2207 3464 ι
2240 3411 2400 3468 Vetus
2429 3431 2448 3464 ι
2481 3428 2608 3483 ergo
2638 3431 2656 3464 ι
2689 3412 2846 3468 homo
2877 3423 3076 3478 noster,
3114 3433 3133 3466 ι
3171 3412 3407 3482 Apostoli
3438 3410 3597 3467 verba

2016 3513 2163 3566 sunt,
2198 3521 2216 3554 ι
2250 3504 2488 3558 conﬁxus
2509 3515 2589 3558 est
2613 3505 2755 3558 cruci
2784 3520 2902 3560 cum
2935 3505 3054 3569 illo;
3085 3513 3141 3558 ut
3169 3514 3538 3568 evacuaretnr,
3575 3520 3594 3554 ι

2018 3593 2208 3661 inquit,
2245 3611 2262 3643 ‹
2293 3608 2484 3660 corpus
2508 3595 2727 3661 peccati,
2762 3604 2818 3646 ut
2848 3595 2980 3647 ultra
3024 3611 3126 3647 non
3159 3597 3452 3648 serviamus
3480 3610 3602 3662 pec-

2018 3694 2134 3738 cato
2164 3703 2182 3733 ι
2220 3683 2392 3754 (Rom.
2423 3700 2492 3748 νι,
2517 3684 2594 3747 6).
2628 3682 2752 3738 Inde
2791 3693 2845 3737 et
2894 3685 2945 3736 in
2994 3683 3108 3751 ipso
3139 3685 3340 3752 psalmo
3369 3700 3488 3736 eum
3520 3682 3602 3736 di-

2018 3783 2159 3828 ctum
2191 3783 2352 3835 esset,
2388 3791 2405 3823 ι
2440 3773 2579 3826 Deus
2603 3788 2772 3836 meus,
2807 3773 2945 3826 Deus
2984 3787 3154 3835 meus,
3198 3773 3377 3841 utquid
3403 3772 3598 3826 dereli-

2019 3866 2177 3936 quisti
2226 3880 2331 3930 me,
2365 3865 2520 3934 longe
2548 3880 2578 3918 a
2625 3865 2795 3918 salute
2837 3879 2990 3928 mea;
3023 3884 3041 3915 ι
3079 3864 3256 3916 statim
3302 3863 3616 3932 subjectum-

2018 3965 2118 4020 est,
2157 3975 2174 4006 ‹
2207 3955 2378 4010 Verba
2414 3955 2725 4009 delictorum
2760 3970 3018 4009 meorum.
3057 3974 3074 4006 ι
3109 3955 3342 4021 Quorum
3372 3953 3599 4008 delicto-

2021 4063 2159 4112 rum,
2197 4046 2241 4099 si
2271 4055 2427 4115 eaput
2455 4045 2738 4099 attendas?
2784 4045 2845 4098 Et
2871 4053 3045 4099 tamen
3086 4045 3203 4112 ejus
3232 4043 3392 4098 fuisse
3417 4059 3599 4098 vocent

2022 4140 2072 4192 in
2098 4139 2323 4207 psalmo,
2349 4138 2460 4206 ipse
2483 4146 2704 4190 testatus
2726 4144 2806 4190 est
2836 4136 2884 4189 in
2909 4151 3086 4201 cruce,
3120 4137 3231 4204 ipsa
3255 4134 3414 4189 verba
3445 4136 3596 4200 dixit,

2022 4231 2193 4298 ipsum
2226 4244 2435 4282 versum
2457 4227 2829 4296 pronuntiavit.
2864 4225 2980 4280 Non
3009 4236 3090 4279 est
3118 4225 3330 4280 relictus
3358 4225 3602 4279 humana:

2021 4321 2344 4390 conjectura:
2375 4320 2542 4382 locus,
2577 4319 2752 4373 nullus
2779 4318 3002 4388 negandi
3026 4318 3201 4371 aditus
3229 4318 3614 4386 qualicumque.

2021 4413 2328 4468 christiano.
2348 4409 2500 4478 Quod
2521 4410 2646 4480 lego'
2664 4409 2714 4462 in
2747 4410 2971 4479 psalmo,
3002 4409 3102 4463 hoc
3125 4409 3280 4464 audio
3301 4425 3331 4463 a
3356 4409 3597 4463 Domino.

2024 4505 2078 4557 In
2121 4504 2234 4572 ipso
2283 4503 2443 4556 etiam
2493 4502 2698 4571 psalmo
2749 4516 2979 4570 agnosco
3022 4503 3162 4570 quod
3211 4502 3261 4555 in
3317 4502 3602 4570 Evangelia

2024 4596 2140 4664 lego
2170 4611 2182 4646 :
2218 4613 2235 4645 ί
2267 4595 2537 4648 Foderunt
2568 4609 2755 4647 manus
2794 4610 2960 4659 meas,
3002 4604 3052 4646 ct
3083 4593 3278 4662 pedes;
3303 4594 3604 4648 dinumera-

2024 4695 2213 4738 verunt
2257 4685 2432 4738 munia
2477 4699 2596 4738 ossa
2639 4699 2772 4737 mea.
2825 4683 2924 4751 Ipsi
2958 4699 3084 4737 vero
3113 4684 3600 4748 emisideraverunt,

2024 4784 2078 4830 et
2099 4785 2489 4845 conspexerunt
2517 4790 2634 4838 tne;
2667 4774 2959 4828 diviserunt
2989 4774 3090 4828 sibi
3120 4777 3429 4829 vestimenta
3461 4792 3598 4836 mea,

2025 4875 2077 4920 et
2102 4881 2260 4934 super
2290 4875 2490 4920 vestem
2522 4881 2690 4918 meam
2722 4865 2978 4917 miserunt
3006 4875 3204 4920 sortem
3237 4885 3253 4918 ι
3290 4866 3457 4934 (Ρεαι.
3490 4883 3600 4930 xxi,

2029 4959 2240 5028 17-19).
2286 4959 2408 5011 Ilare
2448 4957 2624 5010 munia
2671 4957 2807 5009 sicut
2836 4957 3104 5025 prmdicta,
3151 4959 3217 5010 ita
3260 4959 3423 5019 facta;
3467 4958 3598 5011 sicut

2025 5051 2342 5114 audivimus,
2381 5051 2449 5102 ita
2489 5057 2545 5102 et
2583 5047 2808 5101 vidimus
2852 5047 3020 5118 (Psal.
3065 5036 3238 5112 vau,
3267 5050 3342 5115 9).
3382 5050 3519 5117 Ergo
3557 5050 3602 5102 si

2028 5143 2278 5195 Dominus
2313 5149 2493 5194 uoster
2517 5141 2670 5194 Jesus
2695 5140 2936 5194 Christus
2965 5157 3061 5195 nos
3087 5142 3314 5211 figurans
3342 5142 3392 5194 in
3425 5141 3603 5196 chari-

2027 5243 2136 5288 tatc
2175 5232 2417 5300 Corporis
2457 5232 2558 5293 sui,
2591 5232 2832 5299 quamvis
2881 5241 3022 5286 esset
3063 5233 3174 5300 ipse
3205 5231 3320 5284 sine
3362 5240 3597 5300 peccato,

2025 5325 2179 5387 dixit,
2219 5322 2379 5376 Verba
2415 5323 2710 5374 delictorum
2748 5339 3005 5386 meorum;
3033 5323 3164 5375 dixit
3197 5331 3372 5375 autent
3405 5323 3505 5376 hoc
3537 5339 3602 5377 ex

2028 5432 2251 5488 persona
2277 5416 2516 5483 corporis
2543 5415 2623 5468 sui
2651 5432 2662 5466 :
2692 5416 2806 5480 quis
2835 5415 2992 5468 audet
3023 5415 3073 5467 in
3106 5413 3356 5467 membris
3383 5413 3498 5481 ejus
3522 5414 3605 5468 di-

2027 5526 2148 5566 cere
2175 5523 2278 5562 uou
2309 5523 2365 5562 se
2398 5506 2592 5561 habere
2623 5517 2917 5574 peceatum,
2943 5504 3042 5558 nisi
3063 5505 3148 5572 qui
3179 5503 3331 5557 fuerit
3361 5520 3518 5558 ausus
3544 5521 3606 5561 se

2029 5601 2173 5654 falsa:
2200 5599 2414 5666 justitia:
2459 5596 2674 5651 nomine
2706 5595 2914 5660 efferre,
2956 5604 3008 5648 et
3048 5593 3315 5649 Christum
3364 5582 3605 5652 falsitatis

2094 5714 2108 5745 ³
2137 5711 2301 5761 Plures
2325 5719 2448 5767 Vss,
2471 5710 2649 5760 odoris.
