4042 6202
488 307 622 364 1819

479 420 740 490 arguere?
761 417 948 474 Fatere
979 430 1126 484 ergo,
1155 429 1188 466 ο
1214 410 1532 472 membrum,
1560 406 1701 477 quod
1735 421 1831 475 pro
1861 414 1912 458 te
1938 418 2062 471 pro-

480 511 743 566 nuntiavit
787 517 945 578 caput
978 516 1154 560 tuum.
1197 503 1349 572 Quod
1403 509 1461 555 ut
1499 500 1778 561 fateamur,
1825 494 1966 566 quod
2008 503 2069 548 ut

480 603 757 667 faciamus,
783 616 879 655 nec
909 598 1368 668 nosjustilicemus
1389 603 1512 648 ante
1538 601 1882 660 conspectum
1903 587 2068 641 solius

475 694 625 763 justi,
657 689 1014 761 quijustilicat
1034 689 1252 757 impium
1282 683 1456 758 (Rom.
1489 699 1560 751 Iv,
1592 682 1686 753 5);
1717 677 2068 747 sultjecitjam

481 789 564 841 sui
614 784 858 854 corporis
905 796 1134 837 vocem:
1173 781 1332 841 Pone,
1384 777 1616 839 Domine,
1665 773 1948 830 custodiam
1993 771 2069 824 ori

479 894 614 944 meo,
640 886 688 930 et
721 876 905 930 ostium
928 872 1250 928 continentia:
1285 870 1420 924 circa
1445 868 1579 922 labia
1610 883 1738 919 mea.
1771 865 1884 918 Non
1912 862 2065 927 dixit,

481 971 772 1024 claustrum
803 965 1179 1028 continentize;
1207 961 1319 1025 sed,
1351 961 1554 1014 ostium.
1583 957 1788 1012 Ostium
1811 963 1867 1010 et
1893 953 2071 1024 aperi-

484 1073 570 1116 tur
597 1073 650 1117 ct
678 1059 943 1116 clauditur
971 1076 984 1111 :
1013 1072 1140 1127 ergo
1180 1056 1223 1110 si
1262 1053 1457 1109 ostium
1485 1060 1585 1113 est,
1623 1059 1675 1103 et
1703 1047 1988 1119 aperiatur,
2018 1053 2073 1101 et

482 1151 793 1216 claudatur;
841 1150 1109 1220 aperiatur
1137 1145 1202 1200 ad
1232 1143 1627 1200 confessionem
1660 1139 1884 1209 peccati,
1917 1137 2071 1193 clau-

483 1242 641 1298 datur
677 1241 742 1296 ad
772 1239 1168 1296 excusationem
1210 1233 1430 1306 peccati.
1461 1229 1536 1286 Ita
1572 1230 1852 1307 enim’erit
1876 1227 2072 1284 ostium

486 1331 851 1395 continentiae,
885 1345 991 1384 non
1020 1329 1206 1384 ruina).

556 1424 610 1477 7.
652 1421 788 1488 Quid
829 1421 972 1476 enim
996 1419 1149 1474 nobis
1189 1415 1407 1488 prodest
1441 1414 1544 1469 hoc
1570 1413 1765 1467 ostium
1795 1411 2074 1468 continen-

486 1513 614 1568 tim?
640 1512 766 1583 quid
797 1519 913 1566 orat
933 1525 996 1566 ex
1026 1522 1251 1580 persona
1284 1505 1526 1577 corporis
1553 1503 1840 1560 Christus?
1869 1501 1936 1557 Ut
1973 1518 2074 1556 non

487 1603 726 1667 declines,
758 1601 948 1671 inquit,
973 1617 1065 1655 cor
1087 1615 1252 1653 meum
1274 1599 1328 1652 in
1359 1597 1504 1652 verba
1531 1596 1774 1666 maligna.
1805 1593 1941 1662 Quid
1970 1602 2072 1659 est,

484 1712 573 1748 cor
591 1711 754 1748 meum
775 1695 800 1748 ?
818 1692 925 1747 Cor
947 1689 1200 1746 Ecclesia:
1217 1703 1372 1756 mete,
1388 1702 1483 1743 cor
1499 1686 1678 1756 utique
1696 1684 1937 1755 corporis
1949 1683 2072 1738 mei.

487 1785 658 1841 Verba
706 1785 793 1840 illa
834 1783 1094 1840 attendite
1129 1781 1217 1837 ubi
1248 1781 1402 1836 nobis
1442 1779 1624 1850 regula
1657 1777 1852 1848 ﬁgitur,
1895 1777 2074 1845 Saulc,

485 1878 668 1944 Saule,
708 1877 831 1948 quid
871 1894 950 1932 me
984 1875 1293 1946 persequeris
1330 1874 1468 1944 (Act.
1508 1888 1587 1939 tx,
1616 1871 1713 1942 ψ
1737 1886 1857 1927 cum
1901 1869 2074 1940 ipsum

486 1987 646 2025 nemo
678 1970 957 2040 tetigisset.
1008 1987 1028 2022 ι
1059 1966 1292 2033 Esurivi,
1341 1973 1395 2022 et
1421 1965 1637 2021 cibastis
1671 1979 1789 2028 me;
1818 1963 1981 2027 sitivi,
2023 1971 2078 2018 et

489 2071 671 2130 putum
698 2060 922 2115 dedistis
957 2059 1085 2113 mihi
1120 2075 1135 2112 :
1170 2075 1190 2110 ι
1228 2066 1282 2113 et
1305 2064 1518 2112 etetera.
1551 2055 1616 2109 Et
1645 2054 1718 2108 illi
1751 2071 1765 2108 :
1801 2072 1820 2106 ι
1852 2053 2077 2122 Quando

488 2161 542 2207 te
561 2151 790 2207 vidimus
809 2151 1132 2207 esurientem
1158 2157 1248 2205 aut
1268 2148 1572 2206 sitientem?
1600 2167 1619 2200 ι
1648 2148 1713 2202 Et
1737 2147 1858 2203 ille:
1897 2165 1917 2198 ι
1943 2145 2076 2202 Cum

487 2246 578 2299 uni
593 2262 658 2301 ex
675 2244 910 2300 minimis
929 2244 1063 2300 meis
1080 2242 1298 2309 fecistis,
1313 2241 1441 2296 mihi
1457 2239 1658 2297 fecistis
1680 2259 1699 2292 ι
1717 2239 1927 2310 (Matth.
1945 2255 2074 2306 xxv,

486 2337 578 2403 35,
602 2338 690 2403 37,
709 2337 822 2404 40).
853 2335 975 2390 llaec
993 2333 1307 2390 Christianis
1324 2333 1572 2388 inusitata
1593 2345 1712 2386 esse
1727 2345 1832 2385 non
1856 2328 2074 2398 debent,

486 2425 717 2481 maxime
739 2425 792 2480 in
821 2425 1012 2495 quibus
1040 2424 1236 2494 regula:
1274 2423 1394 2478 lixae
1417 2431 1544 2478 sunt
1575 2431 1631 2477 et
1655 2430 1971 2477 caeterorum
1997 2420 2079 2476 in-

488 2515 928 2585 telligettdorum;
960 2523 1016 2571 et
1034 2524 1126 2570 aut
1153 2531 1259 2570 non
1295 2513 1669 2579 turbabuntur,
1698 2521 1790 2568 aut
1817 2513 1924 2568 cito
1949 2528 2073 2569 eor-

485 2607 743 2676 rigentur.
789 2605 938 2662 Sicut
965 2620 1094 2675 ergo
1135 2605 1206 2660 ibi
1235 2604 1427 2660 dicturi
1472 2612 1596 2659 sunt
1618 2603 1750 2673 justi
1783 2620 1796 2657 :
1830 2603 2074 2671 Domine,

485 2711 652 2765 quare
697 2696 900 2762 dixisti,
951 2694 1175 2761 Esuriri,
1221 2706 1269 2749 et
1307 2694 1516 2750 dedistis
1560 2694 1686 2748 mihi
1726 2694 2076 2749 manducare?

485 2788 692 2858 quando
718 2788 932 2842 vidimus
957 2799 1005 2841 te
1022 2787 1323 2842 esurientem
1340 2786 1367 2840 ?
1395 2794 1446 2842 et
1475 2784 1566 2840 ille
1594 2799 1948 2854 responsurus
1971 2793 2072 2851 est,

487 2879 615 2932 Cum
649 2879 738 2933 uni
766 2895 830 2935 ea:
868 2878 1088 2934 minintis
1114 2879 1236 2934 meis
1264 2879 1475 2949 fecistis,
1504 2877 1628 2931 mihi
1651 2877 1878 2947 fecistis;
1919 2876 1998 2934 sic
2022 2888 2077 2934 et

487 2969 574 3024 hic
599 2969 837 3025 dicamus
857 2971 872 3002 ¹
902 2968 1131 3025 Christo
1153 2969 1317 3037 intus,
1361 2969 1415 3025 in
1445 2969 1696 3025 interiore
1722 2969 1936 3025 homine
1973 2985 2073 3027 no-

485 3068 620 3125 stro,
657 3060 746 3130 qui
761 3059 837 3116 ibi
868 3075 964 3131 per
1002 3060 1162 3116 fidem
1199 3059 1439 3116 habitare
1472 3060 1719 3131 dignatur
1747 3059 1965 3132 (Ephes.
1993 3077 2073 3130 ut,

486 3149 598 3220 Π).
627 3149 742 3206 Non
769 3151 912 3206 enim
935 3150 1130 3206 absens
1149 3159 1232 3207 est
1255 3166 1284 3204 a
1310 3151 1550 3218 nobis,et
1575 3167 1680 3206 non
1709 3159 1793 3207 est
1817 3153 1903 3207 cui
1933 3151 2077 3207 dica-

487 3259 628 3308 mus,
651 3258 776 3298 cum
808 3244 922 3312 ipse
946 3243 1089 3299 dicat
1115 3261 1130 3298 :
1157 3242 1287 3298 Ecce
1311 3259 1403 3315 ego
1427 3244 1677 3299 vobiscum
1700 3261 1810 3299 sum
1832 3261 1986 3316 usque
2007 3245 2077 3298 ad

486 3335 970 3388 consummationem
1003 3333 1177 3388 saeculi
1205 3334 1420 3405 (Matth.
1451 3350 1640 3400 xxvm,
1667 3335 1784 3405 20).
1833 3335 2078 3394 Dicamus

487 3439 619 3493 ergo
663 3423 736 3478 illi
766 3433 821 3478 et
842 3437 960 3489 nos,
991 3415 1244 3494 quoniam
1279 3433 1464 3479 vocem
1502 3423 1620 3493 ejus
1648 3424 1700 3478 in
1741 3423 1842 3480 hoc
1872 3425 2077 3494 psalmo

490 3513 796 3584 accepimus
824 3531 839 3568 :
865 3513 982 3583 ejus
1018 3513 1160 3570 enim
1209 3529 1313 3570 vox
1357 3523 1458 3582 est,
1511 3515 1654 3584 quod
1698 3529 1856 3570 nemo
1897 3524 2073 3586 negat,

497 3625 516 3659 ι
557 3607 800 3662 Elevatio
851 3621 1102 3662 manuum
1153 3621 1392 3662 mearum
1438 3606 1757 3662 sacriﬁcium
1812 3609 2076 3678 vesperti-

491 3713 641 3752 num.
673 3716 692 3750 ι
723 3697 818 3752 Dic
845 3712 975 3769 ergo
999 3706 1393 3768 consequenter
1420 3715 1434 3752 :
1469 3715 1489 3750 ι
1524 3697 1694 3763 Pone,
1720 3697 1962 3764 Domine,
1985 3711 2078 3753 cu-

493 3788 719 3844 stodiam
750 3789 830 3844 ori
860 3803 1004 3856 meo,
1031 3797 1088 3844 et
1119 3789 1316 3845 ostium
1345 3789 1688 3844 continentia:
1710 3789 1911 3845 circum
1941 3789 2078 3844 labia

493 3895 611 3934 mea
632 3897 646 3946 ;
671 3888 730 3934 ut
758 3895 864 3934 non
890 3878 1128 3936 declines
1153 3893 1248 3935 cor
1268 3895 1446 3936 meum
1475 3879 1527 3934 itt
1550 3880 1710 3936 verba
1736 3879 1984 3950 maligna,
2010 3879 2078 3934 ad

488 3971 822 4029 excusandas
839 3972 1212 4029 excusationes
1228 3973 1280 4027 in
1304 3973 1560 4043 peccatis.
1589 3990 1608 4025 ι
1640 3972 1815 4040 Quare
1835 3972 1911 4027 sic
1931 3985 2074 4038 oras,

494 4062 764 4119 Domine?
791 4079 911 4135 quae
940 4071 1158 4135 peccata
1206 4072 1294 4119 tua
1319 4072 1668 4120 excusaturus
1707 4063 1803 4120 es?
1831 4062 2078 4134 Respon-

491 4154 606 4220 det,
636 4154 770 4210 Cum
806 4171 970 4211 unum
1011 4170 1074 4211 ex
1117 4155 1374 4211 membris
1415 4157 1550 4211 meis
1591 4154 1671 4211 sic
1694 4163 1834 4221 orat,
1861 4169 1962 4225 ego
1993 4153 2081 4210 sic

489 4262 591 4303 oro
613 4265 627 4302 :
650 4249 789 4304 sicut
818 4248 887 4304 ibi
919 4247 1212 4319 respondit,
1254 4247 1380 4304 Cum
1407 4249 1495 4303 uni
1517 4265 1580 4304 ea:
1609 4248 1828 4304 minimis
1849 4250 1971 4302 meis
1999 4250 2079 4320 {e-

491 4337 654 4402 cistis,
689 4337 810 4390 milti
841 4337 1047 4408 fecistis.

567 4429 622 4486 8.
661 4427 794 4484 Cum
830 4437 1008 4485 autem
1036 4445 1141 4485 non
1181 4429 1503 4486 declinatum
1532 4429 1691 4490 fuerit
1721 4445 1816 4487 cor
1851 4439 2020 4495 tuum,
2044 4445 2079 4486 ο

496 4519 795 4574 membrum
821 4518 1039 4586 Christi,
1066 4535 1188 4574 cum
1216 4534 1312 4574 cor
1337 4529 1485 4575 tuum
1525 4536 1630 4574 non
1671 4519 1831 4577 fuerit
1855 4521 2082 4578 declina.

496 4619 610 4663 tum
638 4627 656 4661 t
688 4609 738 4663 in
767 4609 927 4664 verba
970 4609 1216 4681 maligna,
1243 4609 1310 4665 ad
1347 4610 1681 4666 excusandas
1709 4613 2084 4670 excusationes

497 4702 552 4756 in
582 4704 834 4770 peccatis,
857 4719 978 4758 cum
1011 4703 1314 4759 hominibus
1341 4703 1687 4774 operantibus
1709 4704 2040 4774 iniquitatem
2065 4723 2080 4773 ;

491 4801 680 4846 etnon
712 4811 731 4846 ι
755 4793 1088 4848 combinabis
1113 4811 1133 4848 ι
1163 4809 1283 4850 cum
1307 4793 1493 4850 electis
1521 4808 1728 4850 eorum.
1757 4813 1776 4846 ι
1809 4794 1920 4851 Hoc
1939 4796 2082 4851 enim

493 4885 775 4955 sequitur:
811 4903 830 4937 ι
866 4885 930 4940 Et
959 4901 1062 4940 non
1102 4885 1421 4942 combinabo
1454 4901 1574 4941 cum
1599 4885 1785 4941 electis
1819 4901 2027 4941 eorum.
2059 4905 2080 4940 ι

493 4975 596 5042 Qui
635 4985 760 5032 sunt
805 4976 959 5032 electi
991 4978 1220 5033 eorum?
1267 4977 1367 5046 Qui
1407 4977 1613 5049 seipsos
1638 4977 1951 5048 justilicant.
1983 4979 2085 5048 Qui

493 5076 622 5124 sunt
660 5068 816 5124 electi
851 5069 1076 5123 eorum?
1105 5069 1206 5138 Qui
1251 5069 1350 5124 sibi
1374 5070 1504 5140 justi
1541 5069 1808 5137 videntur,
1854 5080 1908 5127 et
1954 5087 2084 5127 con-

498 5167 746 5215 temnunt
771 5170 1016 5222 creteros,
1040 5160 1177 5215 sicut
1198 5159 1489 5229 pharismus
1511 5160 1600 5216 ille
1623 5162 1673 5215 itt
1702 5162 1902 5231 templo
1923 5163 2084 5219 dixit:

501 5250 660 5318 Deus,
691 5250 881 5321 gratias
905 5267 1003 5322 ago
1029 5250 1139 5318 tibi,
1166 5252 1286 5321 quia
1313 5268 1413 5306 non
1433 5269 1544 5306 sum
1571 5253 1701 5306 sicut
1724 5254 1892 5307 caueri
1918 5253 2086 5308 homi-

502 5356 589 5394 nes
619 5341 769 5413 (an.
789 5357 940 5408 xvnt,
962 5342 1072 5413 ll).
1103 5341 1204 5410 Qui
1231 5351 1356 5397 sunt
1383 5342 1534 5396 electi
1557 5343 1786 5398 eorum?
1813 5342 1912 5396 Hic
1938 5344 2088 5399 homo

503 5432 547 5484 si
572 5434 817 5502 propheta
842 5443 988 5502 esset,
1020 5435 1167 5490 sciret
1193 5450 1305 5504 qtae
1345 5435 1525 5488 mulier
1566 5435 1642 5489 illi
1670 5437 1877 5502 accessit
1903 5437 1972 5489 ad
2001 5452 2090 5507 pc-

498 5521 606 5576 des.
639 5524 939 5591 Agnoscitis
975 5540 1162 5582 vocem
1203 5525 1424 5580 alterius
1455 5525 1721 5600 pharisa‘i,
1775 5527 1863 5596 qui
1912 5527 2090 5583 Domi-

500 5679 590 5790 m;
620 5681 750 5739 add,
788 5695 837 5732 tn
864 5683 1072 5734 (fitt'isto.
1114 5681 1414 5743 Particulam,
1460 5681 1528 5744 in,
1556 5697 1652 5733 non
1696 5697 1870 5734 omnes
1908 5685 2091 5736 habent

1719 293 1775 350 S.
1817 283 2178 347 AUGUSTIN!
2222 287 2518 346 EPISCOI‘I

3627 291 3753 346 1320

2176 415 2301 454 num
2331 401 2666 466 invitaverat,
2693 398 2906 470 quando
2951 398 3144 480 mulier
3171 399 3259 452 illa
3290 415 3409 468 qua:
3446 411 3564 454 erat
3596 405 3648 456 in
3681 411 3757 456 ri-

2174 492 2336 546 vitate
2359 493 2643 562 peccatrix,
2683 492 2828 546 venit
2855 501 2910 546 et
2937 492 3165 546 accessit
3186 491 3253 545 ad
3287 492 3451 561 pedes
3484 493 3640 563 ejus?
3672 498 3759 549 Illa

2175 581 2462 651 impudica,
2498 582 2764 652 quondam
2794 581 3029 638 frontosa
3071 581 3135 637 ad
3166 583 3592 648 fornicationem,
3621 589 3763 639 tron-

2176 676 2342 730 tosior
2355 676 2421 729 ad
2443 675 2691 738 salutem,
2722 673 2910 743 irrupit
2937 675 2987 728 in
3014 673 3231 728 domum
3261 674 3508 728 alienam.
3538 677 3643 730 Sed
3675 678 3765 731 ille

2175 766 2266 836 qui
2302 765 2372 820 ibi
2403 765 2790 831 discumbebat,
2821 781 2927 820 tton
2958 774 3074 820 erat
3101 766 3328 820 alienus.
3363 766 3480 820 Non
3509 763 3766 824 extranea

2176 856 2468 928 quemlibet
2497 857 2798 921 conviVam,
2829 856 2923 912 sed
2948 857 3142 912 ancilla
3185 857 3467 912 Dominum
3496 875 3651 913 suum
3681 876 3770 915 se-

2175 957 2296 1006 cuta
2338 958 2441 1004 est.
2484 949 2726 1003 AcceSsit
2755 948 2822 1002 ad
2853 948 3034 1017 pedes,
3064 949 3186 1017 quia
3219 951 3335 1018 ejus
3364 952 3585 1020 vestigia
3615 955 3769 1022 sequi

2177 1041 2452 1112 cupiebat;
2485 1042 2612 1096 lavit
2639 1041 2906 1113 lacrymis,
2939 1042 3093 1096 tersit
3118 1041 3343 1112 capillis.
3375 1043 3546 1098 Pedes
3565 1046 3768 1101 Christi

2177 1134 2268 1204 qui
2303 1143 2446 1199 sunt,
2479 1135 2578 1190 nisi
2611 1149 2706 1204 per
2740 1149 2874 1204 quos
2918 1136 3217 1205 peragravit
3248 1145 3417 1191 totum
3471 1139 3768 1194 mundum?

2180 1225 2346 1292 Quam
2371 1226 2582 1297 speciosi
2610 1227 2761 1296 pedes
2794 1242 2967 1280 eorum
2993 1227 3081 1296 qui
3121 1228 3424 1282 annuntiant
3451 1246 3646 1299 pacem,
3682 1233 3772 1299 qui

2177 1317 2480 1371 annuntiant
2506 1316 2637 1371 bona
2663 1316 2814 1388 (lsai.
2838 1332 2928 1382 ιιι,
2950 1318 2982 1371 7
3007 1334 3021 1384 ;
3049 1315 3195 1372 Rom.
3225 1335 3277 1384 x,
3307 1319 3424 1390 ιδῃ
3447 1319 3620 1378 Pedes
3639 1338 3773 1393 ergo

2182 1409 2392 1466 Domini
2421 1411 2604 1482 quanti
2634 1419 3006 1480 susceperunt,
3039 1420 3094 1465 ut
3118 1412 3460 1482 suscipiendo
3481 1413 3685 1484 justum
3717 1417 3770 1470 in

2181 1502 2397 1556 nomine
2415 1501 2563 1573 justi,
2592 1501 2896 1558 mercedem
2926 1502 3048 1570 iusti
3075 1503 3411 1573 acciperent;
3439 1514 3494 1561 et
3516 1522 3775 1578 suscepe-

2181 1602 2305 1647 runt
2341 1593 2653 1663 prophetam
2686 1593 2741 1648 in
2780 1592 2996 1648 nomine
3025 1592 3320 1663 prophetat,
3353 1604 3414 1651 ut
3462 1599 3773 1654 mercedem

2182 1684 2455 1755 propheta:
2481 1683 2822 1754 acciperent!
2870 1701 2890 1736 ι
2922 1683 2990 1739 Et
3013 1684 3336 1755 quicumque
3377 1696 3560 1756 potum
3603 1689 3772 1745 dede-

2181 1775 2272 1841 rit,
2304 1794 2323 1828 ι
2365 1775 2556 1846 inquit,
2605 1791 2624 1827 t
2656 1775 2747 1830 uni
2794 1789 2861 1831 ex
2909 1775 3143 1830 minimis
3181 1775 3295 1832 istis
3340 1777 3562 1834 calicem
3613 1796 3777 1851 aqua:

2183 1863 2405 1936 frigidas,
2431 1873 2632 1920 tantum
2655 1865 2708 1920 in
2737 1865 2952 1921 nomine
2971 1865 3240 1935 discipuli,
3260 1882 3415 1923 amen
3441 1868 3564 1924 dico
3593 1873 3775 1939 vobis,

2183 1970 2289 2012 non
2318 1956 2505 2027 perdet
2525 1956 2826 2012 mercedem
2853 1972 3006 2013 suam
3035 1976 3054 2010 ι
3085 1956 3297 2031 (Matth.
3328 1975 3384 2027 x,
3405 1961 3495 2030 41,
3525 1963 3640 2034 42).
3671 1965 3777 2031 Qui

2181 2061 2310 2118 ergo
2357 2047 2447 2101 tali
2487 2048 2817 2104 humanitate
2863 2048 3027 2119 pedes
3072 2049 3279 2105 Domini
3328 2055 3584 2124 suscepit,
3641 2057 3775 2126 quid

2183 2138 2461 2208 impendit,
2504 2139 2606 2194 nisi
2636 2155 2757 2210 qute
2794 2139 3024 2196 habebat
3055 2141 3109 2196 in
3135 2140 3297 2197 domo
3321 2145 3589 2215 superﬂua
3610 2149 3635 2201 ?
3661 2149 3777 2206 Meo

2181 2230 2287 2285 rito
2325 2230 2446 2301 quia
2477 2230 2652 2301 capilli
2681 2232 2832 2302 quasi
2871 2231 3124 2303 superﬂui
3155 2244 3299 2303 sunt,
3331 2237 3456 2293 inde
3488 2239 3576 2294 illa
3605 2243 3774 2310 pedes

2185 2320 2390 2377 Domini
2438 2321 2768 2394 detergebat.
2814 2323 3098 2395 Superﬂua
3148 2335 3237 2382 tua
3285 2332 3590 2387 necessaria
3637 2334 3774 2389 littnt

2183 2414 2298 2481 tibi,
2333 2417 2380 2470 si
2411 2415 2536 2472 inde
2565 2415 2734 2473 fueris
2775 2417 3060 2474 obsecutus
3100 2418 3321 2489 pedibus
3363 2421 3592 2476 Domini.
3629 2425 3773 2496 Ergo

2182 2505 2270 2561 illa
2295 2507 2470 2563 curari
2496 2506 2726 2574 volebat,
2753 2509 2966 2565 conseia
2991 2511 3168 2581 magni
3191 2511 3449 2568 vulneris.
3482 2515 3588 2569 Sed
3618 2533 3775 2571 nunt-

2180 2600 2306 2671 quid
2352 2615 2601 2672 magnum
2637 2603 2849 2670 vulnus,
2877 2609 2932 2657 et
2972 2617 3166 2672 parvus
3210 2603 3486 2660 medicus?
3513 2607 3771 2665 Phariszei

2181 2700 2358 2747 autem
2416 2691 2670 2747 nolebant
2727 2705 2788 2748 se
2836 2692 2980 2764 tangi
3037 2693 3107 2750 ab
3151 2694 3478 2763 immundis,
3531 2699 3773 2755 vitabant

2180 2796 2394 2837 omnem
2435 2790 2740 2838 contactum
2770 2792 3148 2854 peccatorum;
3183 2769 3248 2842 et
3295 2786 3339 2840 si
3383 2787 3602 2856 quando
3640 2790 3773 2846 forte

2181 2874 2497 2929 necessitate
2548 2873 2934 2945 tangebantttr,
3003 2875 3289 2932 abluebant
3347 2893 3426 2932 se.
3485 2879 3552 2934 Et
3606 2897 3774 2951 prope

2181 2966 2520 3036 baptizabant
2544 2981 2640 3038 per
2663 2983 2851 3024 omnes
2895 2967 3056 3024 horas
3098 2983 3202 3024 non
3246 2977 3450 3025 tantum
3487 2987 3565 3038 se,
3593 2975 3693 3028 scd
3721 2985 3776 3030 et

2180 3072 2305 3113 vasa
2331 3072 2448 3126 sua,
2473 3058 2640 3114 lectos
2660 3072 2804 3123 suos,
2826 3058 3040 3127 calices,
3064 3061 3398 3131 paropsides,
3424 3067 3568 3122 sicut
3595 3065 3775 3121 Domi-

2181 3167 2282 3206 nus
2307 3151 2358 3205 itt
2403 3151 2689 3222 Evangelio
2717 3161 3106 3207 commemorat
3151 3150 3260 3222 (Id.
3299 3169 3450 3218 xxm,
3491 3154 3608 3224 25).
3639 3157 3773 3210 Cum

2181 3256 2309 3312 ergo
2337 3241 2426 3297 ille
2459 3241 2754 3312 pharisazus
2782 3251 2967 3298 nosset
2996 3241 3134 3298 hanc
3174 3243 3474 3310 mulierem,
3515 3261 3641 3316 quas
3679 3248 3776 3300 uti-

2181 3347 2285 3403 que
2313 3333 2356 3387 si
2387 3331 2455 3386 ad
2497 3331 2662 3402 pedes
2689 3331 2831 3388 illius
2861 3332 3113 3403 pharisaei
3151 3332 3454 3400 accederet,
3488 3339 3776 3405 repelleret

2182 3435 2318 3486 eam,
2339 3436 2407 3477 ne
2433 3421 2688 3476 sanctitas
2707 3421 2826 3492 ejus
2844 3421 3172 3492 pollueretur
3186 3413 3461 3488 {habebat
3487 3425 3635 3480 enim
3658 3441 3773 3481 eam

2183 3510 2239 3566 in
2265 3526 2510 3581 corpore,
2537 3527 2642 3567 non
2666 3513 2717 3567 in
2744 3512 2941 3578 corde;
2969 3523 3023 3568 et
3047 3513 3168 3584 quia
3195 3528 3299 3569 non
3325 3513 3555 3570 habebat
3579 3531 3702 3570 eam
3725 3519 3774 3571 iu

2182 3603 2366 3669 corde,
2393 3604 2578 3675 utique
2607 3603 2794 3660 falsam
2842 3604 3072 3661 habebat
3099 3606 3152 3660 in
3191 3621 3420 3676 corpore
3449 3625 3463 3661 :
3490 3609 3616 3678 quia
3647 3625 3774 3678 ergo

2185 3695 2276 3751 ille
2303 3710 2421 3750 eam
2449 3695 2962 3765 repulsurus.esset,
2994 3712 3117 3752 cum
3147 3696 3249 3752 hoc
3276 3697 3535 3753 Dominus
3561 3714 3671 3754 non
3700 3703 3776 3754 te-

2184 3786 2277 3854 cit,
2319 3786 2644 3842 existimavit
2679 3801 2802 3843 eum
2845 3788 3055 3843 nescire
3080 3801 3200 3857 qua:
3238 3787 3327 3842 illa
3370 3797 3535 3854 esset,
3563 3797 3618 3844 et
3644 3789 3778 3843 dixit

2184 3879 2324 3949 apud
2371 3881 2741 3950 semetipsum,
2785 3879 2886 3934 llic
2928 3881 2974 3936 si
3009 3890 3134 3936 esset
3173 3882 3440 3952 praphcta,
3485 3884 3638 3937 sciret
3667 3899 3781 3953 (ιιιιε

2184 3971 2366 4026 mulier
2382 3971 2459 4025 illi
2473 3971 2682 4026 accessit
2704 3971 2774 4025 ad
2795 3972 2964 4041 pedes.
2993 3970 3109 4027 Non
3129 3971 3284 4039 dixit,
3305 3973 3590 4043 repulisset
3612 3991 3734 4029 eam
3762 3993 3775 4030 :

2185 4062 2301 4130 sed,
2327 4062 2476 4118 sciret
2497 4077 2612 4134 qua:
2629 4070 2806 4129 esset;
2839 4071 3090 4133 tanquam
3115 4071 3261 4118 esset
3285 4078 3626 4134 consequens
3655 4075 3713 4118 ut
3736 4065 3781 4120 si

2185 4153 2368 4220 sciret,
2399 4153 2702 4225 repelleret.
2733 4152 2811 4208 Ex
2840 4152 2932 4208 illo
2958 4167 3088 4222 ergo
3109 4151 3252 4224 quod
3278 4166 3383 4207 non
3409 4168 3529 4208 eam
3553 4154 3775 4222 repulit,

2185 4245 2346 4300 etiam
2375 4243 2611 4301 nescisse
2636 4259 2759 4300 eum
2789 4259 2887 4314 pro
2927 4252 3078 4300 certo
3118 4245 3416 4313 suspicatus
3455 4253 3556 4300 est.
3591 4245 3780 4300 Domi-

2187 4350 2288 4390 nus
2338 4343 2518 4390 autem
2565 4335 2646 4390 sic
2683 4333 2913 4389 habebat
2936 4334 3122 4390 oculos
3144 4335 3199 4389 in
3221 4333 3364 4390 illam
3391 4333 3700 4399 mulierem,
3726 4343 3784 4388 ut

2188 4441 2346 4483 aures
2385 4426 2606 4483 haberet
2636 4427 2690 4482 in
2725 4441 2820 4481 cor
2858 4426 3129 4497 pharisasi.
3163 4427 3342 4497 Itaque
3367 4427 3546 4481 audita
3573 4429 3783 4498 cogita-

2188 4519 2332 4574 tione
2350 4519 2487 4589 ejus,
2508 4518 2782 4589 proposuit
2801 4519 3204 4574 similitudinem
3221 4533 3378 4589 quam
3401 4519 3593 4574 nostis.
3619 4539 3641 4572 ι
3671 4521 3784 4574 Duo

2189 4609 2461 4666 debitores
2499 4619 2655 4666 erant
2691 4609 2902 4665 cuidam
2931 4609 3253 4676 feueratori;
3298 4624 3436 4664 unus
3474 4610 3526 4666 ei
3555 4609 3786 4665 debebat

2189 4703 2510 4774 quingentos
2545 4702 2815 4766 denarios,
2857 4701 2995 4756 alter
3037 4703 3419 4772 quinquaginta
3451 4721 3464 4756 :
3496 4718 3625 4757 cum
3675 4719 3780 4755 non

2193 4795 2455 4852 haberent
2496 4796 2657 4851 ambo
2699 4796 2840 4852 unde
2885 4795 3190 4863 redderent,
3237 4796 3456 4850 donavit
3499 4797 3786 4851 ambobus.

2191 4887 2385 4956 Quaero
2413 4887 2508 4942 abs
2549 4895 2625 4953 te,
2657 4905 2676 4938 ι
2709 4885 2901 4957 inquit,
2947 4905 2966 4939 ι
2994 4886 3114 4956 quis
3155 4901 3277 4940 eum
3308 4887 3426 4956 plus
3470 4887 3700 4941 dilexit!
3727 4888 3790 4940 Et

2192 4977 2284 5034 ille
2332 4977 2628 5048 reSpmtdit,
2657 4995 2678 5029 ι
2726 4977 2835 5047 jam
2880 4986 3096 5032 coactus
3132 4979 3357 5032 veritate
3398 4977 3660 5033 adversus
3707 4993 3793 5032 se-

2193 5068 2366 5139 ipsum
2398 5067 2638 5138 proferre
2678 5065 2995 5122 sententiam
3025 5084 3040 5122 :
3075 5085 3095 5119 ι
3117 5066 3312 5131 Credo,
3348 5086 3368 5120 ι
3402 5067 3594 5136 inquit,
3631 5087 3650 5120 t
3690 5069 3792 5122 Do.

2196 5160 2360 5227 mine,
2388 5159 2510 5230 quia
2539 5159 2626 5215 ille
2651 5159 2736 5214 cui
2767 5159 2887 5229 plus
2906 5157 3143 5213 donavit.
3166 5158 3231 5213 Et
3255 5173 3548 5213 conversus
3572 5159 3638 5213 ad
3673 5175 3790 5212 ntu-

2198 5253 2406 5317 lieretn,
2449 5251 2584 5306 dixit
2624 5251 2690 5306 ad
2725 5249 3041 5306 Simonem:
3069 5249 3229 5305 Vides
3267 5251 3424 5304 istam
3465 5249 3791 5307 mulierem?

2198 5343 2414 5400 lutroivi
2445 5345 2496 5398 in
2532 5343 2747 5399 domum
2777 5352 2920 5398 tuam
2953 5360 2967 5396 :
2999 5343 3243 5399 osculum
3267 5342 3395 5396 tnihi
3425 5357 3530 5396 non
3563 5341 3788 5403 dedisti;

2199 5436 2284 5490 illa
2313 5445 2491 5490 autem
2518 5449 2620 5489 non
2647 5434 2932 5489 intermisit
2950 5434 3113 5505 pedes
3136 5450 3283 5489 meos
3308 5433 3540 5488 osculari
3562 5451 3574 5485 :
3595 5449 3786 5502 aquam

2199 5527 2326 5582 mihi
2366 5526 2433 5581 ad
2466 5525 2627 5596 pedes
2671 5541 2776 5581 non
2819 5526 3042 5592 dedisti;
3075 5526 3162 5580 illa
3212 5525 3462 5596 lacrymis
3505 5525 3618 5579 suis
3665 5525 3790 5576 latit

2199 5619 2328 5675 mihi
2356 5619 2520 5690 pedes
2552 5636 2564 5671 :
2599 5619 2779 5674 oleum
2817 5618 2946 5674 mihi
2993 5635 3096 5673 non
3126 5617 3349 5682 dedisti;
3393 5619 3477 5671 illa
3509 5618 3653 5671 unxit
3686 5632 3788 5668 un-

2199 5724 2417 5786 guento.
2451 5713 2673 5782 Propter
2715 5711 2854 5783 quod
2895 5711 3015 5768 dico
3054 5711 3147 5766 tibi
3177 5727 3192 5768 :
3221 5710 3559 5766 dimittuntur
3587 5708 3631 5764 ci
3661 5722 3785 5779 pec-
