4082 6204
379 329 508 387 I82!

371 454 490 495 rata
540 438 735 504 multa,
789 437 1036 508 quoniam
1085 434 1268 490 dilexit
1308 435 1573 489 tnultunn
1637 435 1796 503 (Luc.
1843 450 1944 497 vn,

373 531 585 604 36-“).
631 530 842 598 Quare?
872 530 1003 597 Quia
1037 527 1279 583 confessa
1328 536 1428 591 est,
1460 528 1581 596 quia
1624 527 1789 589 flevit,
1831 527 1950 595 quia

374 641 481 680 non
521 624 844 679 declinatum
873 633 954 676 est
983 632 1078 675 cor
1104 621 1220 690 ejus
1245 620 1296 674 in
1330 619 1489 674 verba
1519 617 1745 688 maligna
1770 617 1836 672 ad
1862 634 1952 671 ex-

372 714 637 770 cusandas
663 712 1031 768 excusationes
1057 711 1109 765 in
1139 712 1390 781 peccatis,
1415 725 1518 765 non
1543 709 1843 765 combinata
1872 717 1954 764 est

371 822 496 862 eum
523 804 707 861 electis
741 819 946 867 eorum,
982 801 1033 857 id
1060 810 1159 868 est,
1189 801 1598 857 defendentibus
1621 817 1699 856 sc.

442 897 500 952 9.
541 895 656 950 Non
690 893 833 949 enim
863 903 919 949 et
954 892 1078 948 huic
1106 892 1204 962 ipsi
1239 891 1470 955 mulieri.
1515 891 1561 945 si
1590 890 1952 946 declinaretur

367 1000 467 1045 cur
495 987 611 1058 ejus
641 987 694 1041 in
721 986 882 1040 verba
925 987 1174 1056 maligna,
1203 985 1414 1039 deesset
1439 982 1682 1039 defensio
1705 991 1952 1054 peccato—

368 1095 512 1136 rum.
543 1079 736 1133 Annon
765 1077 998 1147 quotidie
1037 1091 1189 1146 pares
1228 1075 1344 1147 ejus
1391 1076 1442 1130 in
1475 1075 1816 1145 turpitudine,
1856 1075 1953 1130 sed

368 1187 479 1226 non
517 1185 678 1241 pares
715 1169 766 1224 in
797 1168 1156 1235 confessione,
1187 1169 1518 1233 meretrices,
1551 1167 1824 1234 adulterae,
1854 1166 1953 1221 lla-

366 1262 577 1332 gitiosaa
601 1259 897 1315 defendunt
936 1267 1155 1328 peccata
1183 1257 1318 1312 sua?
1342 1256 1400 1313 Si
1426 1257 1694 1320 latuerint,
1727 1264 1951 1326 negant;

369 1354 417 1409 si
461 1361 640 1408 autem
672 1351 758 1408 vel
783 1350 1133 1421 deprehensae
1157 1358 1314 1419 atque
1340 1349 1596 1404 convicta:
1624 1347 1841 1414 fuerint,
1871 1345 1952 1400 vel

368 1446 582 1516 publice
605 1443 660 1501 id
686 1445 911 1516 egerint,
949 1442 1259 1499 defendunt.
1297 1443 1365 1497 Et
1389 1457 1545 1512 quam
1577 1440 1746 1495 facilis
1768 1438 1950 1495 defen-

369 1540 453 1594 sio
481 1553 687 1604 earum,
714 1553 872 1609 quam
897 1536 1022 1604 cita,
1051 1536 1143 1591 sed
1174 1551 1330 1604 quam
1364 1547 1620 1605 praeceps,
1645 1548 1801 1604 quam
1822 1548 1954 1604 quo-

371 1631 570 1686 tidiana
591 1639 646 1685 et
670 1645 826 1700 quam
854 1629 1145 1700 sacrilega!
1177 1627 1222 1684 Ο
1252 1628 1295 1684 si
1327 1627 1469 1684 Deus
1498 1627 1598 1682 hoc
1625 1627 1812 1693 nollet,
1847 1643 1952 1683 non

370 1721 634 1776 facerem!
680 1721 791 1776 Hoc
820 1719 990 1776 voluit
1030 1721 1186 1781 Dens.
1232 1718 1438 1774 fortuna
1482 1717 1584 1774 hoc
1619 1718 1806 1781 voluit,
1855 1717 1954 1772 hue

369 1812 538 1866 voluit
553 1812 736 1865 fatum.
755 1810 867 1865 Non
888 1809 1036 1875 dicit,
1060 1809 1166 1880 Ego
1179 1809 1305 1872 Δία-ἱ,
1322 1809 1555 1874 Domine,
1574 1810 1806 1863 miserere
1821 1809 1916 1861 mei
1933 1824 1954 1872 ,°

372 1919 479 1956 non
510 1902 777 1972 quomodo
798 1902 888 1956 illa
919 1901 1182 1971 peccatrix
1207 1901 1272 1955 ad
1303 1901 1462 1970 pedes
1488 1900 1678 1954 medici
1709 1899 1949 1967 veniens,

372 1993 518 2046 Sana
556 1993 778 2044 animant
823 2008 1003 2055 meam,
1034 1992 1271 2061 quoniam
1297 1991 1496 2061 peccavi
1532 1991 1619 2043 tibi
1649 1988 1823 2058 (Paul.
1857 2005 1950 2056 XL,

371 2086 446 2151 5).
491 2085 557 2139 Et
592 2088 713 2151 ista,
756 2084 948 2139 fratres
987 2085 1112 2151 mei,
1150 2083 1388 2138 defensio
1416 2081 1650 2151 qualium
1690 2083 1812 2137 est?
1839 2081 1953 2136 Non

373 2176 543 2231 solum
577 2176 932 2239 indoeturttm,
973 2174 1066 2228 sed
1107 2174 1265 2228 etiam
1296 2173 1598 2228 doctorum.
1644 2171 1864 2236 Sedent,
1903 2181 1957 2226 et

370 2278 683 2338 computant
711 2267 882 2323 sidera
907 2284 920 2330 ;
953 2267 1227 2321 intervalla
1247 2267 1287 2327 ¹.
1333 2279 1542 2329 cursus,
1570 2263 1953 2331 volubilitatcs,

371 2370 561 2427 status,
587 2367 760 2414 motus
777 2357 1073 2419 intendunt,
1098 2356 1424 2422 describunt,
1449 2355 1754 2424 conjiciunt.
1784 2353 1953 2421 Docti,

373 2453 551 2523 magni
580 2451 843 2506 videntur.
873 2449 1066 2504 Totum
1099 2449 1200 2504 hoc
1223 2448 1441 2502 doctum
1483 2455 1537 2501 et
1565 2460 1837 2516 maguum,
1863 2443 1958 2499 de-

375 2545 546 2600 fensio
571 2543 770 2615 peccati
800 2551 901 2597 est.
934 2540 1054 2596 Eris
1075 2540 1305 2606 adulter,
1332 2539 1454 2608 quia
1483 2537 1560 2592 sic
1582 2536 1746 2591 habes
1775 2533 1953 2590 Vene-

374 2653 532 2691 rem:
563 2635 670 2690 eris
711 2632 997 2698 homicida,
1044 2632 1166 2702 quia
1213 2630 1291 2684 sic
1330 2628 1495 2684 habes
1538 2626 1778 2688 Martem.
1819 2624 1958 2679 Mars

371 2739 502 2796 ergo
527 2725 814 2791 homicida,
856 2739 961 2777 non
989 2732 1080 2787 tu;
1125 2730 1179 2776 et
1203 2718 1385 2776 Venus
1422 2718 1686 2784 adultera,
1733 2731 1838 2771 non
1878 2724 1955 2770 ιιι.

373 2819 506 2874 Vide
545 2834 614 2873 ne
643 2827 698 2873 ct
741 2832 838 2888 pro
876 2816 1042 2870 Marte
1089 2823 1145 2869 et
1189 2828 1287 2883 pro
1318 2811 1524 2867 Venere
1567 2820 1620 2865 tu
1661 2810 1955 2866 damneris.

377 2911 520 2965 licus
557 2910 700 2964 enim
727 2909 815 2978 qui
846 2907 1193 2963 damnaturus
1221 2913 1323 2970 est,
1356 2904 1502 2959 novit
1527 2905 1648 2974 quia
1678 2912 1731 2956 tu
1757 2917 1834 2967 es,
1868 2902 1958 2972 qui

371 3000 530 3067 dicis,
563 2999 680 3055 Non
712 3014 834 3070 ego,
856 2997 1020 3068 judici
1052 2997 1261 3052 scienti.
1290 2995 1454 3050 Porro
1483 2995 1595 3063 ipse
1619 2993 1956 3048 mathemati-

373 3108 471 3149 cus
497 3091 586 3161 qui
616 3091 706 3146 tibi
735 3089 939 3145 fabulas
980 3089 1292 3158 laqueorum
1326 3094 1535 3141 tuorttm
1561 3084 1723 3139 etiam
1751 3083 1955 3150 vendit,

373 3194 433 3236 ut
480 3198 585 3236 non
619 3182 701 3237 vel
731 3181 1014 3250 gratuitam
1055 3192 1334 3248 compares
1373 3185 1597 3231 mortem
1630 3175 1790 3246 (emis
1815 3175 1957 3230 enim

373 3281 606 3328 mortem
635 3287 665 3326 a
713 3268 1086 3325 mathematice
1115 3267 1309 3338 pretio,
1341 3266 1433 3337 qui
1472 3265 1842 3335 contempsisti
1883 3264 1961 3319 vi-

377 3375 482 3418 tam
503 3379 532 3416 a
557 3362 769 3418 Christo
795 3359 981 3431 gratis)
1009 3359 1160 3428 :ipsc
1179 3373 1308 3428 ergo
1335 3356 1738 3411 mathematicus
1761 3355 1804 3410 si
1827 3369 1963 3410 uxo-

377 3469 491 3510 rem
529 3468 679 3508 suam
725 3452 883 3522 paulo
913 3450 1238 3521 petulantius
1268 3448 1463 3504 viderit
1505 3449 1832 3514 conversari,
1870 3455 1964 3502 aut

377 3547 586 3617 aliquos
635 3546 842 3601 alienos
899 3542 1144 3614 improbe
1183 3541 1481 3607 attendere,
1537 3548 1628 3595 aut
1671 3539 1961 3595 fenestram

376 3638 571 3693 crebro
597 3645 874 3706 repetere;
920 3650 1096 3691 nonne
1125 3634 1332 3703 arripit,
1363 3632 1633 3694 verberat,
1679 3638 1733 3685 et
1757 3629 1850 3684 dat
1877 3629 1962 3683 di-

381 3727 666 3797 sciplinam
710 3725 764 3780 in
805 3725 965 3780 domo
1005 3722 1142 3780 sua?
1184 3721 1527 3792 Respondeat
1571 3720 1650 3774 illi
1698 3733 1875 3774 uxor:
1907 3718 1963 3774 Si

378 3829 553 3889 potes,
585 3817 846 3874 Venerem
871 3817 1037 3882 caede,
1061 3831 1169 3870 non
1198 3830 1302 3870 me.
1334 3813 1525 3869 Nonne
1546 3819 1603 3874 ct
1631 3812 1719 3866 ille
1737 3825 1963 3881 respon-

377 3912 528 3967 debit
555 3929 572 3966 :
597 3911 784 3978 Fatua,
811 3910 955 3965 aliud
991 3920 1075 3965 est
1100 3907 1244 3978 quod
1283 3907 1540 3977 competit
1577 3905 1792 3971 rectori,
1823 3903 1966 3960 aliud

379 4003 521 4072 quod
551 4004 816 4072 profertur
836 3999 1105 4070 emptori?
1136 3999 1278 4070 Ergo
1307 3998 1461 4054 electi
1487 4011 1672 4052 eorum
1694 3995 1785 4067 qui
1809 3996 1967 4052 sunt?

382 4094 550 4149 Electi
595 4093 880 4159 tnalorum,
920 4091 1076 4146 electi
1118 4090 1429 4161 impiorum,
1459 4104 1581 4144 cum
1623 4087 1814 4157 quibus
1860 4103 1965 4142 non

381 4193 465 4238 cst
503 4182 939 4248 combinandum,
986 4180 1038 4236 id
1081 4190 1190 4255 est,
1216 4194 1338 4234 eum
1382 4178 1576 4249 quibus
1623 4191 1728 4231 non
1759 4184 1842 4232 est
1874 4175 1970 4230 ha-

381 4273 557 4328 benda
583 4273 832 4328 societas.
862 4272 962 4339 Qui
1006 4280 1132 4327 sunt
1171 4270 1388 4326 autem?
1427 4268 1763 4324 Arbitrantes
1789 4281 1848 4322 se
1885 4267 1969 4335 ju-

378 4378 516 4435 ειυς,
547 4377 599 4422 et
626 4376 1032 4422 contemnentes
1056 4373 1286 4420 caeteros
1303 4362 1453 4433 quasi
1479 4371 1806 4431 peccatores,
1833 4359 1971 4414 sicut

379 4467 538 4514 erant
567 4458 642 4512 illi
675 4457 921 4528 pharisaei
953 4472 966 4510 ε
994 4464 1086 4510 aut
1120 4455 1241 4526 quia
1286 4455 1398 4524 ipsa
1429 4461 1642 4523 peccata
1686 4450 1972 4513 manifeste

379 4550 469 4605 vel
491 4548 993 4618 deprehenduntur,
1021 4546 1105 4602 vel
1129 4545 1335 4616 publice
1363 4544 1514 4610 fiunt,
1546 4541 1892 4598 defendentes
1918 4550 1974 4597 et

381 4650 711 4706 asserentes,
759 4657 826 4695 ne
851 4638 1050 4710 aliquid
1077 4638 1247 4706 culpae
1281 4651 1467 4692 eorum
1509 4636 1807 4701 tribuatur;
1836 4643 1891 4690 et
1916 4644 1974 4689 ut

383 4733 486 4804 ipsi
527 4733 658 4788 nihil
708 4732 832 4786 mali
880 4731 1072 4787 fecisse
1108 4727 1436 4800 judicentur,
1482 4726 1578 4783 sed
1609 4735 1777 4782 totum
1807 4726 1971 4793 Deus,

379 4826 475 4895 qui
501 4824 583 4880 vel
610 4824 692 4879 sic
713 4823 914 4879 creavit
942 4821 1235 4886 hominem,
1272 4820 1476 4886 dicunt,
1508 4818 1590 4872 vel
1617 4817 1799 4872 stellas
1827 4830 1976 4871 com-

383 4917 586 4986 posuit,
613 4916 700 4970 vel
748 4929 837 4970 res
877 4915 1137 4967 humanas
1180 4910 1416 4981 negligit.
1461 4907 1807 4963 Defensioncs
1849 4913 1977 4961 sunt

379 5007 678 5062 electorum
710 5003 911 5058 saeculi.
943 5002 1049 5058 Sed
1071 5002 1214 5056 dicat
1258 4999 1553 5055 membrum
1590 4996 1808 5061 Christi,
1833 4996 1977 5050 dicat

380 5112 580 5166 θυι-ρης
618 5094 839 5160 Christi,
884 5093 1028 5149 dicat
1067 5091 1308 5148 Christus
1347 5105 1414 5146 ex
1461 5103 1687 5158 persona
1734 5087 1977 5157 corporis

379 5187 490 5252 sui,
532 5203 552 5238 ι
579 5184 696 5240 Non
725 5184 963 5238 declines
1005 5199 1099 5237 cor
1126 5197 1301 5237 meum
1336 5180 1391 5234 in
1416 5180 1577 5234 verba
1619 5178 1870 5247 maligna,
1907 5175 1976 5230 ad

379 5274 724 5332 excusandas
747 5273 1119 5328 excusationes
1157 5271 1211 5325 in
1239 5269 1489 5340 peccatis,
1519 5283 1640 5324 cum
1673 5267 1978 5321 hominibus

381 5365 735 5436 operantibus
762 5363 1093 5433 iniquitatem
1119 5377 1135 5426 ;
1166 5371 1220 5416 et
1246 5377 1350 5416 non
1375 5359 1690 5415 combinaho
1719 5372 1840 5412 cum
1864 5356 1978 5412 ele-

379 5459 487 5514 ctis
512 5473 721 5512 eorum.
761 5476 779 5508 ι

462 5544 551 5604 lO'.
579 5549 776 5613 Nostis,
809 5547 1016 5611 fratres,
1038 5544 1177 5615 quod
1206 5562 1309 5598 non
1335 5553 1415 5599 est
1439 5539 1970 5613 praetermittendum,

381 5640 542 5712 quasi
567 5638 740 5708 justos
760 5637 1138 5692 eminentiores
1159 5635 1210 5689 in
1237 5650 1296 5689 se
1324 5644 1564 5689 tenentes
1591 5633 1730 5688 velut
1753 5632 1977 5702 primum

457 5773 474 5804 '
513 5779 644 5824 Cutis
661 5777 769 5833 Its,
789 5767 1004 5820 siderum
1033 5766 1298 5818 Dttervalta.

1547 323 1942 380 ENARRATIO
1980 322 2045 378 ΙΝ
2084 325 2405 386 PSALMUM
2443 327 2599 387 CXL.

3502 334 3640 388 1822

2058 437 2276 508 gradum
2300 439 2544 508 justitiae,
2571 439 2779 495 Eiectos
2805 439 2978 493 vocari
3006 439 3144 509 apud
3169 439 3502 498 )lattticlueos.
3535 445 3636 512 Qui

2059 539 2337 595 noverunt,
2360 539 2759 600 recognoscant;
2780 531 2866 600 qui
2881 531 3208 598 nesciebant,
3228 533 3444 588 audiant
3471 536 3636 590 Electi

2056 619 2268 689 quidem
2290 622 2377 674 Dei
2391 631 2515 676 sunt
2533 633 2720 677 omnes
2739 625 2928 698 sancti,
2951 623 3269 680 ctltahemns
3289 627 3389 683 hoc
3417 630 3467 682 in
3495 631 3637 684 Seri-

2055 713 2223 780 ptnris
2255 711 2466 784 (Matth.
2498 726 2684 780 xxxw,
2708 713 3008 787 22,24,5l)
3038 735 3050 770 :
3083 717 3177 772 sed
3204 723 3634 789 usurparuntsibi

2056 801 2181 857 illud
2211 817 2426 867 nomen,
2446 805 2662 873 etquasi
2686 803 2996 861 familiarius
3024 808 3125 862 sibi
3145 809 3560 879 applicaverunt,
3578 826 3634 867 ut

2057 902 2303 965 tanquam
2333 897 2546 965 proprie
2564 895 2673 965 jam
2704 897 2858 952 electi
2884 899 3230 967 appellentur.
3263 901 3363 967 Qui
3393 913 3517 957 sunt
3548 905 3632 958 isti

2054 985 2242 1040 electi?
2270 984 2469 1052 Quibus
2506 985 2549 1040 si
2577 985 2802 1052 dixeris,
2837 987 3104 1054 Peccasti;
3143 991 3318 1044 statim
3363 991 3503 1046 illam
3535 994 3633 1046 de-

2054 1077 2349 1133 fcnsionem
2391 1077 2604 1147 impiam
2635 1087 2689 1132 et
2728 1078 2962 1148 pejoretu
2992 1079 3200 1135 caeteris
3231 1083 3502 1152 magisque
3543 1099 3629 1138 sa-

2055 1169 2304 1240 crilegam
2333 1168 2646 1239 proferunt:
2676 1167 2790 1223 Non
2820 1184 2918 1239 ego
2943 1171 3176 1238 peccavi,
3203 1170 3293 1225 sed
3320 1188 3453 1242 gens
3483 1185 3634 1228 tcne~

2054 1260 2291 1317 brorum.
2319 1260 2447 1329 Quae
2485 1269 2568 1316 est
2595 1261 2695 1315 ista
2721 1275 2852 1331 gens
2881 1261 3251 1316 tenebrarum?
3279 1262 3406 1330 Quae
3435 1264 3634 1318 bellum

2053 1352 2218 1424 gessit
2243 1367 2361 1407 cum
2393 1351 2521 1407 Deo.
2550 1350 2619 1406 Et
2647 1352 2758 1420 ipsa
2786 1362 2989 1422 peccat,
3015 1367 3137 1406 cum
3161 1360 3215 1406 tu
3241 1352 3461 1422 peccas?
3493 1353 3631 1422 Ipsa,

2052 1445 2255 1516 inquit,
2299 1444 2421 1514 quia
2464 1443 2782 1498 commixtus
2819 1458 2935 1496 sutn
2980 1443 3074 1497 illi.
3115 1443 3253 1498 Deus
3282 1442 3422 1497 enim
3467 1443 3635 1513 quite

2055 1535 2418 1603 commiscuit,
2449 1534 2572 1605 quid
2599 1533 2810 1588 timuit?
2841 1534 3120 1590 Hoc.enim
3150 1535 3350 1602 dicunt,
3380 1535 3521 1604 quod
3549 1535 3635 1590 illa

2052 1643 2183 1699 gens
2219 1627 2553 1683 tenebrarum
2590 1627 2922 1682 rcbellaverit
2949 1626 3203 1681 adversus
3233 1627 3438 1690 Deum,
3481 1638 3634 1683 antc-

2055 1737 2209 1790 quam
2239 1721 2465 1776 mundus
2490 1719 2673 1785 ﬁeret;
2704 1729 2757 1775 et
2781 1719 2870 1774 ille
2893 1734 3084 1774 cavens
3111 1735 3178 1774 ne
3200 1735 3359 1789 regna
3381 1720 3495 1789 ejus
3518 1721 3636 1774 luco

2052 1811 2368 1866 adveniente
2389 1810 2561 1865 hostili
2584 1811 2783 1884 impetu
2809 1819 3160 1876 vastarentur,
3184 1810 3326 1863 misit
3347 1809 3448 1864 huc
3470 1826 3637 1863 mem-

2055 1905 2151 1960 bra
2197 1919 2326 1969 sua,
2375 1902 2726 1958 substantiam
2770 1917 2952 1966 suam,
2998 1900 3099 1955 hoc
3129 1901 3268 1970 quod
3311 1901 3423 1970 ipse
3452 1911 3558 1964 est;
3589 1902 3634 1954 si

2055 2011 2263 2063 aurum,
2291 2009 2513 2058 aurum;
2542 1992 2586 2047 si
2614 1993 2724 2057 lux,
2748 1992 2918 2046 lucem
2943 2010 2956 2046 :
2985 1991 3237 2062 quidquid
3259 1992 3386 2046 illud
3409 2000 3508 2054 cst,
3538 1991 3639 2046 hoc

2057 2088 2230 2151 misit,
2279 2097 2332 2141 et
2375 2084 2588 2139 miscuit
2621 2083 2914 2138 visceribus
2952 2083 3124 2153 gentis
3153 2082 3524 2148 tenebrarum,
3554 2082 3638 2136 di-

2055 2185 2216 2245 cunt,
2244 2186 2296 2232 et
2331 2174 2606 2230 fabricavit
2632 2174 2754 2229 inde
2783 2174 3058 2228 mundum.
3094 2173 3159 2226 Et
3185 2187 3282 2228 nos
3309 2174 3498 2228 anima:
3517 2215 3532 2240 ,
3562 2173 3643 2228 in-

2057 2269 2241 2339 quiunt
2265 2309 2279 2336 ,
2311 2267 2378 2322 de
2405 2267 2534 2335 ipsis
2573 2265 2826 2320 membris
2855 2266 2947 2320 Dei
2977 2280 3196 2329 sumus;
3227 2265 3319 2319 sed
3351 2265 3642 2333 premimur

2061 2359 2147 2414 hic
2175 2357 2466 2413 visceribus
2488 2357 2663 2427 gentis
2689 2355 3050 2420 tenebrarum,
3071 2365 3126 2409 et
3144 2355 3398 2425 quidquid
3423 2369 3642 2424 peccare

2057 2450 2304 2517 dicimur,
2337 2449 2423 2503 illa
2449 2463 2581 2520 gens
2611 2457 2812 2517 peccat.
2855 2447 2926 2502 Se
2952 2446 3165 2516 quidem
3195 2446 3440 2500 videntur
3474 2461 3638 2501 excu-

2057 2557 2178 2597 sare
2201 2559 2230 2596 a
2258 2549 2508 2611 peccato;
2541 2539 2635 2594 sed
2665 2539 2832 2594 Deum
2861 2555 3016 2594 suum
3056 2554 3160 2592 non
3197 2547 3452 2592 excusant
3477 2554 3504 2590 a
3535 2537 3642 2591 eri-

2059 2635 2203 2690 mine
2247 2633 2452 2687 timoris
2472 2673 2486 2696 ,
2517 2645 2614 2685 nec
2655 2630 2821 2700 ipsam
2850 2629 3197 2684 substantiam
3240 2629 3328 2682 Dei
3359 2628 3439 2681 sui
3467 2642 3496 2680 a
3531 2627 3642 2680 cri-

2059 2729 2205 2782 mine
2249 2724 2727 2796 corruptibilitatis.
2770 2724 2826 2778 Si
2853 2723 2994 2777 enim
3025 2720 3440 2790 incorruptibilis
3470 2720 3642 2785 Deus,

2058 2821 2104 2876 si
2135 2817 2606 2881 incommutabilis,
2634 2816 2678 2870 si
2708 2813 3220 2878 incontaminahilis,
3251 2812 3296 2866 si
3331 2811 3644 2865 immacula-

2059 2913 2200 2978 bilis,
2229 2911 2273 2967 si
2304 2907 2739 2981 impenetrabilis,
2769 2905 2894 2977 quid
2917 2905 2965 2960 ei
2991 2905 3192 2958 factura
3219 2912 3332 2958 erat
3357 2917 3487 2972 gens
3518 2901 3603 2954 illa
3622 2901 3646 2950 ?

2061 3005 2296 3060 Fecisset
2317 3003 2402 3057 illa
2422 3017 2581 3073 quem
2627 2999 2787 3055 vellet
2812 2999 3065 3068 impetum
3090 3013 3104 3059 ;
3131 2996 3399 3066 quomodo
3422 3002 3647 3047 terreret

2061 3093 2541 3167 impenetrabilem,
2574 3089 2956 3152 inviolabilem,
2984 3086 3530 3146 incontaminabilem,
3561 3086 3644 3136 in-

2061 3186 2493 3248 commutabilem
2518 3193 2573 3241 et
2593 3182 3083 3253 incorruptibilcm?
3108 3179 3161 3235 Si
3189 3195 3314 3249 ergo
3343 3178 3460 3232 talis
3486 3179 3642 3242 Deus,

2062 3279 2328 3345 crudelis;
2356 3277 2477 3348 quia
2503 3277 2620 3331 sine
2647 3289 2805 3330 causa
2835 3274 2936 3327 huc
2963 3287 3059 3326 vos
3086 3271 3248 3335 misit,
3279 3271 3360 3325 cui
3391 3270 3522 3323 nihil
3553 3286 3651 3323 no-

2063 3374 2173 3430 ceri
2206 3381 2431 3444 poterat.
2460 3371 2636 3438 Quare
2664 3385 2759 3423 vos
2784 3367 2964 3422 misit?
2990 3367 3129 3421 Ecce
3157 3380 3286 3437 gens
3313 3366 3649 3419 tenebrarum

2066 3466 2140 3522 illi
2168 3480 2361 3520 nocere
2387 3479 2491 3519 non
2519 3470 2758 3533 poterat;
2787 3460 2901 3528 ipse
2923 3469 3098 3513 autem
3127 3457 3276 3512 vobis
3299 3456 3530 3526 graviter
3558 3469 3653 3508 no-

2064 3559 2208 3624 cuit,
2257 3565 2312 3612 et
2353 3557 2501 3626 ipsc,
2544 3555 2714 3626 magis
2741 3568 2899 3623 quam
2942 3552 3063 3617 illa,
3106 3551 3273 3605 hostis
3313 3560 3488 3604 vester
3516 3548 3648 3603 fuit:

2065 3663 2367 3720 quanquam
2393 3655 2448 3702 et
2483 3646 2596 3714 ipsa
2627 3643 2777 3700 vobis
2803 3658 2997 3697 nocere
3025 3642 3211 3711 potuit.
3246 3641 3497 3695 Potuistis
3527 3656 3650 3708 pre-

2067 3739 2170 3803 mi,
2204 3735 2449 3807 potuistis
2479 3732 2730 3804 captivari
2751 3773 2765 3798 ,
2800 3731 3046 3802 potuistis
3076 3731 3374 3799 inquinari,
3408 3730 3654 3799 potuistis

2067 3829 2334 3899 corrumpi
2363 3846 2376 3883 :
2408 3827 2578 3898 potuit
2601 3839 2728 3895 ergo
2770 3834 2825 3879 et
2867 3823 2978 3878 ille.
3038 3822 3287 3876 Frustum
3324 3822 3467 3876 enim
3511 3837 3652 3892 quo-

2067 3920 2390 3986 dammodo,
2441 3927 2496 3974 et
2543 3915 2876 3988 portiuncula
2921 3923 3126 3967 naturae
3178 3912 3343 3982 ipsius
3386 3913 3656 3968 convincit

2070 4027 2323 4070 massam.
2353 4010 2519 4079 Quale
2547 4016 2632 4064 est
2669 4005 2798 4060 illud
2827 4004 2969 4076 quod
3008 4005 3110 4058 huc
3137 4003 3314 4069 misit,
3361 4004 3466 4058 tale
3491 4011 3576 4058 est
3600 4013 3656 4058 ct

2070 4104 2202 4162 illud
2230 4101 2372 4175 quod
2395 4101 2468 4156 ibi
2491 4098 2767 4155 remansit.
2787 4096 2900 4152 Hoc
2930 4095 3028 4166 ipsi
3055 4095 3272 4149 dicunt:
3301 4093 3400 4163 ipsi
3423 4093 3655 4147 fatentur

2071 4197 2195 4270 quia
2219 4195 2340 4251 duae
2366 4191 2673 4249 substantia:
2696 4199 2854 4253 sunt;
2887 4202 2990 4244 una
3013 4187 3123 4252 illa,
3150 4194 3204 4240 et
3228 4201 3332 4245 una
3357 4185 3478 4240 ista.
3509 4185 3656 4240 Libri

2072 4302 2256 4344 corum
2288 4285 2389 4339 hoc
2417 4282 2641 4348 habent;
2668 4287 2720 4335 et
2741 4278 2785 4334 si
2807 4285 3022 4349 negant,
3053 4275 3319 4346 leguntur,
3351 4284 3406 4330 et
3432 4274 3658 4329 convin-

2075 4392 2175 4432 CUll
2183 4385 2236 4431 ll]
2243 4392 2290 4433 Γ.
2647 4429 2651 4434 .

2145 4467 2233 4524 ll.
2265 4463 2404 4533 Quid
2441 4461 2608 4534 ergo?
2650 4460 2721 4519 .Ut
2763 4459 2816 4515 in
2854 4458 2957 4514 hoc
2985 4472 3091 4512 uno
3119 4455 3340 4512 exordio
3366 4454 3498 4510 nihil
3540 4470 3656 4510 am-

2074 4558 2214 4629 plius
2241 4556 2412 4612 dicam
2431 4595 2447 4622 ,
2479 4569 2587 4608 non
2635 4551 2809 4607 dicam
2848 4549 3027 4620 pejora
3047 4590 3063 4614 ,
3095 4563 3200 4602 non
3229 4545 3403 4601 dicam
3430 4546 3662 4601 scelera.

2076 4653 2210 4707 tiora
2235 4668 2249 4706 :
2277 4651 2330 4706 in
2372 4649 2474 4705 hoc
2503 4649 2619 4720 ipso
2642 4645 2866 4719 exordio
2893 4659 2999 4715 quo
3039 4642 3235 4696 bellum
3266 4639 3555 4706 inducunt,
3585 4637 3661 4691 vi-

2076 4747 2199 4803 dete
2241 4741 2686 4816 quemadmodum
2731 4739 3094 4799 dchcllentur;
3138 4742 3192 4789 et
3235 4733 3326 4787 ubi
3375 4741 3665 4802 pugnatum

2077 4838 2334 4894 adversus
2362 4835 2525 4889 Deum
2555 4847 2583 4884 a
2627 4839 2784 4900 gente
2825 4826 3159 4882 tenebrarum
3205 4823 3418 4888 dicunt,
3465 4821 3562 4890 ipsi
3607 4821 3669 4874 in.

2079 4945 2261 4988 eorum
2285 4927 2572 4984 verborum
2595 4935 2767 4992 pugna
2787 4918 3087 4990 capiuntur.
3112 4915 3226 4969 Non
3249 4914 3390 4969 enim
3419 4908 3668 4979 estquod

2079 5022 2286 5084 dicant,
2319 5027 2410 5073 aut
2435 5029 2539 5085 quo
2577 5011 2861 5082 refugiant.
2895 5008 3001 5064 Sed
3031 5007 3137 5070 vis,
3169 5021 3202 5059 o
3231 5002 3489 5067 nefande,
3532 5001 3666 5054 false

2081 5113 2270 5176 elcctc,
2300 5105 2589 5164 defendere
2625 5110 2896 5173 peccatum
2927 5107 3106 5161 tuum,
3141 5107 3198 5150 ιιι
3228 5093 3437 5164 quando
3464 5089 3661 5160 aliquid

2081 5203 2211 5260 mali
2238 5199 2453 5264 feceris,
2481 5210 2588 5250 non
2619 5204 2675 5248 tu
2703 5192 2893 5247 fecisse
2914 5188 3175 5244 videaris:
3207 5184 3401 5255 quaeris
3428 5182 3477 5234 in
3505 5196 3664 5250 quem

2081 5300 2358 5366 peccatum
2389 5299 2536 5342 tuum
2578 5282 2856 5347 rcfundas,
2886 5290 2940 5336 et
2987 5276 3220 5333 rcfundis
3259 5276 3311 5328 in
3341 5281 3550 5342 gentem
3583 5280 3665 5324 te-

2083 5362 2387 5442 nebrarum.
2418 5378 2524 5434 Sed
2550 5376 2618 5431 ad
2646 5377 2813 5431 Deum
2838 5371 3082 5434 attende,
3111 5368 3154 5421 si
3186 5381 3290 5421 non
3320 5366 3372 5418 in
3403 5362 3547 5417 illum
3577 5378 3664 5416 re.

2085 5476 2280 5534 fundis.
2309 5473 2365 5528 Si
2392 5471 2532 5526 enim
2561 5475 2741 5538 posset
2776 5480 2904 5536 gens
2935 5460 3292 5521 tenebrarum,
3323 5470 3478 5526 quam
3511 5452 3666 5523 lingi-

2087 5567 2174 5628 tis,
2203 5563 2304 5616 hoc
2333 5562 2424 5615 tibi
2456 5560 2693 5614 diceret:
2719 5553 2860 5623 Quid
2891 5567 2975 5607 me
3003 5549 3258 5603 accusas?
3289 5547 3437 5602 Potui
3469 5545 3671 5614 aliquid

2086 5657 2264 5710 facere
2305 5655 2412 5708 Dco
2453 5663 2573 5714 tuo,
2616 5663 2792 5704 annon
2822 5643 3005 5716 potui?
3034 5642 3089 5697 Si
3132 5641 3313 5710 potui,
3359 5639 3544 5694 fortior
3571 5638 3669 5691 illo

2091 5763 2206 5803 sum
2236 5765 2243 5798 :
2276 5744 2320 5798 si
2348 5760 2449 5798 non
2491 5741 2633 5813 potui
2659 5782 2671 5804 ,
2703 5753 2866 5808 quare
2893 5752 2974 5790 tne
2999 5732 3209 5796 timuit?
3238 5731 3298 5788 Si
3325 5747 3428 5787 non
3459 5729 3629 5784 timuit
3649 5765 3681 5792 ,.
