4082 6204
436 318 574 386 1825

432 464 596 518 quare
642 446 747 501 huc
789 454 839 499 te
883 442 1057 508 misit,
1099 449 1158 493 ut
1190 445 1331 492 tanta
1373 434 1460 489 hic
1502 431 1748 504 patiaris,
1778 446 1897 485 cum
1937 428 2012 484 sis

436 541 730 595 membrtnn
778 538 976 607 ipsius,
1022 550 1142 588 cum
1173 532 1247 586 sis
1272 527 1563 585 substantia
1607 525 1806 596 ipsius?
1837 525 1879 578 si
1909 540 2012 580 non

436 633 641 697 timuit,
693 629 909 695 invidit;
942 628 985 681 si
1018 626 1118 681 hoc
1150 625 1337 679 timore
1375 637 1481 677 non
1512 619 1663 687 fecit,
1701 618 2015 674 crudelitate

436 725 574 779 fecit.
605 723 771 790 Quam
799 735 924 788 ergo
949 719 1160 788 iniquus
1184 724 1283 780 est,
1311 714 1397 770 cui
1427 712 1556 767 nihil
1584 712 1760 766 noceri
1788 718 2010 781 poterat,

434 826 483 868 cl
515 813 636 867 fecit
661 821 715 866 ut
743 810 993 865 membris
1019 809 1129 863 suis
1158 808 1244 861 hic
1264 806 1335 860 ita
1361 803 1673 860 noceretur?
1703 804 1784 857 An
1811 810 2017 872 poterat

436 903 655 958 noceri?
684 902 827 971 Ergo
858 898 1273 969 incorruptibilis
1302 911 1406 951 non
1449 892 1551 951 εει.
1597 893 1730 949 Cum
1766 894 1851 948 vis
1889 906 2017 963 ergo

436 1006 485 1050 te
514 994 802 1050 defendere
821 994 888 1049 dc
916 1004 1130 1064 peccato
1153 1001 1263 1059 tuo,
1286 990 1500 1045 laudare
1524 1005 1626 1044 non
1652 998 1802 1059 potes
1828 988 2013 1042 Deum.

437 1088 492 1142 ln
526 1087 682 1143 laude
713 1088 805 1142 Dei
850 1102 953 1140 non
1001 1084 1303 1155 capereris,
1344 1082 1443 1137 nisi
1487 1081 1538 1135 in
1587 1090 1672 1135 tua
1715 1078 2015 1150 jactareris.

435 1178 622 1232 Transi
665 1177 730 1231 ad
775 1177 1214 1246 vituperationem
1259 1181 1435 1239 tuam,
1469 1179 1522 1228 et
1560 1170 1798 1226 laudabis
1825 1170 2015 1224 Deum.

435 1271 568 1325 Redi
615 1270 680 1325 ad
722 1271 883 1325 verba
926 1268 1254 1324 Psalmorum
1297 1282 1431 1336 quos
1474 1262 1855 1329 exsecramini,
1894 1262 2014 1317 die:

436 1359 549 1432 Ego
575 1361 703 1426 dixi,
731 1359 945 1413 Domine
962 1401 977 1426 ,
1010 1362 1240 1413 miserere
1264 1358 1360 1412 mei
1375 1372 1394 1422 ;
1429 1372 1553 1410 sana
1578 1355 1799 1409 animam
1825 1369 2015 1420 meam,

435 1452 674 1522 quoniam
698 1453 898 1521 peccavi
925 1451 1031 1506 tibi.
1062 1452 1173 1522 Ego
1198 1450 1333 1514 dixi,
1364 1464 1461 1520 ego
1491 1448 1739 1518 peccavi;
1773 1462 1879 1501 nou
1910 1445 2018 1500 for-

437 1553 561 1597 tuna
581 1585 595 1607 ,
630 1557 733 1596 non
767 1541 930 1597 fatum
951 1583 966 1608 ,
1014 1551 1132 1596 non
1159 1555 1291 1613 gens
1321 1540 1680 1595 tenebrarum.
1723 1538 1778 1593 Si
1808 1552 1934 1609 ergo
1961 1544 2019 1591 tu

435 1637 690 1707 peccasti,
716 1636 823 1707 jam
853 1635 973 1691 vide
998 1633 1442 1707 quemadmodum
1472 1643 1647 1703 pateat
1675 1633 1788 1687 laus
1818 1631 1930 1697 Dei,
1966 1630 2020 1686 in

436 1744 539 1797 qua
567 1729 963 1799 angnstabaris,
992 1743 1111 1782 cum
1141 1735 1193 1782 te
1219 1726 1385 1782 velles
1413 1724 1716 1780 defendere.
1750 1723 1936 1779 Melius
1966 1723 2020 1779 in

439 1821 670 1888 peccatis
712 1821 815 1874 tuis
844 1820 1176 1890 angustaris,
1219 1828 1272 1874 et
1313 1820 1365 1872 in
1406 1817 1546 1872 illius
1575 1816 1731 1871 laude
1759 1815 2018 1870 dilataris.

420 1911 551 1983 ‘Jam
580 1928 707 1981 ergo
737 1911 984 1967 confesso
1011 1920 1230 1981 peccato
1258 1920 1380 1975 tuo,
1408 1908 1529 1963 vide
1570 1906 2020 1979 quemadmodum

439 2002 683 2057 laudetur
714 2002 852 2056 Deus
877 2020 889 2055 :
922 2002 1040 2073 quia
1071 2009 1125 2055 et
1148 2001 1323 2070 justus
1351 2008 1463 2064 est,
1490 2014 1608 2053 cum
1642 2007 1692 2052 te
1719 1998 1872 2069 punit
1902 2014 2024 2068 per-

438 2101 810 2158 severantem;
843 2101 898 2147 et
923 2092 1230 2147 misericors
1250 2131 1263 2154 ,
1293 2106 1413 2145 cum
1444 2089 1634 2145 liberat
1656 2088 2017 2143 confitentem.

440 2186 564 2240 Non
584 2200 731 2256 ergo,
761 2184 948 2256 inquit,
979 2183 1194 2239 declines
1222 2199 1309 2237 cor
1332 2198 1495 2236 meum
1522 2182 1574 2234 in
1604 2179 1749 2235 verba
1776 2180 2016 2250 maligna,

437 2276 507 2331 ad
533 2277 846 2332 excusandas
871 2276 1214 2331 excusationes
1238 2274 1289 2327 in
1327 2274 1581 2342 peccatis;
1621 2281 1678 2327 ut
1699 2272 1871 2327 dicant
1898 2271 2020 2343 quia

435 2384 568 2440 gens
598 2368 939 2423 tenebrarum
961 2366 1087 2422 fecit
1107 2364 1248 2437 quod
1277 2380 1376 2436 ego
1402 2362 1524 2419 feci.

510 2459 597 2514 12.
642 2458 766 2513 Cum
805 2458 1091 2512 hominibus
1131 2454 1457 2527 aperantibus
1484 2453 1817 2523 iniquitatem.
1850 2450 2019 2520 Quam

438 2551 804 2622 iniquitatem?
835 2551 1078 2606 Dicamus
1108 2549 1335 2619 aliquam
1359 2562 1544 2603 eorum
1573 2545 1901 2616 iniquitatem
1930 2559 2023 2599 nc-

436 2642 669 2698 fundam.
701 2642 896 2698 Audite
943 2642 1274 2711 iniquitatem
1305 2637 1562 2693 nefariam
1607 2638 2021 2693 Manichaeorum

438 2715 738 2804 publicam,
757 2749 915 2804 quant
948 2732 1287 2789 confitentur.
1318 2731 1583 2802 Espedire
1610 2730 1792 2787 dicunt
1821 2729 2019 2786 homini

437 2826 793 2881 feneratorem
822 2838 942 2880 esse
961 2864 977 2892 ,
1013 2839 1171 2894 quam
1202 2822 1509 2895 agricolam.
1539 2822 1744 2892 Quaeris
1769 2838 1982 2879 causam
2002 2863 2019 2890 ,

437 2927 494 2973 ct
521 2918 749 2973 reddunt
773 2917 1054 2972 rationem.
1090 2915 1220 2972 Vide
1257 2916 1301 2971 si
1328 2914 1464 2983 ratio
1503 2915 1592 2971 illa
1621 2931 1725 2970 non
1754 2914 2022 2971 dementia

437 3007 763 3064 nominanda
792 3018 893 3064 est.
931 3008 1031 3078 Qui
1059 3008 1202 3064 enim
1234 3008 1286 3062 in
1315 3023 1533 3062 usuram
1553 3048 1568 3073 ,
1615 3006 1889 3085 inquiunt,
1931 3004 2024 3062 dat

438 3100 714 3169 prenniam
734 3138 752 3167 ,
794 3114 901 3153 non
938 3098 1084 3155 lwdit
1107 3113 1322 3154 crucem
1354 3097 1567 3152 luminis
1594 3095 1768 3170 (multi
1801 3113 1904 3152 non
1936 3096 2022 3151 itt-

440 3192 704 3263 tellignnt,
737 3192 830 3247 sed
859 3191 1144 3263 exponam)
1171 3208 1184 3246 :
1217 3191 1304 3262 qui
1333 3202 1541 3257 autem,
1569 3188 1843 3260 inquiunt,
1875 3189 2021 3260 agri-

436 3281 556 3336 cola
581 3292 684 3347 est,
719 3282 938 3336 multum
968 3281 1113 3337 laadit
1132 3296 1343 3335 crucem
1372 3280 1604 3334 luminis.
1632 3279 1838 3346 Qumris
1863 3295 2020 3349 quam

435 3387 652 3427 crucem
698 3371 949 3426 luminis?
996 3370 1266 3435 Membra,
1314 3369 1591 3439 inquiunt,
1639 3369 1725 3423 illa
1771 3368 1864 3423 Dei
1903 3384 2023 3439 qua:

436 3473 591 3533 capta
614 3471 740 3523 sunt
771 3462 824 3516 in
848 3462 938 3516 illo
961 3462 1166 3532 praelia,
1190 3462 1352 3516 mixta
1379 3470 1503 3517 sunt
1526 3461 1778 3517 universo
1798 3461 2019 3529 mundo,

436 3562 638 3608 etsunt
671 3552 723 3607 in
753 3551 1058 3617 arborib‘us,
1094 3552 1146 3606 in
1177 3550 1356 3607 herbis
1378 3593 1393 3619 ,
1439 3552 1490 3607 in
1522 3552 1724 3622 pomis,
1760 3552 1811 3606 in
1840 3551 2024 3607 fructi-

438 3645 558 3701 bus.
602 3646 694 3699 Dei
726 3645 965 3699 membra
993 3651 1184 3712 vexat,
1217 3645 1305 3714 qui
1339 3652 1534 3699 terram
1560 3644 1707 3700 sulco
1732 3644 2018 3710 discindit;

435 3736 533 3791 Dei
575 3735 811 3791 membra
843 3746 1035 3802 vexat,
1059 3735 1148 3806 qui
1190 3734 1407 3791 herbam
1444 3734 1512 3791 de
1543 3745 1680 3791 terra
1707 3737 1891 3802 vellit;
1928 3735 2021 3791 Dei

437 3831 676 3886 membra
703 3838 878 3897 vexat,
913 3830 1000 3899 qui
1032 3844 1246 3900 pomum
1277 3830 1447 3899 carpit
1470 3830 1537 3886 de
1566 3830 1778 3886 arbore.
1810 3830 1935 3887 [Lee
1956 3845 2024 3886 ne

438 3922 598 3979 faciat
627 3924 678 3978 in
708 3939 836 3995 agro
858 3923 989 3978 falsa
1017 3923 1321 3991 homicidia,
1352 3923 1478 3980 facit
1502 3926 1552 3980 in
1576 3924 1761 3981 fenore
1784 3942 1909 3981 vera
1928 3926 2024 3981 lto-

437 4016 672 4072 micidia.
705 4017 901 4072 Panem
950 4014 1270 4071 mendicanti
1318 4031 1422 4072 non
1471 4017 1711 4087 porrigit.
1742 4017 1930 4073 Videte
1976 4018 2023 4072 si

438 4117 615 4179 potest
658 4123 779 4163 esse
823 4108 993 4175 major
1041 4107 1289 4177 iniquitas
1336 4108 1434 4161 ista
1478 4106 1683 4178 justitia
1736 4109 1775 4159 ι.
1825 4106 2023 4162 Panem

439 4199 761 4255 mendicanti
796 4215 899 4253 non
946 4199 1201 4269 porrigit:
1233 4199 1464 4270 quaeris,
1511 4199 1713 4270 quare?
1742 4199 1820 4255 Ne
1862 4200 2022 4254 vitam

441 4307 560 4358 qua:
596 4300 677 4346 est
706 4291 757 4345 in
800 4306 932 4360 pane
952 4332 965 4356 ,
995 4306 1153 4361 quam
1182 4290 1368 4345 dicunt
1407 4291 1704 4347 membrum
1738 4290 1861 4356 Dei,
1893 4290 2025 4347 sub-

440 4381 689 4436 stantiam
719 4381 974 4447 divinam,
1005 4380 1279 4436 mendicus
1301 4380 1388 4436 ille
1409 4380 1648 4449 accipiat,
1675 4389 1729 4435 et
1755 4380 1883 4451 liget
1905 4396 2022 4435 eam

442 4472 494 4527 in
525 4486 705 4527 carne.
751 4471 886 4539 Quid
928 4487 1052 4540 ergo
1083 4471 1211 4527 vos?
1254 4470 1420 4542 quid?
1448 4485 1611 4539 quare
1658 4470 2026 4525 manducatis?

441 4562 668 4618 Carnem
693 4578 796 4617 non
822 4562 1067 4617 habetis?
1093 4562 1196 4618 Sed
1220 4576 1337 4626 nos,
1365 4561 1625 4632 inquiunt,
1650 4563 1770 4632 quia
1795 4561 1897 4617 fide
1921 4562 2028 4617 Ma-

445 4654 637 4709 nichgri
679 4655 958 4709 illuminati
1001 4669 1221 4717 sumus,
1254 4652 1583 4709 orationibus
1607 4663 1660 4707 ct
1687 4652 1901 4722 psalmis
1927 4668 2026 4708 no-

444 4748 591 4812 stris,
622 4747 712 4817 qui
737 4747 890 4801 electi
920 4761 1441 4817 sumuswurgamus
1466 4746 1587 4800 inde
1615 4746 1775 4799 vitam
1804 4761 1921 4815 qua:
1946 4755 2030 4801 est

443 4840 496 4895 in
529 4841 619 4895 illo
640 4855 795 4915 pane,
828 4848 881 4895 et
901 4841 1156 4894 mittimus
1186 4839 1328 4895 illam
1350 4840 1414 4894 ad
1441 4838 1716 4894 thesauros
1745 4839 2024 4895 caelorum.

444 4932 602 4988 Tales
629 4941 751 4988 sunt
778 4932 953 4996 electi,
984 4941 1163 4987 utnon
1194 4930 1557 5001 sintsnlvandi
1589 4946 1616 4983 a
1649 4930 1780 4997 Deo,
1806 4929 1901 4985 sed
1922 4930 2030 4985 sal-

443 5036 656 5080 vatores
680 5024 797 5080 Dei.
833 5023 899 5078 Et
922 5025 1035 5092 ipsc
1064 5035 1145 5077 est
1171 5022 1449 5088 Christus,
1483 5022 1700 5089 dicunt,
1742 5022 2029 5077 crucifixus

444 5117 497 5172 in
527 5126 637 5171 toto
665 5114 881 5170 mundo.
913 5114 1023 5185 Ego
1053 5114 1104 5167 in
1136 5114 1420 5184 Evangelio
1446 5114 1776 5170 Salvatorem
1804 5127 2026 5180 accepe-

445 5229 558 5270 ram
587 5214 889 5278 Christum;
934 5226 1027 5264 vos
1069 5219 1245 5264 autem
1275 5210 1403 5264 estis
1434 5209 1485 5262 in
1526 5208 1673 5264 libris
1700 5207 1890 5262 vestris
1919 5205 2027 5262 sal-

445 5316 657 5361 vatores
683 5304 901 5360 Christi.
936 5303 1077 5357 Estis
1114 5303 1269 5371 plane
1315 5300 1773 5370 blasphematorcs
1800 5299 2026 5366 Christi,

444 5405 501 5452 et
527 5397 644 5452 ideo
663 5414 691 5451 a
714 5396 926 5453 Christo
951 5411 1053 5449 non
1078 5393 1341 5451 salvaudi.
1367 5394 1508 5462 Ergo
1532 5394 1764 5449 buccella
1790 5410 1856 5448 ne
1877 5393 2031 5448 detur

446 5487 710 5551 mendico,
737 5497 790 5542 et
817 5488 988 5556 ploret
1018 5487 1067 5540 in
1101 5485 1335 5540 buccella
1380 5486 1675 5545 membrum
1708 5486 1795 5540 Dei
1818 5527 1833 5550 ,
1881 5501 2034 5540 men-

442 5577 598 5633 dicus
627 5576 763 5634 fame
790 5579 1079 5634 moriturus
1101 5585 1184 5633 est
1208 5578 1220 5631 !
1255 5576 1405 5632 Falsa
1440 5576 1801 5633 misericordia
1830 5579 1880 5632 in
1904 5577 2033 5633 buc-

509 5739 527 5771 ⁸
552 5738 626 5788 sic
646 5731 870 5799 tderique
894 5743 1000 5787 uss.
1029 5744 1079 5790 At
1102 5736 1241 5797 Edd.,
1268 5734 1356 5786 ista
1379 5733 1626 5796 injustitia

1696 310 1753 369 S.
1796 312 1837 365 Α
1846 305 2138 365 UGUSTIN
2145 305 2162 359 ι
2201 306 2505 363 EPISCOPl

3573 306 3709 364 1824

2125 422 2345 489 cellam,
2379 422 2503 478 facit
2544 436 2724 477 verum
2757 422 3097 481 homicidium
3137 423 3190 479 in
3234 423 3503 480 hominem
3530 427 3573 479 ί.
3604 426 3709 484 Sed

2121 516 2213 586 qni
2259 526 2388 570 sunt
2429 517 2515 571 isti
2559 516 2712 572 electi
2755 518 2973 603 eorum?
3006 517 3126 572 Non
3169 517 3387 574 declines
3426 535 3516 574 cor
3543 537 3711 579 meum

2121 608 2175 663 in
2195 608 2342 663 verba
2368 610 2591 681 maligna
2611 652 2625 675 ,
2658 620 2705 666 et
2730 628 2829 666 non
2855 614 3146 670 combinabo
3169 632 3286 672 cum
3309 619 3483 676 electis
3508 638 3707 683 eorum.

2195 701 2284 755 15.
2316 699 2464 773 [vers.
2497 701 2577 774 5.]
2609 701 2909 758 Emendabit
2943 723 3020 760 me
3034 707 3207 777 justus
3242 709 3297 764 in
3332 711 3710 779 misericordia,

2122 802 2170 847 et
2221 804 2395 864 arguet
2447 812 2542 851 me.
2599 796 2785 853 Videte
2836 809 3169 868 peccatorem
3224 802 3591 860 confessorem
3636 808 3706 861 ἰ

2123 884 2398 940 emendari
2426 902 2484 941 se
2515 887 2626 942 vult
2669 888 3112 958 misericorditer,
3157 893 3334 963 petius
3354 895 3376 927 ³
3406 911 3567 967 quam
3596 898 3710 954 lan-

2122 973 2237 1029 dari
2267 973 2542 1033 fallaciter.
2571 976 2874 1035 Emendabit
2913 998 2992 1036 me
3008 982 3185 1054 justus
3223 986 3276 1039 in
3318 988 3710 1049 misericordia:

2122 1067 2170 1122 si
2194 1067 2371 1138 justus
2399 1079 2501 1135 est,
2528 1070 2572 1125 si
2600 1071 2904 1129 misericors
2936 1084 3037 1142 est,
3060 1077 3273 1146 quando
3298 1095 3384 1135 me
3412 1081 3555 1136 videt
3581 1098 3709 1152 pec-

2122 1168 2355 1216 cantem.
2389 1161 2501 1218 lloc
2530 1163 2709 1234 utique
2734 1166 2975 1236 qumdam
3005 1171 3243 1225 membra
3268 1172 3465 1230 Christi
3492 1176 3709 1248 dicunt,

2124 1249 2192 1306 de
2214 1251 2532 1322 quibusdam
2576 1255 2832 1312 membris
2859 1256 3058 1315 Christi
3102 1260 3317 1330 dicunt,
3363 1265 3418 1320 in
3450 1283 3557 1321 uno
3586 1284 3710 1325 cor-

2124 1356 2255 1412 pore
2307 1343 2508 1399 dicunt.
2559 1345 2818 1417 Dignatur
2866 1349 3010 1421 loqui
3058 1352 3313 1409 Dominus
3364 1372 3432 1412 ex
3484 1374 3709 1429 persona

2125 1436 2520 1506 emendatoris,
2571 1455 2668 1495 nec
2719 1442 2923 1512 respuit
2976 1459 3258 1515 personam
3307 1451 3576 1506 emendati
3631 1454 3711 1510 vel

2125 1526 2442 1584 emendandi
2471 1528 2494 1561 ⁸
2518 1547 2532 1583 :
2560 1531 2737 1585 omnia
2763 1533 2906 1588 enim
2932 1535 3168 1591 membra
3200 1537 3251 1593 in
3275 1537 3385 1605 illo,
3410 1550 3466 1596 et
3490 1543 3607 1614 ipse
3631 1545 3712 1599 di-

2125 1618 2216 1683 cit,
2251 1618 2553 1675 Emendabit
2576 1638 2653 1676 nte
2670 1623 2866 1694 justus.
2898 1624 3029 1694 Quis
3049 1626 3226 1697 justus
3252 1638 3304 1686 te
3332 1634 3714 1692 emendaturus

2126 1711 2250 1765 est?
2282 1711 2452 1784 Caput
2490 1713 2740 1770 emendat
2781 1717 2960 1771 omnia
2987 1720 3247 1775 membra.
3293 1721 3599 1779 Emendabit
3637 1744 3716 1782 me

2117 1803 2292 1873 justus
2315 1804 2367 1859 in
2391 1805 2758 1875 misericordia,
2783 1817 2831 1861 et
2854 1820 3030 1880 arguet
3052 1827 3149 1865 me.
3174 1812 3395 1884 Arguct,
3419 1815 3512 1870 sed
3535 1818 3588 1870 in
3617 1820 3716 1871 mi-

2128 1899 2419 1955 sericordia
2444 1917 2457 1953 :
2487 1911 2691 1972 arguet,
2723 1902 2818 1959 sed
2845 1919 2949 1959 non
2976 1905 3119 1974 odit;
3149 1915 3205 1964 et
3225 1923 3291 1964 eo
3315 1911 3483 1981 magis
3504 1923 3714 1981 arguet,

2126 1990 2246 2058 quia
2285 2008 2389 2045 non
2431 1992 2561 2047 odit.
2591 1994 2655 2048 Et
2688 1994 2788 2050 iste
2816 2011 2981 2067 quare
3007 1997 3130 2054 inde
3157 2000 3354 2070 gratias
3386 2002 3532 2072 agit?
3555 2003 3713 2072 Quia,

2125 2076 2334 2149 Corripe
2359 2081 2657 2149 sapientem,
2688 2093 2737 2139 et
2763 2085 2949 2141 antabit
2976 2095 3023 2141 te
3043 2087 3225 2157 (Prov.
3249 2106 3321 2156 Ix,
3351 2092 3426 2161 8).
3454 2091 3715 2147 Eumeda.

2126 2170 2195 2224 bit
2226 2187 2302 2224 mc
2317 2173 2489 2243 justus
2509 2190 2530 2228 :
2555 2174 2677 2244 quia
2700 2177 3079 2248 persequitur?
3105 2179 3294 2235 Absit:
3327 2181 3414 2238 bic
3435 2193 3518 2239 est
3541 2186 3716 2254 potius

2125 2263 2511 2327 emendandus,
2540 2266 2583 2320 si
2611 2266 2733 2323 odio
2757 2269 3024 2326 emendat.
3056 2270 3234 2340 Quare
3270 2289 3398 2341 ergo
3423 2279 3673 2332 emendat
3691 2280 3717 2333 ?

2127 2354 2191 2411 In
2219 2358 2583 2414 misericordia.
2632 2361 2699 2415 Et
2737 2373 2914 2435 arguet
2956 2381 3075 2420 me:
3105 2366 3160 2421 in
3184 2382 3291 2437 quo
3311 2368 3373 2421 εἳ
3402 2370 3460 2424 ιιι
3504 2371 3717 2426 miscri-

2126 2447 2328 2502 cordia.
2362 2447 2542 2503 Oleum
2570 2460 2738 2506 autem
2764 2455 3039 2522 peccatoris
3068 2472 3168 2510 non
3198 2457 3535 2529 impinguabit
3560 2471 3718 2530 caput

2125 2554 2308 2593 meum.
2339 2538 2473 2608 Quid
2502 2548 2602 2607 est,
2639 2541 2819 2597 Oleum
2844 2547 3123 2614 peccatoris
3150 2563 3252 2603 non
3274 2549 3608 2622 impiuguabit
3628 2570 3716 2605 ca-

2126 2640 2218 2700 put
2244 2633 2450 2687 nteum?
2478 2632 2593 2688 Non
2620 2644 2827 2690 crescet
2853 2646 3014 2707 caput
3061 2654 3238 2695 meum
3279 2640 3348 2697 de
3387 2642 3716 2701 adulatione.

2127 2720 2280 2777 Falsa
2312 2722 2428 2779 laus
2452 2723 2686 2781 adulatio
2713 2736 2830 2793 est;
2862 2726 2993 2784 falsa
3021 2729 3136 2785 laus
3160 2731 3472 2802 adulatoris,
3507 2736 3609 2791 hoc
3636 2748 3719 2794 est

2126 2811 2302 2868 oleum
2350 2816 2664 2884 peccatoris.
2710 2817 3001 2890 Propterea
3029 2830 3084 2876 et
3125 2821 3371 2880 homines
3415 2840 3544 2880 cum
3581 2824 3716 2884 falsa

2128 2903 2283 2961 laude
2312 2905 2541 2977 aliquem
2573 2908 2837 2966 irriserint
2856 2952 2871 2977 ,
2921 2910 3023 2969 hoc
3064 2914 3223 2970 etiam
3252 2914 3320 2972 de
3364 2917 3461 2977 illo
3490 2920 3712 2977 dicunt:

2126 2995 2265 3053 Unxi
2304 2998 2377 3054 illi
2406 3007 2583 3070 caput.
2612 3001 2804 3060 Amata
2847 3018 2976 3076 ergo
2999 3006 3149 3078 argui
3178 3023 3210 3063 a
3232 3007 3379 3079 justo
3415 3009 3469 3066 in
3499 3012 3716 3068 miseri-

2125 3089 2338 3157 cordia;
2363 3089 2525 3146 nolite
2550 3106 2678 3164 ergo
2704 3107 2886 3150 amare
2913 3095 3113 3152 laudari
3133 3113 3164 3153 a
3184 3107 3465 3168 peccatore
3490 3116 3614 3157 cum
3645 3104 3718 3160 ir-

2125 3181 2347 3239 risione.
2375 3182 2633 3241 Habetote
2661 3186 2838 3243 oleum
2863 3188 3171 3257 vobiscum,
3212 3200 3268 3249 et
3304 3207 3413 3249 non
3458 3196 3716 3266 quaaretis

2126 3275 2301 3333 oleum
2330 3278 2645 3346 peccatoris.
2672 3278 2954 3351 Sapientes
2975 3283 3120 3340 enim
3146 3284 3250 3340 illm
3267 3286 3503 3356 virgines
3528 3302 3717 3344 secum

2127 3369 2408 3437 portabant
2437 3369 2612 3426 oleum
2643 3370 2856 3438 (Matth.
2887 3388 3023 3442 xxv,
3046 3373 3103 3447 4)
3130 3393 3145 3428 :
3190 3377 3459 3447 sapientes
3482 3378 3717 3449 virgines

2126 3474 2307 3516 secum
2337 3460 2514 3517 oleum
2545 3464 2862 3534 portabant,
2904 3465 2959 3522 id
2984 3475 3101 3534 est,
3145 3468 3473 3525 conscientia
3501 3470 3715 3526 illarum

2127 3551 2229 3605 illis
2256 3552 2618 3609 testimonium
2641 3555 2972 3625 perhibebat.
2995 3556 3181 3614 Oleum
3203 3559 3372 3630 gloria
3390 3570 3494 3628 est,
3524 3560 3714 3633 fulget,

2128 3642 2260 3697 nitet
2288 3642 2338 3697 in
2361 3645 2663 3713 superficie.
2688 3644 2791 3701 Sed
2814 3646 2950 3703 bona
2971 3647 3132 3705 debet
3153 3665 3271 3706 esse
3288 3650 3481 3722 gloria,
3506 3661 3565 3708 et
3587 3668 3716 3709 vera

2125 3732 2322 3802 gloria,
2367 3744 2425 3788 ut
2451 3735 2519 3789 ibi
2547 3737 2616 3791 sit
2643 3737 2784 3792 intus
2814 3739 2864 3791 in
2898 3740 3037 3795 vasis
3070 3741 3203 3796 suis.
3235 3741 3368 3798 Audi
3398 3744 3525 3814 quid
3551 3756 3634 3800 est
3659 3746 3715 3802 in

2127 3826 2268 3878 vasis
2293 3842 2305 3878 :
2343 3823 2527 3880 Probet
2547 3837 2713 3882 autem
2741 3846 2796 3882 se
2818 3829 2969 3883 homo
2989 3869 3003 3895 ,
3036 3843 3082 3883 et
3112 3842 3232 3886 tunc
3255 3834 3311 3888 in
3332 3836 3597 3906 semetipso
3620 3836 3718 3891 Ita-

2128 3916 2254 3970 bebit
2278 3917 2515 3988 gloriam,
2545 3928 2590 3973 et
2614 3937 2714 3974 non
2742 3920 2794 3974 in
2820 3920 2979 3976 altera
3011 3922 3207 3991 (Galat.
3237 3941 3310 3992 vr,
3337 3925 3414 3999 4).
3442 3928 3581 3996 Quid
3607 3939 3714 3998 est,

2127 4008 2187 4065 In
2224 4010 2365 4065 vasis
2406 4011 2553 4067 suis?
2583 4013 2721 4068 Audi
2761 4014 2937 4085 ipsum
2983 4018 3295 4086 Apostolum
3322 4038 3335 4074 :
3366 4019 3508 4074 Nam
3544 4022 3718 4092 gloria

2128 4113 2303 4157 nostra
2344 4104 2451 4157 lucc
2494 4114 2568 4159 est
2588 4145 2604 4173 ,
2655 4107 2997 4162 testimonium
3043 4111 3361 4166 conscientia:
3402 4125 3590 4169 nostra:
3632 4116 3715 4187 (ll

2128 4189 2247 4247 Cor.
2273 4208 2310 4259 ι,
2348 4193 2458 4264 12).

2203 4286 2287 4341 14.
2320 4287 2614 4355 Postremo,
2635 4290 2757 4360 quia
2785 4292 2837 4346 in
2867 4306 3093 4362 corpore
3121 4294 3316 4349 Christi
3340 4310 3422 4362 es,
3451 4304 3507 4352 et
3539 4297 3725 4356 adhuc

2130 4387 2313 4467 portas
2357 4380 2730 4437 mortalitatem
2758 4383 3077 4453 quamdam;
3115 4396 3168 4440 tu
3198 4385 3288 4441 tibi
3310 4387 3332 4417 ⁸
3361 4397 3477 4441 esto
3501 4387 3718 4457 jnstns,

2132 4480 2183 4524 et
2206 4470 2259 4523 in
2286 4479 2337 4526 te
2364 4480 2479 4526 esto
2500 4471 2698 4541 justus.
2726 4473 2984 4530 Peccator
3022 4489 3082 4531 es
3103 4516 3120 4541 ,
3150 4477 3357 4532 vindica
3385 4481 3437 4532 in
3466 4487 3558 4540 te;
3602 4483 3721 4535 redi

2130 4559 2196 4613 ad
2222 4558 2600 4616 conscientiam
2641 4572 2804 4629 tuam,
2827 4566 2978 4636 exige
3006 4566 3073 4621 de
3099 4576 3151 4621 te
3180 4582 3366 4637 ptenas
3391 4610 3406 4634 ,
3433 4572 3610 4624 crucia
3643 4581 3698 4625 te

2132 4653 2325 4721 ipsum.
2342 4652 2415 4706 lta
2432 4652 2574 4708 enim
2591 4654 2751 4710 ofl'ers
2770 4657 3087 4712 sacrificium
3105 4659 3233 4713 Deo.
3256 4658 3387 4725 Quia
3406 4661 3451 4713 si
3467 4661 3714 4716 voluisses

2132 4744 2435 4810 sacri/icium
2454 4784 2470 4808 ,
2513 4745 2757 4800 dedissent
2784 4748 2987 4817 utique,
3018 4748 3092 4802 ait
3121 4758 3387 4818 peccator,
3411 4752 3725 4807 holocaustis

2134 4853 2233 4890 non
2265 4835 2607 4891 delet-laberis.
2639 4837 2777 4905 Quid
2823 4839 2988 4909 ergo?
3031 4839 3234 4894 nullum
3275 4842 3470 4911 accipit
3507 4845 3725 4898 sacriti.

2135 4928 2311 4982 cium?
2336 4928 2661 4998 Sacri/icium
2702 4929 2813 4984 Deo
2835 4932 3041 5001 spiritus
3070 4931 3467 4997 contribulatus;
3488 4951 3576 4988 cor
3600 4952 3727 4989 con-

2137 5021 2307 5074 tritum
2324 5031 2371 5075 et
2394 5022 2714 5076 Itmniliatum
2745 5021 2884 5077 Dens
2905 5040 3004 5077 non
3025 5024 3215 5093 spernit
3237 5024 3408 5096 (Psal.
3438 5025 3723 5096 ι,18,19).

2199 5173 2215 5204 ¹
2243 5173 2409 5245 Plures
2432 5180 2555 5245 uss;
2595 5173 2786 5245 Falsum
2820 5174 3202 5245 misericordiam
3235 5175 3286 5226 in
3318 5176 3555 5229 bucellam
3584 5178 3723 5245 facit,

2133 5248 2298 5286 verum
2327 5235 2390 5284 lto
2408 5235 2637 5286 uiridium
2659 5237 2708 5287 in
2729 5236 2981 5286 hominem.

2199 5296 2431 5360 {Aliquot
2463 5305 2567 5347 Mss.
2594 5313 2704 5347 cum
2737 5311 2857 5357 ADL,
2895 5307 3200 5360 peccatorum
3232 5302 3565 5359 confessorem.
3604 5311 3725 5353 Non-

2136 5357 2272 5428 nulli,
2298 5357 2598 5417 peccatorum
2620 5357 2975 5423 confessionem.
3003 5368 3054 5411 Et
3075 5362 3284 5424 quidam,
3317 5357 3585 5426 peccatoris
3616 5377 3723 5415 con-

2135 5424 2402 5485 legionem.

2201 5484 2222 5514 ³
2246 5490 2292 5549 tn
2316 5490 2365 5549 tt.
2386 5483 2530 5533 deest
2548 5496 2659 5542 vox,
2684 5484 2854 5545 potius,
2875 5497 3021 5548 quam
3044 5498 3107 5535 ex
3132 5491 3205 5535 Er.
3229 5485 3376 5549 Ludg.
3403 5495 3523 5538 Ven.
3545 5497 3598 5539 et
3614 5495 3717 5539 Iov.

2085 5578 2093 5588 ι
2138 5546 2453 5595 restituimus.
2484 5553 2536 5591 .\t.

2200 5607 2224 5637 ⁸
2241 5608 2314 5655 sic
2337 5605 2566 5654 meliores
2589 5612 2694 5655 Mss.
2721 5605 2832 5655 ωδ.
2859 5621 2995 5665 vero,
3021 5605 3094 5658 vel
3109 5607 3424 5660 emendanlis.

2202 5670 2223 5731 ξ
2245 5676 2340 5716 sm.
2367 5676 2417 5717 et
2443 5668 2663 5731 ιιιιξιξὶςιιιε
2687 5676 2815 5717 Mss:
2848 5678 2899 5718 In
2917 5683 3012 5731 qua
3033 5669 3363 5721 misericordia
3381 5671 3407 5721 .9

2206 5730 2225 5760 θ
2261 5737 2393 5791 ιαυγη
2411 5736 2460 5781 tu
2485 5729 2549 5780 ibi
2572 5729 2686 5792 celo,
2714 5740 2828 5795 etc,
2853 5729 3256 5783 disScnticutibus
3276 5734 3387 5784 fldd.
3408 5732 3516 5785 aliis
3536 5742 3582 5785 et
3616 5742 3718 5788 Mss.
