4082 6204
441 449 450 460 .
477 411 611 467 ΙεῖῚ

472 532 727 598 superent
757 521 1029 579 hominum
1061 512 1260 571 millia‘
1296 507 1626 564 tundentium
1653 502 1754 562 sibi
1784 505 1976 570 pectus
1996 500 2052 549 et

473 595 761 675 dicentium
788 631 800 667 :
833 610 1042 665 Dimitte
1082 606 1224 660 uobis
1254 603 1421 656 debita
1461 607 1630 653 nostra
1661 636 1674 659 ,
1721 595 1850 647 sicut
1889 600 1936 644 et
1963 604 2054 641 nos

473 711 773 767 dimittimus
824 700 1128 758 debitoribus
1177 695 1362 750 nostris
1390 693 1408 762 (
1436 690 1618 744 Matth.
1654 703 1702 742 vt
1725 728 1741 752 ,
1767 685 1835 740 12
1861 683 1903 753 ).
1932 681 2050 738 Jam

471 809 602 872 quot
647 802 1020 853 remanserunt
1061 789 1149 860 qui
1203 787 1304 842 sibi
1348 783 1671 839 erubescunt
1717 786 1899 848 pectus
1930 785 2054 828 ιιιιι-

467 868 600 949 dere
623 891 798 960 ?Ergo
826 882 1251 956 reprehendant;
1278 879 1588 933 toleremus.
1617 868 2049 941 lteprehendant,

465 986 706 1046 oderint,
734 955 1016 1043 accusent,
1043 974 1328 1030 detrahant
1357 987 1369 1021 :
1394 967 1572 1022 Adhuc
1599 974 1645 1018 ct
1678 962 1837 1016 oratio
1859 976 1970 1016 mea
2001 955 2054 1013 in

468 1075 796 1146 beneplacitis
821 1087 992 1126 eorum
1013 1085 1032 1134 ;
1061 1067 1235 1121 veniet
1262 1071 1492 1132 tempus,
1511 1056 1723 1129 quando
1744 1054 1914 1109 oratio
1939 1066 2055 1106 mea

468 1144 705 1240 placebit
749 1167 872 1221 illis.
918 1163 1136 1231 Erigent
1182 1172 1241 1212 se
1292 1155 1438 1210 enim
1489 1150 1640 1220 quasi
1678 1147 1808 1218 justi
1855 1144 2057 1199 viribus

473 1263 586 1316 suis
616 1277 631 1324 ;
663 1259 944 1312 vincentur
965 1253 1017 1306 in
1050 1251 1224 1305 lucta:
1257 1247 1376 1316 quia
1409 1241 1640 1312 superbe
1668 1253 1726 1294 se
1747 1243 2054 1300 erexerunt,

475 1353 761 1414 elidentur,
793 1346 1070 1402 trahentur
1097 1358 1125 1395 a
1159 1338 1390 1411 peccatis
1411 1377 1426 1402 ,
1448 1334 1702 1388 videbunt
1730 1346 1790 1385 se
1821 1329 2055 1398 iniquos,

477 1411 832 1515 impl’ebuntur
859 1453 976 1509 qua!
1008 1437 1142 1490 dicta
1169 1439 1293 1487 sunt
1335 1444 1428 1499 per
1460 1424 1793 1496 Prophetas;
1841 1419 2059 1490 incipiet

477 1512 657 1592 .timcri
699 1533 959 1601 judicium
985 1571 1000 1596 ,
1033 1533 1312 1583 convertet
1355 1537 1414 1577 se
1441 1520 1636 1574 anima:
1664 1517 1807 1572 acies
1828 1512 1895 1570 ad
1925 1527 2058 1568 con-

463 1626 756 1683 scientiam
785 1631 1143 1692 peccatorum,
1166 1625 1220 1671 et
1247 1612 1472 1684 placebit
1495 1611 1583 1665 illa
1608 1607 1782 1663 oratio
1802 1647 1817 1671 ,
1851 1603 2060 1658 Dimitte

465 1717 619 1772 mobis
648 1715 813 1769 debita
840 1722 1036 1774 nostra,
1068 1709 1195 1763 sicut
1216 1715 1260 1760 et
1293 1721 1382 1758 uos
1429 1700 1725 1756 dimittimus
1755 1693 2058 1751 debitoribus

466 1808 678 1865 atostris.
711 1805 755 1862 0
781 1804 1005 1859 verbosa
1022 1798 1265 1855 defensio
1290 1792 1614 1864 iniquitatis!
1643 1787 1801 1843 Certe
1825 1785 1932 1855 jam
1957 1783 2061 1838 hoc

468 1899 658 1970 .popnli
684 1897 907 1959 dicunt,
936 1901 991 1949 et
1035 1890 1348 1961 populorum
1381 1893 1594 1955 pectora
1625 1877 2059 1970 tuntlentiutnto-

464 1965 683 2044 tititruus
706 2001 810 2041 non
838 1980 1254 2055 quiescit.Recte
1280 1976 1447 2031 nubes
1465 1971 1728 2034 tonant,in
1741 1968 1932 2038 quibus
1947 1965 2056 2036 jam

472 2080 682 2136 “habitat
703 2079 859 2133 Deus.
880 2075 977 2130 Ubi
995 2082 1075 2127 est
1097 2071 1182 2125 illa
1201 2066 1516 2130 verbositas,
1539 2062 1626 2117 ubi
1643 2069 1725 2116 est
1749 2060 1832 2114 illa
1856 2057 2059 2128 jactan-

475 2176 548 2228 tia
574 2190 586 2223 :
619 2171 798 2225 Justus
827 2183 967 2232 sum,
998 2163 1126 2218 nihil
1158 2160 1282 2217 mali
1309 2156 1455 2214 feci?
1485 2156 1639 2210 Certe
1669 2167 1790 2207 cum
1822 2150 1874 2203 in
1908 2148 2056 2204 Scri-

475 2263 650 2334 pturis
675 2257 874 2314 sanctis
897 2255 1064 2311 fueris
1093 2248 1484 2320 contemplatus
1531 2257 1770 2299 normam
1797 2239 2016 2312 justitize
2039 2280 2053 2303 ,

476 2362 970 2425 quantumcumque
999 2343 1290 2416 profeceris
1314 2382 1328 2405 ,
1358 2338 1594 2394 invenies
1623 2345 1674 2391 te
1701 2341 2054 2406 peecatorcm.

475 2421 780 2504 Profecisti,
806 2441 916 2510 jam
948 2453 1113 2494 unum
1149 2437 1316 2490 Deum
1345 2431 1478 2487 colis
1504 2448 1518 2494 ;
1545 2429 1744 2498 optime
1775 2444 1788 2480 :
1817 2440 1920 2479 non
1953 2421 2098 2478 for-‘-

471 2537 673 2592 sticaris
699 2534 765 2588 ab
792 2549 857 2588 eo
884 2531 948 2584 ad
975 2528 1113 2584 idola
1135 2568 1151 2592 ,
1195 2525 1260 2580 ad
1293 2520 1724 2584 mathematicos,
1755 2517 1821 2571 ad
1849 2515 2056 2568 sortilco

469 2644 572 2699 gos
592 2670 607 2694 ,
639 2625 704 2681 ad
736 2624 1010 2694 aruspices
1039 2661 1053 2684 ,
1085 2619 1150 2673 ad
1184 2630 1412 2687 augures
1432 2655 1448 2679 ,
1499 2611 1567 2667 ad
1621 2606 1925 2671 maleficos;
1956 2605 2056 2659 ista

476 2721 616 2776 enim
649 2715 932 2773 fornicatio
961 2723 1040 2768 est
1067 2728 1096 2765 a
1131 2709 1354 2765 nomino
1382 2707 1495 2760 Deo
1524 2722 1538 2758 :
1569 2703 1679 2773 jam
1709 2717 1768 2756 es
1795 2701 1848 2754 in
1879 2699 2056 2769 aliquo

469 2825 703 2865 numero
729 2807 1090 2862 membrorum
1108 2800 1324 2858 Christi.
1352 2797 1468 2854 Jam
1497 2795 1669 2866 incipe
1694 2793 1874 2848 videre
1894 2791 2054 2847 etiam

470 2903 564 2957 illa
617 2909 832 2972 peccata
878 2895 1148 2950 societatis
1177 2892 1446 2946 humanae.
1501 2887 1614 2942 Non
1637 2883 1842 2941 occidis
1871 2897 2056 2953 quem-

468 3010 653 3066 quam,
689 3009 793 3047 non
841 2989 1112 3044 adulteras
1139 2985 1452 3055 cujusquam
1481 2995 1700 3036 uxorem
1725 3021 1741 3046 ,
1770 2992 1876 3033 non
1905 2974 2055 3030 uxori

470 3065 578 3142 tua:
605 3084 782 3140 citndo
809 3065 874 3136 ad
907 3082 1154 3145 alteram,
1187 3076 1436 3148 injuriam
1472 3073 1603 3128 facis
1623 3114 1638 3137 ,
1671 3085 1778 3126 non
1807 3069 1912 3124 ulla
1935 3082 2058 3138 pes-

471 3181 608 3234 sima
634 3174 941 3247 corruptela
987 3183 1038 3229 te
1081 3170 1414 3227 contaminas
1432 3209 1448 3232 ,
1477 3163 1782 3222 abstinuisti
1811 3176 2000 3218 manus
2023 3175 2054 3217 a

472 3271 638 3333 furto,
658 3269 886 3335 linguam
904 3280 930 3316 a
954 3261 1209 3333 periurio,
1231 3275 1324 3315 cor
1351 3273 1380 3311 a
1397 3253 1819 3325 concupiscenda
1845 3267 1902 3307 re
1927 3267 2053 3322 pro-

475 3361 602 3414 ximi
633 3359 704 3410 tui
735 3374 748 3409 :
779 3357 887 3422 jam
932 3354 1108 3423 justus
1135 3365 1216 3405 es.
1271 3345 1500 3402 Attende
1541 3353 1773 3409 caetera;
1811 3342 1916 3397 noli
1943 3342 2052 3410 jam

471 3449 775 3518 superbire.
806 3444 1017 3499 Nihilne
1039 3455 1228 3510 peccas
1249 3439 1302 3493 in
1322 3437 1537 3507 lingua?
1561 3451 1668 3491 non
1691 3433 2054 3503 prolaberisin

471 3542 693 3596 verbum
757 3537 1000 3591 durum?
1043 3533 1149 3589 Sed
1197 3531 1323 3602 quid
1373 3545 1622 3600 magnum
1685 3527 1867 3582 dicis?
1917 3524 2055 3594 Quid

471 3631 763 3700 magnum?
821 3628 920 3693 Qui
967 3625 1149 3680 dixerit
1173 3623 1320 3694 fratri
1347 3637 1461 3686 suo,
1485 3619 1680 3684 Fatue;
1709 3634 1821 3672 reus
1847 3617 1940 3670 crit
1967 3634 2055 3687 ge-

474 3726 656 3777 hennae
694 3722 824 3791 ignis
852 3719 871 3792 (
897 3718 984 3772 Id.
1016 3734 1067 3781 ν,
1094 3717 1166 3770 22
1188 3713 1228 3787 ).
1260 3713 1637 3769 Contremiscit
1671 3711 1783 3780 jam
1827 3717 1934 3764 tota
1968 3710 2056 3764 illa

476 3817 744 3888 superbia.
781 3815 915 3870 Ecce
939 3813 1049 3882 jam
1081 3824 1186 3865 non
1218 3807 1374 3863 valde
1402 3806 1525 3862 facit
1553 3805 1692 3860 unde
1709 3805 1844 3859 Deus
1873 3802 2056 3858 vidca-
2085 3819 2090 3826 ‘

475 3921 562 3965 tur
588 3909 857 3976 impietate
892 3905 1068 3974 aliqua
1117 3898 1503 3971 hlasphemari;
1533 3911 1640 3952 non
1670 3895 1822 3950 irruit
1873 3895 1925 3948 in
1954 3894 2056 3948 ali-

475 4016 637 4072 quem
662 3997 984 4059 l:rdendum,
1014 4008 1119 4048 non
1143 3989 1270 4046 facit
1294 3989 1447 4044 alteri
1474 3986 1615 4058 quod
1643 3985 1746 4056 pati
1780 4000 1885 4040 non
1912 3983 2056 4039 vult:

477 4093 603 4162 quid
634 4090 700 4145 de
727 4087 947 4158 lingua?
986 4100 1103 4155 quis
1138 4083 1280 4137 illam
1321 4080 1538 4136 domat?
1566 4075 1672 4133 Sed
1701 4091 1826 4131 ecce
1860 4076 1967 4144 jam
2007 4083 2061 4130 et

485 4184 651 4256 ἱρςειηι
681 4179 932 4255 ft‘cnasli:
976 4188 1278 4246 quanquam
1303 4171 1424 4242 quis
1465 4179 1640 4224 tantus
1687 4175 1744 4220 ut
1790 4166 1893 4220 hoc
1917 4165 2059 4219 omni

483 4275 643 4328 modo
664 4269 944 4343 perficiat?
965 4267 1063 4322 sed
1085 4280 1216 4322 ecce
1237 4264 1348 4334 jam
1372 4272 1426 4318 et
1461 4261 1630 4331 ipsam
1655 4258 1868 4314 frenasti
1891 4275 1904 4310 :
1935 4255 2061 4327 quid

478 4366 613 4420 facis
641 4365 707 4418 de
734 4359 1145 4432 cogitationibus
1174 4356 1318 4412 tuis?
1345 4354 1471 4426 quid
1497 4354 1625 4408 facis
1649 4352 1717 4407 de
1751 4349 1979 4406 tumultu
2009 4356 2063 4403 et

482 4464 698 4509 caterva
749 4449 1124 4507 rebellantium
1189 4444 1615 4502 desideriorum?
1662 4443 1780 4498 Non
1833 4441 1912 4496 eis
1967 4439 2063 4495 das

485 4543 747 4598 membra.
777 4541 852 4595 ita
881 4538 1065 4603 credo,
1089 4546 1144 4593 et
1171 4535 1326 4591 video
1356 4555 1369 4590 :
1395 4533 1487 4590 sed
1513 4542 1686 4587 tamen
1713 4530 2063 4604 cogitationes

484 4633 772 4705 aliquando
819 4631 1080 4687 inclinant
1119 4638 1175 4684 et
1224 4625 1474 4681 auferunt
1504 4634 1555 4680 te
1578 4627 1625 4687 ⁸,
1655 4625 1964 4694 plerumque
2009 4621 2062 4676 in

481 4725 726 4778 oratione
749 4722 974 4792 genibus
1003 4721 1140 4774 lixis.
1168 4718 1373 4788 Corpus
1393 4716 1706 4786 prosternis,
1723 4715 1917 4770 collum
1941 4728 2065 4766 cur.

490 4830 582 4870 vas
606 4856 620 4877 ,
651 4813 922 4869 confiteris
953 4820 1203 4881 peccata,
1234 4811 1401 4865 Deum
1431 4808 1622 4863 adoras
1647 4826 1659 4862 :
1692 4807 1847 4862 video
1870 4817 2065 4872 corpus

485 4908 574 4962 ubi
599 4907 798 4976 jaceat,
821 4918 1003 4975 quaero
1031 4903 1120 4958 ubi
1152 4901 1338 4957 volitet
1375 4901 1602 4956 animus.
1637 4898 1806 4954 Video
1827 4899 2064 4955 membra

484 4997 710 5070 iacentia
742 5012 756 5048 :
798 4994 1075 5050 videamus
1109 4992 1153 5046 si
1199 5002 1305 5048 stat
1330 4991 1655 5048 conscientia
1684 5031 1700 5057 ,
1722 4989 1997 5045 videamus
2020 4991 2064 5045 si

482 5090 587 5142 tixa
617 5095 701 5142 est
730 5087 784 5141 in
822 5101 944 5140 eum
984 5099 1141 5156 quem
1169 5083 1397 5147 adorat;
1434 5083 1478 5138 si
1511 5096 1617 5138 non
1661 5081 2066 5153 cogitationibus

483 5179 1081 5249 ticrumqueJanquam
1106 5183 1238 5230 testu
1265 5174 1425 5231 maris
1453 5173 1732 5244 abripitur,
1756 5181 1811 5228 et
1861 5181 2065 5243 tempe-

483 5277 626 5322 state
651 5269 859 5323 tollitur
888 5267 943 5321 in
957 5265 1100 5321 aliud
1132 5274 1290 5336 atque
1314 5265 1477 5320 aliud.
1509 5264 1665 5320 Modo
1692 5265 1736 5319 si
1761 5279 1968 5319 mecum
1991 5264 2070 5318 loc

482 5360 729 5428 qnereris
752 5399 768 5426 ,
798 5369 855 5415 et
879 5357 1058 5413 subito
1084 5370 1360 5412 averteres
1388 5366 1438 5410 te
1463 5357 1528 5411 ad
1557 5370 1768 5411 servum
1800 5365 1945 5410 tuum
1967 5395 1983 5420 ,
2014 5363 2070 5410 et

490 5449 783 5503 dimitteres
810 5464 896 5503 me
923 5490 937 5512 ,
969 5463 1073 5502 non
1105 5447 1225 5503 dico
1272 5462 1300 5499 a
1327 5463 1433 5518 quo
1463 5447 1661 5517 aliquid
1690 5447 1906 5517 petebas
1926 5488 1940 5510 ,
1973 5446 2066 5501 sed

492 5553 605 5595 eum
633 5555 739 5611 quo
765 5554 830 5595 ex
863 5555 1017 5609 mquo
1049 5538 1391 5610 loquebaris;
1415 5553 1520 5593 non
1551 5539 1680 5592 mibi
1705 5539 1947 5607 iniuriam
1991 5536 2065 5592 fa-

546 5699 569 5766 ξ
594 5703 665 5766 Fs}.
765 5705 897 5754 tom,
921 5697 1168 5766 malitiam:
1195 5698 1362 5766 tte-lius
1388 5706 1484 5747 Am.
1515 5706 1564 5748 et
1589 5698 1752 5766 tlures
1767 5707 1869 5748 :ttss.
1897 5697 2066 5766 mitiia.

494 5813 504 5823 _
551 5760 667 5826 {sic
689 5757 871 5826 aliquot
893 5766 996 5826 Mss.
1019 5759 1119 5814 aiii,
1141 5757 1456 5819 inclinantur,
1473 5767 1514 5809 et
1539 5757 1758 5821 ruiturum
1784 5771 1844 5811 te.
1866 5769 1914 5810 ,ιι
1937 5763 2068 5819 ιω,

483 5819 800 5877 inclinantur,
823 5824 868 5866 et
892 5819 1094 5880 aderunt
1123 5833 1191 5870 se.

1712 385 1766 441 S.
1809 383 1849 438 Δ
1858 375 2172 438 llCUSTlNl
2214 375 2534 434 EPISCOP!=

3605 347 3742 426 1323

2162 502 2304 549 ctam
2326 493 2671 564 deputarem?
2700 491 2838 548 Ecce
2861 491 2987 562 quid
3019 489 3146 546 facis
3173 487 3411 560 quotidie
3437 487 3569 542 Deo.
3591 490 3744 554 Qua-

2161 587 2264 640 lem
2295 586 2460 643 modo
2499 585 2631 652 dixi,
2659 584 2882 640 fratres?
2921 583 3036 639 Jam
3067 597 3189 638 eum
3219 580 3309 650 qui
3357 579 3528 635 solum
3573 577 3746 633 Deum

2160 677 2308 744 colit,
2333 677 2421 746 qui
2449 675 2722 732 Christum
2751 676 3056 739 contitetnr,
3079 675 3168 744 qni
3206 674 3415 728 Patrem
3457 681 3512 726 et
3550 671 3748 727 Filium

2160 779 2211 822 et
2233 767 2486 838 Spiritum
2510 779 2752 824 sanctum
2775 783 2935 822 unum
2967 768 3133 822 Deum
3161 765 3339 830 novit,
3366 763 3458 835 qui
3491 779 3594 817 non
3628 771 3752 832 pnst

2160 877 2281 916 eum
2315 861 2624 926 fornicatur,
2651 861 2739 932 qui
2772 877 2875 914 non
2899 859 3083 914 adorat
3110 858 3401 922 daemones,
3427 855 3519 926 qui
3545 855 3750 910 auxilia

2161 952 2262 1007 sibi
2289 969 2318 1006 a
2342 952 2555 1007 diabolo
2587 967 2691 1005 non
2732 951 3014 1019 requirit‘,
3037 948 3125 1019 qui
3162 957 3308 1003 tenet
3332 947 3627 1002 Ecclesiam
3653 934 3752 1000 ca-~

2163 1043 2414 1098 tholicam
2440 1059 2455 1110 ;
2483 1042 2552 1098 de
2577 1043 2729 1112 cujus
2755 1041 2942 1096 fraude
2972 1055 3130 1095 nemo
3167 1039 3530 1108 conqueritur,
3564 1037 3634 1093 de
3653 1053 3752 1092 cu-

2156 1134 2247 1205 jus
2276 1148 2525 1205 pressura
2555 1147 2660 1189 uon
2686 1133 2850 1203 gemit
2873 1132 3078 1188 vicinus
3099 1133 3342 1186 infirmus
3366 1147 3382 1197 ;
3405 1131 3493 1201 qui
3519 1144 3746 1185 uxorem

2163 1225 2394 1279 alienam
2425 1239 2533 1280 non
2566 1233 2732 1280 tentat
2757 1265 2772 1290 ,
2802 1222 2894 1294 qui
2923 1232 3206 1278 contentus
3249 1233 3332 1276 est
3370 1235 3464 1275 sua
3492 1262 3508 1286 ,
3535 1229 3628 1274 aut
3655 1220 3749 1290 qni

2163 1332 2264 1373 nec
2291 1317 2404 1388 ipsa
2435 1331 2549 1380 sua,
2578 1315 2672 1372 sed
2699 1314 2966 1388 quomodo
2996 1312 3122 1368 licet
3148 1321 3204 1367 et
3231 1310 3499 1382 quomodo
3523 1313 3750 1380 permit-

2164 1409 2227 1463 tit
2253 1407 2548 1477 apostolica
2577 1407 2878 1478 disciplina,
2903 1405 2992 1460 ubi
3021 1417 3317 1460 consensus
3347 1409 3430 1457 est
3465 1401 3745 1456 amborum

2168 1500 2231 1572 (l
2275 1499 2395 1555 Cor.
2445 1514 2518 1554 vtt
2552 1541 2568 1566 ,
2599 1498 2708 1569 5),
2745 1506 2839 1552 aut
2877 1497 2965 1552 ubi
3005 1495 3237 1551 nondum
3277 1493 3436 1549 ducta
3487 1502 3591 1548 est.
3643 1491 3748 1559 Qui

2157 1593 2268 1663 jam
2298 1592 2422 1647 talis
2446 1601 2551 1659 est,
2576 1590 2992 1660 deprehenditur
3021 1596 3195 1644 tamen
3233 1586 3288 1644 in
3315 1586 3436 1642 istis
3462 1601 3581 1656 qua:
3613 1584 3747 1640 disi.

2235 1683 2321 1740 19.
2351 1681 2514 1756 [νει-ε.
2544 1681 2624 1755 6.]
2658 1682 2812 1737 Venit
2853 1695 2983 1751 ergo
3009 1691 3216 1751 tempus
3245 1676 3386 1750 quod
3411 1677 3612 1732 dictum
3641 1683 3748 1743 est,

2163 1777 2342 1832 Adhuc
2369 1786 2412 1830 et
2440 1777 2602 1830 oratio
2644 1792 2752 1828 mea
2784 1776 2835 1828 in
2861 1774 3185 1844 beneptacitis
3210 1789 3421 1838 eorum;
3447 1772 3561 1827 sive
3588 1785 3751 1842 quam

2161 1869 2362 1936 docuit,
2393 1870 2511 1924 sive
2555 1883 2655 1939 qua
2701 1867 3006 1938 interpellat
3053 1881 3148 1937 pro
3192 1867 3365 1922 nobis.
3399 1866 3454 1919 In
3484 1864 3602 1919 istis
3621 1877 3753 1934 ergo

2161 1960 2483 2031 quotidianis
2511 1960 2739 2030 peccatis
2765 1958 3009 2015 onmibus
3033 1975 3150 2030 quae
3179 1973 3303 2028 spes
3328 1967 3431 2025 est,
3454 1957 3556 2011 nisi
3578 1955 3755 2011 humi-

2163 2053 2200 2108 li
2229 2053 2390 2109 corde
2426 2053 2664 2107 dicamus
2701 2053 2752 2108 in
2795 2055 3036 2108 oratione
3072 2051 3359 2117 dominica,
3386 2067 3506 2122 qua:
3547 2050 3656 2121 jam
3696 2051 3754 2105 in

2162 2146 2513 2214 beneplaeitis
2561 2145 2754 2200 nostris
2797 2154 2900 2210 est,
2936 2160 3040 2201 non
3091 2143 3486 2199 defendentium
3537 2152 3756 2214 peccata

2164 2247 2365 2305 nostra,
2394 2237 2487 2294 sed
2529 2237 2893 2291 confitentium
2913 2278 2928 2300 ,
2955 2237 3163 2290 Dimitte
3197 2235 3338 2290 nobis
3364 2235 3529 2288 debita
3555 2246 3752 2301 nostra,

2161 2330 2289 2384 sicut
2317 2338 2363 2383 ct
2402 2345 2491 2383 nos
2524 2328 2823 2382 dimittimus
2871 2326 3175 2381 debitoribus
3200 2328 3420 2389 uostris;
3447 2335 3502 2381 et
3519 2325 3756 2380 advoca-

2163 2429 2272 2475 ttun
2301 2419 2590 2474 habeamus
2613 2419 2750 2488 apud
2773 2419 3001 2481 Patrem,
3026 2418 3208 2474 Jesum
3233 2417 3499 2474 Christum
3526 2418 3753 2487 justum,

2161 2521 2220 2566 ut
2241 2513 2352 2582 ipse
2375 2511 2447 2565 sit
2469 2509 2770 2580 propitiatio
2799 2525 2895 2580 pro
2923 2510 3150 2579 pet-eatis
3175 2509 3371 2563 nostris
3397 2505 3443 2580 (l
3460 2507 3617 2562 Jorm.
3648 2523 3700 2567 ιι,
3728 2509 3750 2562 ι

2158 2603 2270 2674 2)?
2292 2601 2447 2658 Modo
2467 2602 2750 2672 loquantur
2785 2601 3028 2677 superbi;
3061 2600 3342 2654 vincuntur
3367 2614 3590 2654 numero
3610 2641 3626 2666 ,
3641 2600 3760 2653 vin-

2160 2707 2355 2752 cuntur
2389 2695 2615 2767 populis,
2640 2702 2744 2749 tcta
2782 2703 2921 2750 terra
2943 2709 2972 2747 a
2996 2695 3125 2748 stilis
3149 2701 3268 2748 ortu
3295 2707 3464 2762 usque
3502 2692 3572 2746 ad
3598 2707 3757 2747 occa-

2159 2802 2278 2843 sum
2305 2787 2554 2842 laudante
2575 2801 2769 2841 nomen
2789 2786 3018 2841 Domini.
3041 2785 3174 2854 Quid
3203 2783 3400 2839 faciunt
3427 2785 3580 2854 pauci
3601 2784 3762 2840 aliter

2159 2877 2765 2951 disputantesiludices
2802 2891 2926 2934 sunt
2950 2880 3253 2948 impiorum.
3277 2878 3382 2934 Sed
3412 2877 3542 2949 quid
3572 2876 3638 2932 ad
3668 2879 3758 2932 te?

2160 2970 2294 3026 Vide
2321 2970 2447 3041 quid
2471 2971 2712 3041 sequitur
2742 2987 2755 3022 :
2789 2969 3022 3040 Absorpti
3046 2979 3160 3024 sunt
3196 2969 3350 3038 juxta
3393 2978 3591 3035 petram
3607 2968 3762 3038 judi-

2161 3077 2239 3116 εει
2269 3077 2463 3116 eorum.
2487 3060 2622 3128 Quid
2679 3070 2780 3126 est,
2808 3060 3043 3127 Absorpti
3070 3069 3188 3113 sunt
3209 3061 3358 3129 juxta
3387 3047 3622 3130 petram?
3656 3059 3761 3114 Pe—

2159 3161 2239 3208 tra
2279 3164 2446 3208 autem
2488 3163 2594 3208 erat
2633 3153 2864 3208 Christus
2905 3151 3096 3226 (lCor.
3146 3169 3200 3218 κ,
3231 3152 3324 3212 Η.
3356 3153 3596 3223 Absorpti
3639 3161 3761 3205 sunt

2147 3247 2304 3317 juxta
2330 3255 2540 3317 petram.
2561 3245 2744 3312 Juxta,
2768 3246 2820 3300 id
2849 3255 2950 3310 est,
2976 3245 3266 3314 comparati
3296 3245 3527 3314 judices,
3554 3244 3760 3314 magni,

2161 3349 2429 3413 potentes,
2446 3340 2588 3396 docti
2620 3358 2634 3395 :
2667 3341 2765 3409 ipsi
2792 3339 3041 3394 dicuntur
3067 3337 3261 3403 iudices
3286 3351 3481 3400 eorum,
3507 3345 3764 3406 tanquam

2155 3432 2458 3503 iudicantes
2496 3431 2565 3487 de
2613 3431 2873 3494 moribus,
2925 3439 2980 3484 et
3020 3428 3338 3484 sententiam
3388 3427 3758 3498 profercntt-s.

2159 3524 2300 3579 Dixit
2339 3523 2442 3579 hoc
2482 3522 3077 3592 Aristoteles.t\djnnge
3105 3521 3252 3576 illum
3286 3528 3548 3590 pctrte,et
3572 3521 3764 3574 absor-

2159 3628 2284 3688 ptus
2303 3627 2401 3673 est.
2431 3617 2560 3685 Quis
2582 3625 2665 3672 est
2691 3614 3039 3671 Aristoteles?
3070 3614 3284 3680 Audiat,
3313 3613 3451 3667 Dixit
3473 3612 3758 3678 Christus;

2163 3718 2217 3764 ct
2263 3708 2400 3778 apud
2445 3707 2645 3763 inferos
2688 3706 3072 3762 contremiseit.
3105 3705 3245 3760 Dixit
3275 3705 3375 3759 hoc.
3403 3704 3758 3776 Pythagoras,

2163 3798 2297 3854 dixit
2328 3799 2428 3854 hoc
2463 3799 2631 3854 Plato.
2661 3797 2904 3867 Atljunge
2930 3796 3047 3852 illos
3075 3804 3260 3866 petrze,
3287 3792 3540 3866 Compara
3571 3805 3760 3849 aucto-

2163 3890 2376 3946 ritatem
2399 3890 2608 3944 illorum
2635 3889 2934 3944 auctoritati
2961 3886 3305 3958 cvangeliczc,
3324 3901 3579 3956 compara
3610 3887 3764 3941 infla-

2168 3994 2253 4036 tos
2299 3983 2574 4038 crncifixo.
2606 3981 2851 4042 Dicamus
2881 3980 2998 4034 eis:
3029 3978 3136 4034 Vos
3163 3979 3367 4034 litteras
3392 3987 3605 4032 vestras
3631 3993 3764 4033 con-

2165 4073 2451 4144 scripsistis
2477 4073 2528 4126 in
2557 4071 2807 4125 cordibus
2830 4069 3216 4138 superborum;
3247 4067 3333 4122 ille
3361 4081 3578 4122 crucem
3601 4082 3756 4122 suam

2167 4164 2280 4219 fixit
2323 4165 2374 4219 in
2425 4163 2674 4221 cordibus
2719 4163 2957 4232 regum'.
2989 4161 3266 4216 Postremo
3303 4169 3546 4216 mortuus
3576 4170 3677 4224 est,
3705 4170 3764 4216 et

2166 4256 2457 4312 resurrexit
2491 4279 2504 4308 -.
2535 4254 2729 4309 mortui
2777 4254 2930 4316 estis,
2977 4261 3031 4308 et
3059 4253 3182 4307 nolo
3223 4268 3468 4323 quau-ere
3493 4254 3759 4322 quemad-

2166 4347 2382 4402 modum
2425 4344 2732 4416 resurgatis.
2761 4344 2921 4414 Ergo,
2952 4344 3186 4414 Absorpti
3224 4353 3338 4416 sunt
3372 4345 3525 4415 juxta
3565 4356 3764 4412 petram

2165 4435 2320 4492 istam
2341 4436 2542 4508 judices
2580 4411 2772 4489 eorum.
2796 4411 3019 4488 Tamdiu
3048 4411 3308 4488 videntur.
3321 4411 3524 4504 aliquid
3555 4411 3762 4501 dicere,

2166 4527 2335 4583 donec
2355 4535 2726 4596 comparentur
2754 4534 2934 4594 petrae.
2959 4525 3243 4594 Propterea
3265 4526 3308 4578 si
3336 4526 3584 4578 inventus
3607 4525 3764 4579 fuerit

2167 4617 2360 4688 aliquis
2399 4633 2582 4672 eorum
2631 4617 2730 4670 hoc
2773 4615 2994 4682 dixisse,
3043 4615 3183 4686 quod
3222 4615 3353 4669 dixit
3394 4624 3448 4668 et
3477 4615 3760 4680 Christus;

2169 4707 2492 4775 gratulamur
2519 4707 2612 4772 illi,
2643 4722 2746 4760 non
2777 4705 3017 4780 sequitur
3044 4705 3212 4759 illum.
3242 4705 3350 4760 Sed
3377 4705 3521 4775 prior
3551 4705 3649 4760 fuit
3677 4707 3764 4760 ille

2169 4815 2326 4871 quam
2355 4799 2614 4854 Christus.
2645 4799 2700 4854 SI
2733 4802 2852 4872 quis
2878 4813 3000 4852 vera
3029 4797 3286 4867 loquitur,
3317 4798 3462 4866 prior
3488 4807 3574 4850 est
3600 4813 3762 4867 quam

2171 4893 2282 4959 ipsa
2308 4890 2540 4946 veritas?
2566 4885 2611 4946 Ο
2643 4889 2821 4952 homo,
2846 4888 3060 4943 attende
3083 4886 3378 4952 Christum,
3413 4902 3518 4941 non
3546 4889 3764 4958 quando

2171 4984 2237 5038 ad
2269 4993 2320 5038 te
2342 4985 2565 5046 venerit,
2585 4982 2677 5038 sed
2707 4981 2919 5053 quando
2944 4991 2993 5036 te
3025 4980 3430 5036 fecerit.Potest
3448 4989 3503 5035 et
3528 4992 3766 5051 mgrottts

2173 5077 2350 5132 dicere
2382 5095 2396 5130 :
2429 5075 2533 5131 Sed
2568 5076 2712 5145 prius
2739 5088 2840 5146 ego
2883 5073 3050 5129 cecidi
3082 5074 3376 5139 inlectum,
3404 5089 3565 5143 quam
3593 5074 3764 5129 medi-

2173 5184 2268 5224 cus
2297 5169 2360 5223 ad
2388 5185 2475 5224 me
2510 5169 2764 5224 venisset.
2793 5167 2987 5237 Utique
3018 5166 3137 5222 ideo
3183 5167 3271 5222 ille
3296 5168 3564 5237 posterior
3594 5170 3760 5234 venit,

2171 5261 2293 5334 quia
2324 5270 2378 5315 tu
2408 5261 2550 5330 prius
2577 5259 2835 5315 cecidisti.

2244 5351 2335 5406 20.
2369 5350 2553 5405 Videte
2584 5350 2763 5420 itaque
2803 5359 3001 5406 textum
3048 5350 3262 5415 Psalmi,
3294 5350 3475 5404 Adhuc
3513 5361 3562 5405 et
3600 5351 3761 5404 oratio

2177 5462 2285 5499 mea
2313 5445 2365 5498 in
2393 5441 2716 5511 benepfacitis
2740 5459 2932 5497 eorum.
2957 5442 3061 5498 Sed
3101 5451 3259 5498 erunt
3301 5442 3451 5496 tnulti
3499 5443 3589 5512 qui
3635 5457 3756 5496 cono

2179 5536 2440 5590 tradi-cant
2469 5552 2481 5588 :
2515 5534 2751 5603 Absorpti
2778 5546 2894 5589 sunt
2915 5536 3069 5604 juxta
3095 5545 3292 5603 petram
3321 5535 3523 5605 judiccs
3567 5552 3754 5589 eorum.

2243 5703 2258 5768 ξ
2283 5698 2468 5770 aliquot
2489 5702 2616 5754 Mss,
2638 5695 2720 5758 qui
2757 5693 2944 5744 laetitia
2975 5693 3083 5754 sibi,
3114 5693 3208 5744 nisi
3245 5707 3274 5742 a
3304 5693 3521 5755 Domitio,
3553 5708 3645 5744 nou
3685 5707 3757 5747 rc-

2177 5774 2276 5853 qmi’
2290 5767 2406 5870 ζίὶιυε,
2432 5816 2618 5880 uss.,ia
2638 5812 2872 5880 fromilms
2897 5829 3078 5881 regam-
