4082 6204
320 378 342 426 1
355 372 458 427 829

316 490 452 557 Quid
483 503 611 559 ergo
632 489 772 545 erit?
797 489 1017 545 Audierit
1041 489 1187 544 verba
1208 507 1336 555 mea,
1355 494 1594 560 quoniam
1619 493 1901 563 pra'ualue-

315 593 452 637 runt.
504 583 897 638 Prmvalucruut
937 583 1094 637 verha
1136 599 1256 639 mea
1299 584 1474 640 verbis
1517 599 1724 639 corum.
1761 585 1904 641 Dicta

315 683 440 729 sunt
485 674 554 728 ah
595 675 672 728 eis
713 675 955 746 quzrdam
999 675 1216 741 diserte,
1269 676 1364 730 sed
1391 692 1419 729 a
1449 693 1536 731 me
1574 693 1718 732 vera.
1748 678 1903 732 Aliud

315 776 397 820 est
423 765 638 821 laudare
663 767 957 836 loquacem,
980 767 1118 820 aliud
1153 767 1369 822 laudare
1401 783 1665 823 veracetn.
1688 769 1906 824 Audierit

314 857 465 911 verba
481 873 610 924 mea,
630 857 865 927 quoniam
892 858 1278 929 prteralucrunt.
1305 858 1455 914 Unde
1481 861 1904 930 prcevaluerunt?

313 949 446 1015 Quis
471 964 655 1003 eorum
694 949 1110 1018 comprehensus
1155 960 1238 1006 est
1265 951 1316 1006 in
1343 952 1626 1018 sacrilicio,
1669 969 1790 1009 cum
1820 954 1903 1012 his

315 1041 518 1110 legibus
571 1041 668 1096 ista
730 1041 1164 1112 prohiberentur,
1209 1053 1264 1100 et
1314 1059 1418 1100 non
1464 1047 1713 1116 negavit?
1773 1049 1902 1118 Quis

311 1147 498 1187 corum
545 1132 965 1204 comprehensus
1012 1144 1094 1189 est
1144 1136 1374 1191 adorare
1400 1137 1632 1206 idolum,
1685 1150 1737 1195 et
1793 1156 1898 1197 non

311 1226 582 1289 clamavit,
604 1225 720 1280 Non
753 1224 872 1293 feci,
891 1235 944 1280 et
975 1227 1148 1282 timuit
1177 1244 1244 1282 ne
1268 1230 1716 1286 convinceretur?
1742 1232 1900 1288 Tales

313 1319 587 1372 ministros
613 1317 856 1372 diabolus
885 1320 1172 1375 ltabehat‘.
1199 1321 1352 1377 Unde
1379 1331 1557 1378 autem
1602 1326 1898 1394 przevalue-

313 1418 436 1463 runt
464 1410 625 1463 verba
656 1410 907 1464 Domini?
939 1411 1069 1465 Ecce
1091 1428 1182 1483 ego
1209 1413 1349 1467 mitto
1372 1428 1459 1468 vos
1481 1415 1610 1469 sicut
1650 1433 1808 1487 agnos
1845 1418 1898 1472 in

310 1501 478 1554 medio
502 1500 756 1571 luporum.
775 1500 969 1557 ,Nolite
993 1503 1166 1557 timere
1184 1520 1269 1559 eos
1291 1505 1376 1574 qui
1418 1507 1653 1562 occidunt
1691 1526 1896 1580 corpus,

307 1593 530 1646 animam
557 1603 724 1647 autem
752 1611 852 1649 non
891 1606 1100 1664 possunt
1124 1599 1412 1664 occcidere;
1436 1600 1525 1654 sed
1550 1617 1666 1654 eum
1710 1602 1896 1670 timete,

305 1684 392 1750 qui
439 1694 487 1738 et
535 1701 718 1754 corpus
771 1695 817 1741 et
845 1687 1068 1741 animum
1106 1698 1262 1758 potest
1301 1691 1495 1746 mittere
1533 1692 1586 1746 in
1619 1694 1898 1765 gehennam

305 1774 693 1845 ignis(.llattlt.
744 1793 800 1843 x,
850 1777 935 1842 16,
977 1778 1092 1849 28).
1151 1780 1305 1835 Dedit
1356 1782 1622 1849 timorem,
1673 1785 1900 1856 subjecit

303 1883 480 1937 slmui,
505 1869 849 1926 inflammavit
877 1874 1212 1930 charitatem.
1243 1875 1438 1945 Nolite,
1479 1879 1672 1951 inquit,
1707 1883 1896 1940 timere

303 1971 553 2019 mortem.
583 1963 802 2019 Mortem
838 1965 1033 2021 timetis
1049 1967 1074 2019 τ
1094 1967 1247 2023 Prior
1276 1970 1494 2025 morior.
1513 1972 1591 2027 Nc
1615 1975 1698 2029 vel
1726 1975 1894 2044 capil-

305 2051 390 2106 lus
418 2062 597 2109 vester
625 2065 826 2124 pereat,
861 2056 1198 2114 formidatis?
1221 2059 1377 2116 Prior
1418 2062 1623 2134 integer
1646 2064 1708 2120 in‘
1734 2080 1896 2123 carne

302 2158 545 2214 resurgo.
587 2146 772 2201 Merito
793 2148 1016 2204 audistis
1043 2151 1206 2207 verba
1235 2151 1372 2222 ejus,
1403 2156 1652 2224 quoniam
1684 2173 1892 2228 praeva-

301 2232 536 2289 luerunt.
584 2238 915 2306 llicebaut',
943 2249 997 2294 et
1037 2242 1449 2312 occidebantur;
1513 2246 1795 2313 cadebant,
1840 2259 1894 2306 et

297 2326 534 2380 stabant.
560 2328 622 2382 Et
643 2329 768 2399 quid
785 2339 865 2384 est
889 2331 1085 2385 factum
1106 2333 1174 2387 de
1201 2342 1277 2389 tot
1291 2337 1552 2392 mortibus
1571 2349 1888 2411 martyrum,

296 2416 402 2470 nisi
432 2427 488 2470 ut
517 2417 629 2487 ipsa
676 2420 836 2474 verba
885 2422 1253 2490 prtevalerent,
1286 2435 1340 2480 et
1379 2434 1630 2497 tanquam
1673 2431 1889 2500 irrigata

296 2516 442 2560 terra
489 2510 748 2579 sanguine
800 2512 1017 2566 testium
1059 2510 1292 2582 Christi,
1353 2517 1639 2586 pullularet
1695 2521 1891 2591 ubique

293 2613 453 2669 seges
495 2600 784 2656 Ecclesiae?
816 2604 1054 2673 Audierit,
1099 2606 1288 2677 inquit,
1326 2610 1474 2663 verba
1498 2627 1628 2678 utea,
1651 2614 1889 2683 quoniam

294 2693 691 2760 prtevaluerunt.
751 2695 898 2750 Unde
946 2698 1379 2767 przevaluerunt?
1425 2701 1541 2756 Jam
1587 2703 1822 2760 diximus
1871 2725 1885 2762 :

291 2797 418 2837 cum
449 2784 807 2852 prccdieantur
835 2802 864 2841 a
893 2803 997 2842 non
1025 2789 1353 2845 timentibus.
1381 2793 1517 2860 Quid
1552 2811 1658 2849 non
1685 2796 1883 2852 timen-

293 2873 472 2927 tihus?
501 2873 610 2929 Nec
634 2876 842 2943 exsilia,
873 2893 972 2933 nec
995 2878 1209 2947 damna,
1231 2897 1329 2937 nec
1355 2894 1605 2952 mortem,
1631 2902 1733 2943 nec
1760 2902 1884 2943 eru-

289 2977 434 3018 cem.
459 2963 572 3018 Non
603 2966 745 3020 enim
777 2983 876 3023 nec
905 2977 1129 3024 mortem
1159 2972 1361 3039 solam;
1385 2975 1480 3030 sed
1521 2991 1617 3031 nec
1647 2993 1882 3048 crucem,

287 3069 394 3122 qua
439 3065 608 3110 morte
650 3056 781 3111 nihil
829 3059 1106 3115 videbatur
1133 3064 1536 3121 exsccrahilius.
1574 3067 1748 3138 Ipsam
1777 3070 1883 3124 Do-

288 3146 472 3200 minus
517 3148 770 3219 suscepit,
821 3164 890 3204 ne
929 3151 1178 3221 discipuli
1229 3155 1344 3223 ejus
1390 3167 1623 3214 mortem
1669 3161 1882 3230 quidem

288 3253 400 3294 non
450 3238 717 3306 timerent,
758 3240 852 3296 sed
898 3257 997 3298 nec
1040 3258 1210 3314 genus
1255 3248 1446 3303 mortis
1485 3250 1880 3309 horrescerent.

285 3326 432 3396 Ergo
446 3342 474 3381 a
495 3343 596 3382 non
617 3329 921 3386 timentibus
932 3348 1052 3388 cum
1069 3334 1316 3391 dicuntur
1327 3337 1884 3410 btec,pra:valucrunt.

356 3418 454 3472 2|.
484 3416 632 3490 [vers.
665 3419 745 3492 7.]
770 3421 902 3487 Quid
933 3438 1059 3493 ergo
1086 3437 1288 3481 mortes
1313 3428 1420 3483 illa:
1465 3432 1702 3488 omnium
1742 3450 1880 3489 mar-

286 3515 488 3578 tyrum,
524 3509 647 3579 quid
692 3510 967 3566 fet-erunt?
995 3514 1130 3568 Audi
1164 3533 1176 3568 :
1211 3516 1358 3572 Sicut
1408 3523 1694 3577 crassitudo
1734 3533 1881 3581 terrm

285 3597 520 3668 disrupta
545 3610 618 3654 est
641 3618 790 3671 super
819 3612 1025 3669 terram,
1067 3605 1319 3677 dissipata
1362 3619 1479 3664 sunt
1497 3611 1518 3642 ³
1534 3613 1692 3681 juxta
1721 3615 1880 3686 infer-

286 3707 405 3744 num
447 3708 563 3746 ossa
608 3703 798 3748 nostra.
837 3695 992 3750 Juxta
1017 3697 1282 3753 infernum
1316 3701 1574 3771 dissipata
1603 3713 1728 3759 sunt
1757 3722 1875 3760 ossa

286 3791 604 3853 martyrum,
659 3783 707 3837 id
763 3795 844 3839 est
887 3800 1112 3856 corpora
1163 3789 1376 3843 testium
1437 3791 1654 3848 Christi.
1703 3794 1875 3852 Occisi

285 3881 405 3926 sunt
430 3874 572 3928 cnim
604 3884 888 3946 martyres,
922 3885 975 3929 et
1004 3877 1153 3947 quasi
1180 3881 1590 3948 przevaluerunt
1614 3885 1703 3954 qui
1729 3888 1874 3942 occi-

283 3961 498 4017 derunt.
538 3964 935 4020 Pt-zevalnerunt
972 3967 1047 4029 illi
1082 3972 1477 4041 persequendo,
1513 3983 1572 4028 ut
1620 3978 1880 4045 praevale-

285 4063 405 4108 rent
471 4055 629 4110 verba
676 4056 872 4112 Christi
941 4060 1296 4130 pra-dicundo.
1361 4063 1430 4120 Et
1473 4067 1598 4137 quid
1680 4069 1872 4126 factum

284 4155 364 4199 est
409 4148 480 4201 de
520 4149 781 4204 mortibus
831 4153 1178 4218 sanctorum?
1229 4154 1377 4209 Sicut
1403 4158 1688 4214 crassitudo
1727 4170 1875 4218 terra:

282 4237 516 4306 disrupta
573 4250 646 4294 est
698 4258 853 4310 super
905 4252 1129 4310 terram,
1178 4245 1424 4317 dissipata
1450 4257 1568 4304 sunt
1592 4253 1748 4320 juxta
1787 4255 1871 4309 iu-

282 4328 484 4398 [crnum
525 4347 640 4385 ossa
685 4343 876 4386 nostra.
902 4334 1039 4402 Quid
1082 4345 1164 4390 est
1187 4378 1201 4403 ,
1252 4339 1536 4394 crassitudo
1573 4351 1723 4398 terra:
1760 4345 1871 4401 dis-

280 4431 432 4488 rupta
457 4431 530 4474 est
554 4438 705 4490 super
732 4427 957 4480 terram?
979 4425 1236 4482 Novitnus
1260 4430 1664 4489 crassitudinem
1688 4443 1866 4505 terrm,

281 4513 693 4582 contemptibilia
720 4529 942 4586 qumque
965 4531 1104 4572 esse.
1127 4517 1258 4584 Quae
1283 4524 1570 4592 suntquasi
1596 4535 1869 4601 contemp-

284 4604 446 4659 tibilia
503 4606 838 4675 hominibus,
871 4609 1158 4665 fecundant
1201 4620 1398 4668 terram
1431 4614 1472 4670 ⁸.
1504 4615 1636 4672 Nam
1667 4619 1866 4676 dictum

285 4690 444 4752 estet
477 4697 528 4751 in
561 4697 789 4766 quodam
823 4700 1026 4769 psalmo
1050 4701 1281 4771 iacuisse
1311 4716 1510 4762 mortes
1537 4720 1862 4780 sanctorum;

282 4798 330 4842 ct
356 4804 459 4843 non
491 4789 585 4844 fuit
614 4791 702 4860 qui
733 4792 985 4862 sepeliret
1013 4794 1034 4863 (
1054 4793 1196 4850 Psal.
1226 4811 1429 4869 Lxxvut
1450 4841 1466 4866 ,
1494 4799 1529 4854 3
1550 4801 1592 4870 ).
1623 4801 1727 4858 Sed
1762 4805 1867 4860 illae

281 4895 464 4938 onmes
495 4895 693 4939 mortes
723 4883 874 4940 facta:
901 4897 1022 4942 sunt
1046 4890 1342 4944 crassitudo
1374 4901 1549 4949 terrae.
1583 4894 1864 4962 Quomodo

280 4976 470 5045 accipit
494 4985 633 5032 terra
663 4977 946 5047 quamdam
997 4981 1372 5050 pinguedinem
1420 4984 1488 5040 de
1530 4987 1691 5043 rebus
1729 5003 1862 5044 con-

281 5067 659 5137 temptibilibus
685 5079 741 5126 et
769 5070 1024 5139 abiectis;
1056 5073 1132 5127 sic
1161 5089 1223 5129 ex
1251 5089 1317 5130 eo
1361 5078 1504 5146 quod
1543 5084 1863 5152 contempsit

281 5147 363 5203 hic
409 5152 676 5219 mundus,
719 5155 926 5223 accepit
968 5157 1376 5214 crassitudinem
1417 5170 1553 5216 terra
1580 5204 1596 5226 ,
1638 5173 1694 5218 ut
1739 5147 1860 5222 inde

281 5256 428 5311 seges
454 5243 708 5298 Ecclesire
730 5244 957 5300 feracius
976 5246 1278 5315 pullularet.
1303 5249 1418 5305 Jam
1443 5253 1627 5316 nostis,
1648 5255 1855 5322 fratres,

280 5334 395 5400 quia
423 5337 840 5405 contemptibilia
869 5345 1027 5394 teme
1056 5339 1231 5410 hujus,
1254 5341 1322 5398 de
1342 5345 1533 5413 quibus
1561 5345 1859 5417 pinguescit

280 5431 415 5479 terra
436 5469 449 5490 ,
483 5443 581 5482 nec
609 5428 878 5498 appellare
903 5430 1023 5484 volo
1042 5471 1056 5496 ,
1087 5447 1185 5485 nec
1213 5433 1392 5489 dicere
1419 5435 1572 5492 decet
1597 5456 1609 5492 :
1641 5439 1755 5494 talis
1776 5450 1856 5496 est

278 5517 515 5582 qua-dam
543 5519 722 5588 Sagitta
753 5529 907 5575 teme
926 5561 942 5586 ,
975 5530 1028 5575 et
1056 5523 1295 5592 quaedam
1328 5526 1588 5596 pinguedo
1613 5545 1626 5592 ;
1657 5544 1710 5584 et
1729 5547 1855 5586 eon-

339 5627 356 5656 ¹
382 5629 575 5684 Quidam
607 5637 734 5685 Mss,
770 5629 959 5681 habent.

337 5689 358 5751 ξ
379 5690 450 5737 sic
467 5697 571 5740 Mss.
595 5693 705 5740 Etld.
732 5706 868 5751 vero,
893 5693 1203 5745 ducrbtmtur.

338 5747 358 5817 ξ
379 5756 482 5817 Mss.
510 5753 814 5816 plerumque,
841 5747 1059 5817 dispersa
1080 5768 1204 5807 sunt.

337 5811 360 5842 "
382 5811 563 5875 Aliquot
588 5811 928 5876 33$.{succnm'
947 5819 1060 5867 dant
1086 5827 1243 5871 tri-rte.

1435 376 1828 432 ENARRATiO
1870 373 1930 430 IN
1973 373 2288 435 PSALMUM
2327 382 2481 439 CXL.

3467 412 3599 471 I850

2018 496 2308 566 tetnptibile
2335 511 2416 554 est
2443 502 2743 560 hominibus
2763 550 2778 575 ,
2810 517 2862 564 ct
2889 513 3035 579 quasi
3063 516 3331 576 sordidum
3378 536 3460 579 est
3481 567 3496 591 ,
3544 538 3600 583 et

2012 585 2273 655 abjicitur.
2307 588 2412 645 Sed
2434 594 2558 661 quid
2585 595 2708 652 fecit
2735 597 2853 668 hic,
2882 613 2939 656 ut
2962 604 3071 673 jam
3119 620 3173 662 et
3210 611 3373 680 ipsius
3420 585 3598 675 verbis

2013 680 2173 733 utar?
2197 681 2276 736 De
2301 693 2435 738 terra
2458 689 2626 744 erexit
2657 691 2856 760 inapem
2884 737 2897 760 ,
2927 708 2973 750 ct
3003 700 3064 752 dc
3101 711 3319 759 stercore
3347 711 3598 768 exultavit

2010 785 2283 838 pauperem
2301 789 2322 839 ;
2350 785 2405 828 ut
2450 777 2736 835 collocaret
2791 801 2903 838 cum
2955 805 3069 843 cum
3101 794 3411 866 principibus
3435 840 3450 865 ,
3480 819 3596 856 cum

2009 858 2320 955 principibus
2345 867 2522 934 populi
2549 869 2630 923 sui
2659 869 2677 940 (
2705 870 2850 927 Psal.
2877 891 2982 932 exn
3007 921 3022 946 ,
3054 858 3109 945 7,
3161 858 3597 955 8).'Prost'ratus

2007 948 2150 1004 enim
2181 960 2264 1007 est
2286 953 2339 1008 in
2370 964 2530 1025 terra;
2555 969 2801 1032 tanquam
2829 968 3093 1039 pinguedo
3125 948 3299 1045 terra},
3321 979 3594 1054 disruptus

2006 1047 2090 1094 est
2113 1056 2272 1110 super
2302 1052 2496 1102 terram
2531 1067 2542 1102 :
2575 1051 2653 1106 sic
2687 1053 2853 1121 jacuit
2886 1058 2972 1114 ille
3016 1061 3246 1121 Lazarus
3291 1047 3588 1146 ulcerosus,

2005 1131 2099 1186 sed
2127 1142 2304 1190 tamen
2363 1139 2432 1194 ab
2459 1140 2681 1212 Angelis
2707 1149 2947 1205 sublatus
2977 1165 3060 1208 est
3089 1157 3139 1211 iu
3162 1159 3336 1217 sinum
3362 1131 3591 1226 Abrahae

2007 1223 2026 1293 (
2055 1222 2181 1280 Luc.
2207 1244 2314 1296 xvr,
2339 1230 2506 1286 20-22
2526 1234 2566 1304 ).
2597 1235 2836 1294 Pretiosa
2869 1253 2950 1298 est
2982 1245 3031 1300 iu
3062 1264 3346 1321 conspectu
3381 1222 3587 1316 Domini

2004 1331 2150 1372 mors
2173 1331 2479 1379 sanctorum
2523 1326 2638 1396 ejus
2685 1330 2875 1403 (Psal.
2908 1351 3029 1403 cxv,
3074 1341 3142 1395 15
3171 1346 3210 1412 ).
3265 1346 3413 1402 Sicut
3457 1366 3588 1407 con-

2004 1411 2316 1507 temptibilis
2336 1427 2426 1507 est
2451 1422 2666 1488 saeculo,
2694 1423 2762 1477 ita
2793 1429 3020 1496 pretiosa
3041 1445 3118 1488 est
3149 1438 3413 1507 agricolaa.
3433 1443 3592 1502 Novit

2002 1491 2142 1548 enim
2175 1494 2243 1548 ibi
2277 1498 2555 1556 utilitatem
2586 1505 2644 1558 et'
2670 1491 2885 1564 uberem
2915 1527 3132 1570 succum
3153 1491 3250 1585 ,Uet
3281 1526 3426 1580 novit
3463 1531 3588 1598 quid

2001 1583 2213 1642 all'cctet
2234 1629 2250 1654 ,
2281 1591 2406 1659 quid
2434 1593 2626 1664 eligat,
2683 1600 2822 1655 unde
2851 1617 3003 1674 seges
3033 1583 3220 1666 fertilis
3244 1626 3424 1686 surgat
3448 1583 3586 1677 :Ised

2002 1679 2295 1733 contemnit
2313 1695 2434 1736 eam
2455 1683 2554 1740 iste
2583 1689 2833 1746 mundus.
2863 1693 3090 1753 Nescitis
3115 1703 3237 1771 quia
3284 1679 3588 1781 contempti-

2003 1766 2124 1821 bilia
2151 1773 2330 1826 mundi
2355 1774 2503 1846 elegit
2529 1776 2670 1833 Deus
2695 1820 2711 1846 ,
2743 1790 2788 1835 et
2812 1800 2871 1837 ea
2892 1801 3004 1854 qua:
3031 1766 3279 1849 non-sunt
3299 1839 3315 1864 ,
3346 1766 3588 1872 tanquam

1999 1873 2114 1924 qua:
2137 1870 2259 1914 sunt
2281 1904 2296 1927 ,
2325 1873 2380 1917 ut
2408 1880 2467 1919 ea
2495 1884 2610 1938 qua:
2636 1882 2752 1924 sunt
2777 1889 3078 1932 euacuentur
3103 1883 3122 1951 (
3150 1882 3167 1936 Ι
3199 1884 3315 1939 Cor.
3348 1905 3384 1957 t,
3420 1870 3491 1947 28
3515 1893 3534 1964 )
3563 1893 3588 1949 ἲ

1999 1948 2076 2004 De
2102 1959 2338 2010 stercore
2359 1969 2570 2016 erectus
2597 1961 2784 2019 Petrus
2804 2007 2820 2030 ,
2849 1976 2902 2023 et
2933 1948 3166 2041 Paulus;
3196 1987 3250 2031 et
3276 1994 3396 2036 cum
3439 1948 3585 2041 occi-

1999 2039 2272 2112 derentur,
2301 2051 2781 2111 contemnebantur
2813 2074 2828 2111 :
2854 2061 3014 2118 modo
3033 2039 3410 2140 jamvsaginata
3461 2039 3586 2136 inde

1999 2138 2180 2200 terra,
2211 2150 2534 2208 exsurgente
2581 2154 2767 2215 segete
2811 2148 3104 2220 Ecclesiae,
3135 2138 3262 2216 ecce
3312 2165 3452 2234 quod
3502 2179 3603 2225 est"

1998 2225 2174 2281 nobile
2198 2237 2252 2283 et
2275 2233 2599 2302 przecipuum
2623 2238 2675 2292 in
2704 2243 2903 2298 mundo
2925 2287 2941 2308 ,
2992 2247 3281 2319 imperator
3305 2225 3448 2312 v'cnit
3473 2259 3582 2314 llo-

1997 2330 2172 2383 mam;
2201 2335 2306 2389 quo
2334 2324 2593 2381 festinat?
2615 2330 2681 2384 ad
2712 2334 2962 2403 templum
2993 2339 3364 2415 Imperatoris,
3407 2367 3475 2406 an
3514 2354 3582 2410 ad

1995 2411 2306 2465 memoriam
2326 2413 2635 2474 Piscatoris?
2658 2421 2806 2477 Sicut
2829 2427 2972 2482 enim
2998 2433 3278 2490 crassitudo
3299 2411 3446 2494 terrce
3469 2443 3581 2498 dis-

1993 2509 2146 2568 rupta
2175 2512 2246 2556 est
2265 2520 2418 2576 super
2445 2517 2673 2578 terram,
2702 2513 2949 2586 dissipata
2993 2534 3110 2576 sunt
3146 2527 3301 2595 juxta
3326 2530 3581 2609 infernum

1992 2605 2107 2646 ωεα
2135 2605 2327 2652 nostra.

2061 2685 2152 2740 22.
2183 2687 2349 2760 [vers.
2378 2692 2432 2748 8.
2458 2691 2477 2765 ]
2512 2694 2762 2762 Quoniam
2789 2701 2856 2753 ad
2885 2713 2934 2758 te
2955 2745 2969 2770 ,
2998 2703 3216 2762 Domine
3242 2751 3258 2778 ,
3285 2715 3417 2768 oculi
3435 2719 3530 2770 mei
3559 2735 3579 2773 :

1989 2775 2044 2829 in
2071 2785 2118 2830 te
2141 2781 2362 2845 speravi;
2385 2799 2448 2836 ne
2470 2789 2674 2855 auferas
2699 2789 2921 2844 animam
2940 2810 3120 2850 nteant.
3153 2798 3385 2858 Crueiati
3412 2817 3536 2863 sunt
3559 2810 3576 2841 ⁸

1990 2869 2132 2924 enim
2165 2873 2216 2926 in
2240 2877 2696 2942 persecutionibus
2716 2923 2731 2946 ,
2755 2891 2809 2936 et
2831 2887 2982 2940 multi
3004 2888 3334 2948 defecerunt.
3367 2891 3432 2952 Ei
3455 2901 3576 2971 quia

1989 2959 2057 3015 de
2081 2963 2384 3031 captivitate
2433 2971 2821 3036 persecutionis
2873 2975 3044 3042 dixit,
3102 2981 3248 3037 Sicut
3293 2959 3576 3045 crassitudo

1989 3060 2136 3107 terra:
2163 3056 2391 3126 disrupta
2419 3070 2490 3114 est
2531 3077 2683 3132 super
2708 3075 2890 3121 terram
2916 3109 2931 3135 ,
2986 3071 3232 3143 dissipata
3259 3089 3376 3132 sttnt
3417 3083 3576 3152 juxta

1964 3142 2239 3226 ‘infernum
2265 3165 2379 3202 ossa
2409 3161 2580 3206 nostra
2635 3170 2655 3208 :
2700 3159 2935 3213 occurrit
2979 3142 3174 3218 multos
3217 3142 3479 3228 defecisse
3522 3183 3577 3230 ct

1987 3233 2184 3288 multos
2209 3237 2532 3306 periclitatos
2559 3259 2705 3309 esse;
2735 3256 2790 3300 et
2819 3257 3065 3320 tanquam
3097 3254 3149 3308 in
3174 3258 3365 3314 mediis
3401 3264 3570 3319 tribu-

1986 3322 2271 3382 lationibus
2297 3334 2726 3398 persecutionum
2752 3339 2947 3394 emissa
2982 3354 3066 3398 est
3109 3362 3210 3402 vox
3259 3357 3530 3419 precantis
3553 3399 3575 3424 ,

1987 3413 2242 3480 Quoniam
2267 3420 2335 3474 ad
2362 3430 2410 3475 te
2431 3464 2446 3488 ,
2477 3423 2693 3482 Domine
2714 3470 2728 3494 ,
2767 3433 2906 3486 oculi
2953 3437 3070 3490 mei.
3123 3439 3236 3496 Non
3267 3459 3398 3501 curo
3446 3413 3575 3520 quid

1983 3507 2254 3564 minentur
2281 3512 2369 3582 qui
2391 3516 2760 3585 circumstant;
2789 3522 2871 3576 Ad
2894 3533 2942 3579 te
2965 3567 2980 3591 ,
3009 3526 3228 3586 Domine
3251 3575 3268 3600 ,
3297 3538 3434 3592 oculi
3453 3507 3570 3594 inci.

1982 3596 2109 3653 Plus
2129 3600 2232 3669 ligo
2254 3603 2464 3659 oculum
2495 3623 2671 3663 meum
2721 3607 2777 3666 id
2821 3618 3100 3683 promissis
3141 3624 3280 3692 tuis,
3307 3643 3466 3696 quam
3516 3633 3572 3689 in

1983 3691 2142 3743 minis
2166 3706 2375 3747 eorum.
2407 3695 2539 3751 Novi
2569 3700 2694 3768 quid
2723 3717 2819 3772 pro
2846 3720 2934 3762 me
2953 3723 3143 3778 passus
3159 3691 3273 3780 sis,
3289 3691 3414 3786 quid
3439 3723 3568 3778 mihi

1982 3782 2294 3849 promiseris
2323 3802 2336 3838 :
2370 3785 2451 3840 Ad
2477 3796 2525 3843 te
2547 3829 2562 3856 ,
2586 3789 2804 3848 Domine
2826 3835 2842 3860 ,
2869 3799 3005 3852 oculi
3029 3801 3127 3855 mei
3155 3817 3176 3856 :
3199 3806 3252 3859 in
3282 3782 3329 3861 te
3346 3815 3568 3880 speravi;

1980 3888 2043 3926 ne
2064 3875 2266 3943 auferas
2294 3879 2516 3934 animam
2555 3899 2739 3937 meam.

2049 3962 2140 4019 25.
2176 3963 2344 4038 [eet-s.
2375 3968 2428 4025 9.
2458 3967 2479 4042 ]
2527 3971 2738 4028 Custodi
2764 3993 2844 4032 me
2871 3995 2904 4032 a
2944 3983 3229 4055 muscipula
3270 4005 3423 4058 quam
3463 4005 3568 4050 sta-

1979 4063 2180 4109 tuerunt
2196 4058 2340 4112 mihi.
2369 4059 2495 4128 Qute
2512 4073 2627 4118 erat
2648 4068 2969 4140 muscipula?
2987 4072 3040 4128 Si
3063 4080 3357 4148 consentis,
3380 4099 3564 4155 pareo.

1978 4146 2035 4202 ln
2087 4152 2375 4222 muscipula
2429 4157 2597 4224 posita
2633 4169 2712 4213 est
2741 4175 2860 4216 esca
2916 4165 3037 4220 vitce
3086 4168 3242 4240 hujus
3283 4146 3398 4232 τεὶ-
3422 4193 3566 4237 amat

1975 4240 2088 4295 avis
2117 4241 2252 4299 hanc
2279 4259 2477 4312 escam,
2502 4250 2644 4304 cadit
2668 4252 2719 4306 in
2749 4255 3099 4327 muscipulam
3134 4277 3148 4314 :
3173 4263 3217 4318 si
3244 4277 3420 4325 autem
3450 4276 3563 4329 avis

1977 4334 2094 4388 talis
2121 4345 2200 4390 est
2223 4345 2278 4390 ut
2303 4338 2474 4406 dicat,
2527 4339 2598 4395 Et
2625 4343 2758 4398 diem
2788 4347 3007 4404 hominis
3033 4369 3132 4408 non
3158 4364 3424 4430 concupiui
3447 4405 3461 4426 ,
3507 4376 3562 4420 tu

1974 4425 2331 4498 scis(Jerem.
2366 4447 2499 4498 xvn,
2529 4435 2679 4505 16);
2727 4440 2865 4494 oculi
2912 4441 3029 4512 ejus
3082 4461 3188 4503 non
3237 4425 3488 4510 recedent
3529 4475 3561 4514 a

1975 4518 2119 4584 Deo,
2168 4529 2222 4575 et
2268 4522 2382 4592 ipse
2411 4526 2606 4581 evellet
2652 4528 2720 4584 de
2769 4530 2962 4604 laqueo
3010 4538 3172 4607 pedes
3199 4543 3314 4612 ejus
3359 4547 3558 4617 (Pa-al.

1973 4627 2118 4678 ΠΝ,
2151 4614 2217 4669 l5
2247 4615 2286 4685 ).
2318 4615 2527 4672 Custodi
2554 4637 2633 4675 me
2676 4638 2708 4676 a
2751 4628 3036 4698 muscipula
3079 4649 3232 4702 quam
3275 4614 3560 4699 statuerunt

1971 4704 2097 4758 milii
2118 4747 2133 4769 ,
2164 4715 2212 4760 et
2235 4709 2298 4761 ab
2323 4713 2578 4766 scandatis
2604 4730 2779 4770 eorum
2807 4719 2894 4787 qui
2920 4735 3196 4789 operantur
3222 4729 3555 4800 iniquitatem.

1973 4794 2116 4851 Duas
2136 4812 2222 4852 res
2243 4797 2407 4866 dixit,
2439 4803 2625 4857 ambas
2646 4803 2784 4860 inter
2804 4821 2862 4862 se
2888 4794 3325 4880 distiugnemlas
3362 4828 3558 4878 musci-

1971 4893 2147 4962 pulam
2177 4894 2429 4949 statuisse
2455 4909 2827 4966 persecutores
2853 4901 2986 4957 dixit
3003 4946 3017 4968 ,
3045 4910 3294 4964 scandala
3335 4930 3463 4970 vero
3487 4919 3556 4970 ah

1968 4985 2046 5040 eis
2070 4985 2156 5055 qui
2189 4996 2578 5041 consenserunt
2607 4996 2662 5042 et
2688 5001 3160 5062 apostataverunt;
3200 5009 3256 5055 et
3283 5017 3348 5057 ex
3389 5008 3579 5077 utrisg

1966 5091 2070 5147 que
2096 5077 2206 5131 vult
2233 5091 2291 5131 sc
2320 5077 2598 5132 custodiri.
2625 5078 2757 5136 lliuc
2801 5084 3029 5141 szeviunt
3075 5089 3338 5148 minantes
3359 5135 3376 5161 ,
3425 5095 3552 5156 hinc

1966 5165 2212 5220 labuntur
2239 5167 2637 5224 consentientes
2665 5187 2678 5223 :
2712 5172 2874 5226 timeo
2901 5188 2970 5229 ne
2995 5177 3114 5232 talis
3139 5181 3208 5235 sit
3236 5183 3357 5250 iste,
3387 5202 3548 5254 quem

1965 5258 2214 5322 timeam;
2248 5272 2315 5311 ne
2346 5257 2467 5311 talis
2510 5261 2579 5313 sit
2635 5260 2772 5328 iste,
2824 5279 2982 5333 quem
3038 5267 3233 5324 imiter.
3284 5273 3406 5328 Haec
3453 5280 3550 5335 tihi

1965 5347 2131 5410 facio,
2161 5347 2205 5401 si
2255 5363 2360 5400 non
2413 5353 2786 5405 consenscris:
2844 5353 3052 5410 Custodi
3101 5367 3550 5436 meamusciputn

1961 5457 2109 5511 quam
2133 5450 2414 5494 statuerunt
2440 5441 2588 5497 milii.
2613 5443 2749 5499 Ecce
2781 5444 2942 5500 frater
2959 5458 3079 5504 tuus
3100 5451 3209 5519 jam
3233 5463 3501 5513 consensit
3529 5480 3543 5515 :

1964 5532 2030 5586 Et
2052 5533 2113 5586 ab
2139 5532 2396 5586 scandalis
2425 5550 2594 5587 eorum
2621 5536 2705 5604 qui
2734 5550 3010 5606 cpcrantur
3034 5542 3369 5613 iniquitatem.

2029 5623 2118 5678 24.
2153 5621 2301 5704 [vers
2333 5623 2446 5696 10.]
2472 5625 2661 5678 Cadent
2690 5628 2740 5680 in
2768 5631 2895 5682 retia
2937 5633 3046 5687 eius
3071 5647 3374 5702 peccatores.
3405 5644 3543 5709 Quid

1961 5726 2036 5771 eSI
2060 5731 2208 5783 ergo,
2245 5695 2452 5778 fratres,
2488 5717 2680 5771 Cadent
2711 5720 2760 5773 in
2793 5724 2915 5775 retia
2941 5741 3047 5795 ejus
3086 5741 3368 5796 precator“
3385 5736 3410 5790 ς)
3436 5736 3540 5792 δρα

2025 5831 2038 5860 ι
2064 5826 2245 5888 Aliquot
2272 5833 2395 5887 Mss,
2421 5825 2606 5878 curvati
2628 5834 2746 5879 sunt.
