4082 6204
478 406 611 464 1851

479 536 582 575 non
612 529 795 572 omnes
818 518 1118 582 peccatores
1141 505 1384 577 :quidam
1405 508 1727 572 peceatores,
1753 494 1842 565 qui
1873 505 2036 561 usque

477 618 692 664 emsunt
717 612 1037 675 peccatores.
1065 610 1121 653 ut
1145 600 1220 652 sic
1242 604 1419 650 ament
1444 593 1604 689 vitam
1619 592 1794 653 istaut,
1830 597 1883 689 ut
1902 601 2036 689 pne?

481 704 676 765 ponant
716 695 857 747 illam
905 691 1023 744 vine
1068 700 1309 749 a'ternaz,
1363 683 1554 735 cadent
1595 681 1644 732 in
1689 675 2037 774 inuscipulatn

476 788 610 856 ejus.
639 785 739 840 Sed
768 783 889 853 quid
916 779 1082 834 dicis?
1112 779 1268 832 Putas
1291 817 1306 838 ,
1337 773 1422 827 isti
1451 773 1581 825 tales
1606 768 1800 823 cadunt
1828 767 1878 856 in
1908 767 2038 856 retia

477 855 591 944 ejus
618 876 641 927 ’ἶ
669 873 770 928 Sed
808 872 929 942 quid
975 870 1041 923 de
1078 866 1347 936 discipulis
1392 863 1524 928 tuis,
1557 877 1588 911 ι)
1632 855 1877 913 Christe?
1905 855 2041 908 Ecce

477 978 595 1017 cum
625 962 855 1016 ferveret
878 959 1190 1029 persecutio,
1214 952 1421 1024 quando
1443 951 1757 1005 dimiserunt
1783 957 1834 1001 te
1855 960 2040 1004 omnes

478 1053 671 1115 solum,
704 1059 758 1104 et
779 1052 951 1103 ierunt
975 1047 1327 1114 unusquisque
1359 1043 1410 1095 in
1437 1056 1528 1095 sua
1558 1039 1576 1110 (
1603 1035 1886 1136 pra‘dixisti
1913 1034 2037 1136 hoc,

477 1143 596 1212 quia
650 1140 931 1211 pra-vidisti
960 1156 974 1192 :
1003 1154 1105 1190 non
1146 1135 1284 1189 enim
1311 1133 1430 1202 quia
1479 1141 1533 1185 tu
1565 1127 1947 1227 prrenuntiasti,

481 1233 669 1295 fecisti,
696 1242 784 1285 aut
832 1240 882 1284 tu
914 1231 963 1282 in
996 1242 1255 1296 quoquam
1286 1233 1337 1278 te
1367 1220 1600 1292 negasti)
1639 1237 1651 1272 :
1683 1218 1774 1273 sed
1814 1232 1937 1319 ecce
1965 1216 2040 1269 illi

479 1325 566 1392 qui
587 1324 677 1377 tibi
703 1320 1061 1384 cobarrebant,
1090 1318 1139 1370 in
1170 1327 1252 1369 tua
1278 1314 1563 1369 tentatione
1584 1321 1638 1365 et
1654 1314 2036 1379 persecutione,

480 1428 578 1480 qua
608 1421 656 1466 te
680 1410 873 1464 inimici
908 1407 1237 1477 requirebant
1258 1400 1687 1469 cruciligendum,
1710 1397 2035 1479 defecerunt.

482 1502 548 1555 Et
575 1515 706 1553 unus
739 1499 821 1552 ille
842 1498 1010 1551 audax‘
1036 1495 1124 1564 qui
1154 1494 1242 1546 tibi
1273 1492 1587 1562 promiserat
1606 1488 1725 1559 quia
1756 1499 1926 1541 tecum
1955 1500 2041 1539 es-

479 1601 561 1647 set
604 1605 764 1658 usque
788 1589 852 1643 ad
882 1596 1125 1649 mortem,
1156 1585 1350 1639 audivit
1375 1583 1584 1652 quidem
1613 1597 1642 1635 a
1673 1579 1878 1635 medico
1908 1576 2033 1647 quid

480 1683 530 1736 in
573 1697 630 1736 se
671 1689 915 1749 ageretur
964 1687 1207 1747 aegrotus.
1264 1674 1511 1729 Febriens
1554 1672 1693 1727 enim
1744 1684 1928 1724 sanum
1979 1682 2039 1722 se

482 1772 688 1825 dixerat
715 1770 729 1800 ί
758 1768 973 1836 merdis
994 1782 1177 1820 venam
1202 1766 1289 1819 ille
1315 1764 1579 1832 tangebat.
1612 1762 1834 1814 Ventum
1865 1769 1945 1813 est
1970 1758 2036 1811 ad

479 1859 841 1923 tentationem,
871 1867 1082 1911 ventum
1107 1865 1188 1910 est
1215 1854 1278 1908 ad
1309 1853 1686 1923 probatimmn,
1714 1859 1926 1903 ventum
1955 1856 2038 1903 est

478 1948 544 2001 ad
566 1949 959 2003 accusationem
982 1948 1003 1976 ⁸
1029 1962 1043 2010 ;
1070 1955 1123 2000 et
1145 1945 1250 2013 jam
1295 1944 1405 2011 ipse
1440 1942 1806 2009 interrogatus,
1844 1954 1946 1993 non
1969 1938 2035 1993 ab

480 2038 654 2106 aliqua
706 2053 890 2108 magna
921 2044 1198 2106 potestate,
1229 2032 1324 2087 sed
1360 2032 1425 2087 ab
1451 2030 1631 2086 intimo
1661 2030 1924 2099 mancipio
1944 2070 1957 2093 ,
1981 2039 2034 2084 et

482 2125 583 2181 hoc
606 2127 820 2190 femina,
850 2127 916 2180 ab
938 2126 1123 2179 ancilla
1152 2124 1501 2192 interrogatus
1530 2121 1820 2177 succubuit.
1865 2120 2035 2190 Nega-

478 2219 553 2272 vit
576 2227 674 2273 ter.
696 2218 871 2273 Semel
898 2225 1102 2287 negato,
1131 2232 1249 2270 eum
1283 2222 1681 2281 memoraretur,
1709 2213 1916 2283 negavit
1936 2214 2034 2266 ite-

479 2325 634 2366 rum:
664 2310 744 2364 bis
770 2310 1139 2379 negato,‘cum
1180 2314 1577 2370 memoraretur,
1622 2306 1830 2376 negavit
1858 2305 2032 2360 tertio.

479 2401 590 2458 Hoc
611 2402 923 2473 praedixerat
962 2400 1245 2464 Dominus;
1269 2413 1373 2453 non
1416 2405 1757 2467 praeceperat,
1786 2412 1887 2452 non
1917 2411 2038 2451 coe-

477 2504 642 2566 gerat.
675 2495 781 2549 Aut
806 2494 847 2547 si
877 2504 1152 2564 propterea
1194 2500 1404 2559 putatur
1432 2491 1618 2545 Petrus
1649 2500 1792 2545 recte
1817 2488 2025 2551 fecisse,

477 2585 597 2654 quia
639 2583 737 2637 hoc
780 2582 1091 2652 praedixerat
1142 2582 1424 2645 Dominus;
1458 2590 1599 2635 recte
1645 2580 1769 2634 fecit
1795 2588 1849 2634 et
1874 2579 2036 2634 Judas

477 2674 567 2745 qui
607 2672 818 2728 tradidit
853 2687 993 2734 eum,
1023 2672 1139 2741 quia
1181 2670 1365 2725 ethoc
1411 2669 1723 2738 praedixerat
1761 2670 2031 2724 Dominus.

477 2762 663 2827 Absit,
708 2761 898 2815 fratres
935 2761 1037 2815 mei
1067 2775 1081 2825 ;
1111 2759 1224 2813 lucc
1251 2774 1352 2813 vox
1382 2758 1587 2813 illorum
1616 2759 1902 2814 electorum
1929 2770 2032 2827 est,

475 2852 740 2923 quietiam
782 2860 993 2920 peccata
1031 2864 1126 2904 sua
1166 2847 1452 2905 defendunt
1482 2849 1652 2920 potius
1680 2864 1834 2918 quam
1862 2849 2033 2904 faten-

476 2950 580 2995 tur.
613 2940 825 2994 Petrum
852 2941 1018 3009 ipsum
1046 2942 1217 3009 potius
1236 2938 1586 2994 attendamus.
1610 2937 1666 2994 Si
1696 2940 1824 2994 nihil
1843 2954 2031 3011 pecca-

476 3034 571 3097 vit,
599 3047 760 3102 quare
801 3030 985 3087 ﬂevit?
1028 3030 1141 3085 Non
1183 3030 1568 3101 interrogemus
1594 3030 1662 3086 de
1708 3031 1865 3086 Petro
1887 3073 1902 3099 ,
1933 3032 2033 3086 nisi

476 3125 732 3197 laet-ymas
775 3125 913 3181 Petri
948 3142 962 3179 :
992 3123 1254 3180 ﬁdeliores
1283 3131 1446 3179 testes
1474 3123 1542 3180 de
1570 3123 1660 3178 illo
1685 3137 1790 3178 non
1824 3124 2030 3178 inveni-

473 3230 610 3270 mus.
639 3214 794 3269 Flevit
822 3231 993 3269 amare
1014 3256 1030 3282 ,
1057 3214 1221 3284 inquit
1249 3213 1457 3284 (Matth.
1479 3228 1624 3279 xm,
1649 3214 1854 3283 51-75).
1887 3212 2032 3267 Non-

474 3305 596 3358 dum
627 3304 845 3358 idoneus
866 3313 977 3358 erat
1005 3303 1236 3373 passioni
1259 3320 1273 3356 :
1299 3301 1535 3371 Sequeris
1561 3318 1640 3355 me
1662 3311 1833 3371 postea
1853 3301 2030 3373 (Joan.

472 3412 583 3461 xm,
618 3397 710 3465 '56)
730 3437 744 3456 ,
768 3396 838 3449 illi
868 3395 1061 3449 dictum
1087 3402 1222 3449 erat.
1245 3393 1430 3448 Adhuc
1450 3392 1656 3447 futurus
1679 3401 1792 3447 erat
1827 3392 2028 3457 tit-inus,

472 3485 811 3543 conﬁrmatus
841 3483 1045 3537 Domini
1072 3482 1476 3539 resurrectione.

541 3578 630 3633 '25.
668 3578 801 3646 Ergo
844 3574 1073 3629 nondum
1100 3582 1216 3630 erat
1256 3584 1482 3644 tempus,
1515 3581 1571 3629 ut
1607 3572 2033 3644 dispergerentur

473 3667 562 3722 illa
589 3666 868 3737 ussajuxta
893 3664 1173 3719 infernum.
1196 3663 1327 3720 Nam
1353 3663 1524 3719 videte
1563 3679 1718 3734 quam
1750 3665 1896 3719 multi
1934 3666 2028 3720 dc-

473 3756 733 3822 feeerunt,
793 3772 955 3826 usque
985 3755 1050 3809 ad
1080 3755 1221 3825 ipsos
1253 3757 1449 3825 primos
1480 3755 1742 3811 haerentes
1765 3756 1843 3811 ori
1873 3756 2026 3826 ejus;

471 3850 628 3902 ctiam
665 3848 770 3917 ipsi
822 3846 1147 3902 defecerunt.
1206 3847 1380 3915 Quare
1429 3847 1566 3901 hoc?
1612 3847 1897 3919 Singularis
1939 3864 2030 3920 ego

469 3956 602 4003 sum,
643 3938 797 3993 donec
839 3948 1108 4014 transeant.
1142 3937 1254 3993 Hoc
1278 3938 1419 3992 enim
1449 3938 1683 4008 sequitur
1712 3940 1762 3993 in
1795 3939 2024 3994 Psalmo.

470 4027 638 4096 Supra
664 4027 886 4091 dixerat,
915 4026 1120 4081 Custodi
1139 4043 1236 4091 me,
1266 4026 1499 4091 Domine,
1522 4044 1553 4080 α
1574 4030 1850 4097 muscipula
1875 4048 2027 4099 quant

470 4128 743 4173 statuerunt
771 4117 931 4184 mila“,
960 4127 1005 4171 et
1032 4118 1094 4171 ab
1121 4118 1370 4171 scandulis
1391 4118 1477 4188 qui
1501 4129 1770 4189 operantur
1790 4121 2028 4191 iniquita-

474 4218 591 4263 tem.
626 4209 668 4261 A
706 4207 1014 4276 muscipula,
1047 4216 1091 4260 et
1136 4207 1198 4261 ab
1226 4208 1519 4274 scandulis;
1549 4219 1601 4263 et
1627 4225 1656 4263 a
1687 4212 2025 4277 terrentibus,

471 4309 525 4352 et
548 4314 579 4352 a
602 4299 778 4367 lapsis.
806 4296 907 4352 Sed
934 4298 1053 4366 quia
1081 4299 1131 4351 in
1161 4298 1274 4367 ejus
1293 4299 1538 4369 passione
1564 4305 1719 4354 etiam
1748 4301 1822 4355 illi
1852 4302 2027 4370 primi,

471 4389 559 4458 qui
600 4388 755 4442 futuri
784 4397 935 4442 erant
978 4386 1142 4441 duces
1183 4388 1429 4442 Ecclesiae
1456 4398 1510 4445 et
1549 4389 1806 4444 columna:
1851 4404 2025 4456 terrm,

472 4478 814 4543 deiecerunt;
856 4477 1088 4532 nondum
1135 4477 1326 4532 factum
1368 4489 1482 4533 erat
1529 4481 1666 4549 quod
1719 4483 1791 4534 ait
1833 4483 1885 4535 in
1925 4480 2034 4536 alio

469 4566 699 4638 psalmo.
748 4565 855 4636 Ego
880 4567 1174 4633 conﬁrmavi
1202 4567 1458 4620 columnas
1503 4571 1611 4632 eius
1638 4568 1804 4639 (Psal.
1850 4587 2028 4635 Lxxw,

471 4660 562 4726 ι).
594 4657 728 4725 Quid
774 4659 869 4724 ait,
927 4653 1213 4728 Singularis
1260 4675 1349 4729 ego
1385 4675 1516 4723 sum,
1548 4660 1704 4713 donec
1742 4664 2032 4717 transeam?

476 4749 601 4804 llzce
626 4764 723 4803 vos
750 4765 814 4802 ex
840 4763 1063 4818 per-seua
1090 4749 1275 4819 capitis
1297 4791 1313 4817 ,
1345 4750 1632 4821 Singularis
1659 4768 1747 4822 ego
1775 4769 1904 4818 sum,
1933 4754 2029 4808 doc

471 4855 561 4894 nec
588 4848 855 4892 transeam.
888 4837 1021 4906 Quid
1063 4848 1183 4905 est,
1223 4839 1539 4911 singularis?
1588 4839 1642 4895 ln
1692 4841 1935 4911 passione
1975 4850 2031 4897 tu

471 4929 617 4983 solus
644 4927 859 4997 pateris,
891 4935 946 4981 tu
970 4914 1114 4981 Solus
1136 4926 1393 4983 occideris
1417 4928 1484 4984 ab
1509 4928 1753 4983 inimicis.
1785 4928 2031 5001 Singula-

469 5023 540 5076 ris
564 5037 652 5093 ego
679 5036 809 5087 sum,
832 5020 988 5074 donec
1017 5030 1283 5073 transeam.
1305 5019 1441 5086 Quid
1461 5030 1560 5086 est,
1582 5021 1737 5075 donec
1752 5021 2034 5076 transeam!

473 5111 802 5180 Evangelista
831 5110 994 5163 dicit:
1041 5109 1165 5162 Cum
1205 5119 1369 5162 autem
1411 5111 1616 5165 venisset
1643 5112 1769 5165 hora
1791 5122 1846 5164 ut
1881 5111 2032 5168 Jcsus

471 5204 703 5257 transiret
741 5203 803 5255 de
829 5202 923 5255 hoc
954 5201 1139 5255 mundo
1184 5202 1252 5254 ad
1287 5200 1494 5256 Patrem
1535 5201 1729 5273 (Joan.
1775 5220 1887 5268 xm,
1936 5206 2029 5277 l).

470 5296 604 5361 Quid
635 5305 719 5350 est
744 5311 893 5364 ergo,
915 5295 1071 5348 donec
1096 5305 1367 5361 transeam,
1398 5295 1517 5360 nisi,
1543 5296 1606 5349 de
1643 5297 1735 5351 hoc
1755 5298 1942 5351 mundo
1964 5297 2030 5351 ad

475 5386 723 5442 Putrem?
750 5387 898 5441 Tune
921 5387 1059 5441 enim
1092 5386 1396 5441 confirmavi
1421 5387 1692 5443 columnas
1717 5388 1848 5457 ejus,
1877 5389 1926 5443 id
1952 5398 2033 5443 est

472 5477 746 5531 columnas
772 5485 928 5531 terrae
948 5517 964 5542 ,
994 5476 1203 5547 quando
1230 5477 1279 5530 in
1310 5493 1423 5531 mea
1468 5479 1852 5533 resurrectione
1880 5479 2033 5548 plane

531 5628 546 5657 ι
572 5633 645 5673 Er.
671 5626 816 5695 il‘lgd.‘
840 5634 956 5675 ven.
978 5626 1308 5695 siccxiaibent
1340 5628 1467 5678 hunc
1510 5627 1664 5678 locum
1700 5645 1713 5679 :
1754 5638 1975 5695 ageretur
2010 5645 2031 5686 .'

464 5693 674 5750 a'grotns
695 5687 828 5758 fel-iri.
845 5700 901 5758 ns
916 5700 965 5735 se
986 5687 1111 5758 enin
1130 5687 1343 5758 dixerat.
1369 5697 1419 5736 tt.
1535 5748 1545 5758 .

529 5744 549 5780 ⁵
574 5744 783 5795 nonnulli
804 5747 963 5806 proba.-
984 5755 1107 5795 noue
1131 5755 1253 5807 Mss,
1281 5751 1343 5797 ad
1368 5748 1693 5802 artemonem,

1663 385 1718 442 S.
1763 376 2122 439 AUGUS’l‘lNl
2168 379 2457 438 liPiSCOPl

3575 398 3711 455 {859.

2145 493 2439 552 didicerunt
2486 509 2706 555 mortem
2746 518 2848 557 non
2879 521 2995 561 esse
3030 507 3351 576 timendam,
3388 510 3559 565 Donec
3581 529 3710 583 ergo

2145 594 2431 651 transeam,
2462 590 2732 660 singularis
2773 612 2925 649 smn:
2975 614 3092 653 cum
3132 601 3413 666 ttansiero,
3457 604 3709 673 multipli-

2144 676 2337 736 cabor;
2386 680 2532 732 multi
2564 698 2649 736 me
2694 685 3069 751 imitabantur,
3116 691 3261 743 inulti
3313 694 3574 761 patientur
3614 713 3709 763 pro

2144 767 2356 822 nomine
2372 785 2509 824 meo.
2531 772 2674 826 Unus
2699 790 2795 844 ego
2819 793 2933 830 sum
2964 778 3130 834 donec
3156 791 3415 837 transeam
3442 800 3454 847 ;
3488 786 3636 839 multi
3656 795 3706 839 in
3731 840 3737 848 ,

2144 874 2230 913 tne
2247 876 2379 914 unus
2396 873 2547 917 erunt
2561 863 2681 917 dum
2700 870 2973 922 transiero.
2996 871 3278 941 Singularis
3299 891 3387 945 ego
3399 893 3530 937 sum,
3548 877 3708 931 donec

2147 958 2415 1005 transeam.
2459 953 2650 1008 Audite
2671 956 2824 1009 etiam
2853 962 3156 1029 mysterium
3185 964 3326 1017 verbi
3352 967 3485 1028 ejus.
3508 967 3708 1021 Secun-

2145 1038 2266 1091 dum
2289 1054 2514 1108 graecam
2546 1043 2885 1110 locutionem,
2921 1050 3118 1104 Pascha
3167 1052 3371 1108 videtur
3401 1059 3705 1123 passionem

2145 1128 2475 1197 significare;
2506 1140 2701 1202 πάσχειν
2721 1138 2859 1190 enim
2892 1140 2994 1207 pati
3026 1140 3217 1195 dicitur
3249 1160 3262 1194 :
3289 1146 3579 1200 secundum
3610 1148 3706 1202 he-

2144 1218 2337 1274 hrzeam
2366 1231 2538 1276 autem
2566 1225 2816 1295 linguam,
2837 1227 2972 1282 sicut
2994 1231 3316 1300 interpretati
3347 1244 3471 1287 sunt
3496 1237 3587 1306 qui
3608 1253 3705 1291 no-

2144 1320 2350 1375 verunt,
2400 1311 2597 1367 Pascha
2649 1314 2924 1372 Transitus
2969 1319 3360 1389 interpretatur.
3405 1325 3619 1381 Nam‘et
3658 1330 3704 1382 si

2143 1399 2478 1472 interrogetis
2525 1406 2659 1462 bene
2697 1408 2943 1477 Graecos,
2974 1425 3166 1482 negant
3193 1431 3420 1484 graecum
3459 1434 3578 1474 esse
3608 1421 3704 1475 Pa-

2143 1491 2289 1545 scha.
2316 1494 2480 1548 Sonat
2509 1496 2575 1549 ibi
2615 1499 2825 1568 quidem
2874 1508 3088 1571 πάσχειν,
3120 1504 3172 1558 id
3212 1515 3292 1560 est
3318 1509 3444 1576 pati,
3476 1509 3569 1563 sed
3598 1528 3703 1565 nun

2142 1581 2278 1636 solet
2304 1583 2381 1638 sic
2417 1584 2621 1641 deﬂecti
2652 1605 2665 1640 :
2709 1591 2886 1660 passio
2919 1592 3060 1647 enim
3107 1603 3247 1657 πάθος
3269 1612 3441 1667 ειτηερ
3489 1600 3701 1663 dicitur,

2144 1690 2246 1727 non
2279 1677 2492 1745 pascha.
2518 1680 2653 1750 Ergo
2684 1682 3071 1750 Pasclta,~sicut
3096 1687 3277 1742 dicunt
3301 1692 3388 1759 qui
3415 1702 3700 1757 noverunt,

2142 1774 2195 1819 et
2218 1767 2304 1836 qui
2333 1769 2482 1823 nobis
2505 1773 2643 1840 quod
2671 1774 2966 1843 legeremus
2987 1777 3311 1847 interpretati
3333 1793 3474 1847 sunt,
3508 1784 3704 1837 transi-

2145 1869 2226 1913 tus
2247 1861 2636 1931 interpretatur.
2663 1866 2784 1922 Ideo
2813 1879 3029 1925 ventura
3059 1874 3303 1940 passione
3331 1875 3560 1943 Domini,
3590 1887 3708 1932 tan-

2143 1965 2298 2019 quam
2331 1953 2444 2021 ipso
2467 1955 2625 2010 verbo
2653 1958 2958 2027 loqueretur
2982 1961 3313 2031 Evangelista
3352 1983 3365 2020 :
3394 1965 3522 2020 Cum
3542 1971 3707 2024 venis-

2141 2052 2212 2095 set
2232 2085 2247 2107 ,
2278 2044 2445 2113 inquit
2470 2087 2485 2111 ,
2519 2047 2645 2101 liora
2673 2058 2726 2101 ut
2773 2053 3004 2107 transiret
3031 2052 3180 2108 Iesus
3207 2056 3269 2108 de
3297 2057 3388 2110 hoc
3421 2060 3607 2113 mundo
3634 2063 3704 2114 ad

2142 2132 2368 2189 Patrem.
2397 2136 2598 2193 Pascha
2627 2139 2709 2194 hic
2736 2156 2865 2210 ergo
2891 2143 3063 2197 sonuit
3092 2145 3142 2198 in
3165 2143 3267 2201 hoc
3294 2162 3470 2212 versu,
3505 2149 3705 2221 Singa-

2142 2222 2261 2278 laris
2290 2242 2379 2296 ego
2416 2243 2546 2291 sum,
2588 2229 2743 2284 donec
2780 2242 3046 2287 transeam.
3079 2236 3203 2289 Post
3241 2237 3438 2292 Pascha
3464 2240 3575 2309 jam
3599 2259 3701 2295 tum

2141 2328 2232 2370 ero
2279 2317 2583 2387 singularis,
2632 2331 2745 2391 post
2794 2326 3069 2380 transitum
3102 2344 3204 2382 non
3253 2346 3346 2384 ero
3394 2333 3698 2402 singularis.

2138 2404 2284 2460 Multi
2314 2408 2688 2479 imitahuntur,
2718 2416 2865 2469 multi
2905 2431 3295 2489 consequentur
3327 2441 3340 2476 :
3368 2434 3422 2477 et
3451 2427 3492 2477 si
3521 2438 3702 2495 postea

2139 2509 2444 2567 sequentur,
2468 2503 2589 2571 quid
2615 2505 2714 2559 erit
2735 2509 2755 2557 Υ
2778 2506 3066 2578 Singularis
3087 2528 3177 2582 ego
3194 2528 3324 2576 sum,
3352 2515 3510 2569 donec
3538 2526 3703 2571 trans-

2140 2604 2270 2641 eam.
2294 2589 2427 2658 Quid
2453 2602 2528 2647 est
2558 2595 2696 2664 quod
2729 2596 2977 2653 Dominus
3012 2601 3088 2654 ait
3111 2601 3162 2656 iu
3193 2600 3295 2656 hoc
3327 2605 3549 2674 psalmo,
3580 2605 3702 2661 Sin-

2138 2678 2330 2748 gularis
2365 2697 2453 2751 ego
2471 2698 2579 2736 sunt
2608 2684 2762 2739 donec
2798 2696 3046 2743 transeam
3067 2692 3092 2745 2’
3116 2693 3239 2762 quid
3265 2702 3346 2748 est
3371 2696 3510 2765 quod
3534 2712 3699 2767 expo-

2141 2768 2381 2823 suimus?
2431 2771 2482 2826 Si
2527 2773 2920 2843 intelleximus,
2975 2782 3188 2837 attende
3237 2784 3402 2853 ipsius
3439 2786 3599 2841 verba
3646 2789 3698 2842 in

2144 2856 2458 2928 Evangelia:
2486 2862 2663 2930 Amen,
2686 2882 2829 2923 amen
2847 2869 2958 2923 dico
2981 2871 3135 2939 vobis,
3155 2872 3342 2944 inquit,
3370 2877 3468 2930 nisi
3485 2894 3699 2947 granum

2142 2945 2382 3016 frumenti
2416 2953 2600 3007 cadens
2642 2955 2693 3009 in
2723 2967 2905 3011 terram
2931 2966 3182 3016 mortuum
3231 2966 3402 3034 fuerit,
3430 2968 3595 3036 ipsum
3619 2986 3702 3023 so-

2138 3039 2243 3093 lum
2273 3052 2438 3096 manet
2458 3058 2479 3108 ;
2501 3044 2546 3097 si
2569 3056 2736 3102 autem
2763 3060 3014 3105 mortuum
3036 3054 3209 3123 fuerit,
3237 3057 3449 3112 multant
3478 3063 3699 3130 fructum

2134 3127 2302 3195 aﬂ'ert.
2334 3132 2445 3188 lloc
2491 3135 2562 3190 ibi
2610 3139 2703 3204 ait,
2753 3140 2841 3194 ubi
2876 3143 3032 3197 etiam
3078 3145 3251 3200 dixit:
3280 3147 3405 3202 Cum
3451 3127 3700 3206 estductus

2135 3223 2277 3290 fuero
2298 3239 2330 3275 a
2350 3233 2498 3291 terra,
2528 3229 2695 3281 omnia
2717 3231 2911 3284 traham
2930 3233 2999 3285 ad
3016 3234 3259 3304 meipsum
3285 3235 3463 3310 (Joan.
3487 3255 3579 3306 xit,
3605 3242 3697 3307 24,
3736 3300 3741 3303 ,

2116 3311 2224 3380 .25,
2251 3314 2374 3386 52).
2407 3315 2525 3397 Nisi
2545 3336 2757 3389 granum
2786 3326 3054 3392 frumenti,
3089 3325 3276 3398 inquit,
3307 3331 3491 3386 cadens
3517 3334 3569 3386 in
3599 3346 3699 3387 ter-

2133 3421 2243 3459 ram
2268 3417 2518 3462 mortuum
2533 3413 2701 3481 fuerit,
2721 3414 2884 3485 ipsum
2907 3418 3069 3472 solum
3091 3429 3290 3485 manet;
3312 3421 3359 3474 si
3372 3431 3541 3477 autem
3564 3442 3699 3478 mor-

2133 3503 2273 3549 tuum
2305 3498 2477 3567 fuerit,
2509 3503 2720 3557 multum
2767 3508 2988 3575 {nactum
3011 3507 3179 3575 aﬂert.
3218 3510 3358 3582 Ergo
3410 3513 3486 3567 illi
3533 3531 3696 3583 grano

2134 3589 2295 3644 multa
2320 3607 2473 3661 seges
2500 3592 2789 3652 debebatur
2843 3618 2856 3654 :
2895 3599 2992 3656 sed
3023 3612 3290 3673 exspecta,
3345 3605 3696 3664 mortiticetur

2132 3681 2302 3735 adhuc
2329 3701 2342 3748 ;
2368 3685 2485 3751 quia
2523 3700 2742 3756 granum
2770 3689 2869 3745 nisi
2896 3691 2946 3745 in
2981 3702 3172 3747 terram
3188 3695 3441 3752 ceciderit
3466 3707 3522 3753 et
3548 3714 3694 3754 more

2133 3770 2382 3827 tilicattun
2407 3776 2576 3840 tuerit,
2607 3778 2777 3833 solum
2806 3791 3061 3838 remanet.
3360 3837 3367 3844 .

2201 3862 2290 3918 26.
2320 3864 2457 3935 Ergo
2481 3867 2626 3921 solus
2648 3877 2782 3936 erat,
2825 3882 3105 3942 antequam
3148 3886 3290 3931 esset
3326 3877 3694 3933 mortillcatus.

2133 3951 2412 4022 Propterea
2441 3965 2495 4010 et
2516 3956 2702 4013 Petrus
2725 3960 2956 4015 nondum
2986 3963 3212 4019 habebat
3239 3966 3369 4022 tales
3396 3967 3537 4023 vires
3561 3987 3575 4022 :
3606 3985 3695 4024 ae-

2131 4054 2380 4113 cepturus
2416 4055 2529 4100 crat
2571 4049 2710 4103 vires
2748 4053 3023 4120 sequendi,
3077 4070 3181 4109 non
3230 4055 3458 4112 habebat
3506 4075 3698 4128 pra-ce-

2131 4132 2312 4189 dendi.
2346 4135 2566 4205 Propter
2593 4136 2857 4194 Christum
2900 4144 3061 4208 enim,
3112 4145 3160 4198 id
3193 4155 3292 4209 est,
3327 4156 3541 4218 promer
3568 4163 3698 4204 con-

2131 4222 2412 4280 fessionem
2457 4228 2682 4283 nominis
2729 4230 2943 4295 Christi,
3001 4251 3107 4303 quo
3151 4236 3424 4293 christiani
3471 4255 3698 4307 sumus,

2132 4329 2290 4370 nemo
2320 4327 2555 4372 mortuus
2585 4328 2666 4373 cst
2690 4330 2813 4376 ante
2837 4322 3102 4379 Christum
3135 4344 3149 4381 :
3181 4343 3249 4383 ne
3274 4330 3407 4383 forte
3451 4345 3698 4386 occurrat

2132 4404 2344 4458 vobis‘.
2375 4406 2520 4460 Multi
2559 4408 2700 4464 enim
2741 4414 2934 4467 mortui
2987 4426 3105 4469 sunt
3152 4426 3205 4471 et
3247 4429 3508 4490 martyres
3548 4418 3697 4486 Sunt:

2133 4493 2281 4548 multi
2312 4494 2584 4565 Pmplteta:
2610 4498 2731 4552 talia
2755 4502 2893 4569 passi
2922 4513 3078 4569 sunt;
3105 4521 3209 4560 non
3234 4516 3409 4565 tamen
3435 4509 3559 4566 ideo
3578 4528 3697 4567 mo-

2132 4582 2434 4652 riebantur,
2483 4588 2604 4657 quia
2648 4593 3069 4661 praenuntiabant
3112 4597 3398 4667 Christum,
3451 4602 3546 4656 sed
3575 4603 3697 4673 quia

2134 4686 2343 4743 peccata
2372 4676 2641 4733 hominum
2668 4680 2913 4737 dicebant
2937 4684 2989 4738 in
3011 4699 3125 4753 eos,
3152 4698 3207 4741 et
3240 4704 3421 4744 eorum
3450 4691 3698 4762 iniquita-

2134 4766 2273 4822 tibus
2297 4767 2511 4825 liberius
2527 4772 2844 4829 resistebaut
2867 4792 2882 4829 :
2902 4787 2959 4831 et
2976 4776 3235 4835 habentur
3256 4782 3391 4837 inter
3410 4796 3696 4856 martyres.

2132 4856 2282 4914 Juste
2314 4862 2506 4916 etenim
2542 4865 2586 4918 si
2609 4881 2713 4919 non
2744 4882 2839 4936 pro
2864 4870 3090 4924 nominis
3113 4870 3308 4928 Christi
3328 4875 3691 4940 confessione.

2136 4958 2310 5006 tamen
2341 4967 2436 5021 pro
2461 4955 2681 5010 veritate
2702 4958 2860 5013 occisi
2884 4969 3027 5015 sunt.
3058 4960 3234 5032 Usque
3254 4964 3387 5019 adeo
3402 4977 3581 5021 autem
3596 4985 3701 5037 pro

2136 5040 2252 5112 ipso
2274 5045 2506 5105 nomine,
2534 5047 2582 5101 id
2609 5058 2709 5113 cst,
2750 5065 2844 5119 pro
2869 5050 3204 5110 confessione
3244 5057 3474 5111 nominis
3498 5059 3699 5116 Christi

2136 5146 2292 5186 nemo
2332 5145 2567 5190 mortuus
2595 5146 2694 5202 est,
2745 5148 3023 5210 antequam
3049 5157 3270 5211 granum
3320 5147 3443 5200 illud
3482 5150 3703 5205 caderet

2137 5223 2187 5277 in
2220 5233 2432 5292 terram,
2475 5226 2625 5297 cujus
2649 5243 2711 5282 cx
2750 5245 2971 5299 persona
3012 5232 3209 5287 dictum
3253 5244 3355 5301 est,
3410 5235 3701 5308 Singularis

2135 5336 2225 5390 ego
2249 5337 2378 5381 sum,
2412 5321 2568 5374 donec
2594 5332 2844 5377 transeam
2866 5365 2882 5391 ,
2915 5334 2973 5379 nt
2999 5338 3048 5379 et
3079 5326 3191 5396 ipse
3213 5327 3463 5392 Joannes,
3492 5331 3582 5400 qui
3613 5347 3701 5386 re-

2135 5427 2260 5466 cens
2293 5413 2594 5469 interfectus
2629 5425 2764 5478 erat,
2808 5417 2874 5470 ab
2905 5417 3083 5486 iniquo
3108 5434 3231 5488 rege
3256 5418 3484 5474 donatus
3514 5421 3700 5491 puella:

2136 5503 2403 5567 saltatrici,
2431 5519 2532 5556 non
2566 5515 2778 5572 propter
2817 5504 2917 5558 hoe
2944 5508 3149 5562 occisus
3170 5508 3257 5573 sit,
3287 5509 3408 5576 quia
3428 5512 3700 5564 conlessus

2136 5607 2216 5650 cst
2243 5594 2528 5649 Christum.
2560 5597 2735 5651 Potuit
2782 5599 2957 5667 utique
2981 5610 3034 5653 ct
3066 5599 3187 5655 inde
3215 5601 3416 5669 occidi,
3445 5611 3499 5658 et
3532 5602 3630 5658 hoc
3668 5617 3697 5660 δ

2200 5734 2215 5764 ⁸
2244 5739 2317 5782 Er.
2343 5739 2457 5796 Lug.
2484 5742 2597 5783 \‘en.
2623 5740 2672 5785 et
2694 5741 2823 5794 t.ov.,
2850 5735 2996 5786 nobis.
3024 5742 3078 5786 at.
