4082 6204
332 340 341 349 ,
381 286 523 343 183⁸5

378 398 579 452 multis.
615 397 672 454 Si
713 406 928 468 promer
953 398 1093 452 aliud
1137 399 1343 454 occisus
1369 410 1449 455 est
1476 404 1542 456 ab
1573 419 1674 457 uno
1694 446 1708 469 ,
1747 415 1943 474 quanto

376 487 551 555 potius
581 497 792 557 propter
816 488 1081 543 Christum
1113 491 1279 559 potuit
1302 492 1468 544 occidi
1498 493 1565 546 ab
1595 494 1676 548 his
1707 496 1832 564 ipsis
1853 497 1939 566 qui

376 576 681 632 occiderunt
721 573 1026 650 Christum?
1055 580 1366 636 Perhibcbat
1393 584 1532 637 enim
1555 582 1764 639 Christo
1793 587 1942 640 testi-

374 668 607 721 ltiOttitlm
634 669 884 724 Joannes.
919 669 992 725 llli
1019 672 1106 741 qui
1133 663 1420 728 audiebant
1443 674 1737 739 Christum,
1770 677 1939 745 ipsum

373 758 614 813 occidere
645 761 907 827 volebant,
943 771 996 817 et
1024 779 1143 816 eum
1174 765 1263 833 qui
1295 766 1653 820 testimonium
1693 769 1937 838 perhibeo

374 846 463 902 bat
494 865 595 904 non
627 851 957 907 occidebant.
983 853 1112 922 Quia
1139 856 1279 910 enim
1310 857 1353 910 si
1381 858 1531 912 ﬁeret
1561 859 1789 929 impetus
1817 878 1938 930 pro-

373 941 760 1008 ptchhristum
780 946 828 998 iu
851 944 1129 1012 Joannem,
1154 962 1256 1002 nou
1287 960 1519 1020 negaret.
1539 950 1724 1024 (Erant
1749 954 1943 1023 quippe

374 1029 424 1082 in
476 1031 562 1084 illo
613 1032 751 1087 vires
795 1050 1019 1103 magum,
1047 1035 1235 1105 quibus
1277 1039 1572 1108 appellatus
1623 1050 1704 1096 est
1741 1044 1944 1099 amicus

371 1123 551 1189 sponsi
583 1121 775 1196 [Joan.
822 1141 897 1192 ut,
927 1125 1050 1199 29].
1081 1127 1262 1197 Magna
1311 1130 1361 1183 in
1392 1129 1481 1184 illo
1518 1133 1706 1201 gratia,
1754 1149 1940 1204 magna

370 1213 676 1269 excellentia
709 1233 722 1269 :
759 1216 822 1270 In
847 1218 978 1271 natis
1003 1219 1266 1272 mulierum
1297 1236 1440 1274 nemo
1459 1224 1741 1277 exsurrexit
1780 1227 1945 1294 major

367 1301 570 1356 Joanne
596 1303 827 1373 Baptista
861 1303 1088 1380 [Matt/t.
1117 1325 1190 1376 χι,
1224 1311 1281 1364 Η
1310 1309 1368 1382 ])
1421 1311 1561 1383 Ergo
1587 1314 1636 1367 in
1667 1314 1815 1368 illum
1844 1315 1943 1369 im-

369 1400 526 1462 petus
566 1394 738 1449 factus
783 1403 890 1463 est,
926 1398 1014 1468 qui
1066 1414 1168 1453 non
1219 1399 1445 1455 habebat
1494 1402 1624 1458 tales
1652 1405 1837 1460 vires:
1886 1405 1945 1460 ﬁt

369 1485 597 1553 impetus
621 1487 671 1540 in
701 1486 935 1550 Petrum,
967 1504 1069 1543 non
1101 1489 1156 1544 ﬁt
1186 1490 1236 1544 iu
1266 1491 1544 1546 Joannem.
1575 1494 1779 1549 Etenim
1804 1495 1944 1550 vires

367 1573 510 1640 ipsas
536 1574 724 1630 Petrus
765 1586 884 1648 post
909 1580 1142 1647 accepit;
1188 1589 1310 1634 tunc
1338 1591 1513 1636 autem
1557 1583 1801 1639 inﬁrmus
1825 1584 1938 1639 fuit.

369 1663 474 1717 Pro
513 1665 705 1722 Cbristi
755 1669 968 1722 nomine
999 1669 1085 1723 ille
1113 1670 1464 1742 interrogatur
1506 1673 1596 1742 qui
1643 1675 1782 1729 vires
1833 1691 1940 1729 non

368 1755 596 1812 habebat
622 1774 635 1811 :
663 1759 750 1814 ille
775 1761 861 1830 qui
891 1761 1115 1815 habebat
1139 1763 1297 1828 vires,
1328 1777 1431 1817 non
1455 1764 1650 1833 patitur
1679 1779 1931 1834 persecu-

367 1847 564 1901 tionem
594 1859 809 1919 propter
828 1849 1096 1905 Christum
1121 1867 1137 1916 ;
1172 1869 1236 1906 ne
1267 1868 1362 1922 pro
1393 1855 1606 1908 nomine
1628 1852 1821 1909 Christi
1847 1872 1936 1910 an.

367 1938 635 1994 tecederet
688 1941 975 1996 Christum.
1025 1943 1138 1998 Non
1186 1945 1442 2000 occiditur
1490 1962 1519 2000 a
1567 1945 1815 2014 Iudaeis,
1848 1951 1936 2020 qui

365 2030 678 2096 perhibebat
707 2033 926 2088 libermn
959 2035 1312 2090 testimonium
1339 2037 1570 2102 Christo,
1599 2054 1755 2108 quem
1785 2043 1938 2096 occi-

365 2119 555 2174 derunt
583 2121 749 2176 Judmi
779 2139 794 2186 ;
839 2134 889 2179 et
916 2125 1164 2180 occiditur
1198 2126 1264 2181 ab
1305 2127 1531 2194 llcrode,
1561 2130 1680 2198 quia
1727 2130 1938 2186 dicebat

359 2211 432 2271 ei,
465 2209 583 2264 Non
611 2214 696 2266 tibi
737 2213 849 2266 licet
893 2215 1071 2269 habere
1107 2233 1312 2272 uxorem
1337 2219 1512 2288 fratris
1550 2220 1622 2272 tui
1663 2219 1775 2286 (Id.
1824 2237 1936 2287 xw,

358 2300 540 2370 5-H).
572 2301 750 2372 Neque
774 2305 914 2358 enim
948 2304 1108 2360 frater
1135 2307 1248 2376 ejus
1270 2307 1384 2363 sine
1416 2311 1724 2383 posteritate
1749 2311 1939 2366 deces-

358 2401 522 2444 serat.
575 2392 678 2447 Pro
717 2395 830 2464 lege
874 2396 1085 2465 quidem
1127 2399 1381 2467 veritatis,
1429 2416 1523 2470 pro
1563 2403 1864 2471 aequalitate
1893 2404 1934 2469 ί,

361 2496 458 2548 pro
479 2481 682 2550 justitia
713 2502 725 2537 :
753 2485 870 2538 ideo
895 2497 1128 2552 sanctus,
1162 2487 1282 2542 ideo
1322 2501 1553 2561 martyr;
1584 2491 1675 2545 sed
1708 2506 1812 2546 non
1853 2503 1936 2546 ta-

357 2585 480 2624 men
527 2586 622 2640 pro
670 2573 762 2627 illo
791 2575 1022 2640 nomine,
1071 2591 1176 2648 quo
1203 2577 1474 2633 christiani
1527 2595 1729 2637 sumus.
1760 2581 1936 2650 Quare

354 2657 476 2723 hoc,
515 2662 614 2716 nisi
647 2672 704 2717 ut
744 2664 1068 2735 impleretur,
1125 2667 1412 2740 Singularis
1461 2687 1550 2742 ego
1577 2689 1710 2738 sum,
1769 2675 1929 2729 donec

357 2760 612 2806 transeam
630 2755 655 2808 .’

358 2858 1936 2888 -————__.___.___________

760 2940 851 3032 ~tu
895 2941 1269 3006 PSALMUM
1305 2945 1496 3009 CXLI

957 3062 1363 3120 ENARRATIO.

887 3168 1058 3209 SERIO
1089 3171 1154 3210 an
1183 3161 1434 3212 eorum.

423 3241 478 3295 l.
513 3238 845 3295 Solemnitati
873 3254 1180 3314 martyrum,
1211 3247 1346 3300 sicut
1369 3247 1579 3303 devotio
1602 3248 1928 3310 celebritatis

357 3341 574 3395 vestrae,
604 3333 674 3385 ita
701 3315 895 3388 nostrae
931 3327 1196 3388 servitutis
1223 3329 1397 3391 sermo
1421 3338 1660 3393 debetur.
1685 3342 1790 3396 Sed
1821 3359 1930 3396 me-

352 3424 576 3479 miuisse
628 3433 837 3493 oportet
879 3424 1199 3482 Charitatem
1243 3438 1492 3495 vestram,
1547 3429 1795 3487 hesterno
1842 3435 1928 3489 die

349 3529 511 3583 quam
540 3514 699 3568 multa
728 3515 865 3569 dicta
901 3517 1023 3570 sint.
1053 3517 1168 3571 Non
1211 3520 1348 3572 enim
1375 3521 1496 3590 quia
1526 3534 1738 3591 propter
1762 3527 1927 3578 avidi-

352 3614 517 3658 tatem
551 3604 822 3660 ittterioris
849 3610 958 3660 oris
981 3609 1140 3662 vestri
1168 3624 1260 3677 per
1283 3619 1448 3662 totum
1479 3625 1776 3676 sermonem
1808 3627 1924 3668 tan~

347 3710 508 3763 quam
540 3706 780 3750 recentes
799 3695 1061 3765 adfuistis,
1100 3711 1373 3769 propterea
1404 3700 1640 3756 oblivisci
1667 3703 1924 3759 debemus

349 3785 676 3842 inlirmitatis
700 3791 999 3843 communis
1025 3807 1038 3842 :
1064 3791 1232 3858 primo
1253 3792 1373 3860 quia
1397 3801 1449 3847 et
1479 3793 1740 3849 honorare
1761 3810 1921 3866 Opor-

350 3885 424 3931 tet
458 3877 616 3931 verba
649 3879 920 3948 prmclara.
945 3880 1082 3934 sicut
1109 3881 1359 3950 scriptum
1387 3893 1469 3937 est
1492 3926 1506 3951 ,
1537 3884 1795 3940 Praeclara
1824 3903 1921 3941 au-

347 3977 452 4023 tem
480 3970 638 4026 verba
659 3973 929 4040 sapientia:
957 3974 1160 4026 Domini
1191 3974 1277 4028 Dei
1319 3985 1462 4028 sunt.
1509 3977 1609 4030 Per
1632 3994 1728 4033 nos
1754 3985 1774 4015 ²
1803 3988 1920 4032 tau-

354 4075 514 4129 quam
547 4077 639 4130 per
667 4065 874 4117 vascula
927 4064 1075 4119 vobis
1119 4065 1487 4119 ministrentur
1513 4086 1524 4120 ;
1555 4077 1611 4122 et
1649 4069 1692 4122 si
1744 4068 1916 4124 ﬁctilia

347 4161 472 4204 Slltll.
500 4163 621 4206 vasa
648 4193 663 4216 ,
694 4153 786 4208 sed
831 4155 981 4222 panis
1008 4138 1240 4210 coelestis
1285 4165 1385 4210 est.
1419 4149 1703 4226 Apostolus
1743 4158 1871 4215 dicit
1900 4177 1912 4213 :

347 4240 603 4296 "abemus
634 4245 918 4298 thesaurum
947 4246 1094 4298 istum
1120 4247 1171 4299 in
1197 4249 1327 4301 vasis
1347 4249 1600 4315 ﬁctilibus,
1623 4260 1675 4303 ut
1695 4253 1916 4311 eminet

344 4333 413 4384 tia
443 4333 638 4386 virtutis
663 4333 851 4387 sit-Dei
878 4335 895 4402 (
921 4334 962 4388 ll
991 4334 1216 4400 Cor.,|v,
1247 4336 1339 4407 7
1370 4339 1468 4404 Qui
1494 4349 1669 4393 autem
1700 4341 1914 4395 ιΙιεεειιι-

354 4436 464 4483 rus,
499 4421 635 4496 idem
658 4425 900 4492 et-panis.
929 4423 1058 4478 Nam
1089 4427 1130 4479 si
1163 4436 1266 4480 non
1301 4428 1441 4482 idem
1464 4439 1607 4485 esset
1631 4430 1914 4487 thesaurus

346 4521 398 4563 et
423 4514 596 4581 panis,
623 4531 726 4568 non
752 4515 820 4570 de
847 4515 960 4585 ipso
989 4518 1238 4572 thesauro
1282 4520 1408 4574 alibi
1440 4522 1692 4590 scripttun
1723 4534 1864 4580 esset
1897 4543 1909 4578 :

341 4602 629 4660 Tlicsaurus
655 4607 998 4662 desiderabilis
1038 4611 1298 4681 requiescit
1341 4613 1393 4666 in
1422 4629 1508 4666 ore
1540 4615 1778 4683 sapientis
1801 4633 1819 4680 ;
1841 4618 1915 4670 vir

341 4704 504 4748 autem
532 4697 711 4750 stultus
739 4698 887 4767 glutit
926 4699 1073 4753 illuni
1109 4699 1130 4772 (
1159 4699 1307 4754 Prov.
1341 4719 1448 4766 χιι,
1475 4703 1545 4757 20
1565 4705 1605 4774 ).
1641 4703 1789 4759 Unde
1817 4706 1913 4758 ad-

343 4799 618 4839 monemus
667 4785 988 4843 Charitatem
1036 4798 1262 4844 vestram
1311 4801 1452 4846 utea
1501 4810 1618 4862 qua:
1652 4795 1914 4850 audiendo

343 4882 588 4945 tanquam
613 4886 796 4932 ventre
818 4883 1090 4934 memoria:
1114 4882 1360 4944 conditis,
1385 4899 1570 4937 rursus
1593 4886 1912 4940 revolvenda

341 4975 392 5018 et
417 4968 695 5037 cogitando
725 4969 1110 5039 quodammodo
1149 4974 1441 5026 ruminctis.
1492 4975 1601 5030 l‘loc
1641 4985 1720 5030 est
1745 4977 1908 5043 enim,

341 5054 624 5126 Thesaurus
671 5059 1011 5126 desiderabilis
1053 5066 1312 5132 requiescit
1336 5067 1387 5118 in
1417 5083 1505 5120 ore
1537 5070 1810 5138 sapientis;
1837 5072 1912 5123 vir

341 5158 501 5202 autem
531 5151 714 5204 stultus
741 5154 884 5222 glutit
921 5154 1063 5208 illmu
1084 5171 1103 5208 :
1147 5156 1375 5211 breviter
1398 5159 1546 5224 dixit,
1577 5160 1796 5230 Sapiens
1816 5179 1908 5216 ru-

343 5238 525 5307 minat,
557 5242 746 5296 stultus
787 5261 887 5297 non
915 5247 1160 5300 ruminat.
1191 5248 1301 5302 Hoc
1329 5260 1505 5304 autem
1545 5261 1727 5320 aperte
1755 5263 1807 5307 ct
1835 5255 1908 5308 la-

347 5328 450 5383 :ine
479 5332 602 5399 quid
632 5335 755 5387 est?
780 5335 1000 5403 Sapiens
1021 5337 1216 5404 cogitat
1241 5355 1301 5392 ea
1341 5357 1458 5408 qua:
1482 5342 1739 5406 audierit;
1772 5346 1906 5398 stul-

343 5428 421 5472 tus
444 5432 618 5476 autem
645 5424 817 5490 audita
841 5426 1088 5480 oblivioni
1118 5428 1291 5481 tradit.
1311 5427 1491 5499 Neque
1519 5432 1658 5484 enim
1692 5442 1908 5502 promer

400 5536 415 5598 ξ
444 5541 542 5583 Duc
563 5541 689 5598 Mss,
709 5549 794 5598 pro
813 5537 1050 5597 (equitate.

399 5596 419 5624 '
445 5603 538 5644 \‘ox
564 5596 809 5667 sumentur:
837 5596 987 5667 deest
1012 5602 1058 5648 in
1074 5599 1274 5667 _aliquot
1297 5608 1465 5667 Nss.-_—
1486 5609 1557 5667 _F.r.
1592 5604 1736 5667 Lugd.
1777 5614 1899 5655 \‘en.

340 5665 387 5702 et
410 5666 517 5704 Lor.
543 5658 613 5705 sic
633 5658 842 5717 habent,
876 5659 1127 5719 Sapisuticc
1163 5658 1291 5719 sunt,
1313 5664 1500 5736 Itoutini
1529 5667 1614 5716 Dei
1635 5658 1765 5727 sunt,
1793 5681 1901 5729 quae

340 5729 420 5767 uer
442 5729 541 5779 nos,
571 5729 664 5768 etc.
1334 5731 1338 5736 ‘
1546 5749 1552 5758 -

689 5784 952 5846 Parnm.
994 5784 1288 5851 XXXVII.

1457 287 1849 347 ENARRATIO
1889 292 1952 348 IN
1994 285 2313 354 PSALMUM
2353 301 2530 359 CXLI.

2058 407 2197 462 aliud
2227 411 2276 463 iu
2304 411 2458 481 Lege,
2492 416 2682 470 munda
2709 433 2769 472 ea
2798 421 2933 476 dicta
2959 432 3079 478 sunt
3133 433 3374 485 animalia
3401 448 3518 505 qum
3536 453 3620 490 ru~

2053 500 2276 565 mittant,
2297 503 2559 558 imnntnda
2578 524 2693 577 qum
2713 525 2814 564 non
2842 515 3106 572 ruminant
3136 517 3312 587 (Leuit.
3337 500 3432 590 xu,
3457 527 3493 580 2
3525 527 3583 599 8)
3607 545 3622 584 ξ

2055 605 2172 643 nam
2206 605 2443 648 creatura
2476 596 2564 650 Dei
2610 602 2780 654 omnis
2808 605 2998 659 munda
3022 617 3120 662 est.
3155 604 3353 668 Artiﬁci
3383 617 3490 671 Deo
3519 596 3623 676 tam

2055 682 2280 737 mundus
2317 693 2400 738 est
2439 702 2628 754 porcus
2654 705 2809 758 quam
2834 689 3016 764 agnus.
3048 683 3256 756 C'reavit
3280 704 3420 758 enim
3443 706 3620 765 omnia

2051 768 2186 824 bona
2217 771 2367 828 valde
2397 773 2564 845 (Gen.
2591 795 2628 841 ι,
2655 780 2716 834 51
2741 779 2759 851 )
2787 799 2801 836 :
2824 793 2895 849 et,
2926 785 3101 842 Omnis
3125 803 3350 847 creatura
3382 796 3474 850 Dei
3495 798 3624 854 bona

2051 869 2141 923 est,
2159 861 2286 916 dicit
2325 865 2609 932 Apostolus
2647 868 2685 941 (Ι
2712 870 2840 924 Tim.
2872 889 2946 940 tv,
2975 876 3157 946 4);et
3177 923 3191 946 ,
3228 882 3410 938 Omnia
3436 892 3622 944 munda

2051 955 2251 1009 mundis
2279 956 2403 1028 (Tit.
2437 961 2549 1024 1,15
2569 960 2608 1031 ).
2635 962 2764 1017 Cum
2795 981 2921 1036 ergo
2953 967 3002 1022 in
3032 980 3216 1048 natura
3247 985 3526 1049 utrumque
3555 985 3623 1037 sit

2053 1048 2303 1104 mundum
2325 1068 2336 1117 ς
2369 1052 2748 1121 signiﬁcatione
2767 1067 2940 1114 tamen
2961 1061 3127 1131 agnus
3151 1066 3410 1134 signiﬁcat
3425 1048 3619 1142 aliquid

2049 1135 2354 1207 muudum,’
2395 1158 2584 1208 porcus
2643 1148 2902 1215 signiﬁcat
2977 1141 3171 1224 aliquid
3246 1159 3614 1220 immundum:

2049 1242 2216 1298 agnus
2257 1231 2516 1301 signiﬁcat
2565 1237 2916 1296 innocentiam
2960 1247 3228 1314 sapientia:
3267 1253 3618 1322 ruminantis;

2051 1334 2241 1386 porcus
2296 1322 2553 1392 signiﬁcat
2598 1326 2980 1387 immunditiam
3027 1338 3260 1393 stultitiae
3303 1343 3619 1403 obliviscen-

2049 1407 2138 1462 tis.
2170 1409 2351 1464 Brevis
2379 1412 2619 1471 Psalmus
2645 1435 2739 1486 pro
2755 1421 3085 1481 solemnitate
3113 1428 3284 1486 dictus
3301 1444 3411 1501 est;
3443 1439 3620 1493 vidca-

2049 1515 2166 1552 mns
2189 1515 2252 1552 au
2273 1503 2438 1569 possit
2465 1507 2624 1559 etiam
2652 1509 2882 1565 breviter
2912 1518 3145 1571 tractari.

2117 1589 2170 1642 2.
2203 1590 2222 1663 [
2249 1608 2375 1647 vers.
2404 1593 2458 1648 2.
2484 1593 2505 1668 ]
2547 1593 2676 1652 Voce
2703 1617 2811 1654 mea
2836 1603 2905 1656 ad
2933 1591 3204 1662 Dominum
3234 1613 3465 1669 clamavi.
3498 1619 3622 1674 Suf-

2049 1681 2250 1748 ﬁccrct,
2287 1682 2419 1739 Voce
2446 1688 2513 1739 ad
2535 1685 2806 1744 Dominum
2837 1693 3085 1761 clamavi;
3131 1700 3265 1755 forte
3296 1720 3396 1758 non
3427 1707 3617 1764 frustra

2045 1771 2280 1827 additum
2302 1787 2404 1841 est,
2439 1795 2566 1832 mea.
2597 1775 2746 1836 Multi
2775 1785 2915 1838 enim
2942 1779 3170 1845 clamant
3210 1793 3274 1847 ad
3317 1795 3615 1865 Dominum,

2045 1877 2149 1915 non
2179 1880 2304 1919 voce
2331 1881 2445 1934 sua,
2481 1869 2572 1923 sed
2601 1887 2726 1928 voce
2752 1879 2989 1945 corporis
3021 1881 3123 1935 sui.
3173 1883 3342 1940 llomo
3369 1904 3496 1958 ergo
3541 1894 3618 1946 iu-

2047 1955 2241 2024 terior,
2301 1959 2351 2013 in
2403 1976 2507 2030 quo
2555 1967 2716 2036 cmpit
2758 1966 2995 2025 habitare
3032 1973 3270 2030 Christus
3317 1955 3618 2047 peritidem

2046 2043 2259 2138 (Ep/tes.
2282 2062 2367 2138 ‘nt,
2398 2049 2508 2124 l7),
2541 2069 2669 2108 voce
2690 2069 2804 2123 sua,
2848 2076 2951 2113 non
2982 2062 3032 2115 in
3069 2067 3288 2134 strepitu
3317 2043 3615 2138 labiorum,

2043 2135 2134 2189 sed
2166 2137 2215 2190 in
2242 2137 2429 2193 affectu
2455 2144 2630 2198 cordis
2664 2146 2856 2202 clamet
2903 2151 2968 2205 ad
3017 2154 3314 2213 Dominum.
3366 2161 3478 2215 Non
3531 2164 3616 2218 ubi

2044 2222 2202 2278 homo
2233 2228 2394 2288 audit.
2427 2231 2494 2285 ibi
2529 2233 2665 2287 Deus
2692 2236 2838 2292 audit
2865 2256 2878 2291 :
2907 2241 3003 2295 nisi
3042 2259 3170 2300 voce
3216 2249 3518 2316 pttlmomltn
3563 2265 3616 2309 et

2041 2313 2263 2370 laterum
2292 2330 2344 2373 et
2367 2319 2558 2391 lingua:
2578 2324 2795 2389 clames,
2846 2327 3006 2385 homo
3034 2341 3083 2387 te
3111 2313 3226 2389 noni
3245 2339 3422 2402 audit;
3472 2345 3616 2413 cogi-

2042 2405 2172 2458 tatio
2203 2416 2286 2461 tua
2315 2410 2514 2465 clamor
2536 2422 2618 2468 est
2643 2414 2709 2468 ad
2743 2416 3042 2475 Domimun.
3105 2421 3232 2480 Voce
3273 2446 3380 2482 mea
3405 2433 3472 2483 ml
3490 2405 3612 2487 'Dvo-

2042 2493 2234 2549 utiuum
2278 2499 2529 2565 clamavi;
2575 2518 2692 2559 voce
2734 2522 2842 2559 mea
2883 2508 2952 2561 ad
3001 2509 3272 2569 Dominum
3321 2518 3614 2590 deprecatus

2040 2605 2172 2642 sum.
2194 2589 2340 2658 Quod
2368 2591 2519 2660 dixit,
2541 2596 2791 2663 clamavi;
2813 2603 3074 2672 exposuit,
3105 2621 3222 2661 cum
3253 2609 3402 2668 dixit.
3433 2614 3614 2683 depre-

2041 2687 2180 2732 catus
2204 2683 2342 2734 sum.’
2387 2681 2630 2740 Clamant
2665 2687 2805 2741 enim
2854 2690 3224 2764 ad\Dominmn
3266 2708 3318 2752 et
3357 2703 3445 2772 qui
3496 2681 3612 2758 bla-

2039 2766 2336 2837 sphemant.
2387 2771 2442 2825 lu
2489 2775 2748 2842 superiori
2791 2794 2947 2835 versu
2987 2782 3272 2841 clamorem
3313 2766 3507 2858 posuit,
3559 2795 3612 2849 in

2039 2859 2280 2927 sequenti
2307 2861 2593 2918 clamorem
2619 2867 2883 2935 exposuit.
2930 2873 3089 2937 Quasi
3130 2878 3444 2947 exigeretur,
3486 2861 3612 2950 Quo

2036 2939 2271 3005 clamore
2308 2951 2543 3009 clamasti
2575 2956 2640 3011 ad
2704 2958 3018 3017 Dominum?
3059 2967 3140 3018 Ad
3181 2966 3475 3039 Dominum,
3523 2976 3608 3030 in-

2037 3039 2170 3109 quit,
2195 3042 2486 3113 deprecatus
2514 3063 2623 3101 sum
2649 3064 2668 3100 :
2697 3050 2898 3107 clamor
2923 3069 3092 3124 meus,
3127 3058 3428 3129 deprecatio
3456 3082 3606 3132 IIICI;
3648 3053 3651 3064 ’

2037 3145 2142 3185 non
2167 3135 2480 3200 convicium,
2517 3152 2624 3192 non
2651 3155 2910 3205 murmur,
2943 3160 3048 3199 non
3077 3147 3434 3216 blaSphemia.
3467 3183 3470 3186 ~

2105 3223 2158 3276 5.
2197 3222 2368 3294 [vers
2409 3225 2504 3299 5.]
2562 3227 2840 3294 Effundam
2882 3245 2999 3289 aute
3040 3253 3152 3291 eum
3200 3257 3395 3308 precem
3425 3263 3598 3303 meam.

2033 3311 2166 3376 Quid
2189 3323 2290 3380 est,
2335 3324 2450 3369 ante
2477 3319 2632 3372 eum?
2682 3320 2735 3374 ln
2762 3333 3045 3391 conspectu
3070 3330 3209 3397 ejus.
3256 3331 3393 3399 Quid
3423 3345 3522 3399 est,
3555 3339 3606 3394 iu

2031 3414 2318 3472 conspectu
2341 3405 2502 3475 ejus?
2531 3407 2628 3464 Ubi
2659 3411 2818 3478 videt,
2851 3413 2948 3469 Ubi
2977 3428 3151 3473 autem
3183 3437 3286 3476 non
3319 3425 3501 3481 videt?
3533 3429 3605 3484 Ita

2031 3495 2171 3548 enim
2199 3496 2441 3562 dicimus,
2495 3499 2594 3556 Ubi
2631 3503 2970 3574 videt,quasi
3023 3511 3212 3566 alicubi
3259 3512 3361 3568 non
3411 3519 3601 3575 videat.

2031 3585 2135 3640 Sed
2163 3587 2213 3640 in
2245 3589 2346 3641 isto
2371 3599 2511 3644 etetu
2539 3606 2717 3644 rerum
2757 3597 3109 3664 corporalium
3141 3592 3318 3656 vident
3347 3614 3401 3660 et
3429 3608 3602 3664 homi-

2031 3692 2145 3739 nes,
2188 3677 2364 3733 videut
2387 3689 2440 3734 ct
2461 3682 2703 3737 animalia
2735 3702 2748 3738 :
2775 3685 2860 3740 ille
2886 3698 3059 3743 autem
3083 3691 3224 3747 videt
3247 3704 3300 3748 et
3330 3698 3416 3751 ubi
3446 3699 3604 3756 homo

2030 3783 2132 3822 nou
2165 3770 2323 3848 videt.
2355 3770 2484 3825 Nam
2511 3775 2884 3844 cogitationem
2929 3787 3069 3834 tuam
3107 3785 3281 3840 nullus
3327 3788 3599 3848 hominum

2029 3860 2190 3925 videt,
2253 3847 2390 3914 Deus
2436 3871 2610 3917 autem
2641 3867 2800 3922 videt.
2835 3868 2905 3924 lbi
2957 3887 3086 3942 ergo
3131 3875 3342 3934 ell'unde
3389 3897 3597 3950 precem

2027 3957 2194 4020 tuam,
2220 3951 2305 4005 ubi
2335 3953 2478 4007 solus
2504 3954 2590 4010 ille
2615 3958 2755 4012 videt
2783 3962 2870 4028 qui
2899 3977 3224 4020 remunerat.
3249 3969 3376 4024 Nam
3407 3971 3457 4026 in
3480 3976 3601 4031 abs-

2025 4041 2239 4094 condito
2269 4053 2321 4097 te
2351 4045 2601 4100 Dominus
2625 4046 2779 4102 Jesus
2807 4051 3047 4108 Christus
3083 4056 3238 4125 jussit
3277 4079 3430 4120 orare
3459 4085 3471 4121 :
3503 4071 3594 4126 scd

2025 4131 2067 4183 si
2095 4146 2349 4201 agnoscas
2389 4134 2687 4191 cubiculum
2720 4137 2886 4206 tuum,
2927 4153 2981 4198 et
3031 4148 3270 4216 nmudes,
3324 4151 3391 4208 ibi
3445 4173 3599 4228 rogas

2029 4225 2193 4280 Deum
2225 4229 2263 4278 ¹.
2314 4229 2441 4281 Cum
2487 4241 2654 4283 autem
2690 4236 2863 4298 oratis,
2898 4237 3085 4308 inquit,
3131 4244 3280 4298 nolite
3325 4263 3428 4302 esse
3467 4253 3606 4307 sicut

2026 4315 2320 4384 hypocriten,
2370 4321 2455 4390 qui
2481 4331 2612 4374 stant
2641 4323 2691 4376 in
2731 4324 2909 4394 pluteis
2930 4339 2974 4381 ct
3002 4331 3118 4384 eicis
3163 4346 3378 4398 orantes,
3425 4351 3488 4393 ut
3521 4347 3596 4394 vi—

2023 4408 2233 4461 deantur
2261 4411 2321 4463 ab
2367 4412 2666 4470 hominibus.
2714 4418 2788 4469 Tu
2831 4430 2996 4473 autent
3041 4440 3151 4476 cum
3194 4443 3328 4493 oras,
3369 4425 3501 4486 intra
3544 4437 3596 4488 in

2022 4498 2305 4554 cubiculum
2334 4512 2493 4565 tuum,
2526 4515 2571 4557 et
2597 4498 2773 4560 claude
2801 4497 3001 4576 ostium,
3052 4524 3095 4566 et
3121 4515 3388 4584 deprecare
3429 4520 3594 4577 Deum

2023 4599 2161 4642 tuum
2189 4591 2237 4644 in
2267 4594 2502 4657 occulto;
2551 4605 2598 4647 et
2639 4597 2722 4664 qui
2745 4583 2872 4651 videt
2926 4600 2976 4653 in
3029 4583 3240 4668 occulto,
3291 4608 3462 4663 reddet
3505 4614 3598 4669 tibi

2021 4667 2232 4751 (.llatth.
2266 4699 2336 4747 vi,
2360 4684 2393 4738 5
2413 4694 2458 4736 et
2480 4684 2556 4754 6).
2588 4685 2642 4740 Si
2673 4686 2911 4743 homines
2931 4691 3184 4747 reddituri
3210 4667 3352 4760 sunt,
3383 4667 3593 4757 en‘unde

2019 4785 2146 4826 ante
2173 4772 2414 4829 homines
2441 4790 2651 4844 precem
2685 4789 2824 4831 tuam
2857 4797 2870 4831 :
2899 4781 2943 4834 si
2979 4781 3115 4837 Deus
3159 4787 3461 4845 redditurus
3487 4804 3585 4858 cst,

2019 4863 2230 4918 ell‘oude
2256 4875 2378 4921 ante
2406 4882 2525 4920 eum
2557 4882 2766 4935 precem
2803 4880 2964 4934 tuam,
2994 4882 3046 4926 et
3066 4873 3251 4931 claude
3278 4883 3492 4946 ostium,
3523 4901 3590 4938 ne

2020 4965 2249 5011 teutator
2279 4959 2620 5028 ingrediatur.
2667 4960 2917 5016 'l‘cntator
2944 4980 3045 5017 non
3068 4975 3240 5022 cessat
3263 4971 3488 5039 pulsare,
3533 4989 3593 5030 ut

2017 5050 2275 5118 irrumpat
2303 5067 2315 5112 ;
2343 5050 2386 5103 si
2404 5051 2642 5104 clausum
2671 5051 2950 5120 invenerit,
2985 5059 3190 5115 transit.
3213 5058 3337 5116 Ideo
3355 5049 3589 5133 Aposto-

2013 5140 2118 5205 lus,
2159 5142 2279 5210 quia
2331 5139 2381 5193 iu
2424 5151 2600 5194 nostra
2650 5152 2913 5212 potestate
2949 5156 3032 5200 est
3077 5148 3268 5205 ostium
3303 5153 3587 5212 claudere:

2016 5231 2206 5284 ostium
2225 5230 2421 5294 cordis,
2457 5231 2557 5284 non
2584 5234 2876 5310 parietpm;
2910 5236 2978 5290 ibi
3006 5239 3146 5292 enim
3174 5251 3225 5293 et
3253 5239 3586 5302 cubiculum:

2015 5324 2135 5392 quia
2160 5338 2288 5391 ergo
2315 5323 2366 5376 in
2394 5332 2657 5392 potestate
2685 5335 2860 5380 nostra
2883 5337 2964 5381 est
2990 5327 3088 5381 hoc
3105 5330 3296 5385 ostium
3316 5333 3585 5406 claudere,

2016 5411 2194 5482 Neque
2229 5414 2377 5475 detis,
2428 5414 2614 5482 inquit,
2649 5417 2812 5469 locum
2863 5417 3063 5470 diabolo
3117 5417 3326 5490 (Epltcs.
3367 5441 3443 5493 tv,
3471 5423 3584 5501 27).

2012 5505 2219 5557 Etenim
2247 5505 2291 5558 si
2331 5505 2543 5559 intravit
2566 5516 2618 5560 et
2649 5507 2902 5576 possedit,
2947 5509 3160 5562 attende
3180 5514 3300 5580 quia
3329 5524 3382 5570 tu
3423 5516 3592 5590 negli-

2009 5604 2194 5664 genter
2219 5596 2450 5650 clausisti
2480 5605 2570 5651 aut
2593 5598 2840 5654 claudere
2869 5599 3166 5668 neglexisti.

2074 5730 2089 5758 ι
2119 5726 2339 5790 ινιυτιιμιο
2362 5734 2488 5791 Mss,
2504 5728 2583 5779 ubi
2606 5739 2744 5792 rogas
2769 5735 2936 5778 Deum.
2953 5725 3162 5788 Quidam,
3182 5728 3266 5781 ubi
3283 5745 3391 5784 ores
3419 5744 3578 5790 Deum.

2787 5814 3383 5895 (Cinquante-ltuit.)
