4082 6204
532 326 664 381 1855

595 439 645 491 4.
696 436 828 503 ρηῖά
858 445 937 491 est
964 442 1140 491 autem
1168 437 1414 491 claudere
1455 439 1693 493 ostium?
1740 441 1849 495 lloe
1895 442 2086 498 ostium

522 537 772 595 t.;nquatn
799 525 930 579 duas
952 523 1108 580 habet
1136 528 1348 589 valvas;
1396 528 1717 597 cupiditatis.
1769 539 1823 583 et
1866 531 2087 585 timoris.

523 617 625 669 Aut
652 616 800 683 cupis
830 615 1022 691 aliquid
1049 624 1337 683 terrenum,
1369 628 1421 671 et
1448 618 1543 671 hac
1573 619 1759 684 intrat;
1808 630 1897 673 aut
1939 622 2091 673 times

517 706 712 775 aliquid
745 715 1036 770 terrenum,
1059 717 1113 763 et
1140 691 1236 762 hac
1262 709 1443 763 intrat.
1492 711 1719 764 Timoris
1749 727 1872 781 ergo
1899 721 1952 765 et
1994 730 2088 765 en-

524 798 754 867 piditatis
803 798 1014 868 jaunam
1064 800 1247 854 claude
1290 811 1470 854 contra
1520 801 1808 866 diabolum,
1856 804 1996 871 aperi
2018 802 2084 856 ad

518 887 808 942 tihristum.
882 880 1159 955 Quomodo
1204 890 1343 957 ipsas
1384 892 1558 945 valvas
1604 893 1775 959 aperis
1824 892 1889 945 ad
1936 892 2086 945 Chri-

522 979 708 1033 stum?
750 979 1262 1049 Cupiendorcgunm
1300 981 1577 1045 cmlortnn,
1631 981 1862 1041 timenda
1910 982 2079 1050 ignem

517 1072 897 1140 geheunarum.
928 1072 1024 1126 Per
1051 1072 1389 1142 cupiditatem
1429 1072 1603 1125 δινουιί
1634 1071 1872 1124 diabolus
1900 1070 2075 1136 intrat,

516 1178 610 1230 per
636 1162 951 1216 desiderium
982 1161 1102 1215 vita:
1132 1170 1343 1215 interna:
1386 1160 1625 1216 Christus
1665 1161 1824 1214 intrat
1850 1179 1863 1215 :
1895 1177 1986 1228 per
2016 1161 2078 1213 ti-

509 1272 708 1308 morem
735 1270 1008 1323 pinnarum
1040 1252 1405 1322 temporalium
1430 1252 1672 1307 diabolus
1698 1242 1878 1313 intrat,
1900 1268 1992 1319 per
2023 1253 2078 1305 ti-

506 1361 704 1397 morem
737 1345 1071 1414 iguismterni
1117 1343 1355 1398 Christus
1399 1345 1577 1397 intrat.
1631 1344 1767 1397 Ecce
1814 1356 2074 1413 martyres

504 1438 807 1507 clauserunt
846 1437 1058 1506 januam
1106 1445 1287 1489 contra
1336 1435 1625 1501 diabolum,
1685 1435 1894 1489 Christo
1944 1452 2069 1504 ape-

503 1508 740 1583 ruerunt.
786 1528 1033 1582 Promisit
1062 1527 1137 1583 eis
1165 1528 1325 1581 multa
1375 1526 1605 1601 mundus
1645 1526 1743 1580 iste
1775 1544 1786 1578 :
1817 1526 2063 1591 riserunt,

499 1618 802 1672 claruerunt
851 1619 1053 1672 valvam
1116 1617 1419 1686 cupiditatis
1459 1616 1714 1669 adversus
1775 1616 2064 1670 diabolum.

496 1709 715 1762 Minatus
739 1718 819 1763 est
847 1709 1074 1763 annulus
1111 1709 1211 1762 iste
1235 1708 1449 1770 bestias,
1501 1708 1666 1776 ignes,
1696 1721 1882 1761 cruces
1914 1726 1926 1761 :
1958 1722 2064 1761 non

496 1799 779 1851 timuerunt
800 1839 813 1859 ,
855 1799 1160 1852 clauserunt
1188 1797 1390 1855 timoris
1420 1798 1618 1851 valvam
1651 1806 1832 1851 contra
1876 1797 2064 1852 diabo-

491 1888 618 1941 lmu.
672 1886 950 1941 Videamus
974 1889 1016 1942 si
1046 1897 1368 1955 aperuerunt
1392 1902 1484 1940 eas
1525 1885 1773 1940 Christo:
1800 1886 1899 1953 Qui
1931 1904 2056 1941 con-

488 1980 648 2044 fessus
674 1995 769 2043 me,
801 1978 987 2046 inquit,
1032 1978 1181 2045 fuerit
1225 1992 1396 2029 eorant
1443 1976 1743 2039 hominibus,
1793 1976 2062 2044 conﬁtebor

486 2069 627 2119 illum
652 2077 696 2120 et
725 2085 812 2138 ego
838 2085 1005 2120 eorum
1043 2069 1190 2121 Patre
1217 2083 1344 2132 meo,
1370 2068 1457 2138 qui
1482 2076 1553 2121 est
1589 2068 1640 2120 in
1689 2068 1844 2121 caelis.
1896 2070 2056 2121 Ama-

485 2168 821 2227 veruntergo
850 2174 1067 2228 regnum
1113 2158 1391 2220 caelorum,
1448 2158 1535 2211 ubi
1580 2172 1672 2211 eos
1718 2160 2056 2212 conﬁtebitur

482 2252 741 2305 Christus.
771 2250 1047 2318 Quomodo
1073 2265 1164 2303 eos
1194 2248 1536 2302 confessurus
1564 2248 1687 2302 est?
1727 2247 1916 2313 Venite,
1968 2250 2053 2303 be-

482 2345 662 2397 nedirli
694 2342 860 2396 Patris
884 2342 997 2405 mei,
1022 2342 1258 2412 percipite
1280 2358 1486 2411 regnum
1507 2341 1639 2408 quod
1665 2341 1801 2394 vobis
1822 2351 2054 2412 paratum

477 2446 548 2488 est
574 2436 635 2487 ab
647 2435 836 2504 origine
859 2434 1034 2486 mundi
1049 2432 1258 2507 (Matth.
1289 2450 1411 2493 xxv,
1432 2433 1544 2503 54).
1564 2433 1912 2488 Confitebitur
1932 2434 2050 2489 illos

475 2527 539 2580 ad
567 2528 838 2582 dexteram
872 2526 1089 2593 positos.
1122 2524 1406 2579 Videamus
1441 2525 1482 2577 si
1521 2535 1573 2578 et
1610 2526 1817 2580 tin'toris
1846 2525 2047 2579 valvam

473 2619 685 2670 Christo
728 2625 1068 2687 aperuerunt,
1112 2626 1268 2684 quam
1311 2614 1523 2668 diabolo
1560 2617 1880 2670 clauserunt.
1933 2615 2047 2670 Uno

474 2712 765 2780 eodemque
812 2712 928 2764 loco
967 2710 1216 2765 Dominus
1245 2716 1424 2762 monet
1467 2710 1588 2774 hoc,
1636 2694 1693 2762 ut
1734 2717 1788 2762 et
1834 2707 2048 2764 diabolo

473 2805 766 2866 claudatur,
799 2811 853 2856 et
874 2802 969 2855 sibi
997 2801 1285 2870 aperiatur.
1321 2798 1518 2866 Nolite,
1551 2799 1736 2868 inquit,
1765 2799 1936 2853 timere
1958 2817 2043 2854 eos

470 2898 556 2965 qui
583 2913 763 2965 corpus
784 2894 1039 2958 occidunt,
1091 2893 1309 2967 animum
1337 2902 1503 2943 auttm
1534 2907 1633 2943 non
1669 2900 1875 2959 possunt
1908 2892 2043 2944 occi-

470 2989 587 3041 tlnre
608 3004 626 3040 :
652 2988 856 3041 monuit
881 2995 936 3038 ut
967 2984 1171 3037 timoris
1193 2986 1335 3037 valva
1389 2987 1437 3036 in
1473 2982 1660 3036 faciem
1696 2982 1910 3037 diabolo
1939 2984 2041 3037 eli-

469 3079 702 3133 tIeretttr.
735 3078 870 3147 Ergo
900 3076 1024 3129 nihil
1049 3086 1129 3130 est
1158 3074 1481 3130 timemlnm?
1513 3073 1624 3127 Non
1653 3089 1778 3142 ergo
1806 3074 2040 3142 aperitur

465 3172 641 3223 aditus
669 3171 871 3225 timoris
891 3168 1124 3230 Christo,
1154 3168 1241 3236 qui
1260 3168 1469 3220 clausus
1486 3176 1564 3219 est
1589 3166 1825 3222 diabolo?
1849 3167 2037 3222 Statim

466 3263 719 3327 subjecit,
770 3271 1013 3325 tanquam
1059 3257 1262 3320 dicens,
1318 3258 1601 3311 l'lxelnsisti
1650 3257 1826 3320 illutn,
1878 3258 2025 3325 aperi

467 3350 593 3403 mihi
629 3368 642 3401 τ
672 3349 775 3403 Sed
804 3364 913 3401 eum
941 3348 1125 3409 timete,
1152 3346 1338 3413 inquit,
1371 3347 1456 3414 qui
1499 3347 1644 3398 habet
1671 3355 1960 3414 potestatem
1989 3357 2036 3401 et

464 3440 682 3491 animam
707 3448 751 3491 et
771 3453 953 3505 corpus
972 3436 1195 3489 occidere
1219 3436 1268 3488 in
1289 3437 1515 3504 geltenna
1544 3435 1674 3505 ignis
1711 3435 1820 3505 (Id.
1851 3452 1904 3495 κ,
1942 3435 2028 3503 52,

465 3529 573 3593 928).
633 3528 747 3582 Jam
796 3542 923 3596 ergo
971 3526 1015 3580 si
1062 3525 1354 3587 Credidisti,
1406 3533 1460 3580 et
1492 3526 1749 3593 aperuisti
1795 3526 2022 3592 Christo,

454 3618 644 3679 ,elaude
674 3626 853 3670 contra
901 3615 1190 3668 diabolum.
1221 3613 1367 3667 Intus
1396 3623 1479 3668 est
1523 3612 1783 3677 Christus,
1840 3615 1906 3669 ibi
1938 3614 2031 3668 ba-

458 3711 593 3766 hitat
620 3726 633 3761 :
667 3707 877 3762 eﬂ'unde
904 3717 1025 3759 ante
1054 3723 1172 3759 eum
1211 3721 1415 3772 precmu
1444 3714 1610 3769 tuam,
1661 3705 1765 3759 noli
1792 3721 2029 3774 qnmrere

461 3810 515 3853 ut
544 3799 609 3853 de
641 3799 794 3867 longe
824 3809 871 3851 te
903 3795 1168 3849 exaudiat.
1213 3794 1322 3848 Non
1347 3794 1487 3847 enim
1523 3795 1674 3863 longe
1702 3802 1784 3848 est
1803 3793 2031 3864 Sapien-

461 3893 532 3946 lia
561 3891 672 3954 Dei,
722 3908 839 3958 qtae
872 3889 1118 3958 pertendit
1144 3905 1172 3938 α
1208 3888 1307 3954 ﬁne
1350 3903 1504 3955 usque
1532 3886 1598 3947 ad
1631 3886 1780 3954 finem
1811 3888 2025 3957 fortiter,

459 3994 505 4037 et
547 3983 767 4049 disponit
802 3980 972 4034 omnia
1002 3981 1220 4032 suaviter
1265 3978 1419 4047 (Sap.
1448 3994 1555 4041 vnt,
1588 3977 1661 4048 i).
1701 3978 1837 4048 Ergo
1886 3980 2024 4033 intus

462 4075 597 4143 apud
624 4085 670 4127 te
704 4076 742 4137 ‘,
768 4084 890 4127 ante
925 4086 1045 4124 eum
1077 4070 1287 4124 ell'uudc
1318 4083 1526 4138 precem
1579 4079 1718 4122 tuam
1750 4087 1764 4123 :
1794 4069 1860 4123 ibi
1903 4078 2026 4123 Slllll

460 4181 616 4220 aures
643 4164 777 4233 ejus.
811 4163 941 4228 Quia
968 4178 1123 4232 neque
1144 4160 1204 4213 ab
1235 4161 1441 4222 oriente,
1485 4175 1638 4228 neque
1669 4160 1731 4213 ab
1752 4161 2021 4224 occidente,

457 4272 612 4325 neque
648 4272 678 4306 α
722 4254 929 4308 desertis
976 4251 1263 4315 montibus;
1311 4251 1545 4320 quoniam
1593 4248 1725 4304 Deus
1762 4252 1923 4321 judex
1953 4262 2024 4305 est

456 4345 625 4417 (l’sal.
662 4360 841 4406 |.\.\'tv,
869 4346 922 4414 7)
952 4362 966 4398 :
996 4344 1037 4397 si
1066 4353 1239 4396 autem
1262 4342 1427 4411 judex
1449 4352 1551 4406 est,
1576 4344 1782 4411 qualem
1809 4357 2021 4396 causam

456 4457 610 4510 geras
640 4439 691 4492 in
717 4438 876 4491 corde
906 4447 1015 4491 tuo.
1048 4434 1189 4489 vide.

529 4533 581 4587 5.
610 4529 759 4602 [vers.
794 4526 872 4599 4.]
925 4524 1201 4592 ΙεῙΙῙιιηιΙαιη
1221 4534 1336 4576 ante
1354 4539 1465 4575 eum
1490 4538 1681 4591 precem
1720 4540 1902 4589 meam;
1930 4526 2021 4578 tri-

457 4624 755 4677 bulationem
787 4635 947 4673 nteant
974 4618 1025 4669 in
1046 4624 1311 4685 conspectu
1332 4615 1439 4684 ejus
1481 4614 1812 4670 annuntiabo.
1853 4615 2024 4684 Itepe-

456 4720 571 4772 titio
590 4726 687 4775 est,
726 4727 780 4771 et
808 4717 857 4770 in
886 4713 1248 4783 superioribus
1269 4711 1473 4766 duobus
1498 4712 1757 4783 versibus,
1786 4722 1837 4767 et
1863 4714 1913 4766 in
1945 4715 2025 4770 his

454 4808 931 4876 etnisequeutibus;
965 4803 1241 4859 sententia:
1265 4803 1383 4858 dua:
1408 4811 1551 4866 sunt,
1579 4804 1671 4857 sed
1695 4812 1910 4873 utraque
1946 4806 2024 4860 bis

456 4901 614 4954 dit-ta.
646 4897 755 4955 Una
784 4908 864 4953 est
889 4898 997 4962 illa,
1038 4896 1169 4952 Voce
1211 4913 1319 4950 mea
1366 4896 1432 4948 ad
1483 4894 1749 4949 Dominum
1790 4898 2021 4959 clamavi,

456 5009 571 5047 voce
598 5007 708 5046 mea
735 4991 802 5044 ad
832 4988 1101 5044 Dominum
1119 4989 1412 5058 deprecatus
1435 5004 1546 5041 sum
1575 5004 1591 5040 :
1620 4988 1782 5042 altera
1801 4996 1901 5054 est,
1930 4986 2025 5057 Ef-

461 5085 670 5156 fundam
692 5093 809 5136 ante
833 5097 942 5135 eam
963 5097 1155 5152 precem
1180 5097 1361 5145 meant,
1388 5079 1754 5134 tribulationem
1785 5096 1941 5133 meam
1971 5083 2022 5133 in

455 5184 721 5247 conspectu
750 5175 858 5244 ejus
888 5171 1213 5226 annuntiabo.
1246 5171 1399 5238 Quod
1426 5171 1567 5226 enim
1598 5181 1698 5232 est.
1731 5182 1844 5225 ante
1872 5188 1985 5225 eum
2002 5189 2023 5237 ;
2052 5196 2073 5212 ο

455 5272 555 5325 hoc
582 5279 682 5328 est.
716 5270 766 5321 in
792 5274 1060 5336 conspectu
1087 5265 1193 5332 ejus
1219 5279 1236 5316 :
1259 5273 1311 5317 ct
1336 5263 1475 5333 quod
1498 5272 1599 5324 est,
1634 5280 1826 5329 precem
1858 5279 2019 5316 meam

459 5360 761 5427 effundam;
809 5357 909 5411 hoc
945 5366 1045 5420 est,
1088 5353 1457 5407 tribulationem
1493 5371 1650 5407 meam
1692 5354 2018 5407 annuntiaba.

456 5450 676 5516 Quando
709 5453 807 5502 hoc
834 5449 1001 5501 facis?
1031 5446 1083 5499 In
1112 5444 1479 5513 persecutione
1503 5444 1707 5511 positus
1749 5444 1976 5513 loquitur
2004 5462 2018 5498 :

464 5539 593 5592 Ifttnt
622 5540 798 5607 defecit
823 5541 843 5569 ²
871 5558 901 5591 a
929 5558 1001 5590 nte
1028 5538 1230 5604 spiritus
1263 5551 1417 5587 lucus.
1448 5534 1622 5601 Quare
1650 5534 1841 5588 deiecit
1866 5535 2022 5605 spiri-

517 5659 532 5684 ι
562 5650 690 5699 add;
722 5659 837 5699 Ecce
858 5650 983 5699 intus
1009 5656 1073 5698 εει
1098 5646 1224 5709 apud
1250 5654 1310 5695 te.
1354 5643 1581 5701 Particula
1603 5680 1617 5702 ,
1634 5653 1721 5705 est,
1746 5652 1850 5695 Mss.
1873 5644 2020 5707 pleri-

444 5721 889 5835 .ietriqutr
907 5779 1008 5819 βεδε.
1042 5778 1088 5817 λι
1115 5769 1242 5829 t-‘.dd.,
1270 5769 1359 5817 hoc
1376 5777 1423 5817 ct
1449 5770 1665 5830 proximo
1682 5767 1801 5828 loco,
1838 5766 2015 5827 deﬁcit.

1785 329 1839 388 S.
1881 334 1919 387 Λ
1928 331 2241 390 UGUSTINI
2277 335 2571 396 EPISCOPI

3641 355 3769 413 1836

2212 456 2294 500 ms
2313 458 2449 511 tuus,
2474 468 2506 503 o
2531 461 2727 524 martyr
2745 453 2794 508 in
2823 456 3157 513 tribulatione
3189 461 3396 528 posite?
3416 462 3483 518 [It
3508 478 3613 520 non
3639 472 3767 520 mini

2198 553 2435 606 arrogem
2466 545 2605 596 vires
2631 559 2797 610 meas,
2831 558 2885 600 ut
2910 548 3073 602 sciam
3098 549 3237 618 quod
3267 552 3401 605 alios
3442 555 3493 607 in
3527 572 3612 610 me
3643 575 3761 626 (ψυ-

2196 638 2342 682 ratur
2366 631 2529 698 ipsam
2547 634 2813 689 virtutem.
2841 636 2965 691 Cum
2993 650 3158 693 autem
3189 657 3273 695 vos
3294 645 3490 698 tradent
3508 648 3774 717 judicibas

2196 716 2292 784 (sic
2323 723 2523 775 monuit
2555 722 2805 779 Dominus
2834 743 2967 799 quos
2997 740 3252 800 martyres
3297 716 3763 805 facerc'volebat).

2192 811 2342 862 nolite
2361 815 2578 879 rogitare
2621 819 2743 884 quid
2766 819 3078 886 loquamini;
3115 840 3213 877 non
3243 827 3373 878 enim
3415 843 3500 881 vos
3531 832 3645 883 estis
3676 833 3767 900 qui

2189 900 2468 969 loquimini,
2533 906 2621 958 sed
2657 904 2882 978 Spiritus
2922 910 3092 965 Patris
3134 916 3279 968 vestri
3318 918 3404 987 qui
3449 919 3670 987 loquitur
3709 923 3763 975 in

2187 990 2321 1044 vobis
2351 991 2556 1077 (Matth.
2579 1012 2631 1061 χ,
2664 998 2748 1063 19,
2774 1001 2885 1067 ‘30).
2935 1000 3074 1070 Ergo
3103 1003 3215 1058 deﬁt
3238 1005 3310 1059 iul
3344 1007 3559 1075 spiritus
3613 1021 3754 1073 tuus.

2188 1083 2429 1151 loquatur
2454 1087 2681 1155 Spiritus
2711 1091 2823 1145 Dei.
2847 1092 3033 1147 Merito
3063 1110 3155 1149 eos
3184 1110 3442 1166 pauperes
3470 1099 3643 1155 facere
3664 1120 3757 1155 vn-

2185 1171 2322 1226 lebat
2347 1177 2530 1243 spiritu
2558 1177 2741 1234 :Beati
2768 1199 3012 1252 pauperes
3040 1186 3240 1252 spiritu,
3268 1190 3506 1258 quoniam
3527 1193 3755 1261 ipsorum

2181 1277 2251 1318 est
2278 1284 2484 1336 regnum
2511 1272 2744 1326 caelorum
2792 1274 2902 1345 (Id.
2933 1291 2985 1340 v,
3016 1278 3090 1344 5).
3124 1278 3268 1333 Beati
3312 1296 3440 1349 ergo
3486 1298 3750 1352 pauperes

2158 1355 2362 1419 'Spiritn
2390 1374 2506 1420 suo,
2560 1360 2752 1416 divites
2800 1360 2996 1432 Spiritu
3031 1367 3140 1422 Dei.
3175 1368 3359 1423 Omnis
3400 1373 3538 1424 enim
3586 1374 3688 1425 ho-a
3713 1396 3749 1427 υ

2176 1448 2261 1512 qui
2302 1449 2541 1516 Spiritum
2571 1468 2725 1506 suum
2765 1458 3028 1526 sequitur,
3077 1460 3340 1527 superbus
3393 1473 3491 1517 est.
3541 1465 3741 1521 thdat

2174 1536 2412 1605 spiritum
2439 1557 2590 1595 suum
2624 1545 2663 1606 ¹,
2698 1554 2751 1598 ut
2780 1547 2950 1615 capiat
2982 1548 3230 1618 Spiritum
3261 1553 3371 1607 Dei.
3404 1554 3514 1609 Ibat
3554 1556 3604 1609 in
3633 1562 3744 1611 cnl-

2173 1644 2312 1694 men,
2345 1635 2539 1687 residat
2565 1636 2613 1689 in
2643 1637 2798 1693 valle.
2833 1639 2887 1694 Si
2918 1642 3036 1694 ierit
3077 1642 3127 1696 in
3159 1645 3389 1709 culmen,
3423 1646 3637 1702 denatat
3671 1653 3743 1702 ah

2171 1720 2262 1773 illo
2286 1737 2417 1791 aqua
2451 1742 2464 1777 :
2494 1725 2537 1780 si
2565 1726 2614 1779 in
2646 1729 2781 1783 valle
2803 1731 3081 1799 resederit,
3117 1735 3423 1802 itnplehitur
3464 1755 3524 1792 ea
3550 1782 3565 1803 ,
3600 1751 3653 1795 et
3681 1740 3742 1794 fit

2170 1811 2254 1865 ille
2283 1824 2465 1868 venter
2510 1817 2578 1872 de
2623 1834 2728 1888 quo
2757 1820 2958 1876 dictum
3007 1834 3107 1887 est,
3158 1824 3401 1881 Flumina
3443 1847 3586 1898 aqum
3615 1835 3742 1886 vitae

2163 1902 2321 1995 [luent
2348 1904 2410 1958 de
2433 1917 2601 1961 ventre
2638 1912 2746 1977 ejus
2782 1911 2958 1979 (Joan.
3001 1931 3095 1980 vn,
3133 1916 3238 1987 38).
3273 1918 3409 1989 Ergo
3445 1923 3562 1974 dum
3586 1928 3738 1995 deft!-

2162 1998 2273 2047 cita
2316 2013 2393 2048 me
2416 1998 2620 2065 spiritus
2663 2020 2802 2058 meus
2830 2046 2842 2064 .
2889 2005 2940 2058 in
2995 2017 3261 2076 conspectu
3304 2021 3390 2064 tuo
3433 2019 3735 2070 ammmiavi

2161 2087 2532 2144 tribulationem
2560 2109 2742 2156 meam,
2778 2095 2992 2150 humilis
3023 2098 3207 2165 factus,
3239 2106 3495 2157 eonlitens
3525 2108 3613 2159 ltili
3638 2110 3737 2161 ilc-

2161 2176 2368 2232 liciente
2393 2183 2580 2248 spiritu
2611 2199 2749 2248 meo,
2782 2200 2901 2240 cum
2932 2203 3048 2242 sum
3069 2189 3259 2260 plenus
3288 2192 3483 2263 Spiritu
3509 2209 3616 2249 tuo.

2227 2268 2278 2323 6.
2312 2269 2378 2324 Et
2420 2274 2698 2329 audierunt
2746 2274 2876 2331 forte
2902 2280 3139 2334 homines
3173 2282 3292 2350 quia
3323 2284 3514 2338 deli-cit
3554 2287 3604 2339 in
3637 2304 3725 2342 mc

2155 2360 2370 2428 spiritus
2397 2378 2578 2429 meus,
2612 2376 2667 2419 et
2692 2365 3102 2436 desperaverunt
3124 2370 3188 2425 de.
3220 2388 3304 2427 me
3322 2414 3337 2437 ,
3366 2385 3421 2428 et
3439 2376 3682 2431 dixerunt
3706 2420 3722 2442 ,

2154 2452 2399 2521 Cepimus
2424 2471 2563 2519 eum,
2596 2460 3105 2528 oppressimuseum
3137 2481 3151 2516 :
3189 2465 3249 2517 Et
3276 2476 3328 2519 tu
3344 2472 3616 2537 cognovisti
3639 2489 3727 2524 sc-

2152 2545 2298 2599 mitas
2325 2562 2459 2601 meas
2483 2589 2497 2603 .
2538 2547 2614 2602 Illi
2658 2565 2742 2604 mc
2770 2551 3031 2621 dejectum
3064 2559 3354 2626 putabant,
3379 2569 3431 2612 tu
3464 2577 3548 2616 me
3576 2574 3726 2615 stau-

2153 2645 2256 2690 tem
2284 2638 2560 2694 cernebas.
2592 2641 2666 2696 llli
2695 2644 2783 2713 qui
2812 2649 3263 2716 persequebantur
3289 2661 3343 2705 et
3369 2653 3723 2721 COtllpl'tBIlt‘tl-

2149 2728 2373 2793 derant,
2405 2731 2700 2800 implicatos
2741 2736 2995 2804 putabant
3031 2739 3199 2806 pedes
3247 2757 3425 2795 meos:
3473 2746 3564 2798 sed
3616 2747 3723 2801 illis

2147 2818 2359 2890 obligati
2398 2831 2521 2877 sunt
2565 2824 2757 2891 pedes,
2789 2835 2843 2881 et
2871 2827 3205 2895 ceciderunt;
3255 2846 3351 2885 nos
3390 2846 3564 2887 amem
3594 2853 3719 2888 sur-

2147 2912 2397 2977 reximus,
2425 2922 2478 2967 et
2499 2917 2660 2970 erecti
2683 2932 2865 2972 sumus
2896 2921 2911 2987 (
2948 2908 3091 2974 Psal.
3117 2939 3227 2983 xix,
3263 2923 3295 2977 9
3326 2930 3362 2993 ).
3394 2924 3543 2979 OI'UIi
3570 2929 3714 2982 enim

2149 3003 2252 3056 mei
2284 3018 2497 3074 semper
2524 3009 2590 3060 ad
2639 3007 2940 3074 Dominum,
2973 3013 3220 3080 quoniam
3267 3019 3376 3083 ipse
3421 3018 3609 3071 evellet
3648 3019 3721 3073 de

2144 3091 2331 3162 laqueo
2360 3097 2520 3166 pedes
2541 3113 2687 3152 meos
2720 3100 2739 3172 (
2770 3100 2909 3155 Psal.
2934 3117 3084 3168 xxn',
3112 3105 3218 3176 I5).
3244 3106 3577 3161 Persen-rati
3600 3128 3720 3162 am-

2142 3186 2369 3243 bulando
2399 3206 2413 3241 :
2454 3190 2552 3257 Qui
2576 3192 2715 3246 enim
2760 3197 3137 3260 perseveraverit
3176 3215 3327 3268 usque
3354 3201 3405 3252 in
3431 3201 3599 3265 ﬁnem,
3632 3203 3720 3256 hic

2138 3278 2304 3332 salvus
2327 3279 2709 3350 erit(Mattli.x,
2728 3282 2842 3354 22).
2872 3284 2949 3340 llli
2988 3301 3299 3357 oppressum
3320 3305 3405 3344 me
3431 3293 3715 3359 putabant,

2138 3369 2229 3422 sed
2258 3384 2368 3439 .ego
2396 3372 2753 3429 ambulabam.
2801 3375 2900 3431 Ubi
2952 3377 3284 3433 ambulabam
3323 3378 3347 3433 ?
3400 3380 3454 3435 lu
3505 3385 3716 3437 semitis

2135 3471 2264 3525 quas
2295 3460 2365 3512 illi
2386 3475 2488 3513 non
2514 3462 2793 3528 videbant,
2817 3465 2904 3535 qui
2922 3477 3223 3536 mecaptum
3243 3469 3528 3537 putabant;
3555 3472 3604 3523 in
3621 3488 3714 3526 >6-

2137 3550 2277 3602 rnitis
2307 3551 2523 3618 justitia:
2565 3563 2665 3609 tute
2692 3598 2707 3621 ,
2741 3557 2791 3608 in
2836 3558 3037 3610 semitis
3065 3572 3444 3630 praeeeptorum
3476 3572 3711 3616 tuormn.

2140 3637 2215 3692 Tu
2257 3643 2396 3694 enim
2437 3645 2708 3714 cognovisti
2729 3648 2929 3701 semitas
2952 3664 3124 3711 meas;
3155 3661 3462 3716 persecutor
3490 3666 3592 3704 non
3615 3668 3712 3705 eas

2131 3735 2376 3800 cognovit
2421 3753 2433 3787 :
2495 3752 2612 3790 nam
2649 3753 2752 3791 non
2808 3740 2859 3793 in
2905 3741 2981 3793 eis
3027 3739 3152 3794 mihi
3186 3740 3483 3805 invideret,
3523 3744 3617 3797 sed
3653 3745 3707 3796 in

2131 3827 2206 3880 eis
2229 3829 2248 3857 ²
2279 3844 2482 3881 illecum
2513 3831 2823 3885 ambularet.
2853 3832 2981 3897 Qum
3032 3841 3156 3886 sunt
3180 3832 3294 3887 ista:
3331 3835 3536 3887 semita:
3556 3875 3572 3897 ,
3602 3828 3705 3887 nisi

2130 3919 2228 3972 vite
2255 3920 2355 3973 illa:
2385 3920 2452 3975 de
2480 3921 2670 3989 quibus
2708 3921 2811 3975 alio
2839 3921 2958 3975 Ioco
2987 3921 3212 3976 dicitur:
3253 3921 3408 3976 Novit
3444 3923 3696 3977 Dominus

2128 4013 2541 4081 viamjustoram,
2577 4023 2622 4067 et
2649 4014 2727 4067 via
2756 4014 3031 4083 impiorum
3092 4014 3310 4086 peribit(
3341 4014 3484 4070 Psal.
3520 4033 3554 4081 I,
3582 4017 3616 4070 6
3648 4020 3707 4085 )2

2128 4102 2241 4155 Non
2264 4103 2416 4165 dixit,
2452 4103 2598 4157 Viam
2644 4105 2922 4173 impiorqu
2957 4122 3059 4159 non
3093 4107 3238 4161 novit
3278 4123 3292 4159 :
3328 4105 3482 4160 Novit
3527 4110 3706 4178 justo-

2129 4211 2239 4247 rum
2261 4237 2274 4256 ,
2306 4195 2581 4264 impiorum
2612 4206 2779 4249 autem
2816 4198 2991 4265 peribit
3022 4197 3059 4251 ³.
3093 4197 3239 4264 Quod
3280 4200 3420 4253 enim
3466 4215 3568 4255 non
3603 4216 3707 4253 no-

2130 4288 2203 4340 vit
2222 4330 2235 4351 ,
2267 4288 2419 4357 perit.
2449 4289 2619 4343 Multis
2649 4290 2777 4344 locis
2806 4282 3087 4357 Scriptura:
3115 4292 3413 4346 invenimus
3447 4293 3566 4362 quia
3602 4292 3700 4346 Dei

2131 4395 2436 4448 agnoscere,
2468 4396 2681 4435 servare
2706 4390 2805 4443 est;
2844 4382 2933 4436 Dei
2957 4398 3266 4453 agnoscere,
3289 4385 3555 4439 custodire
3579 4398 3698 4442 est:

2132 4487 2234 4524 non
2266 4487 2550 4541 agnoscere
2578 4512 2591 4534 ,
2625 4472 2878 4528 damnare
2923 4486 3023 4528 est.
3071 4474 3224 4530 Unde
3267 4477 3406 4530 enim
3436 4475 3524 4545 qui
3554 4479 3709 4530 novit

2131 4565 2333 4623 omnia,
2362 4564 2595 4617 dicturus
2625 4574 2705 4617 cst
2735 4566 2785 4617 in
2816 4563 2938 4629 line,
2976 4565 3093 4620 Non
3114 4568 3228 4621 novi
3256 4567 3374 4635 vos(
3398 4566 3579 4620 Matth.
3603 4584 3699 4627 vn.

2129 4653 2201 4709 25
2225 4654 2287 4724 )?
2321 4654 2431 4708 Non
2465 4655 2585 4708 inde.
2618 4656 2885 4725 gaudeant
2906 4669 2959 4712 et
2987 4657 3166 4711 dicant
3187 4698 3202 4720 ,
3232 4659 3345 4713 Non
3394 4661 3698 4729 punientur,

2130 4746 2249 4810 quia
2293 4761 2394 4798 non
2424 4746 2568 4800 novit
2612 4763 2709 4805 nos
2745 4748 2927 4816 judex.
2960 4747 3077 4802 Jam
3126 4750 3291 4817 puniti
3321 4762 3486 4815 sunt,
3531 4751 3576 4804 si
3606 4767 3701 4805 eos

2132 4854 2235 4891 non
2269 4846 2416 4892 novit
2438 4839 2619 4908 judex.
2655 4840 2784 4909 Qua:
2810 4856 2934 4910 ergo
2963 4842 3118 4896 dicta:
3146 4852 3269 4897 sunt
3307 4844 3404 4896 VILB
3431 4859 3562 4913 quas
3588 4862 3692 4897 nn-

2133 4930 2203 4982 vit
2234 4930 2484 4984 Dominus
2510 4973 2524 4996 ,
2556 4932 2681 5001 ipsa:
2706 4934 2790 4985 hic
2819 4932 2973 4986 dieue
3000 4939 3126 4986 sunt
3162 4934 3365 4988 semita:
3389 4975 3404 5000 ,
3439 4949 3559 4987 cum
3588 4935 3662 4988 ait
3682 4976 3700 4998 ,

2135 5018 2207 5071 Ta
2230 5022 2500 5090 cognovisti
2528 5023 2731 5075 semitas
2779 5038 2932 5075 meas.
2963 5021 3149 5076 Omnis
3191 5024 3331 5076 enim
3362 5024 3546 5076 semita
3566 5065 3581 5089 ,
3614 5025 3700 5077 via

2130 5120 2211 5163 est
2236 5127 2250 5172 ;
2283 5126 2384 5163 non
2429 5112 2601 5166 omnis
2627 5113 2731 5176 via,
2756 5113 2941 5168 semita
2972 5122 3073 5167 est.
3102 5112 3276 5179 Quare
3304 5129 3429 5183 ergo
3467 5115 3565 5185 viae
3595 5115 3704 5169 illa:

2130 5202 2332 5253 semitm
2361 5214 2482 5255 smn
2510 5203 2685 5267 dictae,
2720 5204 2818 5258 nisi
2854 5204 2976 5274 quia
3019 5214 3256 5274 angusta:
3286 5203 3445 5257 sunt?
3476 5204 3567 5257 \‘ia
3594 5204 3701 5258 lata

2130 5292 2431 5360 impiorum,
2463 5295 2544 5346 via
2574 5302 2792 5364 angusta
2812 5295 3096 5364 jnstorum.

2202 5383 2250 5435 7.
2299 5384 2427 5449 Qtue
2479 5384 2582 5449 via,
2634 5387 2759 5455 ipsaz
2814 5386 3009 5441 ettvia:
3042 5404 3053 5440 :
3086 5384 3527 5455 quemadmodum
3575 5402 3700 5452 qua:

2163 5515 2209 5624 Li
2238 5524 2392 5568 Amet
2427 5517 2650 5580 plerique
2682 5526 2807 5568 Mssa
2849 5516 3004 5569 Subde
3048 5517 3270 5582 spiiittt'n
3291 5523 3422 5567 tuum
3444 5522 3496 5573 ut
3518 5514 3706 5577 capiat.

2181 5590 2221 5623 ο.
3354 5606 3359 5615 ,

2128 5589 2221 5624 etc.

2191 5641 2209 5669 ²
2234 5641 2303 5689 Sic
2326 5647 2428 5689 Mss.
2454 5641 2562 5687 edd.
2591 5655 2721 5697 vero,
2746 5641 2789 5692 si
2810 5640 2857 5691 in
2876 5640 2962 5692 eis.
2988 5649 3079 5691 etc.
3192 5644 3195 5647 ’

2190 5703 2209 5733 ³
2236 5710 2305 5750 t-.r.
2332 5704 2473 5783 ruga.
2492 5713 2606 5749 \en.
2635 5710 2762 5765 Ima,
2788 5712 2909 5754 nam
2930 5703 3328 5763 enuntiaturum,
3355 5709 3399 5751 et
3438 5699 3509 5751 uia
3533 5698 3704 5758 imum

2129 5779 2233 5815 rum
2260 5779 2328 5825 per
2346 5772 2376 5812 ιὶ
2394 5773 2440 5814 tt.
2528 5772 2582 5814 at.
