4082 6204
529 354 660 410 1359

525 470 704 542 Usque
722 469 853 526 adeo
881 468 947 525 dc
971 483 1126 524 cruce
1153 483 1257 522 non
1286 468 1564 534 erubescw,
1596 477 1653 521 ut
1676 483 1777 521 nou
1811 468 1859 520 in
1893 465 2074 518 occul-

524 574 577 618 to
609 565 725 619 loco
755 561 975 616 habeam
1000 575 1210 615 crucem
1231 558 1445 624 Clu-isti,
1469 560 1559 613 sed
1579 560 1630 613 in
1660 560 1830 613 fronte
1851 569 2078 626 portem.

522 654 685 709 Multa
734 652 1078 707 Sacramenta
1127 650 1281 704 aliter
1331 658 1489 718 atque
1535 649 1689 703 aliter
1745 647 2081 718 accipimus:

516 743 782 813 quietiam,
836 742 972 797 sicut
1025 741 1208 807 nostis,
1240 755 1332 794 ore
1374 736 1658 809 aicipimus
1680 779 1694 801 ,
1725 737 1961 808 quasdam
1992 751 2087 806 per

523 842 686 887 totum
713 845 906 899 corpus
929 831 1233 899 accipimus.
1287 829 1418 895 Quia
1466 844 1593 882 vero
1635 828 1684 881 in
1731 826 1903 881 fronte
1956 842 2083 881 eru-

520 923 752 977 bescitur
775 964 789 983 ,
819 922 906 976 ille
929 923 1017 991 qui
1049 922 1197 986 dixit,
1246 921 1344 987 Qui
1391 936 1471 972 me
1511 918 1759 972 erubuerit
1793 934 1958 971 coram
1987 919 2082 969 ho-

516 1016 756 1079 minibus,
782 1014 1065 1067 erubescam
1086 1029 1197 1066 eum
1226 1028 1393 1065 corum
1416 1009 1571 1063 Patre
1594 1025 1720 1075 meo,
1749 1009 1834 1077 qui
1869 1009 1920 1060 in
1949 1009 2083 1060 uelis

518 1117 591 1160 est
621 1106 768 1175 (Luc.
799 1122 871 1169 ιι,
898 1105 1006 1176 ἓϐ)
1036 1120 1050 1168 ;
1084 1105 1247 1172 ipsam
1282 1102 1617 1170 ignominiam
1643 1100 1869 1170 quodam
1898 1099 2076 1163 modo,

518 1212 673 1268 quam
706 1195 895 1267 Pagani
923 1195 1186 1257 derident,
1216 1194 1268 1247 in
1296 1193 1414 1246 loco
1452 1191 1670 1260 pudoris
1690 1190 1852 1245 nostri
1878 1189 2078 1244 consti-

518 1289 637 1342 tuit.
665 1288 829 1341 Audis
854 1286 1120 1341 hominem
1148 1283 1401 1338 insultare
1430 1280 1743 1351 impudenti,
1773 1288 1828 1334 et
1855 1279 2032 1333 dicere
2061 1294 2075 1331 :

519 1376 775 1434 Frontem
817 1393 919 1431 non
948 1376 1126 1429 habet.
1155 1373 1289 1442 Quid
1318 1381 1418 1434 est,
1451 1370 1698 1427 Frontem
1747 1383 1852 1424 non
1885 1367 2078 1422 habet?

515 1468 797 1538 Impudeus
862 1475 963 1523 est.
992 1467 1107 1521 Non
1150 1465 1368 1519 habeam
1397 1463 1589 1517 nudam
1621 1461 1883 1523 frontem;
1937 1468 2078 1529 tegat

515 1576 633 1616 eam
704 1575 831 1615 crux
864 1587 873 1595 ν
906 1559 1114 1614 Domini
1167 1557 1290 1612 mei.
1346 1556 1484 1625 Ergo
1536 1554 1601 1608 In
1653 1555 1732 1608 via
1773 1570 1873 1623 qua
1906 1555 2075 1622 ingre-

513 1651 703 1716 diebar,
734 1649 1098 1704 absconderant
1150 1644 1485 1717 muscipuiam
1538 1646 1686 1709 mihi,
1718 1654 1968 1713 quantum
2022 1642 2074 1697 in

515 1741 641 1810 ipsis
660 1750 741 1796 cst
769 1758 783 1805 ;
812 1755 929 1795 nam
964 1742 981 1773 ¹
1030 1740 1175 1807 juxta
1225 1740 1359 1793 viam
1401 1746 1686 1807 posuerunt
1717 1754 1732 1791 :
1775 1751 1872 1805 ego
1898 1743 2072 1788 autem

517 1842 659 1886 tutus
686 1848 798 1895 ero,
828 1832 871 1889 si
902 1831 971 1886 de
997 1832 1081 1884 via
1111 1845 1215 1884 non
1259 1843 1551 1884 recessero.
1598 1826 1815 1897 Ignoras
1858 1825 1973 1893 quia
2019 1825 2074 1878 in

510 1926 674 1979 medio
700 1924 987 1993 laqueorum
1017 1921 1307 1991 ingrederis,
1336 1920 1408 1973 ait
1436 1920 1710 1985 Scriptura
1749 1917 1766 1982 (
1795 1915 1949 1970 Ecrli.
1981 1932 2028 1970 ιχ
2050 1956 2066 1980 ,

507 2014 622 2085 20).
653 2013 787 2081 Quid
818 2022 918 2079 est,
950 2013 1003 2065 in
1032 2012 1194 2065 medio
1214 2011 1504 2080 laqueorum
1525 2011 1549 2062 ?
1572 2009 1627 2063 lu
1664 2008 1744 2061 ria
1769 2006 1987 2070 Christi,
2017 2016 2071 2060 ct

509 2107 632 2160 hinc
672 2105 866 2175 laquei,
896 2113 951 2159 et
996 2103 1119 2157 hinc
1147 2102 1359 2170 laquei;
1390 2101 1559 2170 laquei
1593 2116 1621 2153 ιι
1650 2099 1866 2161 dextris,
1898 2096 2067 2166 laquei

508 2212 537 2249 a
560 2194 787 2249 sinistris
814 2212 828 2247 :
859 2193 1033 2263 laquei
1059 2208 1086 2245 a
1114 2192 1336 2255 dextris,
1385 2191 1708 2261 prosperitas
1736 2189 1910 2242 surculi
1934 2205 1947 2250 ;
1993 2187 2070 2241 la-

506 2288 625 2356 quei
655 2301 684 2340 a
714 2282 944 2340 sinistris
967 2325 981 2349 ,
1009 2274 1304 2339 adversitas
1331 2283 1508 2336 saeculi
1541 2298 1554 2334 :
1587 2281 1755 2350 laquei
1786 2296 1813 2331 a
1842 2278 2063 2342 dextris,

505 2376 921 2447 promissiottcs;
955 2374 1128 2445 laquei
1157 2389 1185 2447 a
1209 2373 1454 2436 sinistris,
1479 2381 1729 2427 terrores.
1760 2370 1837 2424 Tu
1866 2371 1916 2424 in
1948 2385 2063 2424 tne-

503 2470 592 2524 dio
623 2472 926 2539 laqueorum
979 2444 1282 2537 ingredere,
1309 2482 1335 2518 a
1381 2465 1462 2519 \‘ia
1509 2465 1615 2518 noli
1658 2462 1942 2518 recedere:
1969 2476 2065 2516 nec

508 2563 796 2632 promissio
826 2571 876 2616 te
922 2560 1127 2629 capiat,
1156 2574 1255 2613 nee
1285 2570 1453 2613 terror
1496 2557 1659 2611 elidat
1682 2558 1725 2609 '.
1753 2554 1818 2608 In
1845 2557 1925 2608 ria
1969 2554 2064 2609 hac

500 2669 599 2722 qua
624 2650 953 2722 ingrediebar.
998 2648 1355 2703 absconderant
1384 2646 1712 2716 nmscipulam
1737 2645 1878 2698 milii.
2016 2712 2017 2715 η

574 2742 659 2797 10.
690 2741 838 2814 [vers.
867 2739 945 2812 5.]
968 2738 1353 2793 Considerabam
1376 2738 1428 2791 in
1449 2736 1720 2801 dexteram,
1745 2745 1789 2789 et
1808 2733 2057 2789 uidebant.

504 2833 557 2887 lu
586 2832 855 2887 dexteram
904 2827 1303 2889 considerabat,
1333 2837 1385 2881 et
1416 2826 1665 2881 videbat:
1697 2827 1746 2879 in
1787 2825 2055 2879 sinistram

501 2925 590 2997 qui
620 2923 938 2985 considerat,
960 2928 1271 2974 exetecatur.
1299 2918 1430 2987 Quid
1452 2918 1599 2975 estin
1626 2917 1897 2973 dexteram
1926 2930 2056 2971 con-

505 3014 778 3070 siderare?
802 3013 901 3069 Ubi
931 3021 1085 3068 erunt
1106 3011 1177 3065 illi
1204 3011 1391 3080 quibus
1418 3010 1621 3066 dicetur
1646 3028 1659 3065 :
1697 3008 1885 3074 Venite,
1911 3009 2058 3063 bene-

497 3108 617 3160 dicti
647 3104 818 3159 Patris
843 3104 957 3168 mei,
982 3090 1233 3173 possidete)
1248 3117 1473 3173 regnum.
1497 3100 1663 3156 Erunt
1682 3100 1821 3156 enim
1843 3099 2054 3168 quidam

496 3198 549 3252 in
576 3196 808 3263 sinistra,
838 3195 1029 3265 quibus
1053 3192 1291 3248 dicetur:
1319 3191 1397 3247 Ite
1421 3193 1472 3247 in
1500 3193 1666 3264 ignem
1684 3189 1944 3256 mlernum,
1969 3190 2057 3261 qui

498 3300 702 3359 paratus
724 3298 796 3342 est
816 3284 1014 3341 diabolo
1036 3295 1082 3340 et
1108 3283 1297 3356 angelis
1322 3286 1430 3354 eius
1449 3283 1654 3353 (Matth.
1677 3298 1801 3350 xxv,
1830 3283 1919 3347 54,
1939 3280 2053 3353 Η).

500 3380 781 3435 Fremente
809 3391 936 3448 ergo
961 3386 1071 3432 toto
1092 3375 1289 3430 mundo
1313 3384 1367 3430 et
1390 3374 1621 3429 minante
1650 3374 1701 3429 in
1729 3374 2052 3443 persecutio-

498 3470 672 3546 nihns,
696 3468 1153 3524 crebrescentibus
1177 3464 1405 3535 undique
1430 3463 1855 3519 insultationibus
1877 3462 2051 3518 homi-

497 3576 622 3615 num
648 3567 808 3627 atque
825 3556 1137 3623 terroribus,
1166 3557 1254 3611 ille
1279 3566 1624 3611 contemnens
1648 3554 1946 3624 praesentia,
1976 3567 2054 3608 re-

494 3650 749 3721 spiciebat
773 3650 823 3702 in
855 3647 1050 3716 futura,
1089 3646 1388 3701 attendebat
1413 3646 1464 3702 in
1490 3645 1762 3721 dexteram
1797 3644 1885 3700 ubi
1915 3644 2053 3699 futu-

494 3755 586 3795 rus
614 3749 724 3801 est:
757 3740 825 3795 ibi
852 3754 971 3795 esse
1016 3737 1366 3793 meditabatur
1389 3778 1403 3800 ,
1461 3737 1586 3792 illuc
1612 3737 1945 3804 attendebat,
1996 3746 2052 3792 et

493 3830 706 3885 videbat
728 3870 744 3895 ,
776 3839 829 3885 et
850 3829 970 3884 ideo
1002 3828 1177 3883 omnia
1206 3827 1410 3883 ferebat
1438 3826 1556 3882 :‘illi
1599 3836 1777 3883 autem
1810 3828 1898 3898 qui
1927 3843 2051 3899 per-

494 3923 866 3992 sequebantur,
896 3935 1002 3975 non
1031 3919 1298 3974 videbant.
1329 3918 1450 3975 ldeo
1482 3935 1601 3976 cum
1627 3920 1849 3987 diceret,
1876 3920 2051 3974 Consi-

493 4016 795 4070 derabamiu
824 4014 1101 4075 dexteram.
1132 4023 1178 4068 et
1203 4013 1429 4067 uidebant
1446 4027 1466 4076 ;
1492 4022 1703 4067 secutus
1738 4014 1831 4078 ait,
1856 4012 1921 4067 Et
1948 4031 2047 4069 non

492 4117 601 4161 erat
640 4106 725 4176 qui
766 4114 1081 4175 cognosceret
1130 4119 1227 4157 me.
1256 4100 1386 4158 Cum
1417 4104 1558 4157 enim
1614 4103 1805 4158 toleras
1848 4105 2044 4168 omnia,

494 4198 611 4266 quis
630 4196 774 4251 novit
804 4195 926 4266 quid
953 4193 1227 4255 attendas;
1254 4200 1430 4247 utrum
1462 4192 1512 4246 in
1529 4191 1798 4247 dexteram
1835 4195 2045 4249 oculum

490 4289 707 4357 dirigas,
731 4302 796 4340 an
828 4286 878 4339 in
909 4284 1214 4340 sinistram?
1262 4281 1318 4337 In
1349 4297 1415 4337 eo
1443 4282 1581 4351 quod
1625 4282 1840 4347 toleras,
1871 4284 1913 4337 si
1938 4284 2047 4338 Ian-

491 4378 613 4433 dcm
645 4377 911 4431 hominum
939 4375 1156 4446 qumris,
1190 4374 1242 4428 in
1271 4373 1537 4428 sinistram
1558 4376 1825 4431 attendisti
1856 4394 1869 4431 :
1900 4376 1951 4431 in
1979 4392 2045 4432 eo

491 4471 629 4538 quod
653 4467 865 4528 toleras,
895 4466 937 4520 si
962 4466 1218 4535 promissa
1242 4464 1333 4518 Dci
1356 4465 1567 4533 qumris.
1596 4466 1645 4519 in
1673 4465 1942 4522 dexteram
1967 4475 2048 4522 at-

492 4556 1017 4615 tcndisti.Attendisti
1044 4557 1095 4610 in
1122 4555 1418 4622 dexteram,
1443 4556 1679 4610 videbis:
1698 4556 1964 4613 attendisti
1992 4560 2044 4614 in

489 4649 779 4713 sinistram,
794 4645 1163 4702 excaecaheris.
1183 4644 1282 4698 Sed
1301 4654 1487 4705 etcum
1507 4645 1649 4700 vides
1671 4646 1722 4701 in
1752 4647 2042 4714 dexteram,

487 4754 593 4794 non
611 4737 813 4807 eritqui
845 4747 895 4791 te
922 4744 1188 4807 agnoscat.
1208 4735 1337 4802 Quis
1361 4736 1499 4789 enim
1532 4746 1581 4791 te
1605 4738 1923 4802 consolatur,
1948 4740 2044 4793 nisi

492 4830 744 4891 Dominus
780 4828 862 4883 cui
898 4827 1031 4883 dicis
1060 4867 1077 4893 ,
1128 4825 1195 4881 Et
1224 4836 1277 4880 tu
1314 4826 1586 4898 cognovisti
1633 4828 1830 4882 semitas
1871 4830 2047 4884 meas!

492 4921 541 4979 Ν
545 4937 599 4981 ιε
618 4931 722 4975 erat
741 4919 826 4985 qui
847 4927 1160 4991 cognosceret
1181 4933 1274 4971 me.
1416 4970 1427 4973 _

560 5014 649 5068 Η.
682 5010 843 5066 Periit
893 5014 1014 5082 fuga
1038 5028 1071 5065 a
1099 5026 1194 5065 ma.
1234 5009 1505 5080 Tanquam
1536 5010 1939 5067 circumclusum
1987 5026 2045 5067 se

487 5103 654 5160 dicit:
684 5101 842 5157 Periit
869 5105 992 5172 fuga
1015 5117 1045 5154 a
1068 5116 1161 5154 me.
1209 5100 1462 5155 lnsultent
1492 5099 1513 5132 ³
1545 5112 1926 5170 persecutores,
1953 5118 2048 5171 np-

488 5209 703 5271 pressus
749 5202 862 5254 est,
914 5200 1099 5262 captus
1155 5200 1266 5253 est,
1315 5191 1695 5246 circumclusus
1721 5203 1823 5259 εει,
1874 5193 2045 5248 victus

484 5297 566 5340 est
588 5283 649 5351 ις
693 5284 851 5355 periit
880 5281 997 5353 fuga
1025 5280 1093 5336 ab
1119 5281 1227 5336 illo.
1246 5281 1327 5336 Ab
1351 5281 1440 5335 illo
1465 5282 1617 5350 periit
1643 5282 1761 5353 fuga
1781 5324 1796 5349 ,
1825 5284 1912 5354 qui
1937 5299 2044 5340 non

1663 5397 1685 5428 4

550 5465 567 5497 ⁸
591 5467 663 5515 Sic
688 5472 784 5513 Am.
806 5469 882 5512 Er.
908 5470 959 5512 ct
981 5460 1160 5524 aliquot
1188 5465 1294 5509 Mss.
1318 5466 1370 5509 At
1392 5458 1581 5524 quidam
1603 5458 1792 5509 codices
1820 5462 2045 5511 omittunt

483 5536 591 5575 nam
617 5528 790 5588 .jeujus
811 5524 914 5588 loco
937 5520 1148 5588 nonnulli
1170 5534 1277 5572 cum
1299 5520 1627 5588 t.ov.‘h_a_b_eut,
1647 5532 1755 5570 non.

548 5589 566 5649 ἕ
593 5581 811 5649 Plerique
833 5586 959 5639 Mss,
981 5583 1124 5649 capit,
1146 5596 1232 5633 nec
1254 5590 1409 5634 terror
1430 5581 1580 5632 elidit.

548 5648 568 5679 ³
593 5653 665 5695 Et.
699 5644 751 5696 ei.
767 5654 874 5697 ιον.
896 5660 911 5697 :
931 5644 1158 5695 Insultant
1188 5649 1528 5707 persecutores.
1551 5650 1614 5695 At
1639 5651 1736 5692 Am.
1756 5651 1807 5694 et
1820 5650 1947 5706 Ilss.,
1971 5644 2040 5695 iu-

482 5709 669 5760 Saltem.

547 5775 568 5801 δ
592 5767 786 5825 quidam
804 5771 890 5814 stse
915 5799 928 5824 ,
950 5766 1128 5816 vinctus
1150 5772 1235 5817 est.

1716 328 1785 406 ‘s.
1831 345 2188 406 AUGUSTINI
2227 349 2523 411 EPISCOPI

3610 374 3748 432 1850

2191 465 2339 537 fugit.
2370 472 2466 536 Qui
2503 483 2677 526 autem
2717 490 2817 529 non
2859 475 3010 548 fugit,
3042 477 3233 547 patitur
3282 483 3532 554 quidquid
3573 499 3753 557 [mlest

2193 575 2287 627 pro
2338 562 2577 625 Christo;
2614 565 2662 617 id
2691 574 2790 628 est,
2816 584 2916 621 non
2957 568 3089 639 fugit
3138 574 3334 627 animo.
3362 574 3492 631 Nam
3521 592 3752 648 corpore

2189 649 2369 721 fugere
2406 652 2549 719 licet,
2579 670 2889 712 concessum
2930 672 3044 726 est,
3089 665 3399 732 permissiun
3424 678 3530 730 est,
3570 670 3749 725 Domi-

2187 755 2256 793 no
2304 740 2514 797 dicente.
2543 762 2556 797 :
2590 744 2651 799 Si
2678 763 2762 800 ros
2791 751 3031 816 persecuti
3072 751 3256 822 fuerint
3279 755 3334 808 in
3383 772 3485 809 una
3509 759 3706 813 civitate
3730 802 3750 824 ,

2186 833 2342 903 fugite
2367 837 2418 887 in
2439 836 2591 890 aliam
2614 838 2821 907 (Matth.
2855 856 2912 904 Χ,
2942 840 3052 911 25).
3077 843 3172 911 Qui
3204 846 3600 923 ergononfngit
3627 853 3749 904 ani-

2188 940 2299 989 mo,
2332 927 2483 994 periit
2513 927 2696 981 abillo
2741 929 2879 999 fuga.
2912 931 3015 985 Sed
3069 933 3286 988 interest
3313 921 3477 1005 quare
3526 954 3629 992 non
3663 942 3744 993 ῆι-

2187 1018 2325 1081 giat;
2361 1021 2480 1086 quia
2525 1021 2904 1078 circumclusus
2940 1033 3057 1087 est,
3108 1028 3225 1095 quia
3265 1022 3449 1098 captus
3507 1041 3627 1097 est,
3658 1049 3728 1086 an

2184 1108 2304 1176 quia
2362 1110 2513 1164 tortis
2539 1119 2619 1164 est
2654 1130 2667 1166 :
2696 1123 2751 1166 ct
2787 1128 2816 1165 a
2848 1124 3002 1183 capto
3043 1116 3182 1170 cutim
3243 1119 3398 1187 periit
3435 1118 3578 1189 fuga,
3604 1132 3659 1175 ct
3709 1103 3749 1177 ιί

2183 1197 2301 1253 forti
2342 1201 2493 1269 periit
2526 1200 2665 1271 fuga.
2712 1202 2840 1271 Qua.-
2890 1219 3018 1273 ergo
3055 1204 3172 1275 fuga
3219 1209 3452 1262 cavenda
3478 1211 3595 1265 est?
3621 1226 3743 1280 quas

2183 1286 2298 1356 (iuga
2323 1305 2353 1344 a
2393 1290 2544 1346 nobis
2584 1294 2804 1361 pereat?
2834 1294 2905 1348 De
2931 1310 3031 1364 qua
3055 1294 3308 1352 Dominus
3333 1298 3461 1353 dicit
3485 1299 3537 1354 in
3569 1300 3741 1355 Evan-

2189 1379 2350 1447 gelio,
2384 1382 2502 1450 quia
2531 1382 2894 1450 pastor-bonus
2918 1385 3139 1437 animant
3171 1402 3313 1439 suain
3339 1398 3598 1458 parm‘pro
3634 1392 3740 1445 oci-

2180 1469 2270 1522 bus
2290 1471 2393 1522 suis
2423 1485 2442 1522 :
2470 1473 2803 1526 mercenarius
2827 1483 2990 1527 autem
3008 1483 3054 1527 et
3071 1476 3155 1545 qui
3182 1492 3283 1530 non
3308 1486 3380 1531 est
3403 1480 3595 1547 pastor,
3622 1497 3738 1535 cum

2178 1562 2353 1614 viderit
2407 1562 2579 1631 lupum
2606 1567 2898 1633 venientem,
2930 1567 3080 1638 fugit.
3111 1566 3241 1623 Cum
3296 1569 3490 1625 viderit
3525 1572 3737 1642 praedo-

2153 1668 2321 1730 _nem,
2375 1668 2538 1722 quare
2580 1654 2745 1725 fugit?
2774 1656 2906 1722 Quia
2947 1673 3048 1711 non
3094 1669 3166 1713 est
3215 1660 3265 1714 ei
3308 1677 3428 1715 arra
3463 1662 3528 1717 de
3562 1662 3739 1719 ovibus

2176 1740 2356 1813 (Joau.
2399 1758 2451 1804 x.
2495 1744 2707 1816 ll-li’i).
2747 1745 2890 1802 Talis
2925 1747 3042 1818 fuga
3093 1749 3163 1804 ab
3203 1751 3304 1805 isto
3334 1752 3596 1821 perierat;
3624 1739 3737 1810 sive

2174 1832 2255 1886 ab-
2278 1833 2440 1901 ipsius
2468 1836 2661 1904 capitis
2695 1849 2919 1906 persona
2949 1838 3275 1909 accipiamus
3293 1840 3430 1896 hanc
3456 1858 3639 1898 vocem
3670 1844 3736 1899 il-

2175 1922 2278 1977 lius
2300 1923 2501 1978 Christi
2533 1925 2773 1993 Domini,
2805 1928 2893 1998 qui
2934 1943 3031 1997 pro
3059 1930 3304 1986 onmibus
3334 1941 3572 1988 mortuus
3602 1928 3685 1989 est
3715 1950 3731 1999 ;

2179 2013 2296 2069 sive
2322 2030 2351 2069 a
2379 2015 2630 2070 membris
2655 2018 2772 2087 ejus
2816 2020 3134 2091 martyribus
3165 2023 3383 2089 nostris,
3411 2031 3532 2093 quia
3557 2035 3605 2079 et
3635 2027 3732 2095 ipsi

2178 2118 2274 2173 pro
2298 2103 2555 2160 fratribus
2594 2108 2736 2178 passi
2783 2120 2926 2165 sunt.
2968 2112 3103 2165 Audi
3138 2111 3392 2168 Joannem
3422 2114 3684 2172 dicentem
3714 2133 3729 2170 :

2174 2198 2318 2252 Sicut
2355 2198 2487 2252 enim
2533 2200 2621 2254 ille
2642 2202 2862 2256 animam
2902 2219 3044 2257 suam
3073 2220 3163 2274 pro
3200 2206 3340 2260 nobis
3368 2208 3554 2277 posuit,
3580 2209 3653 2263 sic
3683 2219 3730 2263 et

2170 2304 2261 2365 nos
2292 2289 2525 2345 debemus
2549 2292 2744 2347 animos
2779 2310 2871 2362 pro
2892 2294 3136 2363 fratribus
3168 2311 3352 2366 ponere
3376 2296 3417 2366 (Ι
3448 2296 3603 2360 lacn.
3634 2314 3688 2352 tu
3710 2340 3725 2362 ,

2172 2380 2283 2450 16).
2311 2380 2412 2436 Sed
2438 2395 2556 2435 cum
2589 2382 2659 2437 illi
2693 2395 2926 2453 ιιυιιιιιιι,
2955 2385 3198 2441 Christus
3244 2388 3419 2456 ponit;
3446 2389 3568 2458 quia
3604 2403 3726 2444 eum

2169 2470 2244 2525 illi
2283 2472 2552 2541 patiuntur
2578 2474 3038 2542 persecutionem,
3071 2475 3184 2545 ipse
3218 2476 3436 2541 clamat,
3485 2477 3623 2545 Quid
3649 2495 3727 2534 me

2167 2563 2473 2633 persequeris
2499 2562 2635 2634 (Act.
2672 2579 2747 2633 ιι,
2770 2562 2870 2635 ι)ι
2908 2564 3065 2619 Periit
3094 2568 3217 2638 fuga
3237 2583 3269 2619 a
3294 2583 3417 2631 me;
3447 2577 3496 2621 et
3521 2582 3623 2622 non
3646 2577 3724 2623 est

2164 2656 2251 2724 qui
2270 2655 2494 2724 exquirat
2514 2659 2732 2708 animum
2754 2671 2932 2709 meum.
2957 2656 3095 2726 Ergo
3124 2671 3228 2711 non
3265 2664 3352 2712 est
3374 2658 3463 2729 qui
3483 2658 3725 2729 exquirat

2162 2744 2392 2800 animam
2421 2744 2622 2814 ipsius?
2645 2744 2798 2800 Videt
2819 2746 3056 2801 homines
3080 2746 3215 2802 velle
3238 2748 3422 2803 saevire
3442 2747 3496 2803 in
3536 2763 3721 2804 necem

2161 2851 2332 2900 suam,
2365 2838 2500 2893 velle
2527 2836 2797 2893 eﬁ‘undere
2832 2839 3141 2909 sanguinem
3194 2839 3395 2910 ipsius:
3448 2841 3720 2910 quomodo

2169 2945 2275 2984 non
2302 2939 2386 2985 est
2413 2930 2502 2999 qui
2534 2929 2769 3000 requirat
2812 2931 3042 2985 animam
3093 2930 3241 3000 ejus?
3287 2931 3352 2986 Et
3389 2931 3490 2987 hoc
3512 2932 3720 2988 duobus

2166 3018 2338 3074 modis
2382 3020 2653 3089 accipitur.
2705 3020 2984 3088 Quomodo
3032 3022 3205 3091 perire
3242 3014 3424 3092 fugam
3467 3008 3720 3092 accipitur

2159 3110 2365 3165 duobus
2393 3108 2587 3176 modis,
2626 3111 2747 3181 quia
2773 3118 2826 3166 et
2851 3119 3065 3189 a‘capto
3087 3119 3143 3167 et
3189 3125 3219 3166 a
3246 3111 3367 3167 forti
3396 3113 3527 3182 perit
3556 3112 3714 3184 fuga;

2161 3203 2239 3258 sie
2262 3202 2471 3258 duobus
2495 3203 2666 3258 modis
2691 3203 2944 3274 quaeritur
2962 3203 3136 3258 anima
3166 3202 3412 3270 hominis,
3439 3212 3530 3259 aut
3551 3219 3580 3259 a
3604 3221 3719 3275 pcr-

2158 3295 2509 3358 secutoribus,
2532 3304 2676 3351 auta
2715 3294 3076 3351 dilectoribus.
3108 3293 3182 3350 Ita
3205 3309 3351 3366 ergo,
3384 3293 3504 3350 Non
3527 3304 3600 3350 est
3633 3295 3717 3365 qui

2159 3386 2379 3457 requirat
2420 3387 2647 3440 animam
2687 3402 2847 3440 meam
2866 3402 2886 3441 :
2904 3385 2971 3442 de
2998 3386 3102 3442 illis
3130 3386 3261 3442 dixit
3289 3427 3306 3455 ,
3334 3385 3493 3443 Certe
3530 3402 3714 3458 perse-

2158 3484 2392 3546 quuntur
2417 3478 2434 3509 ⁸
2460 3478 2689 3531 animam
2721 3492 2892 3533 meam
2918 3517 2935 3544 ,
2979 3485 3034 3533 et
3083 3491 3187 3532 non
3219 3485 3462 3557 quierunt
3484 3479 3711 3535 animam

2155 3582 2352 3621 meam.
2375 3565 2430 3621 Si
2459 3575 2634 3622 autem
2665 3567 2938 3638 requirunt
2963 3566 3192 3622 animam
3220 3581 3414 3633 meam,
3447 3566 3713 3624 invenient

2153 3657 2497 3715 inhaarentem
2521 3658 2647 3715 tibi:
2673 3668 2728 3715 et
2770 3659 2814 3715 si
2843 3667 3039 3715 norunt
3078 3672 3196 3714 eam
3219 3673 3479 3729 quzerere,
3520 3667 3714 3716 norunt

2153 3759 2205 3805 et
2227 3750 2438 3804 imitari.
2466 3749 2595 3804 Nam
2623 3759 2681 3805 ut
2704 3749 2954 3805 noveritis
2968 3750 3133 3821 quaeri
3156 3749 3386 3804 animam
3408 3748 3640 3804 hominis
3657 3757 3712 3802 ct

2153 3857 2182 3894 a
2209 3841 2651 3911 persecutoribus,
2678 3841 2799 3896 inde
2820 3841 2942 3895 alihi
2979 3839 3173 3896 dicitur
3193 3836 3209 3894 ἑ
3231 3838 3639 3911 Confundantur,
3665 3848 3712 3894 et

2151 3942 2466 3987 rever-cantur
2474 3933 2557 4003 qui
2570 3941 2795 4003 quierunt
2810 3931 3027 3984 animam
3043 3946 3203 3984 meam
3218 3928 3387 4001 (Psal.
3403 3944 3582 3993 xxxix,
3598 3930 3709 4001 15).

2224 4023 2310 4077 12.
2341 4022 2502 4095 (vers.
2532 4020 2621 4094 6.]
2648 4021 2870 4076 (Mansuri
2901 4021 2969 4075 ad
3005 4029 3083 4088 te,
3110 4018 3359 4085 Domine;
3384 4020 3523 4083 dixi,
3553 4018 3631 4073 Tu
3660 4034 3710 4073 es

2151 4131 2262 4183 spes
2288 4131 2414 4167 mea.
2441 4113 2660 4180 Quando
2684 4112 2993 4176 tolerabam,
3019 4112 3229 4182 quando
3255 4110 3559 4177 lribulabar,
3582 4111 3706 4175 disi,

2155 4205 2229 4259 Tu
2253 4222 2302 4258 es
2325 4223 2436 4275 spes
2458 4220 2586 4259 mea.
2616 4204 2749 4273 Spes
2776 4218 2890 4258 mea
2923 4203 3038 4267 hic;
3066 4202 3185 4257 ideo
3209 4202 3394 4257 tolero.
3418 4200 3595 4256 Pot-tio
3618 4218 3712 4256 au-

2152 4306 2257 4351 tem
2294 4312 2435 4362 mea,
2466 4309 2570 4349 non
2611 4292 2724 4360 hic,
2749 4293 2844 4349 sed
2880 4294 2932 4347 iu
2966 4303 3095 4347 terra
3130 4292 3413 4346 uiuentium.
3447 4291 3542 4346 Dat
3572 4292 3708 4347 Dens

2153 4387 2442 4465 portionem
2472 4386 2526 4440 in
2560 4395 2696 4442 terra
2722 4384 3039 4449 viventium;
3067 4383 3159 4439 sed
3197 4395 3302 4439 non
3338 4380 3533 4453 aliquid
3559 4397 3591 4437 a
3618 4396 3706 4449 se,

2149 4490 2300 4536 extra
2327 4495 2402 4534 sc.
2430 4478 2564 4547 Quid
2591 4476 2734 4532 dabit
2754 4476 2947 4531 amanti
2970 4489 3048 4541 se,
3072 4475 3169 4531 nisi
3192 4474 3292 4532 se?

2223 4574 2308 4627 l3.
2337 4571 2488 4645 ['vers.
2522 4570 2605 4643 7.]
2630 4569 2841 4624 Intende
2864 4570 2932 4623 ad
2959 4570 3231 4624 orationem
3255 4584 3448 4634 alearn;
3467 4569 3586 4638 quia
3611 4569 3709 4623 Iru-

2150 4666 2368 4719 miliatus
2406 4680 2518 4719 sum
2566 4664 2733 4718 nimis.
2785 4662 3098 4717 llumiliatus
3135 4675 3166 4716 a
3206 4661 3706 4733 persecutoribus',

2151 4754 2454 4809 lumtiliatns
2495 4754 2548 4808 in
2589 4752 2938 4807 confessione.
2979 4749 3232 4806 Humiliat
3261 4765 3321 4806 se
3356 4749 3705 4816 invnsihiliter,

2153 4845 2450 4899 humiliatus
2473 4844 2541 4898 ab
2565 4842 2800 4898 boetibus
2821 4841 3113 4898 visibiliter.
3142 4841 3369 4912 Erigitur
3385 4854 3513 4912 ergo
3528 4841 3599 4898 ab
3618 4840 3709 4897 illo

2151 4936 2422 4991 visibiliter
2444 4944 2499 4989 et
2533 4934 2878 4990 iniisibiliter.
2909 4933 3239 4988 lnvisibiliter
3265 4930 3440 4989 erecti
3453 4942 3578 4988 sunt
3598 4933 3707 5004 jam

2150 5039 2408 5100 martyres
2435 5044 2448 5081 :
2476 5026 2746 5082 visibiliter
2769 5026 3069 5097 erigantur,
3097 5040 3217 5081 cum
3244 5025 3585 5095 corruptibile
3610 5023 3710 5082 hoc

2151 5119 2377 5173 induerit
2401 5112 2845 5186 incorruptionem
2868 5117 2921 5171 in
2948 5117 3333 5173 resurrectione
3358 5126 3706 5186 mortuorum,

2149 5224 2268 5264 cmn
2297 5220 2351 5264 et
2376 5208 2475 5264 hoc
2499 5209 2668 5279 ipsum
2697 5208 2747 5263 in
2771 5207 2909 5279 quod
2937 5207 3104 5263 solum
3133 5219 3498 5278 persecutores
3524 5208 3713 5265 smvire

2151 5309 2453 5368 potuerunt,
2481 5298 2852 5353 instaurahitur
2875 5297 2918 5367 (I
2949 5297 3064 5351 Cor.
3092 5312 3182 5364 xv,
3208 5288 3331 5368 55).
3351 5295 3524 5352 Nolite
3540 5298 3706 5352 timete

2149 5409 2232 5445 eos
2254 5392 2341 5460 qui
2365 5405 2544 5460 corpus
2570 5389 2819 5453 occidunt,
2844 5389 3064 5442 animam
3087 5398 3251 5442 autem
3277 5403 3380 5442 non
3401 5398 3612 5457 possunt
3629 5400 3713 5443 ae-

2148 5484 2312 5537 cidere
2340 5482 2560 5554 (illutth.
2588 5498 2618 5536 x
2636 5523 2651 5547 ,
2680 5480 2750 5536 28
2768 5482 2807 5552 ).
2838 5480 2904 5535 Et
2925 5480 3049 5563 quid
3078 5479 3251 5551 perit?
3276 5479 3401 5551 quid
3429 5479 3715 5537 occidunt?

2213 5643 2228 5671 ι
2255 5646 2327 5687 Er.
2352 5637 2496 5699 Lugd.
2523 5644 2639 5686 Ven.
2664 5644 2716 5686 et
2734 5643 2865 5689 Lov.:
2892 5643 2962 5687 De
2993 5634 3091 5688 tuis
3128 5634 3257 5687 dixit
3282 5616 3414 5687 certe
3433 5632 3519 5698 qui
3552 5644 3715 5697 perse-

2145 5705 2453 5822 φυίᾞὲζῖἥί
2467 5757 2828 5821 peccatoribus:
2851 5758 3247 5809 dissentientibus
3268 5756 3378 5807 me.
3414 5756 3520 5806 aliis
3540 5762 3592 5806 et
3606 5736 3707 5808 Msa.
