4082 6204
350 329 479 384 1841

352 443 444 497 \‘el
486 443 587 498 hoc
627 444 706 500 eis
741 443 1075 516 per-mittitur,
1107 453 1163 498 ut
1199 443 1336 513 quod
1379 445 1668 499 occiderint
1706 445 1919 513 pereat?

347 534 460 589 Non
489 536 674 604 periet.
706 537 840 591 Audi
870 535 1035 606 ipsius
1063 537 1265 590 Domini
1298 538 1698 606 promissionem
1725 555 1737 591 :
1761 549 1918 590 Amen

347 624 459 676 dico
485 625 650 690 vobis,
680 627 903 694 capillus
921 626 1097 696 capitis
1126 627 1271 680 vestri
1300 622 1398 680 non
1423 627 1573 696 periet
1601 626 1762 696 (Luc.
1793 643 1878 680 XXI
1899 668 1913 690 ,

344 715 455 784 18).
487 716 632 784 Quid.
658 732 783 787 ergo
809 716 874 772 de
907 719 1112 773 caeteris
1141 716 1392 771 membris
1427 717 1680 771 sollicitus
1709 733 1794 783 es,
1829 717 1916 771 ubi

342 805 590 861 damnum
622 809 794 879 capilli
825 825 928 862 non
954 808 1090 864 erit?

413 901 500 954 Μ.
533 899 669 953 Erue
704 917 784 954 me
815 918 846 953 a
875 900 1272 971 persequentibus
1300 917 1398 954 me.
1432 901 1470 954 A
1503 901 1691 969 quibus
1721 901 1913 969 putatis

338 989 480 1058 quod
506 1000 624 1045 oret
641 1000 696 1044 ut
719 993 972 1046 eruatur?
993 992 1074 1046 Ab
1097 991 1394 1046 hominibus
1412 990 1914 1061 quiperseqnehan-

340 1079 456 1132 tur?
489 1079 560 1133 Ita
589 1096 716 1135 vero
746 1083 843 1151 ipsi
877 1081 1264 1136 hominessunt
1297 1081 1474 1136 hostes
1503 1082 1706 1136 nostri?
1736 1082 1910 1135 llabe-

338 1186 456 1225 lllllS
478 1172 614 1226 alios
639 1171 821 1228 hostes
859 1173 1178 1238 invisibiles,
1207 1174 1295 1243 qui
1324 1174 1476 1227 aliter
1507 1182 1906 1241 persequuntur.

337 1260 506 1315 llomo
549 1263 907 1333 persequitur,
953 1273 1009 1318 ut
1050 1263 1256 1318 occidat
1297 1278 1528 1332 corpus;
1582 1263 1910 1332 persequitur

334 1352 490 1418 alius,
520 1363 578 1408 ut
602 1353 850 1424 illaqneet
876 1355 1124 1408 anima’rn.
1148 1354 1215 1409 Et
1241 1354 1356 1409 ideo
1382 1369 1473 1422 per
1501 1368 1619 1406 vasa
1646 1368 1760 1416 sua,
1788 1352 1906 1420 quia

333 1444 400 1497 de
427 1443 516 1498 illo
539 1445 734 1499 dictum
765 1455 868 1507 est,
893 1446 1142 1513 Oper-alar
1168 1446 1220 1499 in
1245 1447 1363 1514 [iliis
1385 1445 1670 1515 diffidentia?
1691 1442 1903 1512 (Ephes.

333 1547 390 1589 ιι.
421 1533 478 1602 2)
507 1551 520 1586 :
549 1550 643 1603 per
667 1550 788 1590 vasa
811 1550 925 1597 sua.
957 1536 1007 1590 id
1032 1547 1134 1604 est,
1163 1535 1404 1591 homines
1429 1538 1477 1588 in
1504 1537 1692 1604 quibus
1719 1551 1907 1604 opera-.-

333 1631 448 1684 tnr.
478 1625 590 1694 agit.
623 1627 1038 1694 persecutionem
1066 1627 1340 1694 corporis,
1373 1636 1424 1679 nt
1458 1627 1597 1680 intus
1627 1626 1714 1679 ﬁat
1755 1627 1902 1679 ruina

331 1716 531 1770 cordis.
552 1716 682 1770 Nam
709 1717 753 1771 si
777 1717 996 1772 cadente
1021 1733 1240 1786 corpore
1267 1725 1370 1770 stat
1394 1717 1589 1780 anima,
1617 1717 1902 1784 nutscipula

330 1807 654 1860 comminuta
684 1817 798 1868 est,
825 1817 880 1862 et
906 1823 1002 1862 nos
1033 1804 1237 1862 libeiati
1278 1823 1461 1862 sumus
1488 1809 1503 1876 (
1529 1807 1671 1861 Psal.
1701 1823 1864 1862 cum
1885 1849 1900 1871 ,

330 1898 411 1965 7).
445 1899 581 1967 Ergo
605 1907 727 1954 sunt
750 1908 803 1954 et
826 1899 912 1954 alii
939 1899 1118 1954 hostes
1143 1901 1329 1959 nostri.
1358 1916 1388 1953 a
1419 1901 1608 1968 quibus
1632 1900 1902 1968 deprecari

330 1988 588 2045 debemus
627 1981 801 2046 Deum'
827 2001 886 2045 ut
922 2000 1072 2046 eruat
1108 2007 1204 2046 nos
1228 2033 1242 2054 ,
1276 2008 1340 2045 ne
1378 1992 1630 2046 seducant
1665 2006 1791 2056 nos,
1822 1991 1902 2046 vel

333 2077 528 2133 fractos
554 2081 809 2135 molestiis
835 2081 1205 2142 smeularibus,
1235 2082 1313 2135 vel
1346 2081 1584 2136 inductos
1616 2081 1899 2136 illecebris.

329 2167 431 2234 Qui
457 2179 578 2224 sunt
605 2170 685 2224 isti
712 2171 925 2226 hostes?
956 2171 1236 2226 Videamus
1261 2173 1304 2225 si
1331 2172 1398 2225 ab
1419 2172 1596 2242 aliquo
1617 2188 1773 2226 servo
1801 2172 1902 2226 Do-

330 2259 526 2314 minico
554 2271 740 2328 aperte
764 2262 1151 2328 descrilmntur,
1178 2263 1248 2317 ab
1269 2263 1444 2332 aliquo
1475 2264 1637 2319 milite
1665 2264 1899 2333 perfecto

325 2353 418 2418 qui
454 2366 571 2404 eum
609 2353 712 2406 illis
737 2368 1056 2422 congressus
1083 2364 1182 2409 est.
1219 2355 1352 2409 Audi
1383 2357 1686 2422 Apostolum
1715 2357 1896 2411 dicen-

326 2451 436 2496 tem
467 2459 478 2494 :
512 2441 629 2495 Non
655 2451 724 2496 est
753 2445 886 2497 vobis
913 2444 1204 2499 colluctatio.
1223 2445 1457 2499 adversus
1481 2461 1680 2499 carnem
1704 2458 1749 2500 et
1775 2465 1896 2501 san~

321 2533 547 2599 guinem.
579 2533 748 2588 Nolite
771 2536 916 2605 quasi
947 2535 1066 2590 odia
1098 2544 1268 2590 vestra
1295 2547 1605 2593 convertere
1643 2539 1692 2592 in
1723 2538 1894 2592 Immi-

319 2635 441 2684 nes,
465 2631 520 2678 et
543 2640 636 2676 eos
656 2624 804 2678 vobis
822 2622 1013 2680 hostes
1033 2626 1357 2693 existimare,
1381 2634 1434 2682 et
1455 2643 1638 2682 eorum
1666 2628 1893 2683 inimici-

319 2715 421 2767 tiis-
448 2730 542 2770 vos
575 2717 776 2772 conteri
817 2725 1000 2786 putare
1035 2735 1048 2771 :
1086 2717 1168 2771 isti
1215 2718 1462 2773 homines
1489 2736 1622 2789 quos
1661 2720 1889 2788 timetis,

313 2819 444 2859 caro
467 2815 520 2860 et
544 2807 755 2876 sanguis
780 2817 932 2871 sunt;
962 2807 1077 2862 Non
1103 2818 1173 2863 est
1197 2809 1328 2864 vobis
1353 2810 1637 2865 colluctatio
1657 2811 1894 2867 adversus

311 2911 516 2948 carnem
545 2907 591 2949 et
619 2899 930 2968 sanguinem.
970 2897 1059 2954 Sic
1093 2899 1257 2954 voluit
1295 2899 1503 2965 dicere,
1545 2911 1891 2958 contemnens

312 2983 587 3041 hominum
628 2988 1016 3043 mortalitatem.
1057 2989 1124 3044 Et
1159 2990 1413 3044 adversus
1445 2995 1614 3061 quos?
1640 2993 1891 3049 Adversus

309 3077 581 3147 principes,
614 3075 799 3148 inquit,
827 3089 875 3132 et
903 3089 1182 3150 potestates,
1209 3090 1254 3134 et
1283 3091 1492 3135 rectores
1517 3083 1668 3154 hujus
1692 3086 1883 3148 mandi,

306 3168 621 3221 tenebrarum
658 3171 836 3222 harum
870 3170 888 3242 (
907 3170 1092 3240 Ephes.
1125 3187 1208 3237 vt,
1242 3170 1361 3240 12).
1402 3172 1731 3241 Expaveras,
1762 3189 1883 3228 cum

303 3258 551 3322 audires,
600 3269 810 3313 rectores
851 3262 1042 3314 mundi.
1089 3259 1144 3316 Si
1195 3273 1425 3316 rectores
1471 3263 1646 3316 nnmdi
1693 3265 1880 3327 istius,

303 3349 560 3416 numquid
596 3359 788 3418 printer
817 3351 1067 3405 mundum
1099 3353 1266 3406 iturus
1290 3368 1368 3416 es,
1398 3354 1483 3406 ubi
1517 3355 1633 3410 illos
1661 3372 1762 3409 non
1791 3373 1882 3426 pa-

302 3437 495 3492 tiaris?
527 3428 718 3508 prteter
741 3441 991 3496 mundum
1024 3443 1190 3497 iturus
1215 3458 1292 3509 es,
1323 3443 1410 3498 ubi
1440 3445 1506 3499 ab
1532 3446 1879 3501 eiseruaris?

299 3528 402 3584 Sic,
417 3545 544 3600 ergo
577 3533 756 3601 accipe
781 3534 964 3586 mundi
992 3543 1045 3588 et
1073 3535 1387 3588 tenebrarum
1423 3537 1602 3590 harum
1630 3549 1873 3604 rectores,

299 3634 406 3672 tum
436 3629 668 3674 rectores
691 3621 810 3675 cmli
841 3632 893 3674 et
918 3632 1104 3689 terrm;
1135 3640 1252 3676 nam
1284 3625 1394 3692 ipsa
1423 3626 1616 3679 fabrica
1649 3626 1740 3680 Dei
1770 3638 1872 3680 est.

295 3711 503 3767 Caelum
547 3722 602 3767 et
649 3723 792 3770 terra
837 3715 1060 3768 mundus
1105 3717 1329 3780 dicitur,
1371 3727 1423 3770 et
1467 3716 1708 3770 homines
1752 3719 1873 3772 mali

296 3797 546 3858 mundus.
578 3805 750 3873 Quare
779 3815 833 3861 et
870 3806 955 3860 isti
988 3805 1252 3860 mundus?
1288 3807 1416 3874 Quia
1459 3807 1682 3877 diligunt
1722 3824 1874 3862 nutu-

294 3893 420 3948 dum
457 3913 469 3948 :
502 3905 559 3950 et
597 3897 714 3952 ideo
749 3897 1007 3961 tenebrte,
1038 3897 1156 3966 quia
1200 3897 1364 3962 impii.
1407 3896 1631 3967 Ideoque
1667 3897 1775 3967 jam
1806 3915 1870 3952 ex

295 3983 410 4049 ipso
432 4000 655 4040 numero
674 3986 1011 4043 credentibus
1037 3988 1232 4050 multis,
1256 3986 1378 4056 quid
1401 3987 1530 4042 dicit
1553 3989 1870 4057 Apostolus?

294 4073 488 4131 Fuistis
524 4077 796 4148 aliquando
821 4079 1066 4142 tenebrw;
1105 4096 1234 4132 nunc
1265 4089 1427 4132 autent
1456 4080 1544 4134 lux
1571 4081 1622 4134 in
1655 4080 1868 4136 Domino

297 4165 315 4231 (
337 4163 423 4218 Id.
464 4183 514 4230 γ,
554 4166 650 4238 8).
685 4169 974 4238 Antequam
1012 4168 1198 4224 essetis
1235 4185 1360 4239 ergo
1398 4169 1515 4252 lux,
1558 4186 1677 4226 cum
1719 4180 1867 4226 tene-

293 4256 402 4310 bra-
427 4258 634 4324 essetis,
657 4260 908 4314 attendite
930 4277 1084 4330 quem
1111 4271 1368 4316 rectorem
1397 4261 1670 4318 habuistis.
1695 4264 1862 4330 Quem

291 4357 553 4404 rectorem
585 4350 778 4406 habent
810 4354 1008 4423 iniqui,
1041 4355 1139 4409 nisi
1167 4355 1467 4422 diabolum,
1499 4358 1763 4426 quomodo
1796 4361 1862 4428 pii

289 4448 342 4491 et
367 4438 554 4494 ﬁdeles
583 4455 851 4504 rectorem
879 4443 1074 4498 habent
1104 4444 1406 4524 Christum?
1434 4447 1570 4516 Ergo
1595 4447 1861 4504 diabolum

289 4539 343 4583 ct
368 4531 728 4602 angelosejus
755 4545 964 4590 rectores
1003 4537 1175 4589 mundi
1203 4539 1517 4606 appellavit,
1551 4539 1599 4593 id
1628 4549 1708 4594 est
1728 4582 1744 4607 ,
1774 4558 1860 4595 re-

288 4619 796 4677 ctores-dilectorum
825 4624 1039 4690 mundi,
1066 4636 1298 4680 rectores
1326 4637 1690 4697 peccatorum,
1719 4631 1858 4700 quod

288 4717 397 4773 est,
437 4710 750 4765 tenebrarum
791 4713 968 4767 harant
999 4730 1018 4767 :
1054 4713 1196 4783 ipsos
1234 4715 1486 4771 habemus
1525 4719 1794 4785 inimicos,
1828 4735 1856 4774 a

288 4800 479 4868 quibus
502 4802 757 4869 debemus
786 4803 1056 4874 deprecari
1087 4806 1367 4862 Dominum
1400 4806 1454 4862 ιιί
1482 4825 1749 4866 eruantur.

357 4893 444 4947 15.
476 4893 611 4948 Audi
639 4894 888 4954 mundum
925 4905 982 4950 et
1022 4896 1272 4950 mundum
1313 4907 1493 4967 aperte
1523 4915 1627 4954 uno
1657 4901 1771 4954 loco
1803 4902 1854 4957 in

285 4981 556 5052 Scriptura
583 4993 764 5039 sancta
785 5026 799 5051 ,
830 4986 880 5040 in
909 4986 1192 5057 Evangelio
1224 5004 1238 5040 :
1271 4988 1518 5043 mundum
1545 5006 1701 5059 quem
1736 4993 1857 5047 fecit

287 5073 458 5140 Deus;
489 5075 742 5129 mundum
767 5091 923 5146 quem
951 5078 1082 5147 regit
1107 5077 1346 5132 diabolus
1365 5120 1378 5143 ,
1411 5079 1458 5133 id
1487 5091 1569 5133 est
1589 5121 1601 5142 .
1633 5081 1854 5138 dilecto-

284 5178 369 5219 res
390 5166 600 5220 mundi.
619 5167 868 5224 Homines
892 5170 1031 5224 enim
1059 5170 1200 5239 ipsas
1228 5170 1347 5226 fecit
1374 5173 1545 5240 Deus;
1572 5174 1854 5232 dilectores

287 5257 465 5310 tnundi
495 5273 598 5312 non
620 5273 712 5312 eos
736 5259 874 5313 fecit.
903 5259 1147 5314 Mundum
1179 5262 1317 5315 enim
1339 5262 1556 5333 diligere
1581 5278 1850 5334 peccatum

282 5357 395 5413 est;
434 5359 704 5418 peccatum
747 5358 923 5407 autem
957 5367 1060 5405 non
1089 5351 1210 5408 fecit
1251 5354 1406 5408 Deus.
1443 5357 1574 5409 Audi
1611 5373 1760 5427 ergo,
1798 5367 1854 5412 ut

280 5438 457 5495 dicere
481 5455 766 5511 coeperam,
797 5443 1050 5498 mundum
1079 5453 1133 5499 et
1156 5447 1428 5501 mundum.
1455 5447 1521 5502 In
1549 5450 1641 5503 hoc
1665 5452 1851 5506 mundo

280 5538 414 5595 erat,
443 5529 641 5587 dictum
670 5543 770 5588 est.
807 5534 883 5588 De
916 5551 1021 5604 quo
1055 5535 1252 5592 dictum
1283 5550 1396 5606 est,
1432 5538 1497 5594 In
1534 5541 1626 5593 hoc
1663 5543 1850 5596 mundo

279 5629 416 5684 erat,
445 5620 544 5675 nisi
575 5620 641 5677 de
667 5621 934 5692 Sapientia
964 5624 1090 5690 Dei,
1115 5627 1253 5695 quod
1282 5637 1363 5683 est
1391 5630 1630 5685 Christus
1658 5631 1844 5697 Jcsus;

282 5708 347 5764 de
381 5726 480 5781 qua
517 5711 713 5768 dictum
751 5724 828 5770 est
869 5715 1006 5785 quod
1055 5718 1209 5785 paulo
1242 5729 1364 5774 ante
1402 5725 1805 5778 commemoravi
1831 5762 1844 5785 ,

1421 331 1811 388 ENARRATI‘U
1849 331 1915 386 IN
1953 331 2276 390 essenon-
2307 297 2484 398 cx’Lt.

3462 354 3592 411 1842

2033 443 2288 502 Per—tendit
2326 467 2357 502 a
2401 451 2503 517 [ine
2541 468 2691 520 usque
2727 455 2796 506 ad
2833 455 2981 523 linem
3027 461 3251 529 fortiter.
3293 472 3339 515 et
3375 464 3600 535 disponit

2025 540 2194 591 omnia
2223 542 2440 594 suaviter
2460 542 2610 614 (Sap.
2639 561 2746 609 vttt,
2775 547 2865 614 l)?
2889 549 3094 617 Attingit
3117 553 3245 606 enim
3273 556 3446 624 ubique
3470 576 3591 627 pro-

2025 637 2132 694 pter
2158 645 2298 681 suam
2331 632 2652 690 munditiam.
2684 645 2729 686 et
2761 637 2887 690 nihil
2912 639 3224 706 inquinatum
3258 645 3307 697 in
3339 647 3478 700 illaut
3505 647 3589 700 in-

2023 717 2176 768 currit
2202 717 2354 798 (sap.
2383 737 2474 786 vn,
2501 720 2592 786 ‘24,
2620 722 2732 793 25).
2767 725 2924 794 Ergo,
2953 727 3019 780 In
3055 734 3147 783 hoc
3176 736 3358 787 mundo
3389 748 3513 800 erat,
3541 749 3588 792 ct
3611 743 3626 752 '

2021 811 2238 864 mundus
2267 828 2353 880 per
2397 813 2558 880 ipsum
2587 817 2749 882 [actus
2778 829 2848 872 est
2867 860 2879 882 ,
2925 830 2970 873 et
2997 825 3210 876 mundus
3240 843 3350 878 cunt
3377 845 3475 880 non
3502 846 3588 882 cn-

2019 902 2205 969 gnovit.
2236 903 2440 957 Audisti
2462 903 2596 958 duos
2631 907 2890 962 mundos:
2926 911 3152 966 Mundus
3176 932 3263 982 per
3287 933 3398 970 eum
3428 924 3590 989 [actus

2019 1001 2120 1055 est,
2149 1002 2196 1046 et
2223 995 2438 1050 mundus
2475 1015 2587 1052 eum
2623 1015 2722 1052 non
2751 1003 2976 1070 cognovit
3005 1003 3190 1072 (Joan.
3224 1023 3269 1071 ι,
3315 1009 3431 1078 10).
3475 1011 3586 1065 Non

2018 1081 2244 1136 mundus
2271 1085 2359 1153 qui
2392 1081 2557 1140 factus
2585 1097 2663 1141 est
2696 1104 2791 1158 per
2813 1089 3014 1154 Jesum,
3041 1093 3106 1147 ab
3137 1095 3238 1150 illis
3266 1099 3590 1168 principibus

2015 1179 2069 1225 et
2108 1176 2450 1241 poteSIatibus
2484 1179 2814 1234 tenebrarum
2853 1183 3082 1251 regitur;
3115 1188 3206 1240 sed
3243 1190 3468 1246 mundus
3499 1197 3586 1261 qui

2015 1278 2119 1318 non
2144 1270 2391 1336 cognovit
2420 1269 2621 1336 Jcsnm,
2652 1273 2701 1326 id
2729 1285 2828 1339 est,
2858 1276 3140 1348 dilectores
3165 1285 3364 1346 mundi,
3397 1302 3586 1355 pecea-

2014 1363 2177 1421 tores,
2211 1360 2394 1428 iniqui,
2424 1365 2635 1432 supe-rbi
2667 1375 2720 1418 et
2750 1366 3005 1422 inﬁdeles.
3039 1371 3186 1427 Unde
3212 1376 3437 1432 nnnrdus
3464 1395 3589 1448 pec-

2011 1449 2251 1501 catores?
2276 1449 2404 1517 Quia
2435 1452 2658 1523 diligunt
2687 1458 2938 1512 mundum
2960 1501 2972 1519 .
3002 1470 3055 1515 et
3082 1463 3346 1533 diligendo
3376 1469 3579 1524 inhabi-

2014 1543 2124 1588 tant
2149 1543 2434 1601 mundum;
2467 1545 2731 1611 quomodo
2759 1546 2949 1601 domus
2973 1550 3166 1606 dicitur
3192 1564 3246 1610 et
3274 1556 3497 1621 fabrica,
3529 1570 3584 1617 et

2011 1622 2384 1700 inhabitantes.
2413 1625 2555 1686 Bona
2584 1633 2801 1701 domus,
2835 1638 3146 1713 plerumque
3185 1646 3317 1700 bona
3351 1649 3577 1719 fabrica;

2009 1727 2062 1769 et
2107 1718 2240 1772 bona
2277 1721 2499 1789 domas,
2531 1727 2652 1794 quia
2693 1727 2812 1781 boni
2843 1745 3226 1790 coztversatttur
3265 1738 3314 1792 in
3351 1756 3431 1794 ea.
3477 1742 3575 1807 Et,

2008 1805 2148 1861 Cave
2173 1808 2387 1864 domum
2417 1813 2598 1879 istam,
2628 1818 2745 1885 quia
2780 1819 2914 1874 mala
2941 1831 3047 1886 est,
3075 1824 3279 1881 duobus
3307 1831 3580 1895 modis‘di-

2007 1897 2160 1951 citur.
2193 1900 2322 1953 Mala
2353 1914 2432 1956 est
2461 1905 2650 1960 domus
2691 1908 2802 1962 hate
2822 1953 2836 1976 ,
2861 1927 3024 1978 cave;
3057 1913 3194 1971 forte
3225 1931 3438 1988 propter
3469 1925 3572 1977 rui-

2008 2003 2148 2051 nam,
2179 2006 2244 2044 ne
2269 1992 2463 2060 aliquid
2491 1997 2644 2050 cadat
2669 2006 2721 2052 et
2742 2013 2792 2054 te
2819 2012 3020 2070 premat
3048 2021 3062 2057 :
3089 2006 3278 2062 dicitur
3301 2020 3352 2063 et
3375 2012 3451 2065 sic
3474 2013 3581 2067 alio

2006 2082 2184 2147 mtulo,
2215 2083 2354 2139 Cave
2387 2086 2600 2142 domum
2630 2090 2781 2145 istam
2815 2095 3027 2157 malam.
3062 2113 3126 2151 ne
3156 2100 3393 2156 incurras
3422 2105 3470 2156 in
3501 2106 3580 2158 la-

2005 2188 2194 2238 queum
2224 2178 2544 2240 venantium.
2576 2196 2642 2235 ne
2681 2198 2879 2252 pauper
2905 2188 3218 2256 opprimaris
3242 2207 3270 2244 a
3295 2192 3473 2254 divite.
3509 2211 3577 2250 ne

2004 2261 2241 2318 fmudem
2280 2266 2507 2337 aliquam
2557 2272 2787 2339 patiaris.
2833 2274 3110 2342 Quomodo
3144 2294 3270 2348 ergo
3303 2283 3490 2337 domus
3522 2293 3576 2340 et

2002 2352 2209 2418 domus,
2237 2357 2314 2410 sic
2345 2360 2571 2414 mundus
2596 2371 2650 2415 et
2676 2364 2920 2420 nnmdus.
2949 2367 3124 2433 Quare
3151 2381 3324 2425 autem
3351 2383 3403 2427 et
3423 2374 3571 2442 justi,

2001 2459 2120 2498 eum
2160 2445 2266 2500 sint
2301 2459 2352 2502 et
2394 2449 2490 2518 ipsi
2532 2450 2584 2504 in
2632 2453 2861 2518 runndo,
2894 2471 2995 2510 non
3031 2459 3278 2515 dicuntur
3310 2465 3575 2519 mundus?

2000 2533 2130 2599 Quia
2159 2535 2288 2590 dicit
2313 2538 2598 2606 Apostolus
2621 2560 2632 2595 ε
2662 2541 2728 2596 1η
2753 2561 2902 2599 carne
2925 2557 3090 2602 autem
3115 2551 3444 2619 ambulantes,
3473 2574 3572 2612 non

1999 2625 2269 2678 secundant
2292 2643 2491 2683 carnem
2520 2633 2792 2686 militamus
2821 2635 2882 2706 (ll
2911 2635 3027 2692 Cor.
3060 2655 3114 2705 x,
3147 2640 3236 2708 5');
3265 2653 3569 2700 conversatio

1997 2714 2128 2767 enim
2155 2725 2325 2770 nostra
2351 2719 2401 2772 in
2428 2722 2563 2776 cwlis
2591 2734 2664 2776 est
2692 2722 2949 2797 (Philipp.
2988 2745 3064 2793 tu,
3094 2729 3206 2801 20).
3247 2732 3458 2790 llabitat
3487 2738 3572 2794 hic

1991 2802 2168 2872 justus
2193 2821 2371 2872 carne,
2399 2810 2491 2865 sed
2517 2813 2677 2868 corde
2701 2829 2820 2868 cum
2852 2817 2959 2871 lleo
2986 2829 3084 2872 est.
3115 2820 3177 2874 Et
3206 2822 3314 2892 ipse
3340 2828 3572 2895 appella-

1997 2903 2081 2949 tur
2107 2899 2361 2964 mundus,
2393 2901 2438 2955 si
2465 2903 2580 2958 sine
2606 2919 2762 2959 causa
2793 2909 2937 2962 audit
2956 2951 2970 2974 ,
2997 2911 3216 2968 Sursum
3247 2930 3340 2970 eor
3363 2936 3376 2972 :
3403 2919 3445 2972 si
3475 2935 3569 2974 au-

1994 2994 2098 3040 tem
2127 2998 2205 3042 est
2234 3006 2387 3045 causa
2423 3008 2585 3061 quare
2621 2996 2799 3060 audit,
2840 3013 3048 3055 sursum
3085 3001 3342 3059 habitet‘.
3378 3007 3568 3062 Hormi

1989 3078 2122 3131 enim
2151 3080 2286 3143 estis,
2316 3081 2464 3147 dicit,
2490 3093 2536 3136 et
2560 3086 2660 3138 vita
2689 3099 2848 3141 vestra
2872 3091 3160 3146 abscondita
3183 3106 3255 3149 est
3283 3113 3394 3151 cum
3421 3098 3567 3153 Chri—

1989 3178 2065 3220 sto
2094 3169 2144 3222 in
2176 3169 2282 3222 Deo
2312 3171 2522 3235 (Coloss.
2553 3190 2627 3241 ut,
2659 3177 2732 3244 '5).
2760 3180 2994 3244 Quorum
3020 3192 3193 3257 autem
3225 3187 3324 3238 vita
3357 3188 3439 3242 hic
3459 3201 3559 3250 est,
3634 3213 3636 3216 ·

1989 3258 2040 3312 id
2075 3269 2185 3324 est,
2221 3275 2442 3331 quorum
2484 3265 2808 3321 desiderium
2846 3280 2899 3323 et
2938 3287 3086 3326 amor
3125 3274 3208 3329 hic
3245 3278 3440 3346 lueret,
3478 3280 3562 3334 hic

1985 3353 2293 3414 conteritur,
2329 3355 2412 3409 hic
2441 3357 2756 3426 implicatur,
2792 3363 2924 3417 bene
2955 3364 3200 3422 dicuntur
3239 3369 3559 3429 habitatores

1984 3444 2165 3498 mundi
2197 3462 2210 3497 :
2240 3455 2293 3500 et
2331 3447 2464 3502 bene
2501 3449 2751 3506 dicuntur
2775 3455 3050 3519 .mundns,
3083 3457 3157 3512 illi
3195 3461 3282 3530 qui
3323 3461 3559 3519 habllaut

1984 3537 2266 3602 mundum;
2307 3540 2444 3593 sicut
2483 3543 2618 3596 bene
2657 3543 2903 3601 dicuntur
2938 3547 3153 3617 domus,
3185 3552 3255 3606 illi
3285 3556 3370 3623 qui
3403 3556 3554 3610 habi-

1982 3635 2094 3680 tant
2129 3618 2365 3682 domum.
2405 3629 2628 3687 Mundus
2664 3650 2791 3705 ergo
2828 3647 2882 3690 et
2922 3642 3187 3696 mundus:
3220 3618 3441 3700 Mundus
3467 3666 3556 3716 per

1978 3732 2089 3768 eum
2129 3719 2290 3787 factus
2343 3728 2448 3782 est,
2488 3731 2534 3775 et
2577 3725 2794 3778 mundus
2831 3742 2944 3779 eum
2986 3746 3084 3783 non
3128 3736 3376 3801 cognovit.
3419 3738 3551 3792 Ecce

1978 3811 2205 3863 mundus
2241 3811 2412 3865 hctus
2438 3827 2532 3882 per
2563 3815 2839 3871 Dominum
2861 3860 2874 3881 ,
2907 3835 3030 3874 ecce
3067 3824 3291 3877 mundus
3325 3828 3412 3895 qtti
3444 3845 3546 3883 non

1976 3900 2223 3968 Cognovit
2248 3901 2546 3956 Dominum.
2577 3903 2752 3959 Lamia
2781 3916 2833 3960 tu
2861 3909 3131 3976 labricam,
3160 3922 3212 3966 et
3238 3929 3353 3968 ama
3387 3917 3542 3970 fabri-

1975 3999 2242 4053 eatorem;
2274 3994 2328 4046 et
2363 3994 2468 4047 noli
2501 4009 2678 4050 amare
2711 3995 2946 4053 habitare
2977 4001 3026 4054 in
3059 4001 3253 4058 fabrica
3273 4045 3288 4070 ,
3324 4005 3416 4060 sed
3449 4006 3546 4059 ha-

1973 4079 2078 4134 bita
2110 4083 2158 4134 in
2188 4082 2517 4139 fabricatore.

2044 4170 2129 4225 16.
2158 4172 2296 4227 Erue
2321 4191 2398 4228 rue
2424 4193 2455 4229 a
2488 4180 2892 4249 persequentibus
2920 4199 3032 4247 me;
3054 4185 3290 4258 quoniam
3311 4189 3545 4243 corrobo-

1970 4265 2066 4315 rati
2089 4275 2203 4316 sunl
2231 4282 2381 4334 super
2418 4267 2512 4320 me;
2544 4269 2672 4336 Quis
2707 4271 2872 4338 dixit,
2912 4277 3221 4336 corroborati
3247 4290 3361 4333 sunt
3387 4298 3544 4353 super

1970 4354 2086 4407 me?
2108 4355 2310 4424 Corpus
2336 4356 2529 4412 Christi
2558 4361 2752 4416 clamat
2773 4405 2785 4423 .
2818 4363 3068 4420 Ecclesia:
3095 4383 3193 4430 vox
3225 4379 3335 4433 est,
3368 4388 3541 4427 meru-

1970 4449 2061 4498 lna
2100 4445 2293 4500 Christi
2328 4448 2554 4503 clamant
2581 4465 2594 4504 :
2625 4451 2840 4509 Multum
2871 4457 3034 4510 crevit
3066 4467 3318 4516 numerus
3356 4478 3542 4532 pecea-

1969 4542 2159 4590 torum.
2195 4537 2442 4602 Quoniam
2469 4540 2738 4597 abundavit
2762 4545 2999 4615 iniquitas
3016 4588 3032 4614 ,
3063 4551 3347 4622 refrigescet
3374 4554 3540 4606 chari-

1967 4635 2042 4679 tas
2070 4628 2335 4681 multorum
2363 4627 2573 4700 (Matth.
2606 4649 2746 4697 sxw,
2777 4635 2883 4705 12).
2919 4636 3058 4692 Erue
3081 4657 3159 4694 me
3185 4657 3216 4693 a
3243 4649 3538 4715 persequen-

1964 4715 2093 4770 tibus
2117 4734 2194 4770 me
2207 4733 2226 4780 ;
2251 4721 2484 4788 quoniam
2508 4723 2812 4778 corroborati
2838 4739 2954 4779 sunt
2983 4745 3132 4796 super
3156 4747 3250 4785 me.

2035 4808 2120 4862 Π.
2159 4807 2318 4880 [vers.
2351 4809 2442 4882 8.]
2483 4811 2626 4866 Educ
2661 4815 2722 4868 de
2765 4832 2963 4870 carcere
2995 4813 3214 4874 animam
3247 4839 3445 4890 mum,
3484 4837 3536 4878 ut

1961 4899 2258 4970 conﬁteatur
2302 4901 2489 4953 nomini
2529 4911 2630 4955 tuo.
2663 4903 2855 4958 Career
2893 4906 2992 4961 iste
3029 4925 3059 4962 a
3100 4911 3360 4978 prioribus
3390 4920 3534 4967 varie

1963 4987 2257 5041 intellectus
2281 4999 2382 5043 est.
2414 4989 2476 5042 Et
2504 4990 2633 5045 forte
2663 4993 2773 5060 ipse
2799 5003 2879 5048 est
2898 5010 3080 5051 earccr
3103 5000 3188 5069 qui
3214 5002 3458 5056 scribitur
3483 5005 3532 5057 in

1964 5077 2133 5140 titulo,
2166 5080 2424 5149 spelunca.
2454 5080 2656 5134 Titulus
2683 5083 2822 5136 enim
2853 5085 3040 5154 psalmi
3073 5089 3226 5158 hujus
3254 5090 3325 5144 ita
3353 5106 3410 5146 sc
3440 5091 3536 5145 ha-

1962 5168 2049 5221 bet
2077 5187 2088 5221 :
2117 5170 2405 5223 Intellectus
2424 5171 2530 5240 ipsi
2563 5171 2742 5237 David,
2768 5192 2881 5228 cum
2911 5189 3033 5231 esset
3056 5181 3106 5232 in
3132 5181 3385 5249 spelunca,
3416 5199 3533 5236 ora-

1960 5266 2049 5312 tio.
2077 5262 2206 5326 Qum
2232 5262 2501 5330 spelunca,
2532 5265 2643 5331 ipse
2669 5275 2721 5319 et
2744 5282 2942 5322 carcer.
2979 5270 3088 5323 [luo
3113 5271 3352 5338 quaedam
3377 5273 3534 5329 intel-

1961 5350 2162 5420 ligenda
2193 5354 2591 5419 proposuimus;
2618 5356 2708 5409 sed
2741 5373 2899 5410 unum
2931 5374 3047 5411 cum
3081 5361 3494 5416 intellexerimus
3514 5406 3530 5431 ,

1959 5451 2237 5512 utrumque
2263 5444 2380 5496 erit.
2414 5444 2592 5498 Merita
2633 5463 2894 5503 carcerem
2936 5449 3149 5504 faciunt.
3182 5451 3310 5506 Nam
3347 5454 3396 5506 in
3426 5471 3533 5508 uno

1956 5532 2182 5602 quodam
2208 5535 2525 5601 habitacula,
2552 5538 2701 5592 alteri
2725 5539 2915 5594 donms
2935 5551 3032 5604 est,
3054 5543 3206 5598 alteri
3226 5561 3410 5601 career
3429 5559 3530 5600 est.

1959 5623 2031 5676 Illi
2055 5623 2143 5692 qui
2169 5624 2469 5679 custodiunt
2494 5626 2735 5683 homines
2765 5630 3025 5696 inclusos;
3049 5634 3144 5688 etsi
3178 5635 3408 5690 iu‘domo
3435 5655 3527 5691 sua

2028 5735 2041 5764 ¹
2072 5739 2144 5781 Er.
2173 5733 2317 5796 Lugd.
2348 5742 2463 5785 \‘en.
2491 5745 2540 5786 et
2563 5741 2669 5787 Lov.
2693 5751 2883 5789 sursum
2906 5753 2986 5790 cor
3009 5741 3229 5794 habitate.
3295 5751 3352 5794 at.
