4042 6202
448 348 586 405 1933

445 462 778 526 custodiant.
813 464 886 518 illi
925 462 1012 533 qui
1056 464 1253 516 arctius
1291 462 1689 524 ctutadinntur.
1725 463 1776 515 in
1811 474 2023 514 carcere

448 565 612 610 sunt:
648 555 896 623 ntttnquitl
923 565 975 609 et
1007 554 1080 607 illi
1122 556 1172 607 itt
1214 570 1424 608 carcere
1462 569 1584 608 esse
1621 552 1826 607 dicendi
1871 552 2025 606 sunt?

449 646 621 701 linunt
653 646 1005 700 habitaculum
1033 655 1197 699 estet
1232 648 1303 699 illi
1333 655 1382 700 et
1428 646 1533 707 illi;
1576 645 1723 698 alteri
1767 644 1887 697 facit
1924 643 2022 695 du-

449 754 590 792 ntum
632 738 872 801 libertas,
907 738 1057 791 alteri
1099 753 1369 791 carcerem
1412 739 1656 791 servitus.
1700 735 2021 805 Quibusdam

446 845 571 898 ergo
610 830 779 881 visum
819 838 900 881 est
927 829 1065 897 quod
1110 830 1356 900 spelunca
1385 840 1436 883 et
1466 844 1648 900 carcer
1675 828 1899 881 mundus
1925 827 2022 882 iste

444 922 544 983 sit;
576 929 627 971 et
657 919 757 973 hac
786 928 900 972 orat
932 919 1205 984 Ecclesia,
1238 932 1295 975 ut
1321 921 1387 974 de
1424 908 1636 973 carcere
1664 920 1935 981 educatur,
1969 919 2021 972 id

444 1020 525 1064 est
545 1054 557 1072 .
586 1011 653 1067 de
682 1012 781 1067 hoc
810 1012 1004 1066 tnundo
1024 1056 1037 1078 ,
1071 1013 1137 1066 de
1166 1013 1264 1065 sub
1294 1014 1404 1065 sole
1424 1056 1438 1077 ,
1470 1013 1555 1065 ubi
1586 1013 1759 1064 omnia
1796 1010 2017 1064 vanitas.

444 1105 643 1159 Dicitur
668 1107 830 1170 cuitu,
861 1105 1042 1159 Omnia
1070 1107 1280 1161 cauitas.
1311 1115 1357 1159 et
1389 1107 1708 1173 pt'tz‘sumptio
1738 1105 1944 1171 spiritus
1969 1104 2021 1156 in

444 1198 580 1249 omni
617 1214 765 1267 opere
809 1198 1055 1261 hominis,
1086 1216 1184 1267 quo
1219 1199 1325 1267 ipse
1359 1199 1549 1250 laborat
1574 1198 1664 1251 sub
1692 1199 1797 1251 sole
1822 1196 2016 1265 (lCccle.

444 1308 477 1354 ι,
512 1290 566 1355 Ξ,
596 1291 670 1363 5).
706 1293 841 1362 Ergo
865 1303 1010 1346 extra
1042 1294 1195 1346 istum
1238 1293 1490 1347 mundum
1520 1294 1568 1345 in
1598 1292 1775 1345 nescio
1801 1308 1900 1361 qua
1932 1306 2019 1343 re-

444 1384 565 1451 quie
611 1383 887 1451 pollicetur
925 1384 1076 1438 nobis
1118 1385 1255 1438 Deus
1285 1384 1423 1453 quod
1464 1383 1622 1437 futuri
1656 1384 1853 1440 simus;
1888 1383 2022 1436 forte

444 1472 563 1527 ideo
590 1473 655 1527 de
685 1474 802 1527 loco
831 1474 929 1527 isto
966 1475 1287 1541 clatnzunus,
1318 1474 1458 1527 Educ
1487 1475 1547 1527 de
1571 1489 1769 1527 carcere
1801 1474 2020 1526 animant

442 1580 627 1618 meam.
656 1567 842 1620 Anima
867 1577 1044 1621 nostra
1072 1584 1164 1636 per
1187 1567 1339 1621 fidem
1361 1577 1414 1623 et
1435 1581 1582 1637 Spem
1609 1567 1658 1620 iu
1681 1568 1891 1620 Clu-isto
1916 1577 2017 1629 est,

446 1658 582 1711 sicut
609 1659 765 1727 paulo
791 1668 914 1714 ante
941 1660 1046 1714 dixi
1078 1677 1091 1711 :
1134 1659 1173 1712 γ
1178 1662 1247 1714 ita
1286 1672 1447 1715 vestra
1483 1660 1773 1714 abscondita
1804 1672 1873 1714 est
1908 1677 2020 1714 cum

445 1747 639 1803 Christo
668 1751 718 1804 in
748 1750 869 1805 Deo.
896 1752 1098 1823 Corpus
1121 1730 1296 1808 autet’n
1324 1763 1560 1807 nostrtnn
1588 1755 1636 1807 iu
1666 1755 1767 1807 isto
1787 1770 2018 1817 carcere,

446 1841 495 1893 in
538 1841 637 1895 isto
678 1843 892 1897 mundo.
933 1843 987 1898 Si
1029 1845 1263 1906 diceret,
1295 1845 1441 1899 Edttc
1478 1845 1544 1899 de
1581 1860 1795 1901 carcere
1830 1862 2020 1912 Corpus

368 1938 373 1945 ‘
447 1948 652 1999 meum;
682 1937 852 1989 securi
884 1937 1247 2006 acciperemus
1274 1952 1541 1992 carcerem
1584 1939 1833 1991 mundum
1890 1938 2019 1990 For-

448 2035 586 2079 tasse
614 2037 785 2079 tamen
825 2038 1040 2097 propter
1074 2029 1246 2097 aliqua
1277 2045 1393 2097 quze
1424 2044 1520 2082 ints
1552 2039 1730 2083 tenent
1760 2029 2016 2082 de~idcria

450 2129 681 2185 terrena,
700 2130 880 2174 contra
908 2136 1024 2191 quas
1054 2121 1312 2176 luctamur
1336 2131 1387 2177 ct
1413 2122 1746 2187 ditnicatuus,
1769 2124 1905 2189 quia,
1940 2121 2020 2172 Vi-

444 2211 537 2262 deo
580 2211 733 2264 aliam
780 2210 935 2283 legem
977 2214 1031 2266 in
1075 2213 1306 2267 membris
1345 2215 1492 2279 meis,
1530 2225 1888 2284 repugnantem
1924 2215 2021 2284 legi

444 2305 623 2358 mentis
650 2321 772 2359 mere
800 2305 973 2376 (Rom.
1001 2322 1091 2371 vu,
1121 2305 1211 2375 23)
1237 2324 1251 2370 ;
1279 2316 1425 2362 recte
1451 2307 1696 2371 dicimus,
1730 2307 1873 2361 Educ
1902 2308 2017 2360 ani-

445 2409 584 2448 mam
617 2412 786 2449 meam
813 2396 879 2451 de
913 2395 1015 2451 hoc
1054 2398 1286 2463 mundo,
1319 2397 1368 2452 id
1406 2408 1519 2462 est,
1560 2398 1626 2451 de
1664 2398 1929 2451 laboribus
1968 2405 2019 2451 ct

445 2488 708 2554 pressaris
739 2487 894 2557 hujus
922 2489 1121 2543 seculi.
1153 2488 1267 2544 Non
1303 2490 1443 2544 enim
1471 2504 1594 2543 caro
1623 2504 1778 2559 quant
1808 2499 1860 2542 tu
1889 2488 2018 2542 fat-i-

444 2577 530 2640 sti,
561 2577 653 2632 sed
682 2580 979 2649 corruptela
1017 2582 1212 2647 carnis,
1241 2589 1293 2636 et
1322 2595 1603 2650 pressurae,
1629 2589 1682 2634 et
1708 2580 2019 2634 tentationes

443 2685 626 2723 carter
651 2669 776 2724 inibi
802 2681 944 2726 sunt.

516 2762 601 2817 18.
632 2762 804 2833 Aliqui
831 2773 1006 2817 autem
1039 2763 1283 2819 dixerunt
1311 2780 1574 2820 carcerem
1611 2764 1766 2820 istum
1804 2773 1858 2819 et
1891 2778 2015 2833 spe-

446 2851 656 2905 luncam
702 2866 892 2921 corpus
924 2852 1023 2907 hoc
1051 2870 1187 2917 esse,
1219 2863 1276 2908 ιιι
1300 2854 1398 2908 hoc
1423 2856 1523 2921 sit,
1549 2853 1695 2908 Educ
1726 2854 1788 2907 de
1820 2870 2017 2908 carcere

444 2946 666 2998 animam
687 2962 865 3002 meam.
894 2944 1000 3001 Sed
1021 2956 1074 3002 et
1095 2947 1191 3003 iste
1218 2947 1517 3002 intellectus
1544 2947 1749 3001 vacillat
1774 2947 2014 3017 aliquan-

445 3050 579 3095 tum.
611 3038 745 3107 Quid
792 3040 933 3095 enim
985 3056 1233 3111 magnum
1260 3083 1275 3106 ,
1305 3039 1453 3094 Educ
1481 3040 1544 3095 de
1570 3056 1768 3094 carcere
1792 3040 2013 3093 animam

444 3148 639 3196 nteant,
671 3131 817 3186 Educ
859 3131 926 3186 de
970 3146 1194 3201 corpore
1236 3132 1463 3186 animam
1503 3132 1719 3187 meam?
1750 3131 2010 3185 latronum

443 3224 633 3275 anima:
658 3232 711 3277 et
735 3224 1114 3279 sceleratorum
1155 3239 1334 3279 nonne
1367 3232 1562 3279 exeunt
1586 3223 1653 3278 de
1688 3230 1935 3293 corpore,
1962 3231 2015 3275 et

440 3323 570 3367 eunt
608 3313 659 3366 iu
704 3314 911 3382 pejores
941 3328 1121 3381 paruas
1158 3329 1314 3383 quam
1359 3313 1446 3368 hic
1490 3314 1836 3381 pertulerunt.
1878 3310 2012 3378 Quid

442 3419 569 3471 ergo
598 3417 843 3471 magnum
870 3403 1082 3473 petitur,
1106 3402 1247 3456 Educ
1264 3403 1328 3455 de
1359 3418 1558 3456 carcere
1580 3403 1801 3454 animam
1829 3418 2015 3464 meam;

443 3510 562 3544 cum
600 3492 714 3547 sive
744 3506 867 3547 sero
888 3533 903 3555 ,
934 3493 1049 3547 sive
1092 3492 1199 3547 cito
1222 3535 1236 3557 ,
1266 3506 1483 3546 necesse
1520 3493 1590 3546 sit
1631 3492 1815 3547 exire?
1856 3490 2013 3545 Forte

439 3585 613 3653 justus
660 3582 825 3638 dicit:
855 3583 971 3638 Jam
1005 3583 1232 3648 moriar;
1260 3582 1395 3639 educ
1425 3583 1492 3638 de
1519 3597 1735 3637 carcere
1764 3582 1864 3636 isto
1893 3596 2013 3637 eor--

445 3675 585 3743 poris
630 3675 860 3730 animam
902 3663 1093 3729 meam.
1125 3676 1180 3731 Si
1224 3675 1381 3729 nimis
1416 3673 1668 3741 festinat,
1697 3689 1802 3728 non
1857 3673 2013 3728 habet

442 3766 773 3821 cltaritatem.
807 3765 1119 3821 Desiderare
1147 3766 1359 3835 quidem
1390 3765 1489 3819 hoc
1532 3764 1687 3818 debet
1728 3774 1782 3818 et
1819 3779 2015 3818 concu-

444 3859 647 3925 piscere
669 3858 851 3922 ,-sicut
888 3856 1172 3926 Apostolus
1197 3856 1306 3910 ait:
1337 3855 1799 3922 Coucupiscentiam
1826 3855 2011 3908 habens

441 3949 644 4002 dissolvi
672 3957 718 4003 et
744 3964 847 4003 esse
880 3965 991 4002 cum
1009 3946 1239 4012 Christo;
1256 3946 1410 4001 multo
1436 3950 1566 4000 enim
1592 3948 1750 4018 magis
1771 3948 2013 4015 optimum

440 4040 695 4111 (Philipp.
717 4057 754 4105 t,
771 4038 1087 4110 25,24).Sed
1103 4040 1189 4094 ubi
1211 4050 1292 4094 est
1311 4039 1579 4094 Charitas?
1596 4040 1733 4109 Ergo
1751 4038 2013 4109 sequitur,
2032 4086 2038 4093 .

444 4132 650 4185 Mancre
665 4132 716 4186 in
738 4148 887 4187 carne
906 4134 1239 4187 necessarium
1255 4142 1459 4202 prapter
1472 4147 1576 4185 vos.
1598 4132 1670 4185 De
1690 4146 1914 4200 corpore
1932 4148 2014 4184 er-

452 4240 511 4285 to
528 4224 717 4278 educat
741 4224 897 4291 Deus,
925 4224 1135 4295 quando
1152 4224 1393 4278 voluerit.
1418 4222 1716 4278 Possctdici
1748 4234 1801 4276 et
1819 4238 2011 4290 cttt‘ptts

444 4325 684 4367 ttustt'llttl
715 4330 918 4385 carcer,
953 4315 1197 4385 nonquia
1224 4329 1409 4367 carcer
1433 4323 1515 4367 est
1543 4314 1680 4383 quod
1711 4312 1772 4367 fet
1793 4314 1830 4366 it
1852 4313 2008 4376 Deus,

444 4407 535 4460 sed
558 4407 676 4475 quia
712 4380 916 4485 poenali:
941 4408 1254 4463 ctmortale.
1302 4407 1412 4461 Duo
1438 4408 1580 4461 enim
1627 4405 2007 4460 coasiderauda

440 4506 564 4550 situt
613 4497 664 4551 in
705 4484 887 4581 upstio
933 4512 1197 4565 corpore;
1233 4498 1540 4567 figmentum
1588 4496 1717 4561 Dei,
1764 4507 1817 4550 et
1858 4510 2011 4565 poena

442 4590 637 4643 meriti.
664 4564 793 4644 Trita
838 4590 937 4644 ista
985 4588 1152 4643 forma
1179 4630 1194 4653 ,
1237 4598 1405 4642 status
1429 4628 1444 4652 ,
1474 4589 1740 4652 incessus,
1772 4587 2009 4642 membra

430 4679 681 4759 ‘ordiuata
703 4722 719 4745 ,
768 4696 1021 4736 sensuum
1072 4679 1449 4748 dispositiones
1473 4721 1488 4745 ,
1537 4678 1717 4733 videre
1742 4720 1756 4745 ,
1788 4679 2006 4745 audire,

441 4771 704 4845 olfacere,
736 4784 948 4845 gustare
968 4816 982 4839 ,
1008 4773 1352 4842 contingere;
1384 4771 1557 4825 omnis
1604 4771 1715 4824 Ita-e
1758 4786 2014 4840 compago

440 4868 495 4939 et
543 4842 755 4911 (ςιιιὲιέιιέ
782 4860 1081 4925 distinctio,
1111 4874 1213 4911 non
1241 4856 1404 4927 potuit
1434 4856 1545 4913 fieri
1576 4856 1673 4908 nisi
1697 4872 1725 4908 a
1752 4854 1891 4916 Deo,
1921 4856 2007 4924 qui

414 4926 614 5004 "omnia
656 4960 904 5018 cpe-ratus
933 4961 1045 5012 est,
1078 4951 1312 5005 etelesua
1340 4990 1354 5012 ,
1388 4952 1692 5017 terrestria,
1721 4965 1924 5004 summa
1956 4960 2010 5004 et

439 5043 543 5097 iut‘t
570 5083 586 5107 ,
618 5040 840 5096 visibilia
883 5050 937 5096 et
983 5042 1281 5095 invisibilia.
1337 5039 1471 5107 Quid
1516 5056 1643 5110 ergo
1696 5041 1764 5095 ibi
1803 5041 2009 5109 pceuale

437 5132 727 5189 nostrum?
781 5132 930 5200 Qttod
981 5131 1335 5200 corruptibilis
1378 5146 1538 5198 caro,
1584 5132 1720 5202 quod
1774 5130 2007 5202 fragilis,

438 5229 578 5300 quod
626 5228 885 5287 mortalis.
911 5231 1049 5296 quot
1079 5225 1355 5294 indigens:
1387 5224 1486 5279 hoc
1513 5241 1615 5278 non
1662 5225 1764 5279 erit
1794 5226 1844 5277 in
1875 5241 2008 5293 pra--

439 5323 566 5376 tnio.
590 5320 704 5375 Non
730 5320 870 5373 cuitu
896 5333 1089 5386 corpus
1114 5333 1216 5369 non
1241 5316 1363 5381 erit,
1384 5331 1503 5370 cum
1534 5331 1725 5385 corpus
1747 5324 2002 5384 resurgat.

437 5414 543 5468 Sed
564 5412 687 5484 quid
717 5412 786 5466 ibi
827 5426 931 5465 non
960 5412 1103 5465 erit?
1130 5409 1411 5477 Corruptio
1443 5426 1454 5461 :
1484 5410 1826 5477 corruptibile
1865 5411 2006 5462 enim

443 5504 544 5558 hoc
592 5504 773 5559 induet
823 5501 1270 5572 incorruptionem
1303 5498 1353 5575 (,l
1377 5498 1493 5555 Car.
1524 5517 1609 5566 av,
1632 5500 1745 5571 55).
1778 5502 1914 5571 Ergo
1962 5502 2004 5555 si

435 5609 563 5648 caro
589 5595 679 5647 tibi
705 5610 889 5650 carcer
917 5606 997 5649 est
1017 5636 1031 5658 ,
1064 5609 1168 5647 non
1198 5607 1389 5661 corpus
1412 5603 1493 5646 est
1513 5608 1696 5647 carcer
1727 5605 1845 5647 tuus
1863 5633 1879 5651 .
1913 5596 2004 5647 scd

436 5688 708 5755 corruptio
734 5688 971 5757 corporis
1000 5687 1091 5739 ttti.
1119 5684 1321 5753 Corpus
1348 5686 1488 5737 enim
1536 5696 1680 5738 tuum
1710 5685 1831 5738 fecit
1871 5687 2007 5737 iuius

435 5781 629 5837 bonum
656 5821 670 5846 ,
700 5779 819 5850 quia
854 5780 1020 5831 bonus
1043 5790 1155 5842 est;
1190 5775 1582 5844 corruptionem
1615 5777 1785 5831 intulit
1805 5779 1998 5845 justus,

1676 345 1729 399 s.
1772 320 2133 398 AUGUSTIS'i
2178 340 2473 399 EI’lSCOPl

3564 351 3697 406 134$

2135 454 2253 523 quia
2273 456 2435 522 judcx
2467 469 2579 512 cst:
2605 460 2728 513 illud
2758 460 2917 517 habes
2931 460 2994 515 de
3011 460 3290 525 beneficio,
3309 460 3431 514 illttd
3454 459 3618 515 habes
3641 464 3711 517 de

2129 550 2410 618 supplicio.
2445 551 2554 606 lloc
2595 568 2722 619 ergo
2767 556 2899 607 forte
2922 552 3071 619 dixit,
3103 553 3244 606 Educ
3269 554 3329 606 de
3350 570 3551 606 carcere
3577 572 3689 606 am-

2133 657 2264 694 mum
2286 659 2463 697 meum.
2486 645 2633 697 Educ
2656 646 2721 698 de
2738 647 3074 714 cortuptione
3094 645 3324 699 animam
3345 645 3600 700 incatn.Si
3620 648 3699 700 sit:

2127 732 2500 809 intelligamus,
2524 752 2626 789 non
2655 747 2735 789 cst
2760 738 3113 807 blasphemia;
3140 738 3439 791 intellectus
3461 748 3700 792 constat.

2199 824 2287 878 19.
2325 826 2401 880 Ad
2451 839 2783 892 extremum,
2836 824 3056 892 fratres,
3101 829 3235 881 sicut
3289 830 3550 893 arbitror,
3600 831 3705 883 hoc

2125 916 2277 983 dixit,
2309 917 2454 971 Educ
2487 921 2548 972 de
2566 937 2768 975 carcere
2805 922 3029 974 minuam
3059 938 3239 985 mrum,
3269 922 3413 975 Educ
3441 922 3510 975 ab
3534 938 3699 990 angu.

2123 1009 2246 1061 stia.
2281 1007 2542 1066 Gaudenti
2584 1012 2725 1066 enim.
2776 1011 2977 1066 homini
3024 1023 3077 1065 et
3116 1026 3299 1066 carcer
3339 1012 3477 1065 latus
3500 1021 3613 1076 est,
3649 1023 3704 1064 et

2127 1100 2262 1159 tristi
2315 1112 2517 1168 pratum
2569 1114 2850 1173 augustum
2893 1113 2997 1157 est.
3027 1103 3164 1173 Ergo
3203 1112 3319 1156 orat
3364 1120 3423 1157 se
3449 1103 3602 1158 educi
3632 1103 3707 1155 ab

2124 1194 2386 1261 angustia.
2416 1195 2667 1261 Quamvis
2692 1195 2832 1248 enim
2877 1194 2929 1248 itt
2972 1210 3067 1265 spe
3108 1195 3439 1249 latitudinem
3468 1195 3661 1249 habeat
3683 1235 3703 1260 ,

2126 1284 2178 1338 ia
2208 1301 2265 1337 re
2296 1293 2469 1339 tamen
2500 1286 2744 1353 prtesenti
2790 1295 3121 1354 angustatur.
3164 1284 3393 1339 Attende
3429 1287 3705 1356 angustias

2125 1374 2365 1443 Aposmli
2396 1393 2408 1428 :
2442 1374 2561 1428 Non
2586 1375 2736 1429 habui
2764 1376 2981 1446 requiem
3003 1376 3185 1444 spiritu
3216 1392 3324 1428 meo
3346 1417 3360 1439 ,
3391 1375 3553 1441 dixit;
3582 1376 3705 1445 quia

2124 1482 2223 1519 non
2262 1466 2427 1519 iuveni
2471 1466 2637 1520 Titum
2683 1472 2888 1538 fratrem
2930 1484 3094 1522 meum
3118 1467 3182 1538 (ll
3210 1466 3327 1522 Cor.
3360 1484 3416 1530 tt,
3447 1468 3559 1537 i3).
3582 1469 3705 1522 A'io
3752 1458 3757 1461 ’

2124 1555 2243 1611 loco
2272 1574 2283 1608 :
2313 1556 2441 1623 Quis
2474 1558 2778 1626 inﬁrmatur,
2809 1569 2855 1612 et
2885 1576 2973 1629 ego
2995 1576 3096 1612 non
3124 1560 3395 1626 infirmor?
3416 1561 3525 1628 quis
3548 1577 3705 1614 scatt-

2126 1650 2393 1715 dalizatur,
2422 1661 2467 1704 et
2497 1669 2587 1721 ego
2613 1668 2711 1704 non
2734 1669 2852 1705 uror
2879 1651 3069 1722 (Idm,
3090 1651 3221 1722 29)?
3244 1651 3344 1719 Qui
3372 1668 3499 1723 ergo
3526 1664 3574 1706 et
3619 1654 3709 1705 in-

2129 1740 2442 1794 tirtnabatur
2478 1752 2527 1795 et
2559 1742 2828 1807 Urebatur,
2867 1757 3041 1796 nonne
3086 1742 3136 1795 in
3176 1743 3347 1811 pomis
3399 1751 3454 1795 et
3484 1757 3710 1795 carcere

2125 1830 2283 1884 erat?
2311 1830 2412 1886 Sed
2446 1832 2558 1883 ista:
2609 1847 2776 1900 pmuze
2822 1849 2882 1885 ex
2922 1818 3186 1886 'cbaritate
3235 1846 3484 1886 coronant
3522 1844 3708 1901 parti:-

2126 1924 2285 1975 riunt.
2314 1922 2461 1978 Unde
2483 1923 2671 1976 iterum
2693 1925 2821 1977 dicit
2850 1942 2861 1975 :
2896 1924 3135 1994 Superest
3163 1925 3285 1977 mihi
3327 1940 3512 1977 corona
3542 1926 3708 1993 justi-

2124 2013 2207 2066 tite
2229 2054 2244 2074 ,
2286 2031 2436 2081 quant
2457 2015 2627 2069 reddet
2648 2016 2770 2069 mihi
2791 2015 3035 2069 Dominus
3066 2017 3116 2068 iu
3143 2018 3231 2070 illa
3255 2015 3520 2085 diejustus
3532 2016 3709 2085 βιαία

2125 2102 2190 2173 (ll
2208 2101 2341 2156 Tim.
2366 2120 2434 2169 tv,
2464 2104 2537 2173 8).
2572 2105 2649 2158 Ad
2678 2105 2777 2159 hoc
2803 2105 2976 2175 valet,
3010 2104 3152 2158 Educ
3171 2108 3233 2159 de
3257 2122 3454 2159 carcere
3476 2107 3709 2158 animum

2125 2211 2283 2246 meam
2305 2234 2320 2260 ,
2351 2205 2406 2247 ut
2430 2197 2727 2263 confiteatur
2765 2198 2955 2250 nomini
2979 2209 3083 2251 tuo.
3111 2198 3225 2253 iam
3252 2199 3437 2253 educta
3477 2200 3545 2252 de
3572 2213 3705 2252 eor-

2126 2286 2391 2355 ruptione,
2418 2286 2543 2355 quid
2569 2286 2728 2342 habet
2752 2287 3037 2343 conﬁteri?
3065 2289 3286 2343 Pecmta
3326 2288 3395 2342 ibi
3424 2305 3524 2341 non
3550 2300 3701 2348 sunt.

2123 2376 2217 2429 sed
2245 2376 2428 2431 laudes
2448 2386 2573 2431 sunt
2598 2396 2610 2431 :
2640 2377 2846 2434 duobus
2888 2389 3063 2432 autem
3103 2380 3272 2433 modis
3313 2380 3579 2433 confessio
3618 2381 3707 2432 in-

2126 2465 2403 2533 telligitur,
2431 2467 2565 2520 et'in
2590 2468 2818 2535 peccatis
2861 2469 3058 2523 nostris
3077 2511 3091 2534 ,
3116 2477 3169 2522 et
3215 2468 3266 2522 in
3308 2469 3462 2523 laude
3492 2470 3606 2524 Dei.
3638 2468 3703 2523 In

2125 2557 2355 2625 peccatis
2392 2559 2589 2612 nostris
2624 2568 2745 2612 nota
2771 2568 2857 2613 est
2879 2558 3145 2614 confessio
3170 2603 3185 2626 ,
3219 2570 3272 2615 et
3302 2562 3368 2613 ita
3400 2569 3520 2614 nota
3549 2563 3703 2615 otoni

2125 2650 2353 2718 populo,
2394 2659 2451 2704 ut
2498 2651 2709 2720 quando
2755 2651 2989 2705 auditum
3035 2652 3190 2706 fuerit
3240 2666 3429 2706 nomen
3478 2654 3701 2707 Confes-

2106 2740 2287 2796 'sionis
2316 2742 2367 2795 in
2393 2742 2637 2803 lectione.
2669 2743 2780 2796 sive
2807 2744 2859 2796 in
2887 2743 3042 2797 laude
3063 2743 3289 2810 dicatur,
3317 2744 3436 2798 sive
3467 2745 3532 2798 de
3562 2760 3700 2813 pec-

2121 2832 2253 2887 catis
2289 2832 2525 2898 dioatur,
2560 2842 2774 2888 currant
2812 2835 2967 2904 pugni
3006 2835 3071 2888 ad
3121 2846 3322 2905 pectus.
3367 2835 3560 2889 Nolunt
3612 2846 3702 2893 est

2121 2938 2251 2994 ergo
2293 2939 2485 2979 nomen
2523 2925 2879 2981 confessionis
2907 2927 2975 2982 de
3015 2937 3232 2997 peceato
3264 2945 3276 2980 :
3305 2916 3697 2981 conti-Ssiottmu

2120 3015 2173 3069 in
2205 3014 2360 3069 laude
2400 3032 2721 3085 qumt‘amus.
2763 3017 2859 3074 Ubi
2896 3019 3229 3073 invenimus?
3255 3019 3428 3073 liabes
3463 3020 3513 3072 iu
3544 3020 3700 3074 Scri-

2122 3108 2288 3176 pturis
2308 3126 2319 3160 :
2343 3106 2408 3160 Et
2430 3108 2535 3162 [nec
2550 3109 2724 3162 dicetis
2745 3111 2797 3163 in
2822 3110 3153 3179 confessione,
3180 3108 3346 3180 Opera
3365 3108 3699 3164 Dominiuui-

2119 3215 2257 3253 versa
2272 3201 2506 3269 quoniam
2533 3201 2661 3254 bona
2683 3201 2826 3255 valde
2844 3200 3033 3272 (Eccti.
3052 3218 3231 3266 xxxu,
3249 3201 3318 3256 20
3338 3211 3383 3254 et
3402 3201 3516 3273 2i).
3550 3202 3698 3272 Ergo

2119 3291 2205 3345 hic
2223 3291 2488 3347 confessio
2513 3293 2682 3347 laudis
2707 3303 2809 3350 est.
2832 3294 2952 3347 Alio
2978 3294 3095 3348 loco
3117 3295 3228 3363 ipse
3254 3294 3505 3349 Dominus
3522 3297 3650 3350 dicit
3680 3314 3696 3349 :

2119 3381 2371 3449 Conﬁteor
2391 3382 2511 3449 tibi,
2542 3382 2717 3447 Pater,
2752 3384 2965 3438 Domine
2989 3386 3099 3438 caeli
3126 3396 3172 3439 et
3201 3396 3362 3440 terrae.
3392 3386 3528 3454 Quid
3559 3403 3701 3441 eon-

2122 3473 2407 3527 litebatur?
2434 3475 2687 3545 numquid
2734 3485 2945 3544 peccata
2969 3477 2992 3529 ?
3021 3476 3215 3532 Christi
3256 3494 3381 3548 ergo
3408 3478 3648 3533 confiteri
3675 3522 3695 3546 ,

2118 3576 2231 3618 erat
2278 3566 2510 3621 laudare.
2546 3567 2613 3621 Et
2652 3569 2772 3622 audi
2813 3569 3019 3624 laudem
3066 3569 3236 3625 Patris
3266 3587 3280 3623 :
3315 3569 3445 3636 Quia
3482 3570 3698 3624 abscon-

2118 3657 2237 3711 dtsti
2262 3656 2398 3721 hcce,
2429 3658 2631 3729 inquit,
2663 3675 2694 3711 a
2714 3659 3020 3729 sapientibus
3038 3670 3084 3713 et
3112 3659 3456 3729 prudentibus,
3484 3670 3529 3713 et
3555 3677 3701 3714 rere-

2120 3747 2235 3801 tosti
2270 3764 2330 3801 ea
2360 3750 2579 3817 parvulis
2608 3749 2815 3819 (Matth,
2836 3766 2907 3813 xi,
2929 3751 3045 3821 25).
3075 3752 3208 3817 Quia
3239 3766 3366 3821 ergo
3394 3762 3514 3819 post
3561 3752 3696 3806 istas

2116 3841 2474 3909 corruptionis
2523 3843 2792 3911 angustias
2822 3845 2837 3874 ¹
2871 3841 3224 3898 habitabimus
3259 3844 3312 3897 in
3354 3843 3515 3898 domo
3553 3843 3695 3909 Dei,

2121 3943 2226 3983 tota
2259 3933 2362 3985 vita
2392 3943 2566 3987 nostra
2596 3948 2699 3987 non
2729 3935 2832 3988 erit
2860 3934 2960 3988 nisi
2993 3935 3104 3988 laus
3139 3937 3248 3988 Dei.
3280 3934 3396 3989 Jam
3422 3949 3568 4004 smpe
3594 3950 3697 3987 vo-

2119 4020 2199 4075 bis
2242 4023 2536 4089 expositum
2568 4033 2645 4077 est
2676 4026 2795 4093 quia
2828 4024 3110 4080 recedente
3156 4026 3473 4080 necessitate
3509 4027 3696 4079 omnia

2122 4112 2326 4181 negotia
2377 4113 2707 4166 necessitatis
2762 4113 3114 4178 intercidunt;
3145 4116 3392 4182 quoniam
3430 4130 3533 4168 non
3589 4117 3699 4177 erit

2119 4204 2245 4273 quid
2277 4203 2348 4258 ibi
2378 4219 2596 4273 agamus
2629 4204 2724 4277 (α).
2754 4206 2867 4260 Non
2899 4206 3016 4261 dico
3042 4206 3128 4262 die
3162 4221 3224 4261 ac
3254 4216 3437 4272 nocte,
3466 4207 3553 4260 tibi
3584 4223 3693 4261 nox

2122 4313 2225 4350 non
2256 4306 2369 4359 est;
2398 4297 2489 4350 scd
2523 4307 2631 4351 toto
2664 4297 2752 4351 die
2772 4341 2785 4359 ,
2814 4314 2935 4352 cum
2989 4313 3125 4352 unus
3160 4297 3273 4351 dies
3302 4307 3416 4361 est,
3441 4313 3546 4351 non
3588 4301 3699 4352 erit

2119 4389 2245 4459 quid
2278 4390 2348 4445 ibi
2378 4405 2615 4460 agamus,
2640 4392 2738 4444 nisi
2768 4391 3044 4446 laudemus
3065 4406 3220 4461 quem
3248 4390 3531 4461 diligimus,
3565 4389 3696 4460 quia

2122 4490 2246 4535 tunc
2273 4491 2327 4536 et
2350 4482 2663 4538 videbimus.
2711 4483 2863 4538 Modo
2891 4499 2993 4538 non
3023 4466 3189 4538 visunt
3219 4483 3610 4547 desideramus,
3634 4495 3698 4540 et

2120 4572 2428 4639 laudamus;
2460 4584 2585 4629 tunc
2612 4576 2782 4629 visum
2808 4576 2947 4646 quod
2972 4590 3213 4629 amamus
3233 4616 3247 4638 ,
3275 4575 3541 4643 quomodo
3573 4575 3696 4629 lau-

2118 4665 2525 4721 dabimus?'Sine
2548 4666 2651 4721 ﬁne
2673 4667 2773 4721 erit
2799 4667 2933 4726 laus.
2951 4668 3071 4736 quia
3098 4667 3211 4721 sine
3240 4667 3343 4721 fine
3364 4682 3533 4720 amor.
3554 4668 3695 4733 Quia

2119 4773 2245 4827 ergo
2277 4757 2377 4812 hoc
2414 4757 2482 4812 ibi
2521 4773 2772 4828 agemus,
2803 4758 2920 4812 ideo
2957 4759 3082 4811 educ
3120 4760 3185 4812 de
3221 4774 3419 4812 carcere
3464 4760 3694 4811 animum

2119 4868 2281 4904 meum
2300 4893 2316 4915 ,
2346 4860 2400 4904 ut
2419 4853 2718 4921 conﬁteatur
2741 4851 2932 4905 nomini
2958 4861 3061 4904 tuo.
3087 4850 3233 4905 Beati
3257 4852 3397 4905 enim
3420 4850 3507 4919 qui
3541 4851 3698 4904 habi-

2117 4952 2235 4999 tant
2264 4945 2314 4999 in
2341 4943 2501 4998 domo
2542 4953 2667 5007 tua;
2712 4945 2763 4997 in
2795 4945 2987 4997 sa‘cula
3039 4944 3351 4997 surculorum
3403 4940 3696 4995 laudabunt

2120 5044 2170 5090 te
2216 5035 2389 5102 (Psul.
2426 5050 2661 5099 Luxut,
2705 5036 2780 5103 5).
2838 5033 2990 5088 Modo
3040 5032 3257 5100 impedit
3306 5047 3521 5097 carcer,
3565 5031 3690 5101 quia

2114 5143 2296 5198 corpus
2325 5126 2462 5196 quod
2499 5128 2865 5193 corrumpitur,
2891 5134 3130 5195 aggravat
3164 5124 3385 5177 animam
3415 5122 3571 5194 (Ser.
3613 5139 3689 5188 Ix,

2118 5219 2230 5284 15).
2263 5217 2377 5273 Non
2406 5233 2599 5287 Corpus
2643 5226 2891 5287 aggravat
2928 5217 3155 5269 animam
3184 5216 3329 5283 (nam
3357 5225 3408 5268 et
3430 5223 3554 5267 tunc
3588 5213 3688 5267 ha-

2119 5310 2363 5363 lucinatus
2379 5311 2619 5379 corpus);
2638 5308 2730 5363 sed
2758 5324 2938 5377 corpus
2962 5308 3096 5378 quod
3116 5308 3455 5373 corrumpitur
3470 5309 3513 5358 ‘.
3540 5306 3689 5375 Ergo

2115 5416 2379 5457 earccrem
2425 5400 2549 5454 facit
2593 5416 2694 5453 non
2722 5414 2947 5468 corpus,
2975 5396 3068 5453 sed
3110 5399 3401 5467 corruptio.
3435 5395 3581 5451 Educ
3624 5398 3690 5452 de

2178 5542 2195 5573 ι
2219 5541 2290 5588 sic
2313 5546 2416 5586 Mss.
2443 5544 2497 5583 Αι
2518 5541 2589 5583 Fr.
2616 5540 2667 5582 et
2688 5539 2820 5588 Ima.
2852 5531 3176 5594 corruptione:
3196 5535 3438 5594 angustas.

2176 5606 2194 5632 ²
2218 5604 2290 5649 Sic
2313 5611 2409 5647 Αιιι.
2439 5606 2489 5646 et
2514 5597 2678 5658 plures
2702 5603 2803 5643 Mss.
2841 5602 2895 5643 At
2930 5592 3038 5643 (ω.
3062 5606 3170 5642 etuti
3194 5592 3378 5653 aliquot
3401 5599 3503 5660 διεδ.
3522 5598 3683 5660 {sane

2112 5677 2285 5722 corpus
2320 5654 2548 5723 agqrtmit
2572 5660 2780 5723 muniant
2811 5668 2969 5705 meam
3004 5667 3023 5704 :
3055 5667 3168 5723 nam
3199 5660 3245 5704 et
3271 5662 3382 5703 tunc
3411 5654 3685 5703 haecum

2113 5714 2302 5785 Corpus,
2320 5714 2403 5769 sed
2427 5732 2597 5785 corpus
2620 5718 2744 5785 quod
2769 5731 2861 5766 non
2882 5714 3223 5779 corrumpitur.

2177 5779 2249 5846 (lt)
2274 5794 2437 5845 Supra,
2462 5779 2517 5830 in'
2533 5779 2648 5829 t‘sal.
2673 5792 2871 5829 (χχχιιι.
