4042 6202
285 339 419 392 {Siti

279 480 484 518 arcere
506 464 725 514 animum
756 479 911 516 tttt‘Itttt
931 503 945 527 ,
976 471 1025 514 ut
1055 462 1348 529 conﬁteatur
1377 457 1564 512 nomini
1596 467 1699 508 tuo.
1729 452 1842 507 Jant

278 572 379 609 \‘ttX
414 570 530 622 qum
578 555 845 623 sequitur,
878 571 938 607 ex
990 554 1159 621 capite
1202 562 1383 610 sonat.
1426 546 1630 602 Domini
1682 544 1845 598 nostri

278 646 404 700 Jesu
431 642 645 696 Christi.
679 644 741 695 lit
769 652 847 697 est
877 643 993 696 talis
1015 643 1124 710 ipsa
1144 685 1157 705 ,
1176 642 1344 709 qualis
1376 641 1616 693 hesterna
1641 636 1844 690 ultima.

281 737 536 792 Hesterna
561 736 701 788 enim
730 736 908 788 ultima
934 777 946 795 .
981 736 1023 789 si
1054 735 1403 797 meministis,
1428 734 1540 786 lt:er
1569 732 1662 786 fuit
1688 751 1701 783 :
1732 732 1846 785 Siu-

279 827 475 897 gularis
511 842 598 896 ego
639 843 782 889 sum,
823 826 978 878 donec
1019 837 1270 879 transeam
1300 825 1468 895 (I’sal.
1494 840 1611 888 CXL,
1640 824 1746 892 10).
1785 824 1847 875 lit

283 918 366 972 hic
405 935 519 984 qua:
552 926 632 970 est
661 918 882 970 ultima?
912 918 994 973 ille
1014 919 1324 972 sustinebunt
1343 919 1497 988 justi,
1529 917 1849 985 quoadusque

280 1010 529 1063 retrisz
551 1008 694 1062 mihi.

664 1215 744 1276 IN
790 1215 924 1276 PSA
934 1217 1161 1277 LMUM
1204 1216 1421 1275 CXLII

873 1336 1282 1392 EN.\IlliATl0.

799 1466 968 1505 SERHO
999 1467 1062 1504 AD
1094 1465 1344 1503 ουριίλτιι.

357 1570 404 1621 1.
442 1570 510 1620 De
539 1567 740 1635 pSulttm
764 1584 917 1633 quem
949 1567 1275 1618 cautavituus
1303 1566 1340 1628 ‘,
1366 1563 1551 1631 loquar
1574 1562 1712 1629 qttud
1749 1562 1850 1614 Do-

290 1661 463 1712 minus
489 1659 712 1720 dederit,
732 1656 982 1711 Churitati
1003 1666 1207 1708 vestrm.
1232 1653 1489 1707 llesteruo
1515 1652 1598 1705 die
1621 1652 1851 1720 psalmus

291 1751 501 1802 brevior
531 1749 873 1810 tractabatur,
895 1746 987 1799 sed
1034 1745 1257 1814 Spatium
1293 1747 1542 1812 temporis
1572 1742 1728 1795 dabat
1757 1757 1848 1793 no—

291 1841 371 1893 his
417 1838 622 1908 copiam
678 1838 835 1891 etiam
881 1838 949 1891 de
1000 1835 1181 1907 paucis
1226 1835 1384 1889 multa
1430 1833 1637 1887 dicendi
1673 1850 1684 1884 :
1714 1846 1853 1886 nunc

287 1932 537 1999 quandam
564 1930 818 1998 prolixior
845 1930 1074 1998 psalmus
1102 1939 1182 1982 est
1202 1970 1216 1992 ,
1242 1944 1345 1981 non
1375 1927 1629 1981 debemus
1651 1936 1849 1983 tantum

297 2023 347 2073 in
373 2019 591 2090 singulis
617 2019 854 2072 versibus
884 2020 1186 2082 immorari;
1211 2035 1277 2071 ne
1304 2018 1437 2071 forte
1467 2033 1572 2070 non
1598 2016 1855 2071 concedat

292 2112 543 2164 Dominus
565 2109 863 2164 facultatem
889 2151 903 2174 ,
936 2120 990 2161 ut
1021 2118 1184 2161 totum
1215 2122 1468 2177 peragere
1495 2108 1781 2160 vnleamus.

359 2203 410 2254 “2.
447 2200 595 2274 [rem
622 2199 695 2272 L]
722 2200 926 2254 Titulus
953 2198 1143 2253 Psalmi
1171 2209 1250 2252 est
1270 2240 1285 2263 ,
1319 2197 1429 2268 Ipsi
1455 2197 1854 2267 David,quando

290 2308 402 2355 cunt
428 2290 565 2356 ﬁlius
594 2307 714 2344 suus
740 2290 1139 2359 persequebatur.
1175 2289 1229 2343 ln
1258 2289 1553 2358 llcgnorum
1587 2287 1734 2342 libris
1762 2306 1859 2341 no-

290 2381 464 2432 vimus
493 2383 593 2431 hoc
624 2377 819 2432 factum
848 2394 967 2432 esse
991 2419 1004 2441 ,
1034 2377 1299 2432 exstitisse
1331 2378 1597 2430 inimicum
1628 2360 1854 2430 Abessa-

295 2471 380 2521 loa
411 2471 541 2537 patri
565 2484 681 2532 suo,
704 2469 1138 2537 gessisse’contra
1170 2469 1312 2521 illum
1343 2484 1446 2521 non
1478 2470 1646 2522 solum
1677 2471 1853 2530 civile,

296 2575 476 2611 verum
517 2557 673 2612 etiam
713 2557 1056 2612 domesticum
1098 2558 1331 2612 bellum:
1364 2558 1509 2613 illum
1547 2571 1718 2613 autem
1751 2576 1855 2614 non

294 2649 557 2716 dejectqu
606 2649 819 2718 inique,
850 2648 942 2703 sed
996 2647 1324 2725 humiliatum
1370 2651 1484 2717 pie,
1517 2651 1781 2719 accepisse
1825 2667 1856 2705 a

299 2741 520 2792 liontino
576 2740 946 2809 disciplinam;
996 2741 1308 2794 sustinuisse
1348 2742 1701 2805 medicinam,
1752 2759 1858 2798 non

297 2831 674 2885 retrihuentem
710 2831 972 2899 iniquitati
997 2831 1348 2899 iniquitatem.
1378 2832 1469 2884 sed
1495 2843 1735 2901 paratum
1766 2849 1859 2886 cor

297 2919 542 2975 habuisse
572 2922 637 2975 ad
685 2922 1005 2992 sequendam
1036 2922 1239 2975 lloutini
1284 2924 1689 2995 voluntatcm(ll
1732 2926 1855 2995 Reg.

297 3029 384 3077 xv,
422 3016 552 3082 xu).
580 3012 671 3068 Ille
704 3014 862 3067 David
914 3015 982 3068 ita
1036 3014 1313 3068 laudabilis
1347 3033 1360 3069 :
1392 3014 1481 3069 sed
1522 3016 1656 3070 alius
1697 3018 1857 3071 David

297 3118 420 3157 vere
448 3104 603 3158 Manu
628 3104 797 3166 fortis,
821 3106 958 3173 quod
981 3105 1354 3173 interpretatur
1387 3105 1580 3174 David,
1610 3107 1860 3162 Dominus

298 3207 479 3249 noster
507 3195 660 3249 Jesus
688 3195 929 3250 Christus
976 3195 1344 3265 agnoscendus
1384 3203 1465 3250 est
1506 3196 1677 3250 nobis.
1711 3197 1857 3251 Prm-

299 3289 452 3341 terita
478 3288 618 3340 enim
651 3288 735 3341 illa
766 3286 900 3341 meta
939 3287 1117 3357 ﬁgura:
1160 3276 1364 3341 fuerant
1398 3286 1721 3353 futurorum;
1761 3304 1861 3343 nec

297 3379 383 3431 diu
426 3378 904 3431 commendandum
945 3387 1029 3431 est
1066 3378 1203 3446 quod
1256 3393 1397 3447 Su-pe
1441 3378 1689 3442 audistis,
1719 3379 1857 3448 quod

296 3469 776 3537 optime-retinetis.
809 3467 1118 3534 Quaeramus
1149 3482 1275 3538 ergo
1316 3470 1367 3521 in
1391 3467 1490 3522 hoc
1518 3468 1719 3537 psalmo
1746 3469 1852 3522 Do-

298 3562 495 3612 mimnu
526 3569 578 3612 et
601 3558 924 3611 Salvatorem
956 3567 1191 3611 nostrum
1218 3556 1396 3612 Jesum
1433 3558 1697 3612 Christum
1727 3575 1860 3626 pra:-

299 3651 625 3705 nuutiantem
654 3667 711 3703 se
742 3665 835 3718 per
858 3652 991 3702 hanc
1019 3650 1380 3718 prophetiam,
1408 3648 1602 3717 etquid
1631 3649 1859 3702 futurum

300 3752 443 3797 esset
472 3742 522 3795 in
555 3742 654 3794 hoc
685 3751 919 3809 tempore
942 3779 959 3805 ,
991 3755 1085 3808 per
1110 3755 1170 3792 ea
1201 3755 1315 3807 quae
1348 3738 1546 3806 pridem
1577 3737 1708 3790 facta
1739 3747 1862 3791 sunt

298 3834 694 3902 pranlieantem.
724 3832 836 3899 lpse
859 3830 999 3883 enim
1028 3845 1085 3882 se
1116 3830 1168 3882 in
1195 3828 1473 3894 Prophetis
1500 3827 1857 3895 prmdicabat;

298 3926 545 3994 quoniam
598 3923 709 3991 ipse
738 3931 819 3977 est
856 3919 1085 3975 Verbum
1130 3920 1222 3974 Dei
1255 3936 1269 3984 ;
1300 3934 1398 3973 nec
1427 3919 1503 3972 illi
1534 3919 1637 3973 tale
1664 3918 1860 3989 aliquid

298 4016 573 4081 dicebant,
605 4015 703 4068 nisi
755 4013 894 4081 pleni
939 4012 1107 4066 Verbo
1154 4012 1264 4065 Dei.
1318 4011 1708 4065 Annutitiabant
1736 4026 1863 4080 ergo

299 4108 568 4161 Christum
589 4147 605 4171 ,
630 4107 769 4175 pleni
797 4104 1041 4169 Christo;
1069 4112 1123 4158 et
1149 4104 1221 4157 illi
1257 4119 1376 4157 eunt
1407 4115 1686 4158 venturum
1724 4119 1860 4172 pra:-

299 4198 596 4268 m-debant,
622 4212 755 4265 quos
802 4193 1160 4264 pratcedenles
1202 4210 1302 4246 non
1351 4178 1648 4246 deserebat.
1681 4195 1861 4263 Agno-

298 4304 510 4343 svamus
552 4304 678 4357 ergo
704 4285 1144 4357 quemadmodum
1187 4295 1241 4339 et
1273 4284 1540 4337 Christum
1583 4299 1865 4352 perseque-

299 4380 455 4435 batur
503 4379 638 4431 ﬁlius
687 4392 814 4431 suus
846 4395 861 4431 :
894 4376 1117 4431 habebat
1154 4377 1296 4431 enim
1344 4375 1481 4429 ﬁlios
1505 4417 1519 4440 ,
1544 4375 1611 4430 de
1674 4376 1864 4444 quibus

294 4472 545 4535 dicebat,
577 4468 699 4523 Non
717 4469 950 4539 jejunant
992 4468 1085 4537 ﬁlii
1120 4469 1325 4537 sponsi,
1358 4469 1597 4536 quamdiu
1643 4483 1754 4519 cum
1796 4468 1865 4521 eis

299 4571 378 4617 est
402 4578 614 4633 sponsus
638 4576 655 4613 :
680 4576 795 4613 cum
818 4570 983 4612 autem
1013 4558 1073 4610 ab
1094 4559 1163 4610 eis
1186 4559 1383 4611 ablatus
1424 4558 1575 4629 fuerit
1615 4574 1829 4628 sponsus
1849 4601 1862 4620 ,

304 4666 420 4706 tunc
448 4650 752 4723 jejunabunt
779 4651 872 4718 ﬁlii
910 4650 1079 4719 sponsi
1103 4647 1311 4715 (Matth.
1342 4664 1393 4703 ιχ
1414 4688 1429 4713 ,
1466 4647 1574 4718 l5).
1606 4648 1743 4713 Ergo
1775 4648 1863 4701 lilii

302 4744 501 4811 Sponsi,
536 4741 771 4811 Apostoli
805 4758 817 4792 :
847 4748 901 4794 et
943 4741 1077 4794 inter
1106 4739 1203 4793 hos
1230 4748 1534 4806 persecutor
1562 4736 1723 4792 Judas
1755 4738 1869 4790 dia-

304 4818 477 4889 bolus.
504 4833 815 4897 Passionem
840 4831 1012 4900 itaque
1040 4845 1187 4884 suam
1217 4830 1267 4882 in
1305 4828 1403 4882 hoc
1440 4830 1643 4898 psalmo
1674 4828 1865 4898 pradi-

220 4984 229 4991 ,
303 4935 519 4980 caturns
546 4934 627 4978 est
652 4922 927 4986 Christus;
956 4922 1250 4977 audiamus.

376 5021 427 5073 5.
471 5004 673 5071 Rursus
698 5024 874 5069 autem
901 5014 966 5068 ad
999 5015 1098 5068 hoc
1139 5014 1391 5067 intentam
1433 5012 1655 5067 facimus
1679 5013 1869 5067 Chari-

308 5118 467 5163 tatcm
497 5116 748 5170 vestram,
782 5121 884 5157 non
912 5103 1151 5157 docendo
1176 5103 1313 5172 quod
1347 5103 1618 5172 ignoratis,
1650 5104 1742 5156 sed
1773 5103 1868 5155 ad-

306 5198 572 5252 monendo
597 5198 734 5266 quod
781 5195 946 5248 nostis
972 5211 986 5254 ;
1021 5194 1297 5247 Dominum
1328 5201 1382 5246 et
1408 5194 1733 5247 Salvatorem
1774 5209 1871 5246 nn-

308 5299 474 5343 strum
505 5288 680 5342 Jcsum
710 5286 975 5341 Christum
1006 5294 1161 5351 caput
1187 5300 1304 5338 eSse
1334 5285 1572 5354 corporis
1599 5286 1701 5350 sui,
1728 5286 1869 5339 illum

311 5397 471 5435 utunn
512 5380 856 5435 mediatorem
885 5393 1003 5433 esse
1053 5377 1142 5429 Dei
1173 5386 1226 5431 et
1267 5376 1534 5430 hominum
1556 5417 1573 5442 ,
1605 5376 1870 5430 hominem

309 5471 487 5526 Iesum
523 5470 581 5539 (I
614 5470 743 5522 Tim.
790 5485 859 5532 ιι,
900 5468 953 5536 5)
981 5508 994 5531 ,
1028 5477 1204 5520 natum
1240 5483 1302 5520 ex
1344 5467 1577 5535 virgine,
1626 5477 1873 5537 tanquam

315 5564 363 5616 in
410 5562 725 5624 solitudine,
774 5561 909 5612 sicut
956 5559 1005 5611 in
1049 5558 1361 5626 Apocalypsi
1408 5558 1720 5636 audiviums.
1778 5559 1876 5611 l’er

313 5652 645 5708 solittttlitu'm
704 5650 897 5717 quippe
963 5632 1223 5717 arbitror,
1261 5650 1396 5715 quod
1448 5650 1589 5703 solus
1620 5648 1686 5701 ita
1723 5660 1870 5703 natus

378 5772 392 5801 ⁸
422 5766 512 5815 ιλΜ
539 5800 552 5821 ,
570 5764 672 5823 jam
697 5762 881 5823 loquar.
907 5763 1066 5813 Alcst.
1089 5760 1203 5827 jt'n.
1234 5773 1259 5807 ιι
1280 5768 1381 5809 ἴιξεδ.

1376 323 1766 383 ΕΝΑΠΒᾹἸΊΟ
1793 319 1856 375 IN
1896 318 2219 379 I‘SALMUM
2265 323 2462 379 CXLII.

3387 328 3521 385 lSIC

1952 444 2052 486 est.
2083 434 2230 488 llunc
2254 435 2392 490 enim
2436 436 2518 490 illa
2551 438 2739 492 mulier
2766 440 2999 510 peperit.
3042 452 3306 496 recturum
3346 460 3517 515 popu-

1951 525 2058 577 lum
2104 527 2153 578 in
2199 529 2339 597 virga
2391 529 2558 583 ferrea
2598 531 2774 598 (.lpoc.
2810 547 2884 585 χιι
2909 574 2921 595 ,
2978 533 3009 587 5
3041 542 3083 588 ct
3112 534 3205 603 6).
3264 534 3386 589 Ilatc
3419 553 3515 589 an-

1954 624 2057 669 tem
2120 619 2336 682 mulier,
2383 620 2591 689 antiqua
2649 632 2729 677 est
2771 622 2955 677 civitas
3007 625 3129 688 Dei,
3175 626 3241 680 de
3300 645 3398 697 qua
3465 631 3517 683 in

1954 707 2154 773 psalmo
2178 708 2370 761 dicitur
2396 727 2409 760 :
2444 708 2672 763 Gloriosa
2698 713 2830 764 dicta
2860 726 2974 766 sum
3004 717 3065 767 de
3094 727 3167 781 te,
3197 719 3364 770 civitas
3391 719 3496 772 Dei.

1957 797 2077 850 lla‘c
2105 798 2287 851 civitas
2318 801 2520 852 initium
2571 804 2725 855 habet
2752 807 2817 855 ab
2860 807 2973 872 ipso
3014 810 3175 869 Abel,
3211 811 3343 863 sicut
3384 816 3517 867 mala

1953 888 2138 941 civitas
2162 904 2191 941 tt
2224 889 2371 941 Cain.
2409 892 2629 960 Antiqua
2677 910 2803 962 ergo
2835 896 2928 946 ista
2953 899 3135 950 civitas
3171 900 3281 963 llei,
3311 918 3515 969 scmp::r

1956 979 2187 1051 tolerans
2219 992 2450 1047 terram,
2470 999 2690 1050 sperans
2715 986 2905 1039 cu-lum
2932 1030 2945 1051 ,
2976 1007 3090 1056 qum
3119 994 3274 1044 etiam
3301 994 3517 1046 Jerusa-

1956 1068 2058 1121 lvm
2091 1078 2309 1123 vocatur
2333 1080 2387 1123 et
2412 1072 2558 1124 Sion.
2589 1072 2776 1142 Utique
2802 1076 2866 1128 de
2888 1089 3007 1128 nato
3036 1081 3259 1144 quodam
3296 1083 3343 1134 iu
3371 1083 3513 1141 Sion.

1955 1171 2007 1210 et
2027 1160 2300 1213 conditore
2327 1162 2487 1228 ipsius
2512 1161 2657 1227 Sion,
2688 1166 2918 1231 psalmus
2937 1168 3145 1236 quidam
3173 1171 3296 1223 dicit
3320 1190 3331 1224 :
3356 1171 3517 1236 Matrr

1957 1251 2101 1311 Sion,
2134 1252 2260 1303 dicet
2291 1253 2456 1304 homo.
2488 1253 2613 1320 Qui»
2646 1254 2844 1307 homo?
2874 1256 2938 1309 Et
2983 1259 3127 1311 homo
3169 1244 3330 1326 factus
3359 1232 3437 1312 ’νει
3468 1263 3516 1314 in

1955 1358 2011 1392 ια
2031 1360 2047 1405 ;
2071 1354 2116 1394 ct
2142 1344 2247 1412 ipse
2275 1343 2501 1412 fundarit
2529 1363 2637 1397 eam
2660 1347 2943 1401 Altissimus
2966 1348 3129 1418 (l’sal.
3151 1367 3362 1414 Lxxm,
3379 1353 3514 1419 5,3),

1957 1432 2191 1500 [tortique
2237 1433 2349 1501 ipse
2393 1435 2440 1486 in
2474 1435 2597 1488 Sion
2632 1437 2798 1490 factus
2825 1451 2904 1491 est
2947 1440 3139 1503 homo,
3172 1442 3262 1492 Sed
3309 1440 3513 1498 inutilile
3568 1444 3572 1449 '
3620 1493 3633 1506 ,

1956 1527 2120 1578 laetus
2163 1534 2244 1577 est
2278 1525 2467 1589 homo;
2498 1540 2550 1581 et
2595 1527 2731 1581 idem
2784 1529 2892 1596 ipse
2935 1531 3235 1585 Altissimus
3284 1533 3517 1586 fundarit

1955 1634 2068 1689 eam
2094 1618 2355 1671 rivitatcm
2386 1623 2433 1672 in
2466 1636 2566 1689 qua
2593 1620 2754 1674 fartus
2791 1632 2871 1675 est
2914 1622 3092 1676 homo.
3132 1623 3311 1693 itaque
3346 1638 3400 1680 et
3428 1628 3514 1681 illa

1954 1709 2143 1763 mulier
2194 1711 2305 1764 sole
2348 1712 2776 1779 eotq-eriehatnr,
2808 1713 2920 1766 sole
2962 1716 3074 1782 ipso
3114 1717 3329 1783 justitim
3360 1732 3514 1784 quem

1957 1819 2057 1854 non
2118 1814 2441 1872 cognoscunt
2504 1807 2799 1875 iutpii;qui
2851 1808 3039 1862 dicturi
3100 1822 3219 1864 sunt
3274 1812 3323 1863 in
3372 1815 3512 1867 line:

1958 1896 2094 1966 Ego
2145 1902 2448 1950 erravimuso
2476 1919 2506 1950 a
2552 1904 2628 1952 ria
2690 1904 2907 1954 veritatis
2931 1945 2945 1967 ,
2974 1914 3020 1955 et
3072 1906 3287 1975 jnstitia:
3350 1908 3514 1960 Ituncn

1956 2007 2054 2041 non
2106 1991 2234 2044 luxit
2288 1993 2463 2057 nobis,
2512 2002 2560 2047 et
2606 1993 2682 2046 sol
2729 2012 2828 2047 non
2868 2007 3005 2048 ortus
3053 2009 3121 2051 est
3171 1999 3308 2052 nobis
3360 1999 3533 2069 (Sup-

1954 2094 2009 2141 ν,
2039 2079 2116 2147 6).
2154 2080 2246 2133 Est
2285 2098 2410 2148 ergo
2466 2084 2674 2151 quidam
2731 2084 2810 2138 sol
2845 2085 3063 2153 justitia:
3107 2089 3191 2157 qui
3243 2104 3342 2142 non
3406 2092 3513 2142 ori-

1958 2178 2040 2221 tur
2085 2171 2273 2238 impiis.
2307 2170 2563 2226 Ca-terum
2604 2175 2758 2227 istum
2802 2176 2967 2229 solem
3019 2176 3134 2229 facit
3179 2179 3303 2231 oriri
3360 2193 3518 2247 Super

1957 2260 2122 2311 hunus
2171 2272 2223 2315 et
2280 2263 2443 2314 malo:
2472 2262 2489 2331 (
2519 2262 2698 2317 Matth.
2746 2282 2814 2329 ν,
3050 2268 3191 2336 Ergo
3230 2279 3282 2323 et
3321 2272 3510 2324 :nnicta

1956 2364 2071 2409 erat
2097 2354 2241 2419 sole,
2270 2366 2319 2408 et
2346 2348 2584 2425 gestabat
2614 2358 2901 2412 visceribus
2931 2361 3218 2412 masculum
3262 2360 3514 2428 paritura.

1960 2444 2099 2498 Idem
2128 2447 2238 2515 ipse
2276 2457 2389 2499 erat
2413 2447 2644 2500 enndens
2670 2450 2830 2513 Sion,
2861 2458 2911 2502 et
2936 2464 3156 2503 nascens
3182 2451 3231 2502 in
3262 2449 3390 2504 Sion
3421 2469 3433 2503 :
3465 2463 3518 2503 et

1960 2537 2043 2591 illa
2076 2538 2263 2592 mulier
2290 2539 2474 2593 civitas
2505 2540 2592 2593 Dei
2618 2581 2631 2602 ,
2664 2541 2777 2608 ejus
2808 2542 2923 2595 lure
2944 2542 3335 2609 protegebatur,
3369 2543 3517 2610 Cujus

1958 2644 2116 2683 Carne
2142 2629 2532 2699 gravidabatur.
2565 2630 2747 2684 Merito
2767 2643 2819 2684 et
2848 2632 3022 2685 lunam
3050 2634 3149 2686 sub
3171 2631 3391 2701 pedibus
3421 2636 3518 2686 ha-

1959 2721 2114 2787 bebat
2140 2721 2318 2790 (Apoc.
2352 2738 2444 2788 xu,
2475 2724 2519 2782 I,
2547 2722 2602 2793 2)
2622 2764 2635 2785 ,
2664 2723 2782 2791 quia
2816 2723 3185 2776 mortalitatem
3230 2726 3520 2779 crescentis

1960 2820 2013 2863 et
2056 2810 2411 2865 decrescentis
2464 2812 2637 2865 carnis
2688 2814 2877 2866 virtute
2924 2813 3178 2868 calcabat.
3226 2814 3364 2883 Ergo
3410 2814 3522 2883 ipse

1963 2900 2214 2954 Dominus
2240 2900 2393 2955 Jcsus
2421 2901 2657 2957 Christus
2679 2912 2836 2971 caput
2864 2914 2915 2957 et
2938 2920 3130 2972 corpus
3154 2923 3167 2958 :
3195 2905 3359 2959 voluit
3379 2907 3519 2960 enim

1959 2992 2116 3043 etiam
2144 2991 2283 3059 loqui
2313 2992 2363 3044 in
2388 2992 2557 3050 nobis,
2581 2994 2666 3061 qui
2690 2993 2936 3058 dignatus
2965 3004 3045 3048 est
3071 2996 3202 3048 mori
3234 3012 3325 3063 pro
3349 2997 3519 3060 nobis;

1963 3083 2198 3159 meinlira
2224 3098 2319 3136 sua
2350 3099 2445 3136 nos
2476 3083 2615 3137 fecit.
2645 3084 2943 3154 Aliquando
2986 3087 3161 3156 itaque
3205 3102 3271 3140 ex
3299 3103 3520 3156 persona

1961 3172 2317 3227 membrorum
2346 3189 2559 3229 suorum
2606 3174 2867 3243 loquitur,
2902 3176 3182 3244 aliquando
3205 3191 3269 3231 ex
3299 3193 3521 3245 ρονειιιιει

1960 3276 2053 3316 Sua
2074 3305 2089 3329 ,
2123 3273 2366 3332 tanquam
2394 3266 2580 3333 capitis
2610 3267 2794 3319 nostri.
2836 3258 3235 3336 llahetialiquid
3268 3268 3354 3320 ille
3383 3268 3521 3335 quod

1960 3355 2099 3408 dicat
2127 3357 2240 3409 sine
2261 3356 2413 3411 nobis
2440 3373 2455 3421 ;
2487 3372 2582 3409 nos
2607 3358 2720 3410 sine.
2748 3358 2837 3410 illo
2864 3357 2991 3410 nihil
3023 3373 3300 3425 possumus
3327 3360 3521 3412 ιῐίειιιυ.

1961 3447 2246 3514 Apostolus
2274 3446 2402 3500 dicit
2430 3465 2443 3501 :
2477 3446 2544 3502 Ut
2563 3449 2821 3518 suppleam
2840 3464 2953 3514 qua:
2977 3453 3151 3501 desunt
3179 3466 3526 3517 preunrarum

1964 3538 2181 3601 Christi,
2205 3541 2256 3591 in
2284 3518 2433 3591 carne
2455 3556 2562 3593 mea
2594 3538 2806 3609 (Coloss.
2840 3556 2878 3604 ι,
2905 3539 3017 3609 ΞΜ).
3045 3538 3110 3594 Ut
3134 3550 3418 3609 suppleam,
3445 3542 3524 3591 iu-

1962 3631 2105 3699 quit,
2137 3647 2249 3695 quia
2286 3631 2463 3684 desunt
2518 3647 2894 3696 prcssurnrum,
2953 3648 3056 3683 non
3106 3647 3374 3691 mearmu,
3432 3632 3524 3685 sed
3588 3692 3599 3699 ,

1964 3721 2185 3781 Christi;
2212 3722 2260 3773 in
2291 3738 2439 3772 rtirne
2458 3763 2472 3785 ,
2503 3738 2604 3773 non
2631 3715 2737 3789 jain
2768 3722 2961 3773 Christi
2984 3762 2996 3781 ,
3030 3722 3119 3773 sed
3149 3739 3276 3774 mea.
3301 3723 3522 3786 Patitur,

1965 3812 2132 3881 inquit
2154 3854 2167 3876 ,
2195 3811 2365 3864 adhuc
2386 3812 2627 3866 Christus
2657 3826 2989 3881 presserant;
3014 3828 3117 3864 non
3141 3812 3190 3865 in
3220 3828 3381 3866 carne
3409 3829 3524 3878 sua,

1968 3901 2018 3954 in
2058 3918 2155 3968 qua
2188 3901 2423 3953 :w-endlt
2462 3901 2511 3953 in
2539 3902 2728 3954 emtum
2756 3943 2771 3964 ,
2804 3902 2896 3953 sed
2941 3901 2990 3954 in
3036 3915 3196 3955 carne
3227 3917 3381 3965 mea,
3411 3917 3529 3970 qua:

1965 3994 2135 4048 adhuc
2175 3994 2376 4047 laborat
2407 3993 2457 4045 in
2506 4003 2664 4046 terra.
2698 3992 2972 4054 Christus,
3002 3993 3169 4061 inquit
3189 4034 3202 4053 ,
3228 4008 3527 4063 pressuram

1966 4088 2162 4156 patitur
2201 4087 2249 4139 in
2283 4100 2441 4139 carne
2473 4101 2585 4137 mea
2620 4101 2638 4139 :
2682 4083 2799 4137 Vivo
2840 4086 2969 4137 enim
3008 4101 3105 4138 non
3125 4086 3238 4155 jam
3264 4101 3386 4155 ego,
3417 4085 3529 4138 vivit

1965 4194 2079 4232 vero
2105 4179 2155 4231 in
2185 4195 2260 4230 me
2280 4176 2507 4233 Christus
2531 4176 2721 4247 (Colat.
2755 4194 2811 4239 ιι,
2840 4176 2955 4246 ‘20).
2984 4176 3090 4230 Nisi
3118 4180 3257 4231 enim
3282 4177 3533 4231 Christus

1967 4280 2020 4323 et
2066 4270 2116 4323 in
2173 4270 2423 4325 membris
2470 4269 2611 4330 Suis,
2639 4268 2736 4321 huc
2792 4277 2872 4321 est
2922 4268 3160 4322 ﬁdelilms
3208 4270 3356 4331 suis,
3384 4282 3531 4338 pres-

1968 4376 2142 4413 suram
2191 4360 2303 4427 ipse
2349 4368 2653 4427 pateretur,
2692 4360 2879 4413 Saulus
2920 4360 2971 4411 in
3016 4368 3157 4412 terra
3184 4358 3448 4413 Christum
3477 4358 3530 4413 in

1969 4451 2105 4504 emit)
2150 4450 2421 4503 sedentem
2463 4464 2565 4502 non
2608 4460 3036 4518 persequeretur.
3080 4449 3316 4518 Denique
3353 4460 3535 4520 aperte

1972 4543 2072 4596 hoc
2095 4556 2369 4610 exponens
2394 4542 2618 4610 qundam
2648 4542 2764 4595 loco
2796 4559 2809 4594 ε
2842 4541 2984 4595 Sina
3015 4542 3143 4593 enim
3171 4557 3350 4608 corpus
3380 4558 3534 4596 unum

1971 4644 2079 4697 est,
2114 4633 2313 4700 inquit,
2351 4644 2398 4686 et
2452 4633 2669 4684 mmnbra
2714 4633 2868 4684 multa
2918 4633 3100 4695 habet;
3151 4632 3321 4685 omnia
3371 4642 3536 4691 autem

1973 4724 2190 4777 membra
2214 4725 2437 4791 corporis
2465 4740 2578 4776 cum
2606 4724 2702 4776 sint
2726 4723 2881 4774 multa
2901 4764 2916 4787 ,
2946 4738 3099 4775 unum
3124 4731 3194 4775 est
3215 4737 3397 4789 corpus
3421 4736 3440 4774 :
3468 4722 3538 4773 ita

1974 4828 2018 4872 et
2044 4817 2270 4872 Christus
2296 4816 2344 4883 (Ι
2370 4815 2488 4871 Cor.
2519 4831 2613 4877 xu,
2653 4813 2897 4881 12).Non
2946 4815 3054 4874 ait,
3090 4814 3162 4867 Ita
3203 4823 3254 4865 et
3300 4812 3539 4867 Christus

1973 4918 2026 4963 et
2055 4925 2246 4979 corpus
2271 4909 2284 4939 ¹
2310 4925 2323 4971 ;
2357 4909 2480 4967 sed,
2512 4922 2695 4973 corpus
2739 4920 2893 4956 unum
2924 4903 3142 4957 membra
3170 4904 3325 4955 umlta
3350 4943 3363 4964 ,
3397 4903 3467 4959 ita
3493 4912 3540 4954 et

1976 5001 2223 5054 Christus.
2252 4999 2442 5051 'l'otum
2476 5012 2601 5065 ergo
2631 4995 2873 5049 Christus
2903 5011 2915 5045 :
2948 5004 3000 5045 ct
3037 4995 3155 5060 quia
3188 5001 3352 5045 totum
3383 4992 3541 5044 Clu-i4

1977 5103 2089 5143 stus
2110 5132 2124 5151 ,
2153 5090 2270 5143 ideo
2301 5096 2459 5151 eaput
2484 5086 2550 5138 de
2575 5085 2735 5147 ett-lo,
2769 5083 2945 5143 Saule,
2975 5084 3171 5150 ittqmt,
3201 5083 3361 5136 Sauli:
3380 5120 3393 5140 ,
3421 5080 3549 5156 quid

1979 5201 2055 5235 me
2105 5181 2411 5250 persequeris
2434 5180 2566 5245 (Art.
2604 5192 2655 5229 Ix
2678 5218 2691 5237 ,
2719 5176 2816 5244 4)?
2857 5174 3058 5228 Tcnete
3093 5173 3238 5239 hoc,
3272 5181 3326 5224 et
3379 5169 3542 5222 ﬁxum

1978 5276 2194 5328 otuninn
2234 5270 2600 5325 commendato
2630 5268 2897 5320 memoria:
2918 5307 2932 5331 ,
2961 5274 3208 5333 tanquam
3252 5262 3341 5315 ﬁlii
3374 5261 3544 5315 cccle-

1979 5368 2204 5422 siasticze
2232 5363 2541 5419 eruditionis
2569 5370 2623 5415 et
2674 5359 2792 5413 ﬁdei
2820 5358 3121 5420 catholira-,
3153 5363 3205 5408 ut
3249 5352 3545 5422 agnt'scatis

1980 5459 2247 5512 Christum
2302 5461 2460 5523 caput
2505 5462 2559 5505 ct
2603 5465 2831 5519 corpus,
2880 5447 3232 5514 eumdtmque
3279 5444 3544 5499 Christum

1984 5549 2210 5603 Verbum
2254 5546 2343 5598 Dei
2371 5542 2695 5613 unigenitum
2751 5539 3006 5609 :rqnalem
3038 5536 3211 5595 Patri;
3240 5545 3293 5588 et
3320 5532 3441 5587 inde
3469 5532 3549 5586 vi-

1982 5640 2364 5706 (leatisquauta
2396 5635 2559 5702 gratia
2594 5630 2897 5701 pertingatis
2920 5628 2985 5680 ad
3018 5627 3199 5690 Deum,
3228 5635 3282 5687 ut
3316 5626 3426 5693 ipse
3452 5640 3544 5677 vo-

2048 5762 2062 5789 ι
2093 5766 2192 5804 Am.
2217 5761 2267 5802 et
2291 5750 2505 5801 nonnulli
2528 5756 2633 5798 Mss.
2661 5761 2674 5794 :
2708 5753 2775 5795 Ita
2798 5752 2842 5794 et
2865 5740 3042 5793 rurist:
3066 5755 3083 5793 :
3105 5751 3189 5794 sea
3214 5754 3415 5804 corpus,
3450 5748 3543 5789 etc.

3691 362 3700 389 l
