4082 6204
469 230 603 304 in:

461 351 622 417 luerit
648 373 768 416 esse
796 359 1068 435 nobiscum
1108 373 1243 433 unus
1264 398 1277 419 ,
1302 356 1389 425 qui
1428 365 1509 431 est
1532 369 1652 410 cum
1683 355 1836 409 Patre
1859 369 2015 410 unus.

462 442 744 520 Quomodo
782 466 902 506 cum
952 449 1106 503 Patre
1153 447 1330 525 unus?
1361 445 1472 515 Ego
1499 456 1545 501 et
1572 445 1726 501 Pater
1745 463 1899 500 unum
1934 462 2025 499 su-

460 561 577 599 mus
607 544 781 615 (Joan.
811 536 842 595 ἰ
865 581 880 606 ,
906 534 1021 611 50).
1065 536 1340 607 Quomodo
1387 537 1657 592 nobiscum
1703 536 1874 590 unus?
1906 535 2024 590 Non

461 626 850 702 dicit,'inqui'.,
884 630 951 705 Et
972 630 1272 692 seminibus,
1314 636 1553 697 tanquam
1595 628 1646 681 in
1691 628 1902 692 multis;
1937 625 2025 679 sed

461 735 699 795 tauquam
723 723 896 776 inuno
918 763 931 785 ,
962 719 1028 774 Et
1052 721 1228 775 semini
1253 730 1356 776 tuo.
1387 717 1522 789 quod
1546 727 1618 771 est
1645 717 1890 772 Christus.
1919 716 2023 771 Sed

459 814 533 869 ait
556 814 748 883 aliquis
779 829 793 865 :
821 814 874 868 Si
911 811 1150 866 Christus
1176 825 1357 865 semen
1389 809 1615 862 Abrahm
1635 849 1649 874 ,
1680 808 1933 877 numquid
1970 816 2025 862 et

459 904 595 959 nos?
614 903 933 959 Mementote
959 903 1081 973 quia
1108 916 1290 957 semen
1314 900 1539 954 Ahrahm
1561 899 1820 961 Christus;
1846 914 1908 952 ac
1932 914 2025 967 per

462 992 560 1048 hoc
585 995 628 1049 si
657 1002 711 1048 et
757 1007 865 1047 nos
899 1007 1080 1046 semen
1112 989 1335 1045 Abrahae
1358 1031 1373 1054 ,
1402 1003 1529 1059 ergo
1557 998 1611 1043 et
1638 1004 1731 1041 nos
1758 986 2019 1063 Christus.

462 1085 730 1150 Quomodo
760 1072 913 1138 unum
943 1099 1123 1154 corpus
1148 1082 1307 1134 multa
1328 1080 1569 1145 membra,
1589 1081 1659 1132 ita
1687 1090 1732 1131 et
1758 1078 1985 1134 Christus
2002 1094 2022 1132 :

455 1188 510 1233 et
550 1178 802 1247 Quotquot
829 1177 882 1230 in
907 1176 1102 1230 Christo
1125 1174 1362 1245 baptismi
1396 1173 1512 1227 estis
1531 1213 1547 1237 ,
1578 1172 1829 1226 Christum
1849 1171 2020 1225 indui-

463 1270 574 1324 stis.
606 1268 804 1338 Nempe
831 1282 1011 1323 semen
1045 1265 1267 1320 Abrahzn
1298 1264 1575 1329 Christus;
1605 1277 1704 1317 nec
1730 1260 2020 1317 contradici

459 1344 635 1429 potest
661 1357 966 1427 apostolicis
995 1356 1339 1425 apertissimis
1385 1354 1579 1417 verbis,
1600 1352 1668 1407 Et
1695 1354 1871 1407 semini
1900 1363 1984 1407 tuo
2002 1394 2018 1420 ,

457 1449 598 1517 quod
620 1458 692 1502 est
721 1446 971 1503 Christus.
1007 1446 1189 1501 Videte
1213 1445 1339 1516 quid
1378 1445 1531 1500 nobis
1557 1444 1697 1499 dicat
1727 1463 1741 1497 :
1771 1443 1831 1503 Si
1855 1454 2021 1497 autem

461 1530 547 1592 ros
573 1538 760 1593 Christi
783 1578 801 1605 ,
830 1554 947 1611 ergo
971 1555 1137 1591 semen
1174 1537 1389 1616 Abraha;
1434 1536 1552 1590 estis
1585 1534 1778 1607 (Catut.
1825 1551 1901 1601 ιιι,
1932 1536 2016 1600 l6,

454 1629 543 1695 27,
562 1629 674 1702 29).
692 1624 816 1686 ideo
837 1646 1084 1701 magnum
1137 1638 1220 1685 est
1246 1628 1373 1683 illud
1394 1636 1780 1683 sacramentum
1809 1646 1821 1679 :
1854 1625 2020 1681 Erunt

453 1722 554 1777 duo
582 1723 633 1777 in
658 1739 807 1778 carne
823 1740 923 1777 una
944 1720 1095 1795 (Cen.
1120 1738 1173 1786 ιι,
1197 1720 1308 1792 24).
1327 1719 1611 1790 Apostolus
1636 1720 1762 1775 dicit
1794 1738 1805 1774 :
1833 1719 2021 1775 Sacra-

453 1824 674 1867 ntentum
702 1814 796 1870 hoc
823 1798 1060 1885 magnum
1080 1824 1190 1878 est;
1215 1830 1303 1884 ego
1333 1823 1498 1867 autent
1527 1814 1638 1867 dico
1664 1814 1714 1866 in
1736 1812 1931 1869 Christo
1972 1820 2020 1867 et

454 1903 517 1957 in“
534 1903 763 1959 Ecclesia
792 1905 1007 1974 (Eplies.
1047 1920 1099 1969 ν,
1131 1905 1242 1974 32).
1273 1902 1515 1958 Christus
1539 1911 1595 1959 et.
1621 1903 1855 1957 Ecclesia
1876 1946 1891 1969 ,
1912 1902 2019 1957 duo

452 1996 507 2050 in
537 2010 698 2049 carne
743 2010 865 2049 una.
898 1995 1055 2048 Refer
1095 1994 1160 2048 ad
1201 1994 1500 2049 distantiam
1557 1993 1846 2063 majestatis
1889 1993 2015 2048 duo.

455 2085 568 2140 Duo
594 2085 768 2156 plane.
791 2085 906 2140 Non
922 2088 1063 2140 enim
1093 2096 1147 2141 et
1166 2101 1262 2139 nos
1292 2086 1540 2146 Verbum.
1560 2101 1664 2141 non
1686 2087 1899 2142 enimet
1921 2102 2018 2142 nos

452 2177 506 2232 in
534 2178 791 2248 principio
820 2178 960 2233 Deus
984 2177 1120 2248 apud
1149 2179 1309 2232 Deum
1328 2219 1342 2241 ,
1376 2195 1479 2233 non
1528 2178 1668 2233 enim
1704 2187 1757 2233 et
1804 2194 1900 2232 nos
1931 2179 2018 2234 ille

457 2283 552 2339 per
572 2284 728 2338 quem
760 2269 893 2324 facta
921 2278 1051 2324 sunt
1069 2270 1241 2324 omnia
1276 2271 1293 2338 (
1316 2269 1470 2324 Joan.
1494 2286 1532 2335 ι,
1558 2256 1617 2336 1,
1644 2270 1722 2341 5).
1748 2269 1966 2325 Venitur
1997 2271 2015 2301 ι

452 2357 519 2414 ad
549 2372 761 2414 carnem
786 2398 798 2423 ,
830 2368 884 2414 et
940 2360 1009 2414 ibi
1040 2360 1280 2415 Christus
1318 2370 1372 2415 et
1408 2344 1497 2415 ille
1523 2368 1578 2415 ct
1606 2375 1719 2415 nos.
1748 2358 1864 2414 Non
1889 2375 2017 2431 ergo

457 2446 712 2504 miremur
762 2449 812 2503 in
856 2449 1118 2505 Psalmis:
1152 2451 1313 2505 multa
1342 2451 1484 2505 enim
1523 2449 1649 2505 dicit
1694 2466 1758 2506 ex
1790 2466 2015 2521 persona

454 2540 665 2611 capitis,
698 2541 859 2595 multa
881 2556 945 2596 ex
975 2528 1197 2611 persona
1224 2540 1580 2598 membrorum
1604 2557 1619 2609 ;
1645 2551 1699 2597 et
1723 2542 1823 2597 hoc
1850 2552 2016 2597 totum

458 2639 708 2702 tanquam
748 2616 1116 2701 una'persona
1156 2632 1259 2695 sit,
1295 2630 1364 2687 ita
1391 2631 1642 2702 loquitur.
1664 2630 1772 2687 Nec
1809 2631 2018 2687 mireris

456 2722 575 2792 quia
601 2718 706 2777 duo
734 2722 785 2776 in
812 2737 943 2777 voce
971 2738 1071 2776 una
1095 2763 1111 2787 ,
1140 2723 1182 2776 si
1212 2720 1318 2776 duo
1344 2722 1396 2776 in
1416 2716 1582 2778 'carne
1608 2737 1731 2777 una.

522 2811 573 2866 ι.
613 2810 775 2867 Judas
816 2798 955 2867 titius
997 2812 1176 2882 sponsi
1219 2826 1546 2883 persequens
1577 2827 1851 2882 sponsum.
1903 2812 2016 2871 lloc

451 2898 577 2957 tunc
590 2901 841 2972 contigit;
870 2918 938 2956 an
958 2911 1011 2958 et
1037 2890 1329 2958 futurorum
1357 2890 1654 2973 exemplum
1680 2902 2013 2975 prmmisshm

450 2994 567 3047 est?
593 2992 785 3047 Multos
806 2994 946 3048 enim
976 2993 1135 3048 falsos
1163 2992 1353 3049 fratres
1379 3008 1593 3063 passura
1615 3003 1729 3048 erat
1753 2992 2011 3071 Ecclesia,

450 3093 511 3140 ut
551 3094 605 3140 et
641 3085 814 3141 adhuc
838 3078 1084 3159 eiusque
1127 3086 1178 3141 in
1204 3082 1362 3142 (litem
1401 3101 1653 3159 sponsum
1684 3072 2015 3163 illum‘tilius

452 3169 821 3246 persequatur.
844 3168 910 3230 Si
927 3176 1066 3232 enim
1083 3177 1312 3230 inimicus
1345 3176 1690 3245 exprobrasset
1726 3175 1871 3243 mihi,
1902 3193 2017 3232 sus-

451 3267 707 3321 tinuissem
753 3269 940 3335 utique,
966 3268 1068 3333 ait;
1098 3278 1145 3321 et
1168 3268 1213 3321 si
1243 3269 1288 3320 is
1322 3268 1407 3336 qui
1436 3267 1610 3320 oderat
1639 3282 1734 3331 me,
1763 3283 1913 3337 super
1938 3282 2016 3321 me

451 3372 636 3425 magna
673 3358 869 3410 locutus
898 3357 1104 3425 fuisset,
1150 3348 1518 3410 abscondissem
1554 3373 1631 3409 me
1656 3356 1823 3425 utique
1844 3355 1904 3407 ab
1937 3372 2014 3409 eo.

451 3447 582 3514 Quis
601 3456 683 3500 est
702 3446 984 3501 inimicus?
1009 3447 1128 3517 quis
1153 3456 1235 3502 est
1261 3448 1348 3518 qui
1375 3447 1560 3501 oderat
1588 3447 1708 3500 me?
1732 3447 1829 3514 Qui
1853 3445 2013 3500 dicit:

365 3530 367 3532 ’
450 3538 582 3604 Quis
623 3546 703 3591 est
747 3534 1022 3591 Christus?
1049 3537 1216 3591 llomo
1258 3537 1355 3591 fuit
1397 3536 1667 3603 Christus,
1716 3551 1811 3591 ncc
1839 3536 2017 3593 vivere

455 3630 657 3699 potuit,
683 3643 803 3684 cum
841 3628 1000 3684 vellet
1025 3629 1204 3684 vivere
1232 3647 1245 3683 :
1275 3639 1328 3685 et
1353 3637 1591 3684 mortuus
1614 3639 1728 3691 est,
1753 3629 2013 3699 inquiunt,

452 3718 671 3786 nolcu's,
704 3719 904 3775 evictus
923 3760 939 3785 ,
962 3718 1278 3784 crucifixus,
1305 3719 1532 3797 occisus.
1576 3716 1774 3773 Inimici
1810 3719 1907 3772 ista
1936 3718 2019 3774 di-

450 3820 596 3867 cunt.
631 3815 860 3882 Apertus
883 3811 980 3866 iste
1002 3811 1245 3865 inimicus
1265 3820 1366 3877 est,
1394 3810 1468 3865 ait
1491 3810 1751 3878 Christus,
1774 3812 1884 3866 odit
1904 3827 2010 3878 me,

450 3914 662 3976 apertas
689 3905 814 3959 mihi
846 3904 1027 3960 indicit
1068 3905 1400 3970 inimicitias;
1439 3902 1589 3958 facile
1620 3913 1702 3959 est
1737 3904 1892 3959 istum
1929 3904 2015 3959 vel

455 3999 684 4052 tolerare
728 3996 816 4052 vel
855 3996 1062 4050 vitare:
1101 3995 1228 4065 quid
1271 3994 1405 4050 facio
1428 3995 1496 4051 de
1536 3995 1865 4050 Abessalon?
1889 3994 2016 4065 quid

451 4088 588 4147 facio
611 4080 679 4147 de
705 4090 875 4146 inda?
899 4089 1023 4161 quid
1048 4090 1116 4145 de
1136 4088 1280 4144 falsis
1301 4088 1590 4144 fratribus?
1616 4087 1739 4158 quid
1771 4088 1837 4142 de
1863 4088 2016 4143 malis

451 4182 575 4238 filiis
601 4191 655 4238 et
681 4190 855 4237 tamen
886 4181 1037 4246 filiis,
1060 4180 1148 4251 qui
1176 4195 1279 4235 non
1307 4188 1489 4234 contra
1524 4192 1621 4233 nos
1649 4176 2019 4247 blasphemant

448 4276 749 4341 Christum,
791 4272 885 4329 sed
934 4273 1206 4329 nobiscum
1254 4271 1476 4325 adorant
1521 4269 1819 4333 Christum,
1868 4278 1923 4323 et
1965 4268 2016 4323 in

450 4354 605 4422 nobis
634 4378 1020 4436 persequuntur
1042 4360 1353 4418 Christum?
1376 4361 1449 4416 De
1470 4360 1660 4430 quibus
1687 4373 2018 4429 consequen-

458 4452 541 4513 ter
570 4456 624 4511 in
650 4454 835 4511 eodem
875 4455 1075 4524 psalmo
1101 4453 1292 4508 dicitur
1318 4470 1332 4505 :
1366 4451 1543 4506 Atium
1576 4451 1729 4506 facile
1754 4459 1868 4506 erat
1896 4465 2018 4520 per-

461 4547 625 4616 ferre,
655 4563 776 4604 eum
804 4547 892 4618 qui
920 4546 1109 4602 oderat
1132 4561 1251 4611 me;
1278 4544 1362 4599 vel
1385 4542 1711 4598 abscondere
1730 4558 1814 4597 me
1840 4543 1908 4596 ab
1928 4557 2013 4598 eo.

448 4623 747 4696 Abscondis
794 4622 935 4694 enim
988 4646 1038 4692 te
1083 4652 1113 4691 a
1161 4636 1397 4706 pagano,
1447 4632 1650 4689 intrans
1699 4633 2012 4688 Ecclesium.

452 4710 676 4801 Quando
701 4740 877 4785 autem
904 4739 959 4784 et
985 4729 1054 4784 ibi
1082 4727 1284 4783 invenis
1312 4726 1453 4797 quod
1477 4725 1647 4801 times,
1670 4714 1794 4794 quid
1825 4724 2017 4795 quaeris

448 4823 541 4880 ubi
585 4831 636 4878 te
679 4804 1008 4876 abscondas?
1050 4818 1283 4888 Denique
1322 4817 1414 4873 ille
1453 4817 1565 4887 ipse
1607 4815 1879 4884 aposmlus
1923 4814 2013 4883 qui

448 4913 615 4986 gemit
658 4911 712 4968 in
761 4910 1010 4990 periculis
1035 4926 1066 4964 a
1097 4908 1243 4964 falsis
1281 4907 1569 4963 fratribus:
1601 4904 1771 4966 Foris.
1820 4904 2010 4974 inquit,

448 5021 651 5080 pttgtttz,
686 5005 822 5060 intus
849 5004 1048 5081 timores
1107 5002 1169 5075 (ll
1205 5000 1323 5057 Cor.
1355 5016 1446 5093 vit,
1476 4997 1552 5070 5).
1586 4998 1648 5054 Si
1681 5012 1806 5067 ergo
1841 4997 1885 5050 is
1923 4999 2012 5066 qui

446 5099 622 5153 oderat
643 5112 739 5162 me,
758 5110 907 5165 super
927 5110 1004 5147 me
1022 5109 1203 5163 magna
1222 5088 1423 5146 locutus
1436 5091 1630 5161 fuisset,
1649 5088 2015 5143 abscondissem

448 5166 532 5243 me.
551 5189 720 5267 utique
732 5187 794 5240 ab
818 5168 879 5238 eo
894 5202 913 5250 ;
933 5193 987 5238 tu
1002 5199 1114 5237 vero
1131 5182 1401 5265 unianimis
1416 5197 1554 5234 meus
1579 5180 1596 5251 (
1606 5179 1746 5234 Psal.
1774 5194 1880 5241 ιιν,
1903 5177 2012 5247 15).

446 5268 784 5335 Unianitnem
824 5275 985 5340 dicit,
1037 5283 1281 5344 tauquam
1326 5287 1487 5326 unum
1536 5272 1587 5325 in
1635 5270 1866 5326 Christo.
1920 5269 2014 5324 Est

447 5346 579 5449 ergo]
596 5350 846 5437 Ecclesia:
874 5352 1013 5437 quod
1039 5363 1170 5419 ferat
1192 5362 1338 5427 foris,
1366 5370 1541 5433 gemat
1568 5363 1705 5416 intus
1734 5379 1747 5415 :
1772 5360 2014 5415 inimiCos

446 5466 621 5527 tatncn
651 5473 777 5513 suos
804 5457 1018 5526 deputet
1056 5452 1185 5509 foris
1212 5462 1266 5509 et
1298 5452 1470 5513 intus;
1503 5451 1630 5508 foris
1661 5452 1867 5508 facilius
1902 5452 2012 5506 evi-

448 5542 656 5616 tabiles,
683 5550 824 5605 intus
848 5548 1113 5603 difficilius
1143 5544 1467 5601 tolerabiles.

508 5633 527 5696 ί
553 5633 699 5735 Lugd.
727 5667 871 5721 νειμ,
888 5658 1119 5710 veniatur.
1142 5666 1199 5709 tt.

1679 241 1735 297 s.
1774 238 2135 329 amussim
2177 238 2473 329 EPISCOPI

3558 244 3695 301 1838

2201 359 2253 414 5.
2292 357 2440 435 Dicat
2473 371 2598 427 ergo
2628 356 2878 421 Dominus
2906 366 3123 435 noster,
3150 356 3292 414 dicat
3325 358 3566 414 Christus
3601 376 3697 414 uo-

2127 447 2329 503 biscum
2378 432 2525 502 totus
2578 446 2818 503 Christus
2849 464 2862 504 :
2891 432 3129 516 Domine,
3177 449 3362 504 exaudi
3412 454 3700 505 orationem

2126 554 2309 605 nteant,
2338 539 2535 608 percipe
2552 537 2758 593 auribus
2780 524 2974 609 precem
3007 556 3188 593 meam.
3212 539 3323 595 lioc
3347 549 3448 606 est,
3470 542 3659 595 exaudi
3672 558 3695 605 ;

2128 629 2288 699 quod,
2328 631 2526 701 percipe
2553 631 2752 685 auribus
2778 618 3077 701 :repetitio,
3116 632 3447 688 confirmatio
3490 642 3591 689 est.
3625 632 3694 690 In

2124 721 2328 777 veritate
2366 731 2451 776 tua
2487 723 2682 789 exaudi,
2704 739 2814 788 me,
2848 724 2900 777 in
2928 733 3012 778 tua
3029 725 3250 795 justitia.
3287 725 3365 781 Ne
3405 735 3694 796 utcumque

2126 811 2425 882 accipiatis,
2457 828 2575 866 cum
2605 812 2824 877 dicitur,
2856 815 2911 887 in
2938 824 3025 867 tua
3043 816 3258 886 justitia.
3288 813 3692 883 Commendatio

2125 910 2207 958 est
2233 904 2382 957 enim
2409 905 2622 974 gratiae,
2661 920 2726 959 ne
2755 906 3111 976 unusquisque
3152 916 3399 962 nostrum
3425 907 3689 977 justitiam

2124 1005 2271 1045 suam
2292 1003 2454 1061 putet.
2478 994 2601 1049 [huc
2619 996 2756 1050 enim
2775 995 2975 1064 justitia
3004 996 3093 1050 Dei
3116 1004 3217 1059 est,
3240 1012 3396 1067 quam
3416 1007 3473 1052 ut
3493 998 3692 1054 habeas

2127 1081 2265 1137 Deus
2292 1083 2455 1139 dedit.
2495 1085 2625 1140 Nam
2666 1087 2754 1157 qui
2797 1087 3076 1142 voluerunt
3112 1086 3178 1143 de
3205 1102 3298 1142 sua
3330 1088 3536 1157 justitia
3570 1090 3693 1160 glo-

2126 1172 2270 1232 riari.
2293 1174 2417 1244 quid
2456 1174 2524 1229 de
2564 1175 2667 1229 illis
2689 1176 2816 1233 dicit
2841 1177 3164 1245 Apostolus?
3187 1176 3545 1232 Testimonium
3578 1180 3651 1233 eis
3666 1221 3692 1247 ,

2124 1264 2311 1335 inquit,
2359 1267 2612 1336 perhibeo,
2656 1267 2774 1337 quia
2812 1267 2974 1322 zelum
3011 1267 3109 1323 Dei
3151 1269 3349 1325 habent.
3386 1270 3459 1325 De
3488 1269 3689 1326 Judmis

2123 1355 2365 1426 loquens,
2395 1356 2571 1411 Zetum
2593 1357 2707 1426 Dei,
2735 1359 2920 1428 inquit,
2947 1358 3146 1425 habent,
3177 1360 3264 1413 sed
3292 1376 3391 1413 non
3412 1361 3688 1415 secundum

2112 1449 2399 1503 scientiam.
2439 1450 2575 1518 Quid
2614 1459 2715 1515 est,
2752 1468 2850 1505 non
2891 1452 3160 1505 secundum
3186 1452 3489 1505 scientiam?
3515 1451 3685 1520 Quam

2120 1542 2259 1596 enim
2285 1551 2339 1597 tu
2362 1542 2704 1597 commendas
2725 1543 2905 1617 utilem
2927 1543 3244 1598 scientiam?
3269 1545 3518 1614 numquid
3543 1547 3687 1601 illam

2120 1646 2237 1701 qua:
2273 1646 2392 1686 cum
2423 1634 2535 1688 sola
2574 1632 2725 1688 fuerit
2758 1634 2936 1701 inﬂat;
2968 1650 3084 1704 quae
3115 1636 3213 1689 nisi
3239 1637 3482 1691 comitata
3526 1636 3689 1692 fuerit

2124 1720 2405 1789 charitate,
2450 1736 2554 1777 non
2595 1722 2819 1777 aedificat
2858 1723 2900 1794 (Ι
2940 1723 3059 1780 Cor.
3099 1740 3208 1792 vm,
3234 1724 3326 1794 l)?
3350 1725 3463 1781 Non
3503 1728 3690 1797 utique

2122 1811 2322 1882 ipsam;
2352 1811 2444 1868 sed
2474 1813 2613 1867 illam
2647 1814 2920 1869 scientiam
2951 1815 3198 1870 comitem
3240 1815 3533 1879 charitatis,
3563 1833 3684 1870 ma—

2120 1904 2337 1973 gistram
2372 1903 2699 1961 humilitatis.
2728 1906 2860 1961 Vide
2886 1908 2929 1960 si
2967 1908 3075 1978 ipsa
3112 1918 3194 1962 est
3220 1926 3233 1963 :
3260 1908 3457 1974 Zetum,
3488 1911 3684 1980 inquit,

2120 1993 2216 2048 Dei
2238 1995 2435 2060 habent,
2456 1996 2546 2052 sed
2565 2014 2664 2051 non
2682 1999 2947 2051 secundum
2968 2000 3241 2054 s‘cientinm.
3267 2002 3506 2071 Exponat
3523 2019 3682 2072 quam

2119 2076 2260 2132 dicat
2314 2080 2622 2137 scientiam:
2679 2079 2978 2152 Iguorantes
3028 2082 3124 2137 Dei
3161 2084 3409 2155 justitiant
3453 2094 3500 2140 et
3539 2103 3688 2140 suam

2118 2170 2338 2225 volentes
2388 2173 2714 2234 constituere.
2755 2175 2969 2243 justitia:
3014 2175 3111 2229 Dei
3166 2193 3266 2231 non
3313 2187 3427 2231 sunt
3473 2177 3687 2249 subjecti

2120 2258 2293 2331 (Rom.
2336 2278 2390 2325 Χ,
2435 2261 2490 2327 2,
2520 2262 2599 2332 5).
2663 2261 2760 2331 Qui
2810 2279 2934 2337 ergo
2971 2266 3153 2320 volunt
3215 2270 3542 2323 constituere
3588 2270 3678 2338 jn—

2118 2351 2312 2406 stitiam
2337 2354 2521 2406 suam?
2546 2353 2643 2421 Qui
2674 2353 2813 2425 quod
2840 2356 2974 2410 bene
3002 2355 3251 2421 fecerint,
3274 2358 3371 2413 sibi
3401 2359 3682 2428 imputant,

2117 2440 2257 2511 quod
2312 2443 2470 2507 male,
2528 2443 2675 2499 Deo:
2725 2446 2939 2499 omnino
2969 2449 3220 2516 perversi.
3260 2448 3497 2519 Denique
3553 2450 3684 2505 recti

2118 2542 2295 2596 erunt,
2336 2549 2455 2587 cum
2494 2534 2593 2589 hoc
2623 2535 2791 2603 ipsum
2823 2538 3198 2591 converterint.
3228 2537 3516 2594 Perversus
3537 2539 3683 2606 ideo,

2117 2628 2240 2698 quia
2266 2627 2405 2698 quod
2438 2626 2592 2693 male,
2623 2629 2760 2703 Deo;
2792 2629 2930 2699 quod
2969 2629 3124 2697 bene,
3157 2630 3249 2683 tibi
3279 2648 3291 2687 :
3322 2642 3499 2695 rectus
3542 2631 3682 2699 eris,

2118 2720 2328 2790 quando
2353 2720 2490 2791 quod
2531 2723 2667 2776 male
2710 2722 2926 2788 feceris,
2957 2722 3078 2788 tibi;
3106 2722 3245 2792 quod
3285 2722 3421 2779 bene
3458 2722 3645 2778 feceris
3666 2765 3684 2788 ,

2122 2812 2248 2866 Deo.
2294 2811 2405 2865 Non
2449 2814 2589 2867 enim
2620 2828 2686 2867 ex
2732 2813 2893 2883 impio
2914 2812 3056 2882 juste
3094 2813 3324 2880 viveres,
3356 2813 3455 2868 nisi
3484 2814 3552 2869 ab
3590 2815 3685 2868 illo

2114 2904 2288 2974 justus
2318 2904 2482 2960 factus
2502 2945 2515 2968 ,
2542 2904 2630 2975 qui
2652 2904 2905 2974 justiflcat
2932 2905 3146 2974 impium
3176 2903 3282 2977 (Id.
3307 2920 3379 2967 ιν,
3408 2904 3491 2975 5)‘.
3521 2905 3683 2977 Ergo,

2119 2996 2308 3066 inquit,
2339 2994 2400 3048 In
2429 2996 2634 3050 veritate
2679 2991 2764 3049 tua
2791 2994 2975 3049 exaudi
3004 3011 3102 3059 me,
3134 2995 3188 3049 in
3216 3005 3303 3048 tua
3320 2995 3544 3065 justitia,
3576 2992 3684 3049 ιιὸιι

2120 3088 2171 3142 in
2200 3104 2346 3152 mea;
2377 3097 2433 3142 ut
2455 3088 2676 3141 inveniar
2704 3089 2755 3140 in
2782 3087 2870 3141 illo
2894 3103 2993 3140 non
3021 3084 3206 3141 habens
3234 3102 3393 3153 meum
3407 3085 3681 3155 justitiam,

2117 3197 2232 3249 qua:
2247 3197 2310 3235 ea:
2325 3180 2432 3250 lege
2451 3189 2545 3245 est,
2569 3180 2656 3233 sed
2675 3195 2783 3233 eam
2801 3195 2912 3249 qua:
2926 3188 2996 3231 est
3011 3194 3073 3232 ea:
3094 3177 3194 3247 ﬁde
3214 3175 3474 3253 (Ehilipp.
3500 3193 3578 3242 ιιι,
3602 3178 3685 3245 9).

2120 3271 2292 3336 Ecce,
2327 3270 2391 3323 In
2418 3281 2505 3323 tua
2534 3270 2726 3336 iustitia
2768 3269 2949 3322 exaudi
2998 3283 3092 3321 me.
3143 3266 3221 3321 Ad
3258 3283 3344 3321 me
3380 3266 3524 3321 enim
3561 3282 3687 3337 cum

2086 3350 2091 3355 “
2120 3360 2372 3430 respicio,
2420 3360 2547 3413 nihil
2577 3360 2715 3412 aliud
2745 3375 2919 3414 meum
2952 3374 3105 3428 quam
3134 3368 3404 3427 peccatum
3446 3358 3684 3412 invenio.

2176 3453 2242 3521 .6.
2272 3451 2402 3525 [vers
2432 3451 2512 3523 2.]
2538 3450 2605 3505 Et
2627 3468 2687 3505 ne
2717 3453 2868 3505 intres
2891 3453 2943 3506 in
2966 3453 3218 3521 judicium
3244 3469 3357 3506 cum
3396 3468 3535 3506 servo
3572 3461 3683 3509 tuo.

2119 3543 2217 3611 Qui
2241 3558 2358 3598 cum
2380 3543 2471 3598 illo
2490 3542 2675 3605 volunt.
2694 3543 2891 3597 intrare
2920 3542 2970 3596 in
2992 3541 3266 3611 judicium,
3287 3542 3387 3596 nisi
3411 3543 3497 3612 qui
3527 3542 3686 3612 igno-

2120 3648 2300 3692 rantes
2328 3635 2420 3690 Dei
2453 3635 2710 3706 justitiam
2731 3676 2745 3699 ,
2774 3650 2922 3690 suam
2951 3635 3131 3687 volunt
3157 3634 3517 3689 constituere?
3545 3634 3688 3699 Quid

2120 3736 2191 3781 est
2207 3725 2340 3791 quod
2352 3726 2723 3795 jejunauimus,
2749 3734 2912 3777 etnon
2934 3722 3119 3788 uidisti,
3142 3723 3548 3791 defraudavimus
3571 3725 3689 3777 ani-

2121 3834 2229 3871 mas
2264 3826 2493 3883 nostras,
2524 3825 2573 3869 et
2597 3815 2797 3870 nescisti
2834 3812 2984 3885 (lsai.
3022 3829 3165 3879 Lvtu,
3193 3814 3286 3884 3)?
3309 3824 3556 3884 tanquam
3600 3814 3687 3869 di-

2120 3917 2342 3964 centes:
2388 3905 2633 3961 Fecimus
2673 3905 2812 3975 qnod
2851 3904 3083 3974 jussisti;
3138 3919 3301 3974 quare
3347 3919 3453 3958 non
3502 3904 3687 3960 reddis

2122 3999 2261 4070 quod
2309 3998 2637 4069 promisisti?
2683 3997 2986 4067 ReSpOndet
3031 3996 3123 4050 tibi
3153 3997 3327 4050 Deus:
3358 3995 3428 4052 Ut
3455 3997 3688 4066 accipias

2120 4090 2260 4159 quod
2290 4090 2525 4158 promisi,
2549 4104 2647 4158 ego
2670 4087 2840 4151 dabo;
2870 4096 2923 4142 ut
2954 4087 3172 4152 faceres,
3202 4102 3364 4155 quare
3387 4087 3685 4157 acciperes,

2120 4195 2218 4250 ego
2232 4178 2399 4234 dedi‘.
2419 4178 2653 4248 Denique
2666 4177 2907 4245 superbis
2929 4176 3118 4231 talibus
3143 4177 3371 4246 loquitur
3391 4159 3685 4247 propheta:

2127 4272 2264 4340 Quid
2303 4271 2452 4325 vultis
2477 4286 2669 4323 mecum
2710 4270 2893 4333 iudicio
2919 4268 3253 4323 contendere!
3280 4269 3464 4323 Omnes
3502 4268 3691 4324 dereli-

2120 4364 2297 4434 quistis
2317 4378 2423 4427 me,
2446 4361 2566 4414 dicit
2597 4360 2840 4414 Dominus
2865 4358 3074 4429 (.Ierem.
3112 4375 3175 4419 ιι,
3202 4358 3317 4426 29).
3355 4358 3490 4425 Quid
3525 4359 3689 4414 vultis

2122 4468 2326 4507 mecum
2353 4452 2404 4507 in
2425 4451 2677 4523 judicium
2704 4451 2900 4504 intrare
2918 4490 2931 4513 ,
2958 4458 3012 4504 et
3038 4457 3241 4502 vestras
3281 4446 3511 4517 justitias
3538 4462 3692 4502 com-

2121 4543 2458 4601 memorare?
2478 4541 2904 4597 Commemorate
2924 4531 3152 4609 justitias
3175 4548 3406 4603 vestras;
3434 4552 3535 4608 ego
3561 4539 3687 4593 novi

2123 4636 2353 4689 facinora
2399 4644 2595 4688 vestra.
2619 4629 2895 4698 Quomodo
2931 4628 3234 4698 approbabo
3272 4614 3563 4696 justitiam,
3596 4625 3686 4681 ubi

2120 4725 2384 4784 damnaho
2412 4721 2748 4792 superbiam?
2773 4720 2959 4775 Merito
2986 4718 3086 4772 iste
3126 4717 3338 4771 humilis
3367 4715 3417 4769 in
3458 4731 3687 4785 corpore

2120 4817 2332 4882 Clu-isti,
2360 4818 2569 4871 discens
2595 4830 2624 4869 a
2648 4814 2820 4882 capite
2844 4811 3089 4882 quoniam
3119 4811 3260 4863 mitis
3284 4817 3365 4863 est
3390 4819 3438 4862 et
3468 4808 3688 4863 humilis

2122 4910 2286 4965 corde
2317 4907 2528 4980 (Matth.
2569 4922 2643 4970 χι,
2674 4902 2797 4975 29),
2834 4901 2916 4957 Ne
2947 4903 3120 4964 intres,
3153 4900 3341 4970 inquit,
3370 4900 3423 4952 in
3429 4899 3686 4969 judicium

2121 5017 2236 5054 cum
2273 5014 2415 5053 seruo
2462 5007 2568 5050 tuo.
2606 4995 2721 5050 Non
2766 4994 3059 5064 litigemus;
3106 4990 3230 5045 nolo
3274 4999 3446 5044 tecum
3488 4988 3688 5043 habere

2121 5106 2358 5155 causam,
2386 5099 2446 5143 ut
2473 5102 2573 5157 ego
2609 5098 2897 5156 proponam
2937 5081 3195 5152 justitiam
3226 5094 3420 5143 meam,
3458 5085 3513 5132 tu
3557 5092 3690 5132 eon-

2123 5184 2302 5237 vincas
2330 5181 2658 5249 iniquitatem
2694 5190 2866 5231 meam
2891 5192 2905 5227 :
2939 5172 2993 5227 Ν
2995 5189 3022 5227 e
3048 5173 3203 5226 intres
3226 5171 3279 5224 in
3292 5169 3549 5243 judicium
3571 5184 3687 5222 cum

2120 5289 2259 5328 servo
2282 5284 2384 5326 tuo.
2412 5271 2587 5345 Quare
2626 5267 2764 5322 hoc?
2788 5280 2952 5336 quare
2987 5263 3173 5318 timet?
3201 5260 3455 5327 Quoniam
3483 5275 3582 5313 non
3597 5260 3689 5328 ju-

2121 5365 2418 5433 stiﬁcabitur
2451 5377 2621 5416 coram
2649 5370 2698 5413 te
2725 5358 2887 5413 omnis
2935 5356 3123 5410 vivens.
3154 5353 3332 5407 Omnis
3375 5353 3560 5415 vivens,
3600 5351 3689 5405 hic

2122 5461 2305 5528 utique
2350 5457 2556 5521 vivens,
2595 5455 2647 5507 i'n
2694 5467 2855 5507 carne
2896 5449 3098 5513 vivens,
3150 5445 3440 5501 moriturus
3478 5445 3682 5509 vivens,

2187 5594 2200 5623 ¹
2228 5591 2302 5640 sic
2320 5596 2425 5639 Mss.
2451 5595 2505 5636 At
2529 5585 2658 5649 Pdd,,
2684 5580 2908 5649 ego_dedi
2932 5589 2981 5631 ut
3002 5582 3216 5640 timeres;
3238 5588 3387 5649 meare
3422 5576 3682 5639 acciperes,

2126 5666 2210 5718 ego
2227 5648 2340 5702 dedi
2361 5663 2378 5699 :
2397 5648 2487 5699 nisi
2507 5647 2633 5710 quod
2654 5656 2750 5694 Am.
2777 5645 2943 5703 habet,
2963 5655 3110 5702 quare
3132 5645 3392 5702 acceperis.
