4082 6204
341 342 364 398 1
377 339 478 396 M9

341 463 495 509 natus
537 449 719 517 homo,
747 465 812 506 ex
853 448 1159 504 hominibus
1182 445 1399 512 vivens,
1429 445 1497 501 de
1522 445 1712 509 Adam,
1741 443 1909 498 Adam

342 549 553 608 vivens;
582 543 755 596 omnis
775 541 846 596 ita
878 541 1059 595 vivens
1076 537 1350 609 iustiﬁcari
1376 537 1512 592 forte
1536 544 1712 608 potest
1729 549 1908 589 coram

337 652 421 696 sc,
447 649 550 687 non
580 648 756 687 coram
786 642 854 686 te.
879 630 1176 698 Quomodo,
1203 644 1382 684 coram
1412 629 1504 683 se?
1531 627 1641 682 Sibi
1672 627 1906 696 placens,

343 725 438 780 tibi
466 724 788 793 displicens:
820 739 986 775 coram
1012 731 1057 775 te
1083 731 1257 775 autem
1288 737 1387 774 non
1412 718 1772 791 justi/imbitur
1797 733 1907 770 om-

343 819 424 872 nis
457 819 643 871 vivens.
675 815 791 897 Npli
818 831 944 885 ergo
977 830 1184 870 mecum
1215 815 1409 868 intrare
1434 811 1774 882 injudicium,
1804 811 1910 865 Do-

344 914 516 976 mine,
550 909 688 963 Dcns
719 924 887 964 meus.
918 908 1311 976 Quantumlihet
1340 915 1514 961 rectus
1545 905 1673 959 mihi
1700 903 1904 971 videar,

344 998 593 1068 producis
625 1009 677 1052 tn
717 998 782 1053 dc
811 998 1058 1052 thesauro
1089 1007 1179 1051 tuo
1207 997 1463 1067 regulam,
1491 1005 1707 1065 coaptas
1733 1011 1816 1049 me
1841 993 1908 1048 ad

341 1106 481 1152 eam,
511 1100 564 1144 ct
604 1106 797 1159 pravus
833 1091 1090 1144 invenior.
1125 1087 1207 1144 Ne
1234 1090 1386 1144 intres
1415 1090 1467 1143 in
1505 1089 1758 1161 judicium
1791 1103 1906 1140 cum

341 1197 485 1235 servo
510 1190 614 1234 tuo.
649 1181 810 1242 Bene,
839 1198 950 1234 cum
971 1197 1108 1234 servo
1132 1189 1237 1235 tuo.
1262 1179 1534 1250 Indignum
1563 1188 1644 1234 cst
1669 1178 1760 1233 tibi
1786 1191 1906 1231 cum

342 1287 499 1325 servo
522 1282 610 1326 tuo
632 1272 827 1324 intrare
851 1272 900 1324 in
927 1271 1206 1340 judicium,
1235 1286 1333 1325 nec
1359 1269 1570 1351 quidem
1592 1284 1713 1324 cum
1739 1268 1909 1322 amico

345 1373 476 1417 tuo:
500 1363 648 1431 quia,
694 1361 840 1415 l'obis
885 1362 996 1414 dico
1023 1362 1198 1414 amicis
1235 1361 1356 1414 meis
1386 1359 1534 1432 (Luc.
1576 1357 1771 1429 xn,4),
1804 1371 1908 1411 non

342 1457 583 1519 diceres,
619 1455 810 1510 nisi'ex
853 1456 1020 1508 servis
1062 1453 1262 1507 amicos
1302 1462 1357 1506 tu
1401 1452 1516 1523 ipse
1559 1449 1797 1505 fecisses.
1829 1448 1909 1502 Tu

344 1549 471 1602 licet
505 1547 653 1601 dicas
693 1547 954 1609 amicum,
986 1559 1084 1614 ego
1127 1541 1383 1598 conﬁteor
1424 1557 1673 1598 servum:
1706 1540 1912 1595 miseri-

343 1638 526 1693 cordia
555 1637 762 1706 indigeo
782 1677 796 1702 ,
844 1635 1089 1706 fugitivus
1127 1635 1309 1698 redeo.
1352 1650 1531 1706 pacem
1562 1649 1773 1704 quarm;
1805 1648 1910 1687 non

342 1747 462 1785 sum
493 1730 683 1798 dignus
722 1730 899 1782 vocari
931 1728 1065 1781 illius
1096 1737 1215 1783 tuus
1246 1727 1354 1800 (Id.
1383 1745 1469 1792 xv,
1505 1728 1618 1796 2|),
1651 1725 1732 1779 Ne
1757 1727 1911 1778 intres

342 1823 396 1876 in
416 1823 668 1891 judicium
698 1837 812 1874 cum
839 1837 979 1874 servo
1019 1830 1138 1882 tuo;
1165 1821 1403 1889 quoniam
1429 1836 1528 1872 non
1550 1817 1912 1889 justiﬁcabitur

344 1915 396 1967 in
423 1923 690 1983 conspectu
720 1924 804 1968 tuo
843 1914 1002 1967 onmis
1035 1914 1218 1968 vivens.
1247 1913 1375 1966 Ante
1398 1922 1606 1965 mortem
1641 1928 1702 1964 ne
1737 1909 1913 1963 laudes

345 2007 595 2060 hominem
634 2023 926 2078 quemquam
961 2005 1144 2076 (Eccli.
1177 2023 1252 2071 xl,
1282 2005 1375 2076 30)
1416 2023 1428 2059 :
1480 2004 1698 2060 omnino
1747 2002 1911 2072 omnis

343 2097 530 2150 vivens.
559 2096 691 2164 Quid
739 2097 835 2165 ipsi
865 2097 1077 2159 arietes,
1108 2095 1231 2165 quid
1259 2095 1357 2164 ipsi
1395 2095 1658 2165 Apostoli,
1683 2093 1748 2148 de
1775 2107 1910 2163 qno-
1941 2166 1948 2170 Α

345 2205 464 2242 rum
516 2189 662 2258 prole
711 2189 903 2242 dicitur
954 2207 966 2242 :
1020 2189 1210 2254 A/Ierte
1255 2187 1468 2241 Domino
1516 2189 1648 2259 ﬁlios
1702 2187 1912 2256 arietum

346 2277 520 2351 (Psul.
550 2295 734 2344 xxvnt,
764 2278 852 2349 l)?
881 2279 952 2332 Ex
985 2278 1068 2333 his
1098 2278 1289 2333 Paulus
1319 2287 1419 2342 est,
1451 2278 1537 2346 qui
1569 2277 1696 2330 dicit
1724 2292 1827 2329 non
1855 2289 1914 2328 sc

343 2383 466 2421 esse
501 2368 788 2436 perlectum
814 2385 826 2420 :
861 2367 981 2421 Non
1008 2369 1126 2436 quia
1143 2370 1256 2438 jam
1280 2367 1572 2436 acceperim.
1606 2367 1794 2434 inquit,
1825 2374 1912 2417 aut

337 2457 450 2526 jam
480 2457 727 2531 perfectus
754 2459 847 2510 sint
875 2456 1130 2527 (Philipp.
1156 2473 1231 2522 ut,
1264 2458 1372 2525 19.).
1410 2458 1659 2527 Denique.
1703 2458 1909 2519 fratres,

347 2558 406 2602 ut
436 2548 542 2601 cito
571 2546 893 2615 agnoscatis,
927 2547 1024 2616 ipsi
1073 2547 1371 2600 didicerunt
1418 2562 1572 2602 orare
1609 2547 1747 2615 quod
1794 2562 1915 2600 ora.

345 2655 486 2703 mus,
531 2639 654 2708 ipsis
684 2638 806 2693 data
853 2648 933 2694 est
968 2640 1146 2710 regula
1175 2639 1496 2709 postulandi,
1542 2654 1571 2694 a
1597 2639 1913 2710 Jurisperito

344 2729 548 2783 cuticin
584 2749 596 2783 :
629 2730 717 2784 Sic
745 2741 902 2792 orate,
936 2731 1122 2799 inquit.
1170 2731 1232 2784 Et
1270 2745 1390 2784 cum
1417 2730 1654 2799 quzedam
1699 2733 1912 2799 przemi-

343 2822 524 2883 sisset,
560 2820 730 2889 p0suit
749 2831 805 2873 ct
831 2819 931 2874 hoc
954 2829 1015 2885 ut
1042 2820 1285 2874 dicerent
1313 2823 1507 2875 arietes
1534 2821 1723 2886 nostri,
1750 2821 1913 2876 duces

343 2909 520 2964 ovitnn
547 2951 560 2976 ,
590 2918 641 2964 et
671 2912 932 2979 praecipua
966 2896 1198 2965 membra
1229 2911 1460 2966 Pastoris
1485 2922 1538 2966 ct
1565 2923 1909 2982 congregato-

341 3000 417 3053 ris
446 3001 461 3031 ¹
507 3003 663 3054 unius
710 3001 918 3070 gregis;
968 3001 1066 3070 ipsi
1111 3001 1410 3056 didicerunt
1447 3002 1660 3058 dicere:
1703 3002 1912 3057 Dimitte

339 3091 480 3144 nobis
509 3092 670 3146 debita
709 3104 896 3157 nostra,
928 3097 1055 3148 sicut
1082 3105 1127 3147 et
1154 3111 1244 3148 nos
1289 3095 1579 3180 dimittimus
1609 3097 1910 3152 debitoribus

338 3183 523 3236 nostris
551 3181 758 3254 (Matth.
792 3199 865 3249 vt,
897 3184 948 3250 9,
981 3185 1090 3258 12).
1119 3186 1234 3240 Non
1266 3187 1529 3254 dixerunt,
1558 3188 1765 3244 Gratias
1792 3191 1905 3256 tibi,
1953 3194 1964 3205 '

335 3276 426 3344 qui
454 3275 700 3330 dimisisti
728 3279 879 3333 nobis
906 3279 1078 3334 debita
1131 3289 1330 3342 nostra,
1359 3281 1495 3334 sicut
1521 3289 1574 3335 ct
1599 3297 1695 3334 nos
1725 3281 1905 3346 dimit-

337 3368 498 3421 timus
526 3367 853 3424 debitoribus
880 3372 1106 3435 nostris;
1139 3373 1253 3434 sed,
1285 3371 1510 3438 Dimitte,
1535 3373 1663 3425 sicut
1694 3373 1907 3425 dimitti-

335 3475 469 3512 mus.
501 3458 735 3513 Orabant
779 3471 954 3533 autem
982 3463 1160 3532 utique
1195 3468 1301 3529 jam
1333 3463 1511 3517 lidelcs
1535 3505 1548 3521 .
1581 3465 1760 3532 utique
1797 3464 1905 3531 jam

335 3550 574 3618 Apostoli
602 3567 614 3602 :
647 3567 766 3605 nam
814 3554 911 3607 ista
951 3557 1123 3608 oratio
1158 3555 1418 3610 dominica
1459 3558 1624 3626 magis
1665 3550 1940 3612 lidclihus'

334 3642 512 3696 datur.
544 3641 596 3698 Si
628 3644 802 3698 debita
828 3647 914 3698 illa
949 3649 1312 3700 tantummodo
1338 3649 1646 3702 dicerentur
1672 3666 1790 3719 qua:
1813 3666 1907 3718 per

335 3733 664 3804 Baptismum
683 3738 1038 3800 dimittuntur,
1056 3741 1448 3792 catcchumeuis
1468 3750 1783 3808 congrueret
1797 3757 1908 3792 ma-

330 3826 412 3892 gis
465 3840 641 3896 orare,
675 3825 885 3880 Dimitte
925 3829 1065 3881 nobis
1107 3828 1270 3880 debita
1310 3838 1496 3881 nostra.
1547 3829 1730 3882 Dicant
1776 3845 1905 3900 ergo

332 3915 598 3984 Apostoli,
644 3916 842 3980 dicant,
874 3915 1080 3972 Dimitte
1109 3919 1251 3970 nobis
1292 3917 1455 3970 debita
1486 3929 1675 3980 nostra,
1705 3919 1832 3971 sicut
1858 3928 1906 3972 et

331 4022 426 4059 nos
455 4005 748 4059 dimittimus
791 4006 1090 4060 debitoribus
1132 4009 1332 4061 nostris.
1377 4009 1437 4061 lit
1461 4023 1577 4062 cum
1607 4009 1683 4062 eis
1703 4008 1902 4070 dictum

333 4096 514 4155 fuerit.
545 4098 720 4164 Quare
767 4097 868 4154 hoc
910 4098 1116 4153 dicitis?
1156 4117 1272 4168 qua:
1312 4100 1484 4153 debita
1529 4101 1742 4154 vestra?
1800 4099 1904 4154 Re-

331 4189 652 4258 Spondeant,
680 4189 930 4256 Quoniam
953 4207 1052 4243 non
1066 4189 1426 4260 justi/imbitur
1446 4191 1496 4243 in
1525 4200 1788 4260 conspectu
1818 4201 1903 4244 tuo

331 4269 497 4332 auritis
521 4279 704 4332 vivens.

404 4369 457 4422 7.
483 4367 630 4441 [vers.
653 4368 730 4442 5.]
755 4370 1002 4436 Quoniam
1025 4383 1311 4439 persecutus
1339 4381 1409 4426 est
1430 4363 1657 4425 inimicus
1681 4373 1901 4436 animant

331 4476 514 4520 meam,
544 4460 821 4515 humiliavit
848 4463 900 4514 in
929 4472 1059 4515 terra
1085 4465 1235 4516 vitam
1264 4480 1442 4516 meam.
1481 4465 1610 4519 Vide
1639 4481 1754 4531 nos,
1784 4465 1903 4520 vide

330 4559 491 4620 caput
537 4562 774 4606 nostrum
831 4568 923 4622 pro
975 4553 1168 4606 nobis:
1206 4555 1455 4619 Quoniam
1503 4565 1788 4624 persecutus
1831 4565 1902 4608 est

330 4641 564 4693 inimicus
591 4642 809 4694 animam
837 4659 1016 4695 meam.
1059 4642 1372 4696 Persecutus
1417 4653 1498 4697 est
1526 4645 1676 4713 plane
1705 4653 1759 4700 et
1786 4644 1901 4698 dia-

331 4733 488 4787 bolus
517 4736 745 4786 animam
769 4734 984 4800 Christi,
1008 4745 1060 4789 et
1101 4734 1263 4789 Judas
1287 4737 1515 4788 animam
1545 4736 1777 4804 magistri
1807 4753 1819 4789 :
1849 4743 1904 4789 et

334 4839 476 4879 nunc
504 4824 568 4878 ad
599 4828 1015 4894 persecutionem
1045 4825 1281 4895 corporis
1311 4825 1504 4880 Christi
1538 4826 1674 4880 idem
1715 4826 1901 4881 diabo-

333 4915 417 4969 lus
445 4925 655 4978 manct;
705 4915 865 4970 Judas
909 4928 1084 4972 autem
1127 4917 1275 4972 Julia:
1316 4915 1568 4970 sur-cedit.
1613 4915 1726 4970 Non
1772 4932 1900 4986 ergo

332 5006 484 5061 deest
512 5006 578 5072 de
607 5022 712 5077 quo
735 5008 871 5061 dicat
901 5018 954 5061 et
981 4991 1210 5078 corpus,
1246 5009 1490 5072 Quoniam
1520 5017 1803 5079 persecutus
1832 5018 1902 5062 est

333 5097 564 5150 inimicus
619 5099 839 5152 animant
891 5115 1090 5164 meam,
1142 5099 1418 5152 humiliavit
1469 5099 1520 5151 in
1569 5108 1700 5152 terra
1751 5099 1901 5152 vitam

333 5204 513 5264 meum.
547 5188 877 5255 Ilumiliavit,
921 5192 1108 5260 inquit,
1150 5193 1201 5244 in
1232 5201 1362 5244 terra
1401 5192 1549 5248 vitam
1576 5209 1756 5246 meam.
1784 5192 1901 5244 Alio

336 5279 455 5334 loco
477 5279 670 5334 dicitur
688 5299 699 5334 z
720 5280 1057 5350 Curvaverant
1079 5283 1296 5334 animant
1320 5299 1478 5334 meam
1499 5281 1668 5354 (Psal.
1694 5297 1798 5346 ut,
1823 5280 1898 5352 7).

335 5371 469 5439 Qttid
497 5373 636 5425 enim
667 5372 939 5426 nobiscum
984 5373 1108 5442 agit,
1139 5372 1376 5441 quisquis
1405 5374 1734 5442 persequitur
1755 5413 1767 5435 ,
1801 5372 1902 5426 nisi

334 5471 390 5516 ut
413 5462 596 5519 relicta
621 5478 714 5532 spe
754 5463 957 5518 cmlesti
1003 5473 1194 5516 terram
1237 5464 1533 5531 sapiamus,
1581 5462 1902 5532 persecutori

333 5552 582 5608 cedentes
610 5563 819 5609 tcrrcna
848 5554 1164 5623 diligamus?
1192 5554 1258 5609 Et
1288 5555 1357 5608 illi
1385 5555 1617 5624 quidem,
1647 5563 1899 5624 quantum

335 5641 387 5698 in
415 5647 546 5719 ipsis
570 5656 672 5712 est,
701 5645 802 5701 hoc
827 5657 989 5716 agunt
1015 5663 1028 5698 :
1057 5646 1206 5700 nobis
1231 5656 1405 5700 autem
1434 5646 1532 5702 hoc
1560 5662 1661 5703 non
1691 5646 1900 5702 contin-

377 5760 392 5792 ⁸
441 5769 539 5812 Aut.
567 5777 617 5814 ct
650 5766 870 5826 plerique
897 5771 999 5812 Mss.
1025 5769 1399 5825 congregatores.

1430 325 1819 386 ENARRA'HO
1858 322 1923 378 IN
1962 323 2280 382 PSALMUM
2317 327 2516 386 CXLII.

3445 343 3577 399 £830

2015 453 2137 512 gat,
2167 446 2356 516 quibus
2384 448 2605 518 dicitur,
2641 449 2702 505 Si
2729 452 3065 508 resurrexistis
3089 469 3201 508 cum
3224 452 3440 522 Christo,
3469 474 3581 527 qua:

2013 553 2213 592 sursum
2256 551 2372 594 sunt
2416 543 2596 611 sapite,
2648 545 2732 597 ubi
2777 542 3004 601 Christus
3045 557 3119 601 est
3158 549 3210 601 in
3254 549 3455 604 dextera
3485 551 3580 606 Dei

2012 628 2224 694 sedens;
2251 646 2364 700 qua:
2391 648 2590 686 sursum
2622 644 2736 687 sunt
2758 638 2966 702 quwrite
2987 679 3002 702 ,
3046 655 3144 692 non
3169 656 3280 710 qua:
3302 659 3452 710 super
3477 653 3579 697 ter-

2011 722 2366 774 ram:mortui
2403 723 2532 776 enim
2575 725 2688 778 estis
2727 725 2941 798 (Coloss.
2985 744 3064 794 nt,
3116 730 3252 800 1-5).
3300 731 3430 786 Nam
3476 749 3578 786 non

2007 806 2382 877 justilicabitnr
2407 827 2586 866 coram
2636 814 2745 869 Deo
2794 818 2964 872 omnis
2991 819 3193 874 vivens.
3236 821 3313 876 llli
3345 837 3470 891 ergo
3499 824 3583 878 vel

2014 895 2196 967 aperte
2221 901 2511 969 saeviendo,
2540 903 2620 959 vel
2643 906 2844 960 occulte
2874 908 3166 963 insidiando
3186 922 3443 966 conantur
3465 929 3586 982 per-

2014 988 2205 1045 ducere
2236 991 2394 1046 vitam
2425 1004 2658 1048 nostram
2689 995 2753 1050 ad
2792 1005 2986 1052 terram
3012 1017 3024 1052 :
3049 1011 3228 1054 contra
3271 1003 3366 1057 hos
3394 995 3582 1071 vigile-

2012 1095 2155 1147 mus,
2186 1091 2240 1135 ut
2268 1082 2442 1137 dicere
2470 1085 2752 1154 possimus,
2783 1086 2974 1148 Nostra
3012 1091 3143 1144 enim
3189 1092 3492 1147 conversatio
3531 1097 3584 1148 in

2012 1170 2147 1224 caelis
2170 1181 2242 1225 est
2265 1169 2517 1243 (Philipp.
2548 1191 2620 1239 Ill,
2649 1176 2763 1248 20).
2801 1177 3115 1246 Humiliavit,
3150 1181 3337 1252 inquit,
3367 1184 3416 1238 in
3452 1195 3586 1239 terra

2011 1264 2160 1316 vitam
2174 1267 2345 1318 meam
2367 1265 2627 1320 inimicus.
3521 1273 3526 1284 ’

2082 1352 2136 1408 8.
2187 1351 2565 1410 Collocaverunt
2618 1374 2695 1411 me
2735 1359 2787 1412 in
2831 1359 3129 1426 tenebrosis,
3185 1363 3314 1416 sicut
3365 1375 3587 1418 mortuos

2012 1445 2206 1498 swculi.
2235 1445 2346 1502 lloc
2373 1463 2402 1500 a
2428 1449 2600 1518 capite
2640 1451 2936 1520 expeditius
2961 1454 3187 1522 auditis,
3219 1467 3270 1509 et
3293 1456 3588 1526 expeditius

2013 1533 2117 1588 hoc
2143 1534 2193 1587 in
2224 1536 2395 1605 capite
2420 1539 2723 1607 agnoscitis.
2758 1541 2848 1596 Ille
2875 1543 3015 1596 enim
3045 1559 3142 1612 pro
3165 1546 3318 1600 nobis
3347 1556 3589 1602 mortuus

2014 1625 2185 1681 lactus
2207 1637 2304 1692 est,
2338 1627 2430 1684 sed
2461 1647 2566 1684 non
2598 1625 2836 1688 mortuus
2865 1635 3066 1689 szeculi.
3096 1637 3197 1704 Qui
3225 1638 3364 1692 enim
3395 1643 3588 1695 mortui

2013 1729 2136 1772 Sunt
2164 1722 2376 1775 surculi?
2401 1724 2744 1791 etquomodo
2776 1725 2861 1780 ille
2886 1741 2988 1779 non
3016 1738 3130 1781 erat
3154 1740 3391 1800 ιηυηυιιε
3417 1747 3585 1785 saecu-

2014 1808 2092 1863 li?
2135 1810 2325 1865 Mortui
2376 1814 2576 1876 s:eculi,
2621 1816 2813 1869 merito
2860 1818 3074 1882 mortui,
3122 1821 3420 1874 mercedem
3449 1824 3587 1876 reci-

2013 1900 2217 1970 pientes
2259 1902 2577 1972 iniquitatis,
2621 1915 2675 1960 et
2719 1918 2941 1962 mortem
2978 1908 3230 1964 ducentes
3274 1927 3336 1965 ex
3386 1915 3586 1978 peccati

2015 1995 2327 2063 propagine;
2357 2011 2421 2050 ex
2441 1997 2527 2050 illa
2545 2012 2674 2052 voce
2688 2014 2788 2068 qua
2806 2000 3027 2062 dicitur:
3046 2001 3152 2072 Ego
3169 2003 3300 2056 enim
3322 2005 3370 2056 in
3398 2005 3588 2074 iniqui-

2014 2084 2196 2138 tatibus
2226 2097 2493 2154 conceptus
2513 2105 2643 2153 sum,
2675 2099 2719 2143 et
2741 2090 2791 2142 in
2814 2091 3027 2158 peccatis
3055 2103 3215 2146 mater
3241 2110 3349 2146 mea
3368 2094 3419 2147 in
3446 2107 3586 2150 utero

2014 2191 2093 2227 me
2129 2176 2253 2229 aluit
2293 2175 2543 2260 (Psal.1..
2584 2179 2662 2248 7).
2700 2179 2851 2234 \‘euit
2887 2189 3062 2235 autem
3094 2181 3181 2237 ille
3209 2198 3307 2252 per
3336 2184 3586 2254 virginem

2013 2281 2290 2322 assumens
2318 2285 2531 2324 carnem
2553 2312 2566 2334 ,
2598 2287 2700 2326 non
2733 2273 3059 2342 iniquitatem
3089 2276 3283 2349 carnis,
3311 2293 3587 2334 assumens

2014 2374 2226 2413 carnem
2258 2360 2505 2414 mundam
2534 2363 2937 2418 mundatriccm.
2971 2365 3048 2418 llli
3075 2378 3250 2421 autem
3277 2383 3430 2437 quem
3464 2384 3587 2438 prc-

2014 2457 2247 2502 eatorem
2277 2450 2547 2518 putabant,
2585 2460 2832 2521 tauquam
2861 2463 3124 2507 mortuum
3155 2456 3334 2510 saeculi
3364 2456 3586 2526 deputa-

2016 2539 2158 2596 bunt.
2186 2543 2255 2594 At
2284 2542 2374 2595 ille
2400 2542 2486 2611 qui
2515 2543 2564 2596 itt
2591 2544 2695 2596 alio
2726 2544 2929 2612 psalmo
2957 2544 3110 2611 dixit,
3144 2547 3268 2611 Quae
3291 2565 3389 2601 non
3417 2550 3584 2618 rapui,

2015 2641 2134 2685 tunc
2176 2634 2484 2686 exsolvebam
2533 2633 2699 2704 (Psal.
2753 2651 2934 2699 vam.
2990 2637 3077 2707 5);
3127 2647 3181 2692 ct
3223 2639 3312 2710 qui
3356 2639 3487 2693 dixit
3534 2641 3584 2695 in

2015 2724 2318 2796 Evangelia,
2341 2725 2474 2780 Ecce
2499 2728 2628 2780 venit
2650 2729 2879 2797 princeps
2895 2729 3088 2792 mundi,
3114 2732 3424 2800 praepositus
3447 2747 3587 2786 mor-

2017 2819 2081 2873 tis
2105 2860 2121 2886 ,
2152 2821 2330 2889 operis
2360 2821 2481 2874 mali
2516 2836 2829 2890 persuasor,
2860 2823 3104 2898 supplicii
3133 2835 3380 2890 exactor;
3423 2823 3584 2890 Venit,

2013 2907 2200 2980 inquit,
2231 2921 2274 2964 et
2299 2912 2350 2964 in
2378 2928 2454 2964 me
2481 2914 2608 2966 nihil
2645 2913 2875 2967 inveniet.
2921 2914 3054 2979 Quid
3091 2924 3201 2980 est,
3244 2916 3295 2970 in
3343 2933 3421 2970 me
3461 2917 3588 2972 nihil

2012 3002 2261 3056 inveniet?
2287 3003 2492 3058 Nullam
2511 3005 2726 3074 .culpam
2755 3046 2768 3072 ,
2813 3006 2941 3060 nihil
2981 3023 3147 3077 quare
3175 3009 3308 3063 mori
3339 3008 3584 3065 debeam.

2015 3094 2120 3150 Sed
2148 3107 2204 3148 ut
2244 3097 2401 3150 sciant
2443 3113 2613 3151 omnes
2641 3098 2759 3168 quia
2796 3099 3130 3164 voluntatem,
3177 3099 3382 3168 inquit,
3415 3099 3587 3155 Patris

2011 3187 2109 3239 mei
2137 3186 2290 3255 facio,
2323 3188 2530 3257 surgite,
2554 3203 2722 3243 eamus
2753 3189 2868 3242 hinc
2898 3187 3076 3258 (Joan.
3104 3205 3190 3244 xw
3214 3231 3230 3256 ,
3255 3189 3342 3256 '50,
3373 3189 3486 3261 51).
3521 3190 3589 3246 Ut

2013 3279 2230 3343 moriar,
2264 3279 2450 3347 inquit,
2486 3280 2808 3334 voluntatem
2850 3281 3021 3334 Patris
3048 3283 3148 3336 mei
3178 3281 3332 3344 iacio,
3360 3298 3462 3338 non
3488 3298 3587 3336 au-

2013 3377 2116 3423 tem
2162 3378 2333 3424 morte
2360 3384 2476 3424 sum
2509 3369 2716 3445 dignus.
2765 3370 2904 3425 Nihil
2933 3372 3032 3426 feci
3066 3373 3205 3427 unde
3231 3373 3460 3439 moriar,
3492 3373 3586 3428 sed

2011 3461 2146 3516 iacio
2182 3471 2237 3514 ut
2273 3462 2498 3526 tnoriar;
2547 3472 2602 3517 ut
2641 3463 2711 3516 illi
2749 3479 2841 3533 per
2866 3463 3165 3519 innocentis
3198 3453 3421 3532 mortem
3453 3466 3586 3520 lihe-

2011 3564 2212 3615 rentur,
2235 3554 2324 3624 qui
2350 3554 2612 3609 habebant
2641 3571 2803 3624 quare
2831 3567 3180 3611 morerentur.
3206 3557 3585 3626 collocaverunt

2009 3662 2090 3698 me
2117 3646 2167 3697 in
2192 3645 2478 3709 tenebrosis,
2518 3655 2764 3714 tanquam
2796 3645 2846 3698 in
2876 3646 3116 3708 infernis,
3151 3657 3395 3715 tanquam
3425 3648 3474 3700 in
3502 3665 3586 3700 se-

2011 3733 2194 3800 pulcro
2218 3773 2233 3796 ,
2284 3742 2530 3802 tanquam
2561 3732 2612 3785 in
2640 3735 2751 3801 ipsa
2781 3734 3059 3801 passione;
3092 3735 3220 3786 velut
3245 3746 3462 3788 mortuos
3485 3752 3585 3790 sce-

2009 3825 2130 3889 culi,
2185 3839 2306 3878 eum
2348 3823 2436 3893 qui
2462 3824 2610 3889 dicit,
2630 3823 2830 3893 Factus
2853 3841 2964 3877 sum
2987 3826 3113 3878 sicut
3133 3825 3282 3878 homo
3299 3827 3407 3894 sine
3429 3828 3582 3896 adju-

2009 3916 2192 3981 torio,’
2211 3915 2341 3968 inter
2365 3924 2584 3967 mortuos
2610 3913 2733 3968 liber
2758 3913 2776 3982 (
2803 3913 2942 3968 Psal.
2971 3930 3200 3975 Lxxxvu.
3229 3915 3262 3970 5
3281 3956 3295 3980 ,
3337 3917 3416 3985 6).
3447 3917 3580 3984 Quid

2007 4014 2089 4060 est
2111 4047 2127 4072 ,
2172 4004 2336 4058 liber?
2373 4019 2537 4074 quare
2568 4004 2733 4058 liber?
2767 4004 2898 4071 Quia
2927 4005 3099 4059 omnis
3125 4005 3211 4074 qui
3244 4005 3364 4060 facit
3395 4023 3582 4076 pecca-

2008 4107 2140 4160 tum,
2171 4111 2361 4151 servus
2386 4104 2468 4150 est
2493 4095 2691 4164 peccati
2723 4093 2898 4167 (Joan.
2931 4111 3038 4159 vui,
3067 4096 3175 4164 54).
3209 4095 3444 4166 Denique
3474 4113 3578 4152 nou

2007 4189 2240 4242 solveret
2281 4201 2309 4239 a
2356 4185 2614 4248 vinculis,
2661 4184 2761 4239 nisi
2807 4185 2992 4238 libera
3028 4185 3267 4239 vinculis.
3315 4185 3406 4240 llle
3449 4187 3582 4242 liber

2007 4286 2233 4332 mortem
2261 4276 2477 4339 occidit,
2507 4275 2774 4329 vinculum
2807 4275 2995 4339 vinxit,
3027 4275 3384 4343 captivitatem
3415 4279 3580 4346 capti-

2007 4348 2165 4431 vavit,
2211 4378 2265 4424 et
2307 4369 2699 4422 collocaverunt
2741 4382 2861 4422 eum
2902 4368 2952 4421 iu
2999 4367 3292 4422 tenebrosis
3330 4377 3578 4438 tanquam

2008 4471 2244 4517 mortuos
2273 4460 2470 4514 szcculi.

2078 4552 2128 4605 9.
2164 4550 2312 4624 [vers.
2349 4548 2426 4622 4.]
2471 4549 2538 4603 Et
2578 4550 2782 4604 tardium
2805 4590 2822 4614 ,
2861 4548 3067 4617 inquit,
3121 4565 3294 4618 passus
3321 4556 3393 4602 est
3421 4550 3473 4603 in
3503 4565 3583 4604 me

2006 4642 2211 4712 spiritus
2259 4658 2417 4706 meus,
2465 4640 2833 4694 Recordamini
2859 4681 2874 4705 ,
2922 4638 3103 4692 Tristis
3149 4649 3221 4693 est
3259 4640 3428 4692 anima
3471 4657 3580 4694 mea

2007 4753 2161 4804 usque
2173 4736 2240 4788 ad
2251 4747 2451 4789 mortem
2469 4733 2675 4802 (Matth.
2692 4748 2836 4794 xxva.
2857 4732 3163 4803 58).Videte
3178 4747 3356 4787 vocem
3375 4735 3578 4787 unam'.

2008 4827 2266 4898 Numquid
2297 4842 2400 4880 non
2419 4834 2637 4894 apparet
2663 4824 2774 4892 ipse
2797 4825 3046 4876 transitus
3069 4838 3098 4875 a
3127 4823 3297 4894 capite
3317 4822 3382 4876 ad
3409 4839 3581 4877 aient-

2008 4921 2100 4975 bra
2123 4961 2138 4986 ,
2182 4935 2213 4974 a
2253 4919 2506 4973 membris
2534 4915 2598 4968 ad
2624 4914 2814 4984 caput?
2852 4913 3080 4967 Tedium
3105 4955 3118 4976 ,
3152 4914 3354 4984 inquit,
3399 4931 3578 4983 passus

2008 5023 2078 5065 est
2109 5012 2158 5064 in
2188 5027 2266 5064 me
2285 5009 2490 5076 spiritus
2525 5023 2683 5059 meus.
2708 5007 3083 5074 Agnoscimus,
3115 5005 3290 5060 Tristis
3316 5015 3385 5059 est
3412 5007 3580 5059 auitna

2009 5119 2116 5154 mea
2145 5116 2297 5170 usque
2320 5099 2386 5151 ad
2411 5107 2637 5150 mortem.
2655 5094 2758 5150 Sed
2772 5103 2824 5148 et.
2853 5095 2960 5150 illic
2989 5111 3086 5149 nos
3115 5111 3344 5150 eramus.
3374 5095 3575 5149 Trans-

2010 5192 2250 5263 lignravit
2275 5192 2413 5245 enim
2445 5191 2494 5243 in
2527 5206 2582 5243 se
2611 5204 2806 5257 corpus
2861 5189 3166 5242 ltttlttilllalis
3199 5198 3412 5254 noslrte,
3441 5204 3572 5243 con-

2008 5287 2242 5342 formans
2267 5282 2474 5352 corpori
2496 5281 2676 5351 gloria:
2699 5295 2808 5334 sua:
2826 5279 3084 5350 (Philipp,
3111 5295 3185 5342 ut,
3203 5279 3324 5350 2|):
3354 5289 3581 5334 etvetus

2010 5383 2170 5434 homo
2196 5387 2375 5431 noster
2397 5377 2634 5430 conlixns
2663 5384 2745 5429 est
2773 5373 2916 5429 cruci
2943 5389 3061 5428 cum
3095 5373 3182 5426 illo
3205 5373 3376 5443 (llam.
3395 5390 3469 5441 vt,
3498 5375 3576 5442 li).

2011 5471 2076 5525 In
2107 5485 2185 5523 me
2211 5468 2462 5521 turbatum
2490 5475 2564 5520 est
2593 5482 2678 5518 cor
2703 5481 2884 5518 meum.
2917 5462 2982 5517 In
3009 5480 3086 5516 me
3107 5503 3122 5527 ,
3166 5463 3365 5532 inquit,
3397 5480 3498 5517 non
3528 5465 3580 5521 in

2007 5562 2145 5617 aliis.
2177 5560 2253 5615 Illi
2279 5561 2420 5615 enim
2453 5572 2538 5612 me
2567 5557 2939 5622 deseruerunt,
2963 5565 3017 5611 et
3047 5555 3119 5610 illi
3147 5557 3234 5626 qui
3260 5557 3581 5613 inlneserant

2071 5694 2088 5724 ι
2116 5699 2292 5756 Itasex
2315 5697 2422 5739 Mss.
2460 5696 2510 5738 At
2545 5687 2679 5756 Edd,
2716 5698 2882 5756 vocem,
2899 5699 3068 5737 meam.
3111 5693 3313 5752 noxque
3339 5697 3438 5740 am.
3471 5703 3579 5740 eum

2010 5752 2253 5805 nonnullis
2271 5760 2396 5812 \tss.,
2423 5752 2660 5811 Numquid
2684 5755 2902 5832 apparet.
