4082 6204
434 307 562 363 ιεςτςι

438 434 801 491 recesserunt,
839 434 893 478 et
927 438 1010 477 me
1035 422 1203 489 ipsum
1234 421 1352 490 quia
1378 419 1511 474 mi
1539 420 1815 479 videbant.
1848 417 1985 473 aliud

439 516 634 586 aliquid
661 525 1001 586 putaverunt;
1040 523 1094 568 et
1131 529 1157 565 a
1192 514 1393 568 latrone
1431 513 1546 566 victi
1572 522 1717 574 sunt.
1748 511 1836 582 qui
1868 522 1991 566 tunc

440 607 664 661 credidit
687 605 833 676 (Luc.
865 620 1015 666 χχιιι,
1044 603 1250 672 40-29.),
1273 603 1480 671 quando
1502 602 1573 657 illi
1594 600 1919 656 defecerunt.

511 698 596 751 {0.
644 694 791 769 [rem
835 697 913 765 5.|
954 694 1078 749 Inde
1120 694 1185 749 ad
1235 694 1488 749 membra.
1534 693 1839 747 Memoratus
1883 711 1992 747 sum

440 790 629 844 dierum
655 790 985 858 antiquorum.
1017 788 1276 857 Numquid
1305 797 1625 841 memoratus
1652 798 1735 841 est
1759 787 1848 842 ille
1872 785 1992 842 die-

438 894 549 932 rum
584 880 947 947 antiquorum,
980 893 1075 949 per
1109 893 1263 946 quem
1307 876 1473 931 factus
1513 887 1591 930 est
1628 876 1799 931 omnis
1835 876 1994 932 dies"?

438 970 542 1027 Sed
568 971 796 1040 loquitur
816 984 1028 1039 corpus,
1061 970 1285 1039 loquitur
1304 970 1658 1037 unusquisque
1675 969 1811 1025 illius
1826 970 1992 1039 gratia

433 1060 748 1130 justilicatus
768 1102 781 1125 ,
817 1060 1078 1115 inhaerens
1124 1060 1195 1113 illi
1238 1061 1287 1113 in
1318 1059 1571 1113 charitate
1599 1069 1653 1113 et.
1678 1059 1862 1113 devota
1890 1058 1991 1111 liu-

436 1149 714 1213 militate';
752 1149 1005 1219 loquitur,
1034 1157 1087 1203 et
1122 1148 1275 1212 dicit,
1320 1148 1623 1202 Memoratus
1654 1166 1763 1202 sum
1803 1150 1993 1202 dierum

438 1240 771 1309 antiquorum,
812 1240 1076 1293 meditatus
1121 1256 1231 1292 sum
1272 1240 1323 1291 in
1366 1240 1588 1292 omnibus
1616 1241 1843 1307 aperibus
1875 1240 1989 1292 luis.

441 1331 569 1397 Quia
600 1331 779 1399 utique
807 1331 980 1384 omnia
1011 1330 1144 1382 bona
1176 1340 1227 1383 tu
1261 1330 1457 1394 fecisti,
1486 1338 1538 1384 et
1569 1332 1690 1384 nihil
1723 1332 1991 1387 constitis-

439 1430 520 1474 set
549 1420 687 1488 quod
727 1436 757 1474 a
806 1429 857 1474 te
894 1422 1233 1474 constitutum
1272 1437 1374 1474 non
1418 1432 1576 1476 es<et.
1610 1422 1858 1476 Creatura
1907 1431 1991 1474 tua

439 1511 793 1578 spectaculum
837 1511 964 1565 mihi
1004 1512 1135 1564 facta
1167 1520 1280 1565 est:
1304 1512 1517 1580 quzesivi
1550 1514 1599 1565 in
1630 1528 1789 1582 opere
1825 1514 1992 1565 artilio

437 1615 576 1658 cem.
606 1609 659 1653 et
690 1601 739 1653 in
766 1600 989 1655 conditis
1013 1600 1258 1654 omnibus
1285 1602 1629 1656 Conditorem.
1659 1606 1830 1666 Quare
1857 1602 1993 1656 hoc?

440 1691 620 1761 utquid
660 1691 791 1755 hoc,
837 1692 935 1745 nisi
968 1702 1024 1746 ut
1064 1691 1165 1746 hoc
1203 1693 1546 1761 intelligeret.
1578 1694 1826 1763 quidquid
1855 1696 1904 1748 in
1936 1710 1995 1748 se

437 1781 559 1835 boni
588 1792 748 1848 esset,
774 1774 955 1837 abillo
983 1781 1172 1837 factum
1200 1784 1347 1842 esse:
1380 1800 1444 1838 ne
1466 1784 1711 1852 ignorans
1735 1772 1989 1852 justitiam

437 1870 528 1926 Dei
554 1913 570 1936 ,
602 1884 654 1926 et
679 1887 826 1926 suam
857 1873 1038 1927 volens
1065 1874 1386 1928 caustituere
1410 1914 1423 1937 ,
1455 1874 1672 1943 justitiu:
1701 1875 1791 1930 Dei
1816 1877 1993 1942 subie-

438 1970 554 2014 ctus
585 1976 685 2013 non
717 1972 858 2015 esset
890 1960 1060 2030 (Rom.
1090 1979 1141 2029 ιι,
1169 1964 1253 2031 5);
1285 1972 1341 2016 ιιι
1368 1963 1416 2017 ei
1444 1963 1748 2019 conveniret
1775 1982 1874 2019 vox
1905 1967 1993 2021 illa

438 2053 697 2123 superior.
727 2052 791 2107 In
820 2054 1022 2108 veritate
1048 2064 1133 2108 tua
1153 2065 1197 2107 et
1227 2054 1277 2107 in
1297 2054 1498 2123 justitia
1520 2055 1645 2108 tua?
1674 2056 1726 2109 In
1753 2057 1995 2111 omnibus

439 2159 567 2214 ergo
612 2144 698 2198 Dei
739 2144 983 2212 operibus
1024 2155 1078 2199 et
1126 2144 1461 2199 meditatione
1504 2145 1738 2199 omnium
1777 2161 1993 2216 cperunt

446 2233 536 2289 Dei
578 2234 798 2303 gratiam
840 2234 1100 2301 insinuat,
1142 2236 1361 2306 gratiam
1390 2236 1742 2299 commendat,
1774 2238 1993 2307 gratiam

438 2337 496 2377 se
527 2316 788 2377 invenisse
814 2324 1100 2394 gloriatur,
1132 2326 1352 2393 gratiam
1391 2341 1491 2395 qua
1517 2327 1678 2395 gratis
1707 2327 1835 2380 salvi
1874 2327 1994 2382 facti

440 2428 623 2467 sumus
648 2414 798 2482 :quia
826 2424 876 2468 et
901 2415 1063 2485 gratis
1084 2415 1212 2468 salvi
1241 2413 1360 2469 faeti
1383 2431 1580 2469 sumus.
1604 2416 1735 2483 Quid
1756 2416 1996 2486 gloriaris

438 2503 491 2557 in
525 2514 609 2558 tua
651 2505 892 2571 justitia?
926 2505 1048 2574 quid
1078 2514 1129 2560 te
1160 2507 1405 2571 extollis,
1439 2507 1688 2576 ignorans
1721 2508 1809 2561 Dei
1836 2508 1994 2577 justi-

438 2595 599 2649 tiam?
648 2595 841 2650 Dedisti
893 2595 1025 2650 forte
1068 2596 1283 2667 aliquid,
1331 2607 1383 2651 ut
1428 2598 1603 2652 salvus
1645 2613 1791 2654 esses
1825 2617 1837 2651 :
1870 2600 1993 2669 quid

438 2684 665 2751 dedisti,
711 2697 767 2740 ut
812 2687 971 2741 homo
1011 2690 1193 2742 esses?
1234 2689 1456 2757 Respice
1501 2706 1627 2760 ergo
1670 2692 1996 2746 conditorem

438 2777 560 2829 vitae
592 2787 712 2839 une,
748 2776 1051 2829 substantia:
1091 2786 1146 2831 et
1178 2778 1392 2844 iustitia:
1421 2789 1475 2833 et
1498 2780 1682 2835 salutis
1705 2791 1994 2836 auctorem.

442 2845 693 2921 Meditare
728 2868 778 2920 in
805 2869 1011 2937 [acturis
1049 2885 1285 2921 manuum
1330 2870 1472 2939 ejus,
1519 2872 1638 2940 quia
1665 2881 1716 2925 et
1739 2872 1996 2942 justitiam

438 2948 555 3027 qum
602 2958 653 3013 in
694 2965 753 3013 te‘
786 2969 885 3025 est,
916 2960 981 3013 ad
1011 2977 1222 3016 manuni
1249 2962 1363 3031 ejus
1386 2964 1406 2994 ²
1448 2963 1685 3019 invenies
1711 2965 1996 3033 pertinere.

436 3049 571 3103 Audi
602 3050 907 3120 Apostolunt
940 3049 1041 3105 huc
1070 3060 1120 3105 te
1161 3050 1436 3107 ducentem
1463 3070 1476 3105 :
1501 3051 1618 3107 Non
1644 3071 1705 3108 ea:
1733 3055 1990 3125 operibus,

437 3139 622 3209 inquit.
661 3157 721 3193 ne
758 3142 882 3208 forte
920 3143 1030 3209 quis
1073 3141 1358 3196 extollatur.
1403 3143 1571 3212 Opera
1604 3145 1737 3197 bona
1768 3161 1870 3199 non
1900 3145 1993 3199 ha-

443 3228 661 3286 bemus?
703 3232 967 3288 Habemus
1011 3234 1197 3304 plane;
1249 3234 1340 3289 sed
1384 3236 1504 3289 vide
1552 3235 1676 3305 quid
1720 3238 1993 3305 sequitur:

442 3319 611 3391 Ipsius
659 3323 789 3377 enim
833 3339 1003 3376 sumus
1050 3324 1368 3393 ﬁgmentum,
1417 3324 1564 3378 dixit.
1610 3324 1780 3387 Ipsius
1826 3343 1998 3380 sumus

439 3410 910 3483 ﬁgmentum:forte
937 3422 1198 3477 naturam,
1224 3429 1326 3484 qua
1355 3413 1598 3470 homines
1623 3433 1823 3482 sumus,
1855 3433 1999 3471 com-

439 3518 733 3557 memorare
758 3503 942 3569 voluit,
974 3503 1075 3559 hoc
1094 3503 1354 3573 appellato
1376 3504 1657 3575 figmento?
1676 3506 1788 3560 Non
1811 3507 1994 3574 plane;

438 3593 504 3648 de
530 3595 777 3663 operibus
805 3595 1114 3666 loquebatur
1137 3614 1149 3649 :
1176 3595 1313 3657 Non.
1346 3597 1532 3665 inquit,
1576 3615 1637 3651 ex
1662 3598 1908 3668 operibus,
1940 3617 2000 3653 ne

437 3685 547 3754 quis
574 3687 703 3755 forte
726 3686 1014 3740 extollatur.
1056 3686 1158 3740 Sed
1187 3702 1291 3741 non
1316 3688 1687 3756 conjiciamus;
1719 3702 1993 3758 sequatur:

438 3773 609 3846 Ipsius
633 3778 764 3830 enim
788 3794 958 3831 sumus
980 3779 1289 3850 ﬁgmentum,
1320 3780 1472 3834 creati
1500 3780 1552 3833 in
1573 3778 1772 3834 Christo
1794 3778 1919 3835 Iesu
1946 3781 1998 3835 in

440 3867 668 3935 aperibus
698 3868 836 3923 bonis
862 3868 1072 3939 (Eplies.
1106 3885 1172 3931 ιι,
1196 3868 1259 3929 9.
1286 3869 1396 3937 10).
1420 3867 1538 3924 Noli
1580 3885 1708 3939 ergo
1738 3878 1917 3939 putare
1948 3880 1999 3925 te

438 3957 631 4028 aliquid
671 3960 905 4028 Operari,
948 3960 1048 4013 nisi
1091 3961 1143 4014 in
1174 3971 1426 4031 quantum
1470 3961 1640 4015 malus
1684 3976 1763 4016 es.
1805 3962 1998 4017 Averto

440 4050 507 4100 ab
532 4062 691 4117 opere
722 4056 811 4103 tuo
836 4059 914 4112 te,
955 4046 1020 4103 ad
1063 4046 1195 4120 Opus
1226 4050 1365 4104 illius
1392 4051 1478 4121 qui
1508 4049 1629 4105 fecit
1655 4051 1868 4121 te:ipse
1894 4051 2000 4105 for-

440 4137 603 4203 tnat‘;
646 4147 699 4191 et
729 4139 840 4205 ipse
868 4139 1004 4208 quod
1051 4132 1363 4195 formaverat
1406 4148 1460 4194 et
1500 4148 1553 4194 tu
1598 4136 1994 4207 exterminasti,

441 4225 709 4281 reformet.
753 4227 817 4284 Ut
853 4229 991 4283 enim
1021 4230 1128 4294 sis,
1171 4231 1282 4298 ipse
1310 4241 1556 4300 operatus
1585 4241 1700 4294 est;
1748 4240 1802 4285 ut
1829 4232 1998 4287 bonus

440 4318 513 4372 sis
534 4360 547 4379 .
576 4319 619 4373 si
646 4319 814 4373 bonus
838 4334 928 4385 es,
958 4320 1069 4388 ipse
1093 4333 1358 4389 operatur.
1389 4319 1511 4375 Cum
1539 4332 1776 4386 tremore,
1811 4322 1997 4391 inquit,

440 4419 486 4462 et
515 4411 689 4463 timore
724 4420 933 4464 vestram
973 4413 1196 4481 ipsorum
1231 4413 1441 4467 salutem
1469 4416 1763 4482 operamini.
1808 4414 1861 4471 Si
1899 4432 1997 4469 no—

441 4512 602 4554 strain
631 4502 861 4571 ipsorum
883 4502 1106 4557 salutem
1132 4517 1434 4572 operantur.
1460 4519 1624 4572 quare
1644 4518 1760 4558 eum
1789 4507 1996 4571 timore,

430 4609 608 4663 quare
632 4609 747 4649 cum
777 4603 1021 4659 tremore,
1050 4610 1167 4649 cum
1197 4595 1264 4647 sit
1291 4595 1345 4647 in
1369 4597 1625 4661 pbtestate
1648 4606 1823 4649 nostra
1854 4599 1994 4666 quod

406 4728 421 4745 .
442 4684 793 4754 Opi-ramum?
816 4686 946 4739 Audi
976 4701 1137 4763 quare
1162 4700 1281 4739 cum
1314 4686 1500 4739 timore
1518 4697 1570 4740 et
1597 4695 1852 4740 tremore:
1872 4688 2002 4742 Deus
2040 4676 2051 4687 ’

442 4784 514 4827 est
549 4775 681 4827 enim
719 4775 801 4843 qui
843 4785 1081 4843 operatur
1103 4775 1153 4828 in
1189 4774 1325 4828 vobis
1352 4784 1400 4829 et
1434 4775 1555 4828 velle
1579 4785 1624 4837 et
1653 4776 1878 4844 operari,
1910 4794 2001 4846 pro

442 4866 573 4921 bona
595 4864 843 4920 voluntate
865 4864 1115 4936 (Philipp.
1147 4881 1203 4931 ιι,
1235 4865 1319 4927 12.
1353 4865 1464 4933 i3).
1506 4864 1644 4934 Ergo
1666 4875 1782 4918 cum
1815 4867 2003 4921 timore

443 4967 497 5012 et
526 4967 776 5016 tremore.
805 4964 862 5010 ut
884 4956 1108 5011 delectet
1152 4957 1201 5009 in
1241 4956 1479 5010 convalle
1508 4957 1714 5025 operari
1746 4959 1998 5009 artilicem

445 5056 700 5101 nostrum.
737 5044 825 5099 Sic
849 5046 988 5099 enim
1015 5055 1262 5114 operatur
1294 5054 1538 5114 tanquam
1571 5046 1620 5097 in
1650 5045 1886 5113 deiectis,
1914 5046 2000 5114 qui

437 5136 638 5207 judicat
668 5137 718 5189 in
748 5136 991 5205 gentibus
1014 5175 1027 5199 ,
1060 5145 1114 5189 et
1137 5136 1306 5204 replet
1333 5136 1531 5191 ruinas.
1568 5135 1629 5189 In
1658 5139 1865 5206 [acturis
1890 5154 2000 5189 ma-

443 5244 601 5282 nuum
628 5237 825 5281 tuarum
867 5226 1130 5280 meditatus
1167 5243 1297 5280 smn.
1344 5225 1462 5281 Vidi
1505 5242 1665 5296 ergo,
1707 5238 1759 5282 et
1800 5229 1999 5297 inspexi

441 5333 603 5386 opera
634 5327 716 5371 tua
742 5333 757 5383 ;
789 5317 908 5387 quia
936 5316 1067 5371 nihil
1096 5316 1219 5370 boni
1249 5330 1366 5371 esse
1397 5316 1447 5370 in
1480 5317 1631 5371 nobis
1661 5328 1832 5388 potest
1852 5361 1865 5382 ,
1900 5319 1998 5374 nisi

442 5407 537 5462 abs
566 5418 617 5463 te
645 5407 757 5475 flat,
779 5408 866 5478 qui
893 5422 989 5462 nos
1008 5407 1197 5463 fecisti.

506 5522 523 5590 ξ
550 5523 620 5590 sie
652 5530 751 5571 Am.
773 5528 826 5571 et.
845 5528 1027 5590 Itss._st
1049 5527 1123 5570 Er.
1149 5528 1201 5571 et
1216 5525 1345 5580 Lov.,
1375 5525 1420 5569 et
1443 5519 1635 5590 devotus
1656 5520 1704 5572 iu
1723 5520 2000 5575 humilitate.

505 5584 525 5645 ἢ
552 5582 738 5644 Aliquot.
756 5590 885 5645 Mss...
908 5585 973 5633 ad
994 5595 1139 5645 opera
1160 5594 1383 5632 manuum
1407 5582 1527 5641 eius.

506 5644 526 5706 ξ
552 5650 624 5706 tir.
648 5644 791 5706 Lugd.
818 5653 952 5700 ven..
976 5644 1159 5696 numer.
1214 5650 1270 5691 is.

507 5704 529 5733 ⁸
546 5705 619 5751 sic
650 5704 748 5751 Ani.
773 5710 843 5751 Pr.
866 5713 915 5753 et
930 5712 1035 5753 Mss.
1056 5713 1107 5754 At
1130 5713 1257 5765 ποι,
1280 5716 1373 5767 qua
1395 5715 1664 5766 operantur.

1652 306 1707 363 S.
1748 300 2107 360 AUGUSTINI
2146 303 2442 358 EPISCUPI

3524 313 3661 365 filii:

2171 419 2254 471 Η.
2281 416 2427 489 (vers.
2461 418 2538 493 6.]
2567 421 2630 475 Et
2653 422 2774 493 quid
2814 421 2933 487 feci,
2962 439 3080 478 cum
3108 423 3339 483 viderem
3367 441 3397 478 a
3425 436 3474 481 te
3498 443 3659 481 omne

2098 508 2277 563 datum
2304 512 2578 579 optimum.
2597 524 2649 567 et
2675 529 2830 568 omne
2845 516 3039 569 donum
3058 516 3344 586 perfectum
3363 519 3430 573 de
3444 534 3657 575 sursum

2098 612 2235 658 esse.
2256 598 2581 656 descendens
2597 617 2623 654 a
2646 603 2798 658 Patre
2816 604 3089 669 luminum,
3108 606 3244 674 apud
3270 622 3424 676 quem
3450 624 3552 662 non
3572 621 3657 664 est

2099 691 2460 769 commit/talio.
2480 707 2575 746 nec
2599 695 2854 748 momenti
2881 695 3210 750 obunzbratio
3236 696 3433 765 (Jacobi
3458 715 3492 757 ι,
3520 701 3577 752 l7
3601 702 3653 766 )‘i

2098 777 2227 831 Cum
2254 778 2353 834 huc
2374 780 2623 842 viderem,
2653 799 2868 837 aversus
2892 786 2958 838 ab
2987 800 3146 854 opere
3179 789 3316 841 malo
3344 789 3483 857 quod
3517 790 3661 844 fere-

2099 885 2208 923 ram
2238 872 2287 924 in
2318 887 2422 937 tne,
2446 875 2644 928 extendi
2668 892 2843 930 manus
2864 894 2995 931 meas
3021 879 3088 935 ad
3110 887 3173 932 te.
3200 879 3436 944 Extendi,
3466 884 3653 951 inquit,
3733 924 3749 939 .

2097 976 2273 1013 manus
2316 979 2448 1015 meas
2474 964 2541 1017 ad
2579 975 2624 1017 te
2654 981 2674 1019 :
2702 967 2869 1020 animo
2914 984 3021 1020 mea
3062 970 3188 1021 velut
3218 980 3348 1024 terra
3381 972 3488 1024 sine
3524 990 3657 1042 aqua

2098 1052 2200 1104 tibi.
2225 1052 2507 1121 Cuinplue,
2537 1055 2728 1124 inquit,
2760 1072 2845 1112 me
2882 1057 2946 1111 ad
2988 1058 3279 1114 faciendum
3305 1061 3655 1117 fruetum'bo-

2097 1156 2242 1195 num.
2276 1142 2524 1199 Dominus
2547 1149 2685 1200 enim
2708 1147 3198 1211 dabitsuavitatem.
3229 1162 3284 1205 ut
3306 1164 3442 1207 terra
3472 1166 3651 1209 nostra

2096 1229 2185 1283 det
2214 1230 2435 1287 fructum
2462 1251 2612 1289 suum
2641 1235 2804 1308 (Psal.
2835 1254 3057 1302 Lxxtttv,
3090 1241 3200 1309 15).
3231 1240 3450 1297 Extendi
3477 1261 3657 1299 manus

2098 1338 2231 1376 meas
2257 1324 2322 1375 ad
2348 1335 2393 1377 te
2416 1340 2435 1378 :
2455 1327 2622 1397 animo
2650 1317 2756 1380 nica
2785 1329 2913 1384 velut
2943 1341 3075 1384 terra
3103 1332 3207 1385 sine
3231 1349 3381 1398 aqua,
3415 1349 3517 1387 non
3550 1336 3652 1387 nii-

2098 1414 2171 1478 lii,
2200 1416 2291 1470 sed
2322 1419 2426 1470 tibi.
2457 1418 2613 1473 Sitire
2643 1420 2735 1473 tibi
2763 1436 2971 1488 possum
2993 1464 3007 1487 ,
3051 1439 3136 1476 me
3161 1423 3377 1492 irrigare
3404 1441 3505 1478 non
3535 1442 3654 1493 pos-

2097 1520 2234 1558 sum.
2267 1508 2444 1560 Aninta
2472 1525 2580 1562 mea
2604 1511 2733 1563 velut
2757 1521 2888 1564 terra
2915 1514 3022 1565 sine
3040 1530 3169 1584 aqua
3197 1514 3285 1567 tibi
3308 1530 3325 1568 :
3345 1515 3463 1583 quia
3491 1516 3654 1570 Sitivit

2096 1598 2270 1650 anima
2316 1614 2431 1653 mea
2459 1600 2509 1653 in
2546 1601 2704 1653 Deum
2750 1601 2923 1655 vivum
2971 1602 3137 1671 (Psal.
3179 1620 3299 1669 xu,
3331 1606 3406 1675 5).
3433 1604 3655 1670 Quando

2096 1688 2336 1753 veniam,
2382 1689 2477 1741 nisi
2523 1690 2733 1759 quando
2779 1692 3017 1746 venerit?
3043 1692 3217 1747 Sitivit
3243 1694 3414 1746 anima
3457 1711 3570 1748 mea
3602 1696 3654 1749 in

2099 1777 2260 1830 Deum
2287 1779 2457 1832 vivum
2477 1794 2492 1842 ;
2518 1779 2636 1847 quia
2656 1781 2824 1832 anima
2838 1796 2947 1834 mea
2966 1780 3096 1834 velut
3116 1791 3247 1835 terra
3268 1783 3374 1837 sine
3392 1800 3521 1854 aqua
3541 1785 3651 1836 tibi.

2096 1865 2341 1921 Abundat
2369 1884 2531 1932 mare,
2566 1869 2808 1937 inundat,
2837 1871 3106 1939 c0piosum
3136 1881 3236 1935 εει,
3268 1872 3483 1926 fluctuat
3505 1914 3518 1933 .
3558 1873 3656 1928 sed

2097 1970 2330 2008 amarunt
2358 1966 2457 2011 est.
2502 1958 2733 2012 Discreta
2773 1969 2853 2013 est
2882 1974 3037 2029 aqua,
3064 1966 3305 2030 apparuit
3329 1962 3473 2016 arida
3500 1962 3655 2035 (Gen.

2097 2060 2130 2107 ι,
2162 2045 2219 2116 9)
2252 2048 2426 2101 anima
2461 2064 2608 2113 mea;
2654 2049 2810 2118 irriga
2853 2064 3000 2116 eam,
3042 2051 3163 2120 quia
3201 2051 3332 2105 velut
3369 2061 3500 2105 terra
3549 2053 3659 2107 sine

2096 2154 2224 2208 aqua
2253 2138 2357 2190 tibi.

2169 2226 2426 2299 1‘2.[vers.
2456 2228 2530 2301 7.]
2571 2230 2677 2283 Cito
2716 2231 2896 2284 exaudi
2937 2247 3033 2289 me.
3081 2229 3311 2285 Domine.
3350 2231 3479 2298 ρυω
3511 2231 3657 2287 enim

2098 2336 2243 2374 mora
2267 2321 2476 2391 quando
2501 2322 2576 2376 sic
2596 2322 2737 2385 sitio,
2761 2323 2827 2376 ad
2849 2322 3272 2378 inflammandam
3295 2325 3434 2378 sitim
3455 2326 3654 2379 meant?

2098 2411 2332 2465 Pluviam
2355 2410 2632 2465 dilferebas
2651 2452 2666 2477 ,
2698 2422 2755 2467 ut
2782 2412 3029 2468 hauriens
3055 2414 3362 2469 imbiberem
3384 2456 3399 2477 ,
3434 2432 3535 2469 non
3566 2432 3655 2471 re-

2098 2516 2339 2568 spuerem
2365 2501 2504 2571 quod
2531 2500 2795 2557 inﬂueres.
2824 2502 2876 2557 Si
2904 2518 3029 2573 ergo
3057 2503 3174 2558 ideo
3202 2504 3482 2560 differebas
3505 2546 3518 2565 .
3543 2505 3657 2573 jam

2098 2592 2193 2658 da;
2230 2592 2473 2662 quoniam
2491 2594 2658 2646 anima
2692 2612 2799 2648 mea
2820 2597 2949 2649 velut
2984 2606 3116 2649 terra
3133 2597 3239 2650 sine
3266 2613 3397 2666 aqua
3416 2598 3520 2650 tibi.
3543 2597 3658 2651 Cito

2097 2684 2279 2735 exaudi
2306 2699 2401 2748 me,
2436 2682 2679 2746 Domine;
2707 2685 2887 2755 defecit
2912 2686 3116 2754 spiritus
3145 2703 3300 2740 meus.
3333 2687 3546 2756 Impleat
3569 2704 3660 2744 me

2097 2773 2311 2840 Spiritus
2337 2782 2474 2839 tuus,
2497 2774 2617 2843 quia
2641 2774 2817 2846 defecit
2836 2776 3037 2845 spiritus
3058 2794 3195 2832 meus
3216 2793 3236 2832 :
3257 2779 3370 2847 ipsa
3390 2788 3471 2833 est
3499 2794 3663 2837 causa.

2100 2874 2155 2916 ut
2183 2864 2287 2919 cito
2323 2866 2569 2920 exaudias
2593 2909 2608 2932 ,
2653 2868 2773 2937 quia
2816 2869 2994 2939 defecit
3034 2870 3241 2937 spiritus
3276 2887 3432 2924 meus.
3467 2870 3661 2927 Factus

2099 2968 2212 3008 sum
2231 2954 2338 3024 jam
2363 2971 2561 3025 pauper
2584 2958 2800 3025 spiritu;
2830 2958 3036 3012 beatum
3066 2975 3149 3014 me
3172 2960 3253 3015 fac
3279 2961 3329 3015 in
3359 2978 3521 3032 regno
3545 2978 3659 3018 cm-

2101 3045 2269 3101 lorum
2304 3045 2510 3117 (Matth.
2539 3064 2591 3110 v,
2620 3046 2694 3116 '5).
2726 3048 2779 3102 ln
2807 3064 2909 3118 quo
2939 3050 3077 3104 enim
3107 3051 3232 3105 vivit
3259 3052 3476 3120 spiritus
3503 3056 3618 3121 ejus
3639 3095 3655 3120 ,

2100 3137 2357 3204 superbus
2400 3146 2512 3203 est,
2556 3138 2740 3207 Spiritu
2788 3155 2884 3194 suo
2927 3142 3201 3195 extollitur
3244 3152 3425 3198 eontra
3471 3144 3657 3199 Deum.

2100 3227 2215 3282 Fiat
2246 3230 2297 3283 in
2330 3228 2417 3282 lllo
2455 3228 2590 3284 bene
2635 3229 2774 3293 quod
2812 3230 2937 3284 alibi
2983 3233 3233 3301 scriptum
3283 3243 3402 3301 est,
3449 3234 3661 3304 Auferes

2098 3318 2328 3388 spiritum
2355 3335 2547 3384 eorum,
2574 3329 2623 3372 et
2648 3320 2875 3389 deﬁcient
2897 3363 2911 3381 .
2952 3332 2995 3374 et
3019 3322 3069 3375 in
3101 3323 3347 3391 pulverem
3366 3340 3511 3377 suum
3538 3341 3662 3377 con-

2099 3419 2345 3462 vertentur
2371 3409 2537 3479 (Psal.
2565 3426 2673 3474 cui,
2701 3409 2823 3482 29);
2853 3421 2906 3467 ut
2932 3412 3246 3467 conﬁtentes
3288 3413 3496 3479 dicant,
3539 3413 3661 3468 Me-

2099 3508 2260 3552 mento
2300 3500 2416 3569 quia
2459 3501 2616 3569 pulvis
2658 3519 2828 3555 sumus
2870 3502 3037 3572 (Psal.
3066 3518 3155 3569 cu,
3188 3504 3296 3576 M).
3322 3505 3453 3561 Cum
3479 3516 3658 3560 autem

2099 3590 2356 3655 dixerint,
2389 3589 2521 3657 Quia
2558 3594 2715 3660 pulvis
2756 3610 2926 3646 sumus
2963 3605 3237 3657 memento;
3281 3605 3406 3649 tunc
3444 3596 3658 3659 dicant,

2099 3682 2281 3735 Anima
2306 3699 2414 3736 mea
2447 3681 2576 3736 velut
2614 3694 2744 3736 terra
2772 3685 2879 3737 sine
2913 3700 3043 3753 aqua
3071 3684 3174 3737 tibi.
3206 3685 3340 3752 Quid
3380 3686 3519 3739 enim
3548 3694 3658 3739 tam

2102 3783 2239 3826 terra
2266 3773 2381 3827 sine
2409 3776 2575 3843 aqua'
2602 3789 2615 3838 ;
2649 3789 2804 3843 quam
2834 3773 3037 3843 pulvis?
3060 3773 3163 3830 Sed
3193 3776 3289 3829 cito
3316 3777 3498 3829 exaudi
3542 3793 3657 3842 nte,

2099 3860 2315 3918 Domine
2344 3881 2365 3914 .-
2386 3865 2628 3933 complue
2653 3880 2738 3920 me
2760 3905 2776 3931 ,
2820 3865 3071 3921 confirma
3101 3881 3186 3922 me
3209 3908 3223 3932 ,
3264 3881 3332 3920 ne
3358 3868 3455 3921 sim
3487 3868 3661 3937 pulvis

2100 3967 2253 4022 quem
2269 3952 2666 4023 projicitventus
2680 3970 2707 4008 a
2727 3954 2857 4009 facie
2872 3954 3192 4028 terne(Psal.
3210 3972 3247 4022 ι,
3260 3954 3336 4028 4).
3350 3955 3459 4012 Cito
3474 3959 3662 4014 exaudi

2100 4062 2197 4109 me,
2220 4045 2466 4109 Domine;
2481 4046 2657 4118 defecit
2673 4048 2874 4117 spiritus
2891 4063 3056 4104 meus:
3072 4064 3175 4103 nun
3196 4048 3467 4103 differatur
3484 4050 3659 4119 inopia

2101 4152 2239 4191 mea.
2266 4138 2540 4193 Abstulisti
2568 4139 2808 4208 spiritum
2839 4155 3035 4205 meum,
3082 4149 3138 4194 ut
3176 4140 3456 4195 deﬁcerem
3480 4182 3494 4205 ,
3525 4150 3579 4196 ct
3605 4142 3659 4195 in

2101 4226 2374 4296 pulverem
2404 4242 2577 4282 meum
2604 4238 2960 4293 converterer,
3001 4241 3050 4283 et
3080 4230 3308 4284 dicerem
3337 4232 3451 4296 tibi,
3478 4233 3663 4306 Anima

2100 4331 2211 4369 mea
2238 4318 2365 4370 velut
2392 4326 2522 4371 terra
2546 4318 2653 4371 sine
2679 4335 2807 4386 aqua
2846 4320 2932 4372 tibi
2958 4336 2976 4373 :
2999 4318 3079 4374 fac
3117 4322 3271 4375 etiam
3298 4323 3435 4391 quod
3479 4323 3528 4376 in
3568 4324 3663 4378 illo

2102 4409 2305 4478 psalmo
2327 4412 2579 4479 sequitur,
2600 4409 2806 4463 Emittes
2826 4411 3055 4479 spiritum
3075 4422 3233 4479 tuum,
3257 4424 3303 4467 et
3321 4415 3663 4479 creabantur;

2102 4509 2148 4551 et
2174 4499 2429 4553 renovabis
2457 4502 2634 4568 faciem
2664 4510 2808 4554 terra!
2827 4501 2995 4570 (Psal.
3025 4517 3135 4567 cut,
3163 4502 3274 4572 50).
3293 4503 3346 4558 Si
3373 4520 3472 4573 qua
3500 4505 3663 4573 igitur

2105 4589 2154 4642 in
2171 4588 2379 4643 Christo
2406 4604 2539 4642 nova
2555 4596 2816 4654 creatura,
2840 4600 3013 4644 vetera
3039 4593 3376 4645 transierunt.
3399 4593 3452 4645 In
3474 4595 3662 4660 spiritu

2105 4694 2202 4733 suo
2225 4690 2402 4732 vetera
2432 4679 2773 4743 transierunt,
2804 4679 2856 4734 in
2884 4681 3067 4750 spiritu
3092 4692 3177 4736 tuo
3211 4698 3343 4735 nova
3375 4682 3508 4736 facta
3538 4695 3665 4738 sunt

2107 4771 2169 4842 (ll
2193 4770 2305 4824 Cor.
2332 4787 2379 4833 v,
2412 4771 2517 4839 i7).

2160 4864 2265 4922 .13.
2287 4862 2367 4917 Ne
2386 4872 2575 4917 avertas
2594 4863 2767 4933 faciem
2791 4873 2927 4916 tuan:
2944 4879 3082 4917 ame.
3103 4864 3347 4918 Avertisti
3368 4879 3396 4918 a
3416 4865 3665 4934 superbo.

2105 4955 2308 5009 Etenim
2338 4954 2617 5024 aliquando
2633 4954 2958 5009 abundabam
2980 4995 2995 5019 ,
3034 4963 3088 5008 et
3124 4954 3174 5007 in
3202 4954 3514 5009 abundantia
3548 4971 3667 5010 mea

2105 5046 2271 5099 elatus
2296 5054 2436 5097 erant
2461 5062 2473 5098 :
2504 5028 2777 5111 ligo‘enim
2807 5044 2914 5096 dixi
2943 5043 3223 5111 aliquando
3266 5044 3317 5096 in
3357 5043 3670 5097 abundantia

2111 5151 2237 5196 mea,
2268 5133 2386 5187 Non
2415 5137 2641 5186 movebar
2663 5134 2715 5186 in
2743 5126 2998 5187 retentum.
3031 5132 3167 5192 Dixi.
3200 5131 3319 5185 Non
3344 5132 3589 5195 movebar,
3614 5135 3670 5187 in

2105 5225 2411 5279 abundantia
2435 5240 2543 5278 mea
2562 5266 2576 5286 ,
2609 5225 2854 5293 ignorans
2882 5224 3135 5293 justitiam
3180 5233 3320 5277 tuam
3348 5265 3359 5287 ,
3392 5236 3439 5278 et
3471 5226 3671 5299 consti-

2107 5327 2259 5370 tuens
2287 5330 2457 5369 meam
2479 5330 2495 5379 ;
2525 5314 2615 5368 sed
2638 5323 2710 5378 tu,
2734 5313 2949 5368 Domine
2974 5354 2987 5375 ,
3016 5313 3066 5366 in
3089 5314 3339 5367 voluntate
3365 5325 3449 5366 tua
3475 5315 3671 5382 pra-sti-

2105 5411 2206 5462 ιίδιὶ
2226 5408 2392 5463 decori
2419 5423 2525 5460 meo
2550 5408 2793 5459 virtutem.
2816 5405 2936 5460 Dixi
2958 5406 3008 5457 in
3033 5406 3340 5457 abundantia
3368 5418 3478 5457 mea
3498 5446 3512 5469 ,
3547 5402 3670 5460 Non

2107 5502 2363 5567 movebar;
2392 5515 2572 5554 verum
2598 5509 2772 5553 autem
2802 5514 2832 5552 a
2860 5509 2909 5551 te
2936 5497 3062 5551 mihi
3084 5507 3197 5551 erat
3224 5496 3474 5567 quidquid
3498 5497 3671 5550 abun-

2174 5709 2188 5737 ¹
2216 5706 2286 5753 sic
2309 5699 2471 5765 plures
2489 5706 2593 5750 uss.
2623 5706 2673 5747 At
2704 5697 2814 5747 add.
2838 5711 2851 5747 :
2879 5704 2991 5757 Qui:
3013 5695 3134 5745 enin:
3161 5700 3256 5745 tam
3275 5705 3409 5749 terra
3429 5695 3571 5744 sicca.
