4082 6204
364 366 499 423 18735

361 482 573 537 dabam.
597 482 664 538 Et
694 493 748 536 ut
774 466 874 536 boe
903 481 1152 550 probares
1178 488 1289 534 a'te
1318 480 1441 534 mibi
1468 478 1630 534 fuisse
1661 520 1676 540 .
1719 479 1942 532 avertisti

359 574 539 642 faciem
559 586 693 627 tuam
711 590 741 627 a
768 590 862 638 me,
882 582 925 625 et
944 576 1107 642 factus
1129 588 1237 624 sum
1254 573 1574 624 conturbatus
1602 569 1762 638 (Psal.
1784 583 1932 631 χχιι,

360 664 413 727 7,
446 664 524 733 8).
558 666 679 719 Post
708 664 842 718 hanc
888 650 1343 717 conturbationem
1376 666 1423 715 in
1452 679 1549 732 qua
1584 662 1749 716 factus
1777 678 1891 714 sum
1919 704 1935 727 ,

358 756 480 824 quia
511 756 745 810 avertisti
775 754 960 809 faciem
992 764 1131 807 tuam
1158 763 1307 823 :post
1332 753 1541 807 tardium
1569 754 1782 822 Spiritus
1810 751 1933 818 mei,

360 860 476 918 post
505 848 871 901 eoutttrbalum
900 862 991 900 cor
1022 864 1192 899 meum
1225 849 1273 900 in
1303 863 1404 901 nte.
1433 863 1494 901 ex
1529 861 1593 899 eo
1621 845 1756 916 quod
1787 860 1939 900 aver-

358 937 464 992 tisti
509 938 692 997 faciem
739 949 913 1000 tuam;
961 937 1067 1004 jam
1112 936 1277 990 fartus
1320 952 1433 989 sum
1472 938 1607 989 sicut
1652 946 1787 989 terra
1824 936 1940 990 sine

359 1045 490 1096 aqua
519 1029 607 1080 tibi
632 1046 643 1079 :
681 1025 760 1080 Ne
772 1039 970 1080 avertas
989 1028 1166 1098 faciem
1186 1039 1340 1078 tamn.
1365 1027 1609 1080 Averlisti
1640 1042 1667 1078 a
1688 1026 1934 1093 superbo,

361 1120 520 1173 redde
554 1118 759 1173 humili.
810 1117 888 1171 .\"e
927 1128 1122 1170 avertas
1163 1119 1340 1184 faciem
1371 1128 1505 1169 tuam
1539 1135 1569 1168 a
1613 1133 1690 1169 me
1711 1133 1725 1181 ;
1750 1117 1867 1183 quia
1893 1119 1935 1171 si

294 1266 297 1269 ,
357 1211 631 1270 averteris,
657 1210 831 1263 similis
849 1226 931 1261 ero
959 1208 1363 1261 descendentibus
1387 1208 1437 1259 in
1468 1209 1649 1261 larunt.
1672 1208 1805 1274 Quid
1832 1217 1933 1272 est,

357 1301 759 1354 tttsrendcntibus
789 1301 837 1351 in
868 1301 1031 1352 larum
1054 1300 1078 1352 ?
1104 1297 1371 1361 l’eccator,
1403 1314 1515 1350 cum
1550 1299 1729 1351 venerit
1752 1299 1799 1351 in
1819 1315 1935 1367 pro-

359 1392 572 1460 fundum
608 1389 875 1460 malorum,
908 1397 1184 1442 contemnet
1224 1387 1404 1454 (Prov.
1435 1404 1580 1450 ιινιιι,
1604 1387 1678 1457 3).
1716 1389 1789 1440 Illi
1843 1387 1935 1442 de-

361 1485 621 1537 scendunt
651 1483 699 1537 ia
735 1458 927 1542 lacum,
957 1482 1043 1551 qui
1075 1481 1233 1536 etiam
1257 1480 1643 1535 confessionem
1671 1480 1929 1549 perdunt:

354 1583 536 1629 contra
570 1573 709 1642 quod
748 1573 959 1637 dicitur,
982 1570 1064 1627 Ne
1087 1580 1298 1626 coarctet
1334 1589 1490 1640 super
1537 1589 1616 1625 me
1657 1582 1832 1641 puteus
1877 1588 1933 1626 os

353 1686 500 1722 suum
549 1667 716 1740 (Psal.
745 1684 902 1722 vaul
923 1709 936 1732 ,
984 1667 1070 1735 16)
1096 1705 1109 1719 .
1144 1667 1290 1723 lianc
1324 1665 1729 1736 profunditatem
1760 1667 1929 1721 lacum

355 1761 586 1830 appellat
608 1761 917 1830 plerumque
943 1760 1235 1830 Scriptura,
1260 1761 1309 1814 in
1336 1777 1491 1830 quam
1522 1759 1927 1829 profunditatem

353 1870 475 1907 cum
494 1856 696 1906 venerit
718 1863 984 1921 peceator,
1007 1853 1317 1907 contemnit.
1346 1852 1481 1919 Quid
1500 1860 1600 1914 est,
1627 1851 1930 1923 contenmit?

354 1943 470 1997 Jam
503 1960 598 1998 nec
621 1944 777 1997 ullam
810 1944 1193 2015 providentiam
1215 1944 1427 2009 deputat
1454 1960 1467 2007 ;
1496 1954 1588 1997 aut
1616 1944 1659 1997 si
1690 1944 1925 2013 deputat,

353 2036 421 2089 ad
446 2052 560 2090 eam
590 2051 646 2091 se
670 2037 934 2105 pertinere
958 2052 1061 2089 non
1089 2044 1253 2105 putat.
1281 2035 1646 2105 Proponitsibi
1676 2035 1926 2104 peccandi

352 2126 616 2181 licentiam
634 2168 649 2191 ,
695 2126 811 2181 sine
852 2141 947 2196 spe
972 2126 1139 2181 venite
1167 2124 1388 2181 habenis
1410 2124 1699 2194 iniquitatis
1726 2123 1923 2178 etl‘usis.

348 2217 466 2270 Non
494 2218 620 2271 dicit
649 2258 665 2283 ,
698 2218 958 2273 Revertar
982 2218 1044 2270 ad
1072 2217 1233 2271 Deum
1260 2260 1272 2279 ,
1308 2226 1362 2269 ut
1392 2226 1685 2271 revertatur
1710 2217 1774 2270 ad
1806 2232 1922 2277 me;

348 2324 452 2363 nec
480 2309 642 2368 audit,
675 2308 1027 2363 Convertimini
1049 2308 1116 2361 ad
1139 2324 1234 2371 me,
1256 2319 1302 2360 et
1322 2317 1540 2360 revertar
1560 2306 1626 2359 ad
1647 2323 1728 2358 nos
1761 2307 1777 2377 (
1807 2305 1858 2357 Μ
1867 2325 1924 2358 a-

345 2398 485 2452 lacli.
517 2413 570 2451 Ill
595 2439 610 2463 ,
641 2398 672 2451 7
702 2397 719 2466 )
747 2416 759 2449 :
805 2398 1051 2467 quoniam
1084 2398 1301 2450 veniens
1331 2398 1380 2449 in
1410 2395 1728 2465 profundum
1757 2397 1923 2447 malo-

342 2505 468 2553 rum
495 2487 805 2555 contemnit.
836 2486 880 2539 A
924 2496 1119 2540 mortuo
1160 2488 1298 2539 enim
1324 2529 1340 2552 ,
1379 2488 1578 2556 inquit,
1612 2498 1847 2555 tanquam
1882 2488 1924 2539 si

341 2596 452 2632 non
490 2579 584 2642 sit,
637 2579 763 2649 perit
812 2579 1061 2648 confessio
1114 2570 1298 2646 (Eccli.
1326 2593 1429 2631 xvu
1456 2619 1471 2641 ,
1502 2577 1616 2645 26).
1671 2576 1752 2630 Ne
1796 2595 1924 2647 ergo

336 2680 541 2724 avertas
561 2671 739 2738 faciem
768 2678 905 2724 tuam
926 2687 957 2724 a
979 2687 1056 2724 me
1084 2711 1098 2735 ,
1133 2679 1178 2724 et
1201 2670 1377 2723 similis
1413 2686 1497 2723 ero
1519 2669 1925 2723 descendentibus

338 2767 398 2817 in
425 2766 610 2817 locum.

426 2856 505 2909 14.
538 2852 666 2925 [vers
693 2852 771 2925 8.]
813 2853 1050 2906 Auditum
1086 2856 1167 2922 fac
1208 2853 1329 2905 milii
1356 2867 1500 2905 mane
1533 2850 1924 2905 miscricordiam

338 2958 518 3010 tuam;
564 2945 799 3015 quoniam
830 2946 881 2996 in
908 2953 954 2996 te
980 2943 1193 3011 speravi.
1222 2942 1356 2996 Ecce
1384 2943 1433 2995 in
1466 2951 1619 2995 nocte
1645 2957 1759 2994 sum
1785 2957 1800 3004 ;
1830 2940 1923 2994 sed

339 3040 400 3093 in
430 3049 477 3091 ιι·
500 3037 729 3107 sperari,
759 3036 929 3090 donec
956 3044 1209 3089 noeturna
1239 3042 1469 3087 transeat
1492 3031 1920 3101 iniquitasU’sal.

340 3146 453 3194 LVI,
483 3129 559 3199 9.).
626 3147 643 3178 ι
680 3127 948 3181 Habemus
973 3125 1136 3188 enim,
1170 3136 1224 3179 ut
1247 3124 1377 3179 dicit
1403 3126 1609 3188 Petrus,
1637 3126 1920 3178 certiorem

338 3221 711 3291 propheticum
750 3234 1085 3283 sermonem,
1126 3216 1209 3271 cui
1253 3217 1387 3271 bene
1437 3217 1604 3271 facitis
1646 3216 1922 3271 intenden-

340 3325 472 3378 tes,
543 3323 787 3381 tanquam
851 3312 1081 3365 lucerna:
1135 3310 1331 3364 lucenti
1378 3311 1429 3364 in
1487 3310 1714 3364 obscuro
1762 3309 1919 3375 loco,

333 3407 511 3460 donec
560 3405 675 3461 dies
710 3405 1012 3464 illucescat,
1064 3413 1115 3457 et
1138 3402 1321 3458 lucifer
1361 3402 1563 3455 oriatur
1595 3402 1645 3454 in
1675 3400 1922 3455 cordibus

334 3499 534 3552 vestris
568 3518 587 3549 ι
647 3496 727 3568 (ll
753 3495 890 3549 Petr.
921 3512 937 3549 1
964 3536 978 3559 ,
1011 3495 1133 3564 i9).
1179 3493 1333 3548 Mane
1359 3509 1485 3564 ergo
1516 3493 1775 3563 appellat,
1806 3501 1923 3560 post

339 3590 503 3644 finem
546 3588 723 3643 sa'cnli
760 3630 774 3652 ,
819 3601 938 3640 eum
978 3586 1267 3640 viderimus
1296 3585 1435 3654 quod
1481 3585 1532 3637 in
1578 3583 1773 3636 sacculo
1807 3599 1922 3633 «τυ-

335 3682 535 3735 slimus.
565 3700 584 3732 ι
608 3680 758 3735 Mane
784 3699 802 3732 ι
833 3679 974 3733 enim
1007 3697 1025 3729 ι
1048 3677 1302 3731 exaudies
1325 3691 1508 3729 vocem
1538 3690 1739 3739 meam;
1769 3689 1921 3725 mane

336 3776 527 3829 astabo
555 3774 644 3827 tibi
675 3782 728 3827 et
754 3769 1151 3839 contemplabor
1180 3787 1198 3820 ι
1231 3767 1397 3840 (Psal.
1426 3782 1478 3829 v,
1514 3767 1567 3823 4.
1602 3765 1677 3833 5).
1717 3782 1734 3815 ι
1762 3764 1922 3815 Andi-

338 3877 449 3920 tam
503 3864 584 3920 fac
632 3862 760 3917 mibi
814 3876 967 3915 mane
999 3859 1410 3914 misericordiam
1458 3866 1634 3922 tuam,
1670 3855 1917 3923 quoniam

344 3958 400 4010 in
427 3967 477 4010 te
500 3955 731 4023 Speravi.
761 3971 779 4005 ι
811 3953 865 4009 Si
894 3952 1035 4007 enim
1058 3949 1198 4021 quod
1228 3964 1331 4002 non
1356 3946 1597 4002 videmus
1621 3959 1917 4014 speramus,

336 4063 438 4117 per
482 4046 783 4115 patientiam
824 4052 1192 4112 exspectamus
1234 4039 1423 4110 (Rom.
1454 4053 1577 4100 vm,
1617 4037 1754 4107 25).
1817 4035 1916 4089 l’ao

338 4138 579 4192 tzcntiam
626 4134 816 4205 quarrit
854 4148 988 4196 uox,
1037 4131 1269 4185 laetitiam
1312 4127 1531 4182 donabit
1571 4126 1704 4180 dies.
1757 4142 1776 4175 ι
1814 4126 1921 4179 Au-

334 4230 505 4284 ditam
551 4228 630 4282 l'ae
664 4227 790 4281 mibi
828 4241 985 4281 mane
1021 4221 1434 4279 miscricordiam
1464 4229 1603 4275 tuam
1629 4237 1653 4291 ;/
1672 4220 1917 4288 quoniam

337 4322 396 4374 in
428 4330 477 4373 te
506 4319 733 4387 speravi.
772 4336 791 4369 ι
1090 4381 1101 4387 _

415 4412 504 4467 15.
530 4411 636 4465 Sed
687 4410 773 4463 hic
818 4408 975 4478 quid,
1006 4418 1177 4461 donec
1208 4406 1383 4459 veniat
1412 4404 1606 4458 mane?
1630 4402 1745 4457 Non
1777 4402 1918 4457 enim

335 4501 539 4556 Sttfiicll
570 4515 723 4554 mane
748 4500 761 4530 ¹
786 4513 1038 4568 sperare;
1060 4495 1254 4564 aliquid
1281 4510 1413 4564 Opus
1438 4503 1514 4549 est
1545 4508 1722 4563 agere.
1745 4492 1920 4575 Quare

335 4591 541 4661 aliquid
570 4590 774 4659 agere?
822 4589 1079 4657 Quoniam
1121 4587 1250 4640 dicit
1278 4586 1330 4639 in
1355 4586 1457 4639 alio
1487 4586 1688 4665 psalmo
1712 4625 1727 4651 ,
1752 4583 1920 4637 Deum

337 4683 583 4754 exquisivi
621 4682 672 4734 in
698 4680 778 4733 die
813 4678 1146 4732 tribulationis
1174 4692 1297 4729 mete
1336 4691 1354 4728 :
1395 4685 1641 4745 tanquam
1689 4675 1740 4728 in
1788 4683 1920 4729 tem-

340 4792 473 4847 pure
492 4772 670 4829 noctis
688 4787 819 4826 mese
837 4771 998 4824 Deum
1016 4767 1291 4838 exquisivi.
1307 4767 1583 4833 Quomodo
1603 4765 1873 4836 exquisisui
1896 4766 1920 4818 ?

341 4867 583 4922 Manibus
633 4864 755 4917 meis
796 4870 940 4914 nocte
978 4875 1151 4913 coram
1174 4873 1263 4922 eo;
1309 4867 1355 4910 et
1384 4873 1482 4909 non
1527 4873 1637 4910 sum
1680 4857 1917 4927 deceptus

338 4960 514 5029 (Psal.
561 4971 751 5025 vavr,
796 4956 875 5024 5).
926 4953 1166 5007 Manibus
1213 4949 1530 5018 quacrendus
1566 4959 1648 5003 est
1687 4949 1739 5002 in
1767 4959 1919 5003 nocte

338 5052 487 5104 Deus
506 5088 521 5103 .
553 5046 690 5112 Quid
717 5054 819 5109 est,
852 5042 1122 5097 manibus?
1150 5041 1310 5095 Bonis
1330 5040 1598 5109 Operibus.
1630 5037 1813 5095 Coram
1827 5055 1920 5093 eo:

337 5142 469 5197 Cum
491 5141 624 5195 enim
646 5138 771 5206 facis
793 5137 1175 5205 eleemosynam,
1205 5133 1308 5185 noli
1328 5132 1443 5185 tuba
1463 5147 1675 5196 canere;
1697 5141 1741 5183 et
1766 5129 1920 5183 Pater

337 5246 459 5287 tuus
479 5232 565 5301 qui
593 5230 721 5284 videt
744 5230 796 5282 in
821 5226 1015 5281 occulto
1037 5266 1050 5289 ,
1088 5224 1260 5279 reddet
1287 5225 1375 5277 tibi
1430 5223 1639 5293 (Matth.
1662 5223 1807 5287 “,2,
1837 5223 1915 5294 4).

336 5326 476 5394 Quia
502 5338 630 5395 ergo
655 5324 725 5377 ita
746 5320 1068 5391 sperandum
1099 5326 1181 5371 est
1202 5331 1375 5381 mane,
1406 5326 1458 5369 et
1488 5316 1556 5369 ita
1585 5331 1689 5369 nox
1716 5314 1812 5369 ista
1839 5323 1919 5369 to-

340 5414 561 5472 leranda
591 5422 673 5468 est
700 5453 714 5475 ,
755 5412 881 5466 etin
926 5410 1035 5480 ipsa
1067 5409 1314 5477 patientia
1340 5406 1508 5460 donec
1537 5405 1652 5461 dies
1682 5407 1915 5460 lucescat

339 5505 796 5580 perseverandum
837 5512 920 5557 est
944 5543 958 5566 ,
1009 5501 1136 5570 quid
1176 5500 1376 5555 interea
1404 5498 1487 5553 hic
1510 5497 1771 5568 agendum
1793 5499 1818 5549 ’ρ
1842 5496 1919 5552 Ne

342 5599 482 5653 forte
505 5613 598 5667 per
628 5596 851 5664 teipsnm
883 5601 1094 5646 acturus
1120 5605 1177 5644 es
1203 5588 1417 5658 aliquid,
1452 5598 1507 5643 ut
1527 5587 1777 5643 merearis
1796 5602 1920 5657 per-

342 5691 462 5745 duci
493 5690 560 5744 ad
602 5687 799 5742 mane?
830 5685 1018 5739 Notam
1048 5688 1129 5751 fac
1159 5682 1300 5747 mihi,
1330 5680 1562 5749 Domine,
1595 5682 1724 5735 riam
1746 5681 1795 5734 in
1823 5696 1919 5748 qua

407 5806 425 5836 ι
454 5812 571 5859 vox,
593 5812 749 5860 triaue,
774 5812 799 5848 ιι
821 5805 927 5848 Mss.
952 5797 1196 5861 [lorisque
1221 5794 1374 5843 abest.

1428 363 1813 419 ENARKATlO
1856 363 1916 417 lN
1960 362 2280 420 PSALMUM
2319 366 2555 442 CXLll..

3494 379 3629 435 1851

2058 478 2330 548 ingrediar.
2362 480 2484 537 Ideo
2514 483 2782 538 lucernam
2816 485 3172 556 propheticum
3210 490 3477 556 accendit;
3510 494 3628 548 ideo

2055 569 2223 638 ipsum
2262 572 2536 626 Dominum
2576 584 2820 644 tanquam
2862 578 2912 631 in
2951 588 3081 633 testa
3113 581 3288 634 carnis
3319 583 3497 647 misit,
3532 587 3621 655 qui

2048 662 2206 715 etiam
2223 664 2442 728 diceret,
2461 664 2671 718 Exaruit
2688 666 2814 720 velut
2829 677 2949 721 testa
2966 670 3120 723 virtus
3130 688 3239 724 mea
3255 671 3369 740 (Ps.
3391 675 3620 746 xx1,16).

2050 752 2270 807 Ambula
2299 756 2361 806 ad
2391 757 2718 823 proiibetiam
2741 798 2767 821 ,κ
2789 760 2995 812 ambula
3024 760 3087 813 ad
3121 762 3387 815 lucernam
3422 766 3622 832 pra-dic

2046 854 2249 898 ciorum
2282 845 2597 912 futurorum,
2620 848 2827 901 ambula
2860 850 2923 902 ad
2954 852 3111 906 verba
3140 852 3251 906 Dei.
3280 853 3521 907 Nondum
3548 857 3625 909 vi-

2046 934 2140 987 des
2154 934 2382 989 Verbum
2402 937 2451 989 in
2477 938 2754 1006 principio,
2779 940 2941 994 Deum
2977 940 3115 1011 apud
3147 943 3307 997 Dirum
3334 943 3352 1009 (
3376 942 3531 997 Joan.
3565 963 3579 999 ι
3602 986 3618 1012 ,

2048 1026 2100 1089 i)
2127 1043 2139 1088 ;
2170 1020 2376 1080 ambula
2409 1027 2475 1081 ad
2517 1026 2735 1081 fortnam
2768 1030 2930 1093 servi,
2961 1032 3263 1100 perduceris
3298 1033 3362 1087 ad
3394 1035 3616 1089 formam

2044 1116 2269 1169 Domini.
2298 1135 2315 1166 ι
2353 1116 2538 1170 Notam
2564 1118 2643 1171 lac
2671 1119 2795 1172 mibi
2824 1161 2837 1181 ,
2863 1119 3084 1177 Domine
3108 1164 3122 1186 ,
3155 1123 3291 1177 viam
3322 1124 3373 1177 in
3404 1140 3503 1195 qua
3534 1126 3616 1178 in-

2042 1206 2291 1274 grediar;
2323 1209 2569 1277 quioniam
2612 1208 2674 1262 ad
2730 1220 2780 1264 te
2830 1211 2998 1265 levavi
3036 1213 3267 1266 animam
3296 1230 3486 1267 meam.
3521 1215 3617 1268 Le-

2040 1297 2148 1348 vavi
2171 1298 2243 1373 ad
2264 1306 2310 1350 te
2331 1338 2345 1362 ,
2391 1313 2493 1351 nou
2532 1308 2713 1351 contra
2744 1309 2815 1353 te.
2864 1300 3015 1369 Apud
3046 1312 3096 1356 te
3130 1302 3245 1356 fons
3272 1304 3396 1358 vita:
3427 1305 3445 1374 (
3468 1305 3612 1358 Psal.

2042 1404 2194 1443 xxxv
2223 1432 2236 1450 ,
2267 1390 2372 1460 10).
2429 1390 2508 1443 Ad
2549 1400 2596 1443 te
2645 1390 2804 1444 levavi
2848 1394 3069 1446 animam
3114 1412 3309 1459 meam,
3365 1406 3609 1465 tanquam

2039 1496 2129 1535 vas
2167 1480 2230 1534 ad
2272 1478 2468 1534 fontem
2523 1482 2705 1535 attuli:
2758 1482 2916 1551 imple
2962 1464 3093 1553 ergo
3116 1500 3235 1547 me,
3282 1485 3516 1554 quoniam
3546 1485 3614 1538 ad

2036 1582 2082 1643 te
2101 1573 2256 1626 levavi
2280 1574 2497 1626 animum
2526 1591 2703 1627 mrum.

2108 1663 2191 1718 16.
2223 1662 2369 1735 [vei-s.
2398 1660 2476 1735 9.]
2524 1662 2704 1717 Exinw
2727 1681 2805 1718 me
2838 1664 2901 1717 de
2922 1665 3137 1719 inimicis
3168 1666 3287 1718 meis
3307 1707 3322 1732 ,
3358 1663 3613 1730 Domine;

2034 1754 2152 1823 quia
2178 1754 2246 1806 ad
2275 1764 2322 1807 te
2348 1753 2570 1825 confugi.
2604 1755 2701 1822 Qui
2723 1754 3007 1825 aliquando
3033 1772 3060 1808 a
3092 1766 3141 1810 te
3172 1756 3295 1826 fugi,
3327 1758 3397 1808 ad
3422 1767 3468 1809 te
3493 1773 3616 1810 con-

2034 1845 2158 1915 fugi.
2193 1843 2346 1914 Fugit
2389 1844 2528 1898 enim
2575 1845 2741 1898 Adam
2783 1861 2813 1898 a
2855 1845 2986 1900 facie
3016 1846 3149 1911 Dei,
3181 1855 3235 1899 et
3257 1846 3531 1900 abscondit
3553 1862 3612 1901 se

2035 1936 2172 1991 inter
2198 1935 2334 2006 ligna
2367 1936 2589 2005 paradisi
2618 1935 2766 2006 (Gen.
2799 1953 2875 2001 ιιι,
2906 1936 3000 2009 8),
3054 1946 3110 1991 ut
3138 1937 3204 1992 do
3230 1938 3320 1992 illo
3346 1938 3612 1993 diceretur

2033 2028 2084 2081 in
2114 2028 2248 2082 libro
2267 2027 2367 2082 Job
2389 2045 2403 2081 :
2437 2028 2696 2099 Tanquam
2727 2046 2895 2084 servus
2920 2030 3116 2101 fugiens
3143 2030 3417 2085 Dominum
3440 2050 3608 2094 suum,

2033 2130 2079 2174 et
2102 2130 2397 2174 consecutus
2421 2122 2649 2175 umbram
2694 2120 2813 2192 (Job
2835 2138 2904 2176 vn
2924 2164 2939 2187 ,
2963 2122 3015 2186 2,
3049 2139 3151 2176 sec.
3183 2122 3372 2193 LXX).
3404 2122 3559 2193 Fugit
3580 2138 3610 2177 ιι

2032 2211 2164 2267 facie
2192 2212 2397 2265 Domini
2420 2212 2522 2277 sui,
2552 2224 2607 2266 et
2632 2222 2953 2267 consecutus
2973 2222 3055 2268 est
3077 2214 3317 2268 umbram
3342 2231 3353 2265 τ
3396 2213 3463 2268 ad
3494 2231 3609 2267 um-

2030 2304 2177 2358 bram
2208 2304 2349 2359 enim
2384 2304 2512 2374 fugit
2548 2306 2684 2359 inter
2713 2305 2851 2375 ligna
2883 2307 3132 2375 paradisi.
3164 2305 3258 2360 Va:
3288 2307 3329 2360 si
3364 2322 3610 2383 permau-
3686 2356 3702 2371 ,

2031 2395 2162 2447 serit
2190 2394 2240 2447 in
2274 2395 2489 2459 umbra;
2513 2411 2578 2447 ne
2602 2405 2780 2464 postea
2812 2394 3018 2449 dicatur
3037 2437 3051 2461 ,
3084 2395 3415 2449 Transierunt
3436 2396 3605 2449 omnia

2032 2494 2267 2553 tanquam
2284 2485 2457 2537 umbra
2502 2484 2653 2557 (δίῳ.
2680 2502 2731 2551 v,
2760 2485 2835 2555 9).
2858 2485 3039 2539 Exime
3058 2504 3136 2540 me
3149 2487 3209 2541 de
3222 2488 3435 2541 inimicis
3456 2488 3599 2540 meis.

2029 2573 2142 2633 Non
2174 2589 2271 2645 ego
2300 2574 2383 2629 hic
2409 2576 2651 2629 inimicos
2680 2576 2920 2631 homines
2962 2578 3135 2647 cogito
3162 2595 3175 2631 :
3210 2576 3333 2631 Non
3358 2588 3428 2632 est
3467 2577 3608 2631 nobis

2028 2666 2313 2719 colluctatio
2335 2668 2572 2720 adversus
2601 2683 2800 2719 carnem
2826 2677 2871 2720 et
2893 2669 3206 2737 sanguinem.
3226 2668 3331 2722 Sed
3350 2667 3608 2722 adversus

2028 2757 2200 2825 Quos?
2227 2758 2475 2811 Adversus
2504 2757 2752 2827 principes
2781 2770 2826 2811 et
2850 2768 3142 2826 potestates,
3176 2769 3390 2815 rectores
3412 2760 3605 2812 mundi.

2027 2848 2191 2915 Cujus
2220 2849 2439 2903 mundi?
2467 2849 2579 2903 Non
2602 2851 2741 2905 enim
2765 2851 2886 2905 curii
2908 2860 2963 2906 et
3000 2861 3191 2917 terrae;
3232 2867 3336 2906 non
3365 2854 3505 2907 enim
3524 2869 3609 2906 re-

2025 2950 2157 3009 gunt
2172 2940 2308 3009 quod
2322 2956 2424 2994 non
2443 2942 2701 2996 fecerunt.
2722 2942 2954 2999 Rectores
2966 2946 3163 3009 mundi;
3179 2944 3270 3000 sed
3288 2943 3436 3015 cujus
3457 2962 3608 2999 mun-

2027 3034 2129 3088 di?
2169 3033 2507 3088 Tenebrarum
2548 3035 2747 3089 harum.
2781 3035 3012 3104 Quarum
3033 3037 3395 3092 tenebrarum?
3417 3036 3606 3107 Utique

2029 3126 2349 3194 iniquorum.
2380 3125 2571 3180 Fuistis
2591 3128 2722 3180 enim
2737 3127 3011 3198 aliquando
3032 3128 3266 3193 tenebrae;
3283 3144 3414 3181 nunc
3438 3137 3606 3181 autem

2026 3219 2181 3271 luxin
2205 3216 2426 3272 Domino
2465 3218 2681 3289 (Ep/tes.
2709 3235 2762 3285 v,
2785 3219 2861 3290 8).
2898 3220 3134 3274 Rectores
3161 3220 3352 3283 mundi,
3380 3219 3606 3273 tenebra-

2026 3327 2138 3363 rum
2162 3312 2341 3363 harum
2370 3353 2384 3375 ,
2427 3323 2662 3367 rectores
2701 3313 2998 3381 iniquorum
3023 3329 3037 3378 ;
3066 3323 3248 3368 contra
3278 3313 3376 3367 bos
3401 3314 3605 3368 habetis
3636 3329 3646 3339 ·

2027 3401 2311 3456 luctamen.
2359 3402 2600 3472 Magnum
2648 3402 2884 3472 praelium
2915 3403 3065 3458 vobis
3106 3412 3187 3459 est
3216 3445 3230 3466 ,
3259 3403 3464 3459 hostem
3498 3419 3602 3457 non

2026 3494 2206 3550 videre
2229 3503 2281 3548 et
2306 3494 2544 3550 vincere.
2573 3495 2823 3549 Adversus
2842 3505 3054 3549 rectores
3070 3494 3266 3560 mundi,
3290 3495 3604 3548 tenebrarum

2025 3587 2205 3637 harum
2225 3600 2243 3648 ;
2267 3583 2535 3639 diabolum
2565 3586 2770 3639 scilicet
2796 3596 2847 3639 et
2869 3585 3085 3654 angelos
3110 3582 3362 3655 ejus(ld.
3386 3601 3457 3649 vr,
3484 3585 3599 3654 12):

2025 3689 2128 3727 non
2156 3674 2296 3727 illius
2316 3674 2493 3728 mundi
2517 3685 2752 3728 rectores
2776 3714 2790 3737 ,
2818 3674 2885 3727 de
2908 3690 3013 3743 quo
3037 3674 3231 3728 dicitur
3250 3715 3264 3738 ,
3295 3674 3361 3727 Et
3387 3677 3603 3728 mundus

2025 3783 2114 3835 per
2140 3781 2254 3819 eum
2285 3768 2448 3835 factus
2476 3775 2590 3829 est;
2629 3764 2722 3819 sed
2749 3765 2891 3818 illius
2915 3764 3134 3827 mundi,
3166 3764 3234 3819 de
3252 3780 3358 3833 quo
3383 3766 3597 3830 dicitur,

2024 3858 2092 3911 Et
2116 3857 2334 3911 mundus
2361 3874 2473 3911 eum
2499 3874 2598 3911 non
2623 3858 2851 3927 cognovit
2882 3855 3058 3927 (Joan.
3086 3873 3128 3920 ι,
3158 3856 3267 3925 10).
3314 3854 3494 3911 Exime
3522 3872 3601 3912 me

2024 3950 2087 4002 de
2111 3948 2326 4002 inimicis
2353 3949 2495 4008 meis.
2526 3947 2737 4001 Domine
2766 3964 2783 4008 ;
2825 3948 2941 4017 quia
2981 3947 3047 3999 ad
3074 3956 3120 3999 te
3147 3947 3370 4015 confugi.
3396 3946 3475 4000 De
3495 3948 3594 4000 ini-

2025 4041 2166 4094 micis
2195 4040 2353 4103 meis;
2379 4057 2482 4094 non
2507 4040 2641 4095 Juda
2668 4081 2681 4104 ,
2712 4040 2805 4095 sed
2834 4042 2924 4110 qui
2951 4040 3185 4107 implevit
3203 4039 3416 4095 Judam.
3445 4041 3596 4094 Illum

2025 4133 2194 4200 patior
2212 4131 2404 4196 visum,
2448 4132 2594 4186 illum
2619 4145 2862 4202 expugno
2880 4147 2982 4186 non
3005 4131 3193 4187 visum.
3217 4131 3434 4200 Accepit
3454 4131 3598 4186 enim

2023 4223 2315 4279 buccellam
2346 4222 2529 4289 ludas,
2553 4231 2607 4277 et
2636 4220 2852 4278 intravit
2877 4223 2927 4276 in
2951 4239 3071 4277 eum
3096 4234 3306 4278 satanas
3332 4224 3351 4295 (
3378 4221 3457 4276 Id.
3482 4238 3596 4286 χιιι,

2021 4316 2168 4387 ‘27):
2220 4325 2275 4370 ut
2315 4318 2412 4390 iste
2440 4316 2601 4381 David
2643 4318 3065 4386 persecutionem
3116 4327 3379 4386 pateretur
3419 4333 3448 4372 a
3489 4318 3599 4372 tilio

2023 4424 2137 4461 suo.
2162 4407 2330 4475 Quam
2356 4408 2549 4461 multos
2571 4407 2732 4463 Judas
2762 4409 2950 4476 implet
2988 4417 3230 4471 satanas,
3272 4407 3485 4480 indigne
3508 4426 3599 4464 ae-

2022 4497 2276 4567 eipieutes
2318 4496 2609 4552 bneccllam
2647 4498 2715 4553 ad
2762 4498 3016 4568 judicium
3065 4499 3266 4554 suum!
3315 4499 3412 4567 Qui
3454 4500 3596 4556 enim

2023 4588 2305 4644 mandauit
2329 4598 2383 4643 et
2407 4589 2539 4644 bibit
2571 4588 2781 4661 indigne
2801 4632 2815 4655 ,
2836 4590 3092 4660 judicium
3115 4592 3213 4647 sibi
3244 4593 3525 4648 mandueat
3544 4603 3595 4648 et

2024 4680 2155 4734 bibit
2210 4680 2228 4755 (
2257 4678 2417 4735 ICor.
2441 4696 2515 4747 ιι,
2545 4680 2615 4736 29
2639 4679 2681 4752 ).
2730 4681 2844 4735 Non
2871 4683 3065 4736 malum
3088 4693 3169 4737 est
3209 4683 3347 4753 quod
3393 4683 3549 4739 datur
3581 4726 3595 4749 ,

2022 4773 2116 4828 sed
2139 4774 2333 4827 bonum
2363 4775 2499 4828 nialu
2526 4775 2576 4829 in
2598 4774 2853 4844 judicium
2874 4774 3049 4829 datur.
3076 4775 3215 4829 Bene
3236 4790 3354 4831 esse
3378 4791 3484 4831 non
3511 4791 3596 4846 po-

2024 4873 2127 4918 test
2170 4864 2307 4919 male
2337 4865 2613 4934 accipienti
2643 4862 2783 4934 quod
2814 4865 3008 4920 bonum
3036 4876 3138 4920 est.
3174 4868 3309 4938 Ergo
3361 4887 3380 4919 ι
3416 4868 3595 4922 eritne

2022 4971 2109 5010 me
2142 4956 2210 5009 ab
2236 4957 2461 5010 inimicis
2508 4957 2681 5020 meis;
2736 4958 2857 5025 quia
2902 4957 2966 5012 ad
3009 4968 3059 5013 te
3111 4960 3320 5030 confugi
3354 4962 3393 5014 ί.
3429 4980 3448 5013 ι
3476 4960 3595 5026 Quo

2022 5050 2162 5102 enim
2186 5047 2458 5117 fugerem?
2494 5066 2512 5099 ι
2540 5048 2654 5115 Quo
2682 5049 2769 5103 ibo
2795 5065 2825 5103 a
2849 5050 3034 5120 spiritu
3060 5052 3189 5105 tuo?
3224 5052 3278 5107 Si
3299 5053 3593 5108 aseenderu

2021 5139 2075 5193 in
2101 5140 2291 5194 caelum
2322 5181 2336 5201 ,
2391 5150 2447 5193 tu
2499 5140 2568 5192 ibi
2612 5155 2707 5194 es:
2760 5142 2804 5193 si
2848 5142 3175 5197 descendero
3203 5142 3537 5197 iniufermnu
3571 5186 3588 5208 ,

2022 5230 2168 5284 ades.
2206 5248 2225 5281 ι
2260 5229 2394 5296 Quid
2434 5244 2561 5300 ergo
2608 5230 2820 5286 restat?
2868 5250 2887 5284 ι
2914 5231 2971 5287 Si
3017 5248 3352 5302 aSSIlttlpsOI‘O
3396 5249 3593 5301 pennas

2022 5336 2169 5375 meas
2199 5330 2255 5374 ut
2279 5322 2521 5375 columba
2548 5364 2561 5385 ,
2602 5336 2652 5378 et
2680 5324 2869 5379 volabo
2900 5325 2948 5379 in
2975 5335 3210 5380 extrema
3249 5326 3439 5388 maris;
3476 5343 3495 5376 ι
3542 5327 3592 5381 id

2022 5422 2135 5475 est,
2179 5420 2234 5466 ut
2262 5427 2355 5481 spe
2386 5412 2614 5469 habitem
2649 5416 2699 5468 in
2730 5416 2887 5471 finem
2922 5417 3100 5471 saeculi
3131 5434 3146 5470 :
3184 5434 3203 5468 ι
3236 5418 3432 5471 etenim
3471 5418 3594 5473 illuc

2022 5522 2209 5592 manu:
2260 5516 2347 5561 tua
2383 5506 2609 5563 deducet
2648 5524 2731 5563 me
2760 5518 2783 5571 ,‘
2832 5518 2887 5565 et
2932 5508 3183 5578 perducet
3226 5524 3310 5564 me
3362 5509 3591 5581 dextera

2089 5668 2106 5699 ί
2132 5667 2214 5716 ttic
2247 5670 2294 5715 in
2319 5667 2430 5729 add.
2456 5666 2674 5729 additur:
2706 5675 2829 5729 Ergo
2848 5666 2961 5727 quia
2983 5665 3049 5729 ad
3071 5672 3115 5716 te
3135 5667 3340 5729 confugi,
3367 5666 3439 5717 vel
3460 5680 3593 5729 quoa

2023 5728 2147 5791 facie
2168 5735 2249 5778 tua
2271 5727 2452 5789 faniam
2471 5728 2493 5776 ξ’
2515 5728 2563 5776 εἰ
2585 5721 2843 5777 ascendam
2861 5721 2914 5779 in
2935 5728 3126 5787 crvlnm,
3151 5736 3201 5780 tu
3224 5721 3337 5780 illic
3353 5743 3401 5781 es
3426 5742 3443 5779 :
3464 5721 3591 5791 Quod

2025 5791 2278 5851 redundat,
2301 5804 2392 5839 uec
2427 5792 2473 5839 iu
2510 5792 2731 5839 omnibus
2762 5797 2866 5840 Mss.
2894 5799 3069 5841 exstat.
