4082 6204
439 328 573 386 1865

439 458 557 511 tuas
589 441 769 518 (Psat.
802 448 1067 499 cxsxvnt,
1089 429 1225 486 7-10
1252 427 1294 499 ).
1327 423 1540 480 «Exime
1568 435 1655 478 me
1684 420 1750 476 de
1775 417 2000 481 inimicis

433 538 568 605 meis
587 517 866 609 ;;quonia,m
897 526 961 582 ad
986 536 1036 581 te
1055 519 1286 591 confugi,
1314 517 1554 575 Domine.
1591 532 1611 568 ι
1650 590 1659 603 υ

504 629 759 704 ιηυω.
791 622 997 696 10-12.]
1016 622 1151 677 Doce
1163 635 1238 674 me
1256 626 1308 670 ut
1326 615 1511 688 faciam
1529 611 1828 667 voluntatem
1845 621 2007 678 tuam;

430 723 670 796 quoniam
689 731 742 774 tu
761 736 815 775 es
841 717 977 782 Deus
1004 732 1160 777 meus.
1192 712 1237 769 Ο
1262 709 1547 775 confessio,
1574 724 1606 763 ο
1633 709 1959 780 praescriptio
1987 708 2000 763 !

435 814 686 881 Quoniam
707 821 761 865 tu
787 827 880 874 es_,
904 808 1071 878 inquit
1100 846 1129 873 ,Α
1150 804 1288 871 Deus
1307 819 1464 856 mens.
1495 800 1763 855 Ad-alium
1791 814 2002 855 curram

431 905 576 969 reﬁci
607 944 623 970 ,
664 903 711 963 si
736 900 943 967 abalio,
986 898 1161 964 factus
1196 910 1335 950 sum.
1372 893 1455 949 Tu
1493 907 1552 948 es
1583 900 1746 946 totum
1778 905 1993 954 meum;

426 998 547 1068 quia
563 1004 617 1050 tu
638 1010 697 1058 es,
714 993 852 1055 Deus
873 1006 1030 1054 meus,
1076 988 1286 1043 Patrem
1314 999 1546 1055 qumram
1589 993 1805 1053 propter
1832 981 2001 1051 haere-

426 1088 689 1147 ditatem‘t
717 1087 793 1147 Tu
817 1104 869 1143 es
894 1086 1038 1149 Deus.
1055 1099 1195 1138 mens
1217 1123 1231 1146 ,
1266 1096 1368 1136 non
1399 1080 1569 1135 solum
1593 1077 1745 1137 dator
1773 1074 2000 1131 haeredi-

426 1184 570 1251 tatis,
616 1181 843 1252 sed‘ipsa
870 1177 1155 1234 haereditas
1190 1194 1203 1229 :
1245 1173 1492 1233 Dominus
1537 1188 1657 1243 pars
1696 1169 2001 1225 Iucreditatis

424 1290 549 1330 mete
574 1272 595 1346 (
627 1271 771 1339 Bsal.
802 1286 900 1337 xv,
927 1270 961 1325 5
989 1270 1030 1341 ).
1082 1265 1362 1321 Dominum
1386 1277 1619 1334 quanam
1647 1270 1863 1331 propter
1908 1274 1994 1314 re-

422 1363 835 1435 demptionem?
888 1360 965 1414 Tu
993 1375 1046 1414 es
1085 1357 1223 1413 Deus
1263 1371 1421 1413 incus.
1452 1352 1735 1418 Patronum
1762 1364 1997 1421 quaeram

423 1467 642 1528 propter
685 1450 1092 1531 liberationem)
1138 1447 1215 1502 Tu
1251 1463 1303 1503 es
1337 1444 1486 1503 Deus.
1518 1461 1678 1501 meus.
1721 1443 1998 1499 Postremo

421 1558 632 1603 creatus
659 1539 887 1600 recreari
908 1539 1107 1611 cupio?
1129 1537 1207 1593 Tu
1226 1555 1276 1593 es
1304 1535 1444 1599 Deus
1468 1551 1628 1599 meus,
1655 1533 1746 1605 qui
1775 1531 1999 1588 Creator

422 1652 591 1702 meus,
623 1632 929 1706 qui.creasti
956 1646 1044 1688 me
1072 1645 1167 1701 per
1197 1628 1426 1687 Verbum
1459 1636 1637 1692 tuum,
1665 1635 1717 1681 et
1743 1622 1996 1681 recreasti

422 1745 513 1786 me
537 1726 901 1800 per-Verbum.
928 1722 1034 1781 Sed
1058 1721 1249 1781 creasti
1294 1735 1398 1780 me.
1429 1735 1524 1790 per
1567 1718 1796 1777 Verbum
1825 1717 1994 1776 Deum

420 1810 729 1878 manentem
768 1816 908 1888 apud
958 1812 1331 1882 te-;-recreasti
1379 1827 1473 1882 per
1511 1809 1994 1869 Verbumrcarnem

418 1914 616 1967 tactum
639 1916 854 1980 propter
880 1904 1161 1963 nos..Doce
1172 1919 1303 1975 ergo
1322 1919 1400 1959 me
1415 1912 1469 1955 ut
1486 1901 1672 1974 faciant
1692 1899 1995 1954 uoluntatem

420 2016 600 2069 lttam,‘
627 2000 863 2073 quoniam
889 2008 943 2053 tu
961 2015 1012 2053 es
1038 1996 1178 2054 Deus
1194 2011 1358 2053 meus.
1384 1993 1568 2054 Sinon
1596 1990 1948 2058 medocueris
1976 2030 2011 2057 ,,

420 2095 609 2149 faciam
639 2092 1166 2151 vobtutatem.meam
1188 2127 1204 2152 ,
1231 2095 1285 2142 et
1312 2084 1522 2140 deseret
1549 2099 1633 2139 me
1658 2083 1796 2145 Deus
1822 2097 1989 2145 meus,

423 2186 557 2241 Doce
577 2201 655 2240 me
670 2194 727 2239 ut
740 2182 932 2255 faciant
954 2181 1257 2239 voluntatem
1273 2187 1433 2245 tuam;
1450 2178 1688 2249 quoniam
1707 2187 1760 2235 tu
1772 2193 1831 2237 es
1844 2214 1845 2217 η
1856 2176 1994 2265 Deus

418 2295 579 2335 utens.
607 2277 744 2333 Doce
770 2292 849 2332 me
877 2290 896 2331 :
948 2289 1053 2330 non
1090 2274 1232 2330 enim
1262 2282 1318 2328 tu
1343 2286 1405 2329 es
1432 2272 1568 2326 Deus
1596 2286 1747 2331 meus
1770 2313 1787 2335 ,
1813 2278 1877 2329 et.
1894 2285 1994 2341 ego

417 2386 514 2427 ero
530 2368 780 2440 magister
799 2380 968 2423 meus.
988 2364 1177 2432 Videte
1196 2361 1639 2436 quemadmodum
1662 2361 1831 2433 gratia
1855 2375 1996 2417 com-

420 2462 720 2520 mendetur.
763 2459 877 2517 Hoc
904 2467 1124 2526 tenete;
1167 2457 1271 2513 hoc
1298 2455 1538 2513 imbibite
1558 2495 1577 2518 ,
1621 2454 1723 2512 hoc
1747 2452 1899 2511 vobis
1925 2452 1995 2509 de

419 2556 584 2612 corde
630 2554 813 2611 nullus-
854 2551 1090 2609 excutiat
1119 2567 1134 2617 ;
1163 2564 1235 2606 ne
1256 2547 1496 2604 habeatis
1524 2548 1694 2604 zelum
1723 2545 1820 2602 Dei
1848 2587 1865 2613 ,
1896 2544 1993 2602 sed

420 2664 526 2706 non
542 2644 833 2704 secundum
859 2642 1165 2707 scientiam;
1192 2656 1259 2697 ne
1283 2641 1584 2712 ignorantes
1605 2637 1697 2693 Dei
1710 2636 1989 2708 justitiam,

417 2747 474 2794 et
519 2746 752 2794 vestram
793 2726 1036 2795 volentes
1084 2731 1404 2787 constituere
1430 2730 1470 2795 ί,
1494 2729 1714 2799 justitiat
1761 2728 1854 2783 Dei
1874 2742 1991 2809 {non

417 2829 536 2886 sitis
585 2827 827 2898 subjecti.
855 2824 1033 2897 (ιιοηι.
1064 2838 1121 2889 ι,
1149 2821 1208 2889 2,
1236 2821 1315 2893 5).
1340 2820 1513 2876 Verba
1559 2827 1705 2876 certe
1751 2818 1992 2890 Apostoli

417 2918 729 2992 agnoscitis.L
743 2915 910 2973 Dicite
922 2928 1049 2986 ergo
1072 2913 1193 2976 ista,
1225 2911 1363 2968 Doce
1386 2901 1465 2967 me
1484 2918 1537 2966 ut
1554 2910 1743 2983 faciam
1764 2910 1994 2967 uolunta-

418 3020 519 3068 tem
542 3020 679 3066 tuam
695 3023 717 3074 ;
736 3006 972 3080 quoniam
983 3015 1048 3063 tu
1066 3001 1464 3063 es.Detts.nteus.

491 3102 579 3158 18.
610 3099 833 3173 Spiritus
859 3107 974 3153 tuus
994 3096 1153 3153 bonas
1178 3135 1196 3162 ,
1223 3108 1329 3153 non
1358 3107 1516 3149 meus.
1536 3091 1740 3147 malus:
1760 3090 1993 3162 Spiritus

418 3201 536 3248 tuus
563 3189 956 3248 bonusdedstcct
974 3204 1062 3245 nte
1079 3187 1133 3243 in
1158 3197 1347 3247 terram
1380 3195 1590 3240 rectam.
1613 3184 1751 3253 Quia
1775 3184 1993 3253 spiritus

417 3299 572 3340 meus
612 3280 1027 3340 malus.deduxit
1046 3280 1074 3343 ,²
1095 3292 1184 3335 me
1237 3277 1292 3330 in
1338 3285 1533 3335 terram
1571 3289 1894 3344 perversam.
1927 3274 1994 3328 Et

418 3373 545 3445 quid
573 3387 676 3443 ego
700 3371 870 3431 merui
892 3370 1065 3439 isquae
1092 3381 1211 3422 mea
1240 3380 1401 3438 opera
1421 3365 1561 3425 bona
1581 3364 1698 3420 sine
1727 3372 1818 3420 tuo
1843 3363 1993 3434 adju-

403 3464 560 3525 ,ιω-ιο
577 3467 951 3530 computantur
969 3499 986 3524 ,
1043 3456 1184 3539 unde
1206 3456 1548 3528 impetrarem
1574 3453 1870 3526 dignusque
1901 3468 1991 3509 es-

417 3569 531 3610 sem
559 3551 769 3609 deduci.
799 3566 837 3619 a;
878 3549 1076 3620 Spiritu
1121 3557 1211 3605 tuo
1250 3548 1302 3603 in
1350 3555 1545 3607 terram
1564 3546 1812 3609 rectam?
1863 3546 1993 3615 Quae

416 3660 578 3717 opera
605 3658 744 3707 mea,
768 3640 851 3700 vel
864 3655 994 3712 qua:
1017 3639 1203 3697 merita
1225 3637 1383 3705 mea?
1408 3635 1627 3709 Propter
1642 3653 1821 3699 nomen
1830 3647 1992 3706 tuum,

417 3732 929 3803 Domniemisiﬁcabis
946 3747 1045 3793 me.
1067 3729 1337 3791 Attendite
1357 3744 1505 3801 ergo,
1537 3737 1791 3800 quantum
1840 3737 1995 3801 pote-

420 3827 520 3881 stis
545 3866 563 3893 ,
593 3824 777 3896 gratim
803 3808 1343 3893 commendationem,
1391 3835 1493 3891 qua
1517 3821 1683 3892 gratis
1709 3820 1839 3876 salvi
1869 3819 1995 3883 facti

416 3919 565 3975 estis.
615 3916 848 3989 Propter.
885 3931 1065 3973 nomen
1087 3923 1273 3989 tuum,
1299 3912 1517 3977 Domine
1539 3955 1557 3980 ,
1602 3913 1875 3982 viciﬂcabis
1894 3928 1991 3968 me.

417 4010 534 4067 Non
564 3984 1011 4075 nobisaDumine
1037 4047 1055 4075 ,
1087 4022 1200 4065 non
1221 3984 1373 4062 nobis
1400 4047 1416 4073 ,
1461 4005 1556 4063 sed
1586 4006 1785 4073 nomini
1817 4014 1907 4060 tuo
1926 4004 2012 4069 da,

416 4104 639 4176 gloriam
668 4100 838 4177 (υκαι.
858 4116 986 4167 cm,
1017 4100 1095 4171 l).
1122 4099 1347 4170 Propter.
1361 4115 1543 4157 nomen
1558 4108 1726 4163 tuum,
1755 4097 1989 4164 Domine,

419 4195 693 4267 vioiﬁcabis
714 4211 833 4250 nter:
861 4195 915 4249 in
927 4203 1029 4249 tua.
1042 4194 1249 4264 justitia
1280 4233 1296 4259 ,
1328 4207 1436 4247 non
1467 4192 1520 4248 in
1547 4205 1665 4251 mea
1689 4232 1705 4256 ,
1735 4205 1843 4245 nou
1870 4189 1992 4260 quia

419 4306 522 4362 ego
537 4289 717 4345 merui
741 4328 757 4355 ,
803 4286 1055 4358 sedquia
1068 4296 1125 4345 tu
1149 4287 1443 4342 misereris.
1473 4284 1603 4344 Nam
1631 4284 1676 4338 si
1702 4298 1876 4344 meum
1897 4297 1990 4341 os-

421 4380 986 4449 tenderemmeritnm,
1015 4378 1143 4434 nihil
1165 4378 1260 4433 abs
1290 4385 1351 4433 te
1372 4392 1629 4443 mererer,
1659 4377 1760 4435 nisi
1787 4376 1992 4446 suppli-

419 4480 583 4528 cium.
631 4470 884 4535 Avulsisti
933 4469 1121 4525 merita
1178 4483 1295 4525 mea
1327 4467 1657 4535 ,inscruisti
1713 4467 1993 4529 donatus.

426 4583 448 4612 ι
480 4566 702 4634 Propter
727 4577 921 4617 nomen
949 4569 1095 4616 tuum
1124 4599 1141 4627 ,
1172 4559 1392 4615 Domine
1422 4599 1437 4623 ,
1462 4558 1750 4615 viviﬁcabis
1774 4574 1897 4616 me:
1940 4558 1995 4614 in

423 4665 512 4713 tua
536 4653 737 4724 justitia
780 4652 978 4709 educes
1022 4650 1090 4707 de
1140 4649 1477 4706 tribulatione
1525 4649 1763 4711 animam
1784 4665 1991 4717 meam;

420 4759 475 4806 et
500 4750 556 4805 in
584 4744 1061 4803 tuamiserieordia
1086 4743 1157 4799 ad
1182 4741 1707 4806 interitumdeduces
1756 4742 1996 4801 inimicos

422 4854 591 4897 meos.
646 4839 715 4895 Et
759 4839 946 4910 perdes
969 4852 1156 4893 omnes
1181 4836 1494 4893 tribulautes
1512 4835 1744 4891 animum
1771 4851 1944 4892 meam
1976 4851 1992 4902 ;

420 4934 670 5006 quoniam
690 4946 878 4987 servus
906 4940 1026 4986 tuus
1049 4945 1167 4986 sum
1195 4945 1314 5001 ego.
1364 4947 1382 4982 ι

816 5118 898 5180 ΙΝ
933 5116 1311 5179 PSALMUM
1342 5114 1594 5177 CXLIII

983 5216 1397 5274 ENARRATIO.

939 5326 1110 5368 εειιιιο
1136 5326 1203 5365 ΑΒ
1227 5324 1450 5363 PLEBEI.

498 5411 552 5466 Ι.
582 5408 734 5482 [κη.
765 5406 841 5479 1.]
867 5404 1067 5461 'Psahni
1098 5402 1253 5472 hujus
1280 5401 1460 5455 titulus
1485 5383 1662 5455 brevis
1675 5408 1757 5455 est
1778 5413 1997 5455 numero

420 5501 743 5565 verborum,
790 5497 885 5553 sed
927 5495 1103 5568 gravis
1157 5492 1393 5564 pondere
1432 5492 1801 5562 mysteriorum
1840 5489 1998 5561 :lpsi

427 5591 591 5647 David
628 5591 696 5644 ad
735 5588 951 5644 Goliam.
997 5587 1241 5642 Prmlium
1273 5583 1374 5639 hoc
1406 5582 1598 5638 factum
1637 5591 1873 5653 tempore
1903 5596 1997 5654 pa-

487 5706 506 5738 ί
527 5702 669 5765 Etim,
684 5701 967 5765 cintstituere
987 5700 1164 5765 legem.
1179 5707 1299 5758 vox,
1322 5696 1489 5761 legem,
1506 5696 1646 5749 abest
1660 5709 1689 5747 ιι
1706 5703 1813 5747 Mss.

486 5766 509 5800 ⁸
525 5774 627 5815 Αω.
651 5761 705 5814 et
720 5761 901 5825 aliquot
920 5761 1047 5816 Mss,
1069 5761 1290 5814 deducet.

1594 290 1676 363 ‘s.
1716 301 2079 361 AUGUS’J’INI
2119 303 2416 362 Episcort

3549 317 3680 374 1856

2116 427 2254 476 trum
2277 433 2598 490 nostrorum,
2628 424 2696 481 de
2723 425 3006 499 Scripturis
3030 430 3228 485 sanctis
3258 431 3449 487 recolit
3472 449 3684 490 mecum

2112 510 2359 568 Charitas
2397 525 2591 571 vestra.
2640 516 2770 572 Ctuu
2812 522 2951 574 enim
2994 521 3251 578 adversus
3292 524 3541 594 populum
3589 526 3681 583 Dei

2110 603 2419 673 alienigenae
2439 605 2766 672 dimicarent,
2800 613 3102 680 ιιινοιόςιινίι
3128 629 3263 669 unus
3290 632 3473 682 unum,
3496 616 3682 673 Colias

2110 692 2270 749 David
2304 712 2317 749 :
2350 702 2402 751 in
2443 713 2547 768 quo
2583 703 2869 756 certamine
2908 703 3145 759 voluntas
3182 706 3272 761 Dei
3301 722 3395 776 pro
3422 708 3682 779 cujusque

2107 786 2274 854 partis
2305 787 2516 842 victoria
2556 790 2881 859 probaretur.
2914 792 3019 849 Sed
3048 795 3171 866 quid
3195 796 3259 851 de
3289 800 3504 854 victoria
3533 810 3678 854 sata-

2106 874 2301 944 gimus,
2335 878 2553 952 quando
2589 891 2971 950 provocantem
3007 897 3449 959 provoettumque
3493 906 3682 946 cerna-

2107 968 2257 1022 mus?
2300 968 2611 1027 Provocavit
2652 974 2894 1044 impietas
2938 976 3205 1045 pietatem,
3238 982 3548 1049 provocavit
3582 997 3678 1035 sn—

2105 1058 2286 1127 perbia
2339 1058 2688 1119 humilitatem
2712 1105 2729 1133 ,
2772 1075 3041 1135 postremo
3088 1071 3387 1138 provocavit
3432 1070 3679 1128 diabolus

2103 1151 2393 1208 Christum.
2432 1154 2570 1223 Quid
2598 1156 2861 1212 miramini
2888 1158 3156 1215 diabolum
3190 1161 3420 1217 victum?
3445 1153 3537 1217 Ille
3561 1175 3680 1219 erat

2101 1245 2316 1312 grandis
2343 1255 2541 1303 statura
2570 1250 2838 1319 corporis;
2876 1249 2977 1307 iste
3004 1261 3178 1307 autem
3205 1263 3406 1309 Statura
3448 1270 3674 1324 parvus,

2102 1334 2208 1392 ﬁde
2246 1351 2489 1407 magnus.
2528 1340 2760 1410 Accepit.
2782 1357 2925 1399 arma
2954 1342 3136 1401 bellica
3164 1346 3588 1411 sanctus-David,
3618 1359 3677 1404 ut

2100 1425 2352 1489 adversus
2379 1426 2585 1484 Goliam
2613 1430 2955 1500 procederet.
2987 1432 3109 1489 Hzec
3137 1449 3283 1491 arma
3312 1450 3404 1505 per
3426 1446 3636 1491 :etatcut
3654 1478 3674 1504 ,

2098 1526 2169 1583 ct,
2196 1533 2442 1608 parvam,
2478 1529 2538 1577 ut
2572 1521 2847 1589 diximus,
2876 1533 3129 1587 staturam
3173 1528 3431 1597 corporis,
3462 1542 3679 1600 portare

2098 1624 2207 1667 non
2234 1611 2412 1666 valuit.
2448 1612 2968 1683 Abjecitoucrantia,
3001 1630 3105 1673 non
3137 1616 3440 1686 adjuvantia
3474 1634 3673 1677 :acce-

2099 1700 2176 1770 pit
2198 1702 2427 1772 quinque
2457 1703 2659 1774 lapides
2684 1704 2750 1761 de
2782 1705 3019 1773 nomine,
3050 1715 3105 1762 et
3137 1709 3312 1777 posuit
3342 1709 3395 1764 in
3422 1724 3546 1765 vase
3576 1728 3674 1782 pa-

2098 1793 2303 1849 storali.
2347 1794 2439 1850 llis
2465 1805 2699 1853 armatus
2734 1799 3101 1868 corporaliter,
3132 1800 3347 1857 nomine
3376 1811 3555 1861 autem
3580 1803 3674 1858 Dei

2097 1883 2460 1953 spiritualiter,
2502 1887 2779 1957 processit,
2817 1899 2871 1943 et
2909 1890 3029 1944 vicit
3075 1890 3138 1962 (l
3178 1890 3304 1963 Reg.
3344 1892 3512 1966 xvn).
3562 1895 3675 1950 lloc

2097 1975 2310 2046 quidem
2344 1977 2433 2032 ille
2463 1977 2626 2033 David
2656 1998 2669 2034 :
2695 1979 2787 2036 sed
2818 1982 3066 2051 mysteria
3095 1991 3507 2053 perscrutemur.
3533 1984 3673 2039 Pro-

2097 2082 2449 2136 posueramus,
2470 2071 2617 2135 enim
2642 2071 2850 2131 titulum
2876 2072 3032 2127 istum
3063 2072 3276 2137 brevem
3304 2062 3524 2130 numero
3554 2092 3674 2129 vcr-

2096 2155 2305 2223 borum,
2332 2158 2424 2214 sed
2452 2176 2665 2230 gravem
2694 2162 2926 2231 pondere
2954 2164 3346 2235 mysteriorum.
3395 2165 3580 2222 Veniat
3616 2168 3668 2223 in

2097 2258 2330 2305 mentem
2350 2252 2638 2320 apostolica
2661 2252 2748 2307 illa
2773 2256 3058 2323 sententia,
3087 2256 3269 2311 Omnia
3295 2258 3403 2312 ha’c
3429 2258 3482 2312 in
3501 2259 3671 2329 ﬁgura

2094 2341 2443 2414 contingebant
2472 2344 2525 2397 in
2562 2344 2666 2400 illis
2690 2344 2735 2416 (1
2756 2345 2874 2401 Cor.
2904 2362 2958 2411 ι,
2982 2347 3107 2419 11);
3136 2363 3201 2404 ne
3230 2349 3559 2419 impudenter
3587 2353 3670 2404 vi-

2094 2432 2317 2493 deamur
2342 2450 2580 2505 quaerere
2599 2436 2797 2506 aliquid
2825 2438 3190 2496 absconditum
3212 2482 3227 2506 ,
3258 2441 3346 2498 ubi
3375 2444 3539 2512 possit
3562 2442 3669 2500 dici

2096 2536 2262 2580 totum
2301 2527 2419 2583 sine
2446 2529 2686 2600 mysterii
2719 2529 3076 2600 profunditate
3101 2532 3417 2604 simpliciter
3441 2534 3667 2591 dictum.

2094 2615 2363 2673 llabemus
2400 2632 2530 2697 ergo
2567 2620 2941 2677 auctoritatem
2984 2621 3266 2679 facientem
3305 2640 3404 2683 nos
3440 2624 3670 2679 intentos

2093 2708 2160 2765 ad
2185 2709 2550 2780 qua‘rendum,
2578 2711 2764 2782 vigiles
2790 2712 2857 2767 ad
2878 2713 3319 2785 investigandum,
3350 2715 3573 2772 devotos
3600 2716 3669 2772 ad

2093 2799 2444 2866 audiendum,
2476 2801 2656 2861 ﬁdeles
2696 2802 2763 2858 ad
2797 2802 3116 2862 credendum
3137 2846 3153 2870 ,
3198 2806 3448 2877 impigros
3484 2806 3550 2862 ad
3587 2807 3665 2862 fa—

2093 2889 2359 2947 ciendum.
2402 2891 2457 2947 lu
2486 2892 2647 2948 David
2675 2890 2919 2949 Christus
2943 2912 2958 2950 :
2986 2894 3080 2951 sed
3102 2896 3238 2952 sicut
3263 2897 3447 2952 Soletis
3468 2897 3667 2954 intelli-

2094 2997 2219 3053 gere
2246 2983 2437 3040 eruditi
2454 2983 2513 3040 iu
2544 2982 2725 3047 schola
2749 2985 2887 3055 ejus,
2916 2987 3160 3044 Christus
3185 3000 3343 3060 caput
3370 2999 3427 3046 et
3450 3005 3667 3061 corpus.

2093 3074 2211 3131 Non
2227 3090 2355 3147 ergo
2376 3077 2454 3133 sic
2479 3077 2705 3134 audiatis
2723 3079 2920 3150 aliquid
2942 3096 3005 3136 ex
3035 3096 3257 3152 persona
3278 3081 3495 3150 Christi,
3517 3085 3669 3154 quasi

2094 3165 2160 3220 ad
2190 3183 2283 3222 vos
2313 3183 2416 3223 non
2447 3168 2726 3239 pertineat,
2760 3170 2847 3240 qui
2873 3171 3001 3226 estis
3028 3172 3262 3228 membra
3291 3173 3509 3229 Christi.
3558 3175 3671 3231 Hoc

2098 3250 2342 3330 tanquam
2368 3258 2709 3317 fundamento
2735 3261 3115 3331 posito,videte
3142 3249 3260 3334 qua:
3288 3274 3595 3335 sequantur.

2164 3350 2219 3406 2.
2265 3351 2442 3409 Nostis
2477 3353 2660 3413 multis
2698 3340 3044 3415 sacramentis
3074 3355 3369 3415 visibilibus
3394 3366 3450 3413 et
3473 3374 3669 3428 corpo-

2096 3444 2295 3499 ralibus
2335 3430 2611 3500 oneratum
2649 3459 2769 3505 esse
2805 3440 3065 3517 populum
3097 3447 3356 3517 primum;
3388 3449 3669 3504 circumci-

2095 3534 2265 3601 sione,
2310 3535 2582 3606 ncgotioso
2625 3534 2718 3591 illo
2761 3536 2993 3607 quodam
3037 3537 3353 3604 sacerdotio,
3378 3549 3434 3595 et
3471 3541 3672 3610 templo

2095 3625 2276 3697 ﬁguris
2308 3626 2484 3707 pleno,
2510 3625 2889 3697 multiplicibus
2911 3627 3339 3684 holocaustorum
3369 3630 3662 3685 sacriﬁcio-

2095 3734 2316 3790 rumque
2343 3718 2648 3791 generibus.
2697 3719 2820 3777 llaec
2847 3719 3014 3775 David
3038 3731 3218 3776 noster
3244 3733 3498 3792 tanquam
3522 3739 3667 3777 arma

2096 3809 2408 3880 prementia,
2433 3824 2537 3869 non
2564 3810 2885 3879 adiuvantia,
2913 3811 3106 3879 posuit.
3142 3811 3203 3870 Si
3227 3812 3360 3866 enim
3388 3813 3509 3866 data
3542 3823 3670 3867 esset

2096 3905 2179 3959 tea:
2199 3919 2312 3974 qua:
2329 3912 2493 3974 posset
2516 3903 2787 3972 vivi/icore,
2814 3918 2925 3958 uere
2943 3920 3007 3959 ea:
3027 3902 3161 3975 Lege
3178 3914 3303 3961 esset
3320 3904 3543 3975 justitia.
3577 3896 3673 3961 Ut-

2094 3995 2220 4066 quid
2270 4010 2398 4066 ergo
2448 3994 2595 4054 Lex?
2653 3993 2947 4065 Sequitur:
2977 3993 3084 4049 Sed
3117 3995 3360 4049 conclusit
3402 3994 3672 4066 Scriptura

2095 4086 2264 4144 omnia
2290 4085 2378 4139 sub
2395 4095 2625 4162 peccato,
2657 4095 2715 4145 ut
2731 4085 2995 4154 promissio
3019 4100 3082 4139 ea:
3101 4086 3202 4154 fide
3222 4084 3347 4140 .Iesu
3370 4084 3557 4141 Christi
3578 4087 3675 4139 da-

2095 4187 2233 4233 retur
2271 4176 2579 4233 credentibus
2620 4173 2829 4248 (Galat.
2870 4190 2948 4241 ιιι,
2981 4174 3072 4240 21,
3109 4174 3181 4229 22
3206 4176 3245 4245 ).
3286 4176 3525 4246 Denique
3572 4177 3672 4231 iste

2097 4269 2278 4334 David,
2305 4269 2509 4325 scilicet
2531 4267 2774 4325 Christus
2802 4277 2960 4338 caput
2982 4276 3036 4323 et
3055 4283 3279 4337 corpus,
3309 4277 3546 4338 tempore
3581 4284 3672 4322 re-

2096 4361 2375 4417 Vclationis
2410 4361 2540 4416 Novi
2586 4360 2941 4426 Testameuti,
2986 4370 3224 4429 tempore
3262 4359 3591 4414 insinuanda:
3618 4370 3676 4415 et

2097 4453 2533 4511 commendanda:
2556 4453 2739 4523 gratim
2768 4453 2883 4518 Dei,
2909 4452 3043 4523 quid.
3071 4452 3229 4507 fecit?
3276 4453 3432 4507 Arma
3465 4454 3667 4521 posuit,

2098 4547 2333 4618 quinque
2378 4545 2578 4615 lapides
2621 4546 2736 4599 tulit
2766 4562 2779 4599 :
2811 4561 2955 4599 arma
2976 4586 2991 4611 ,
3024 4552 3080 4599 ut
3115 4544 3365 4608 diximus,
3396 4543 3673 4598 onetantia

2100 4637 2306 4708 posuit;
2337 4638 2810 4707 ergo‘sacrameuta
2833 4635 3006 4705 Legis,
3033 4643 3357 4689 sacramenta
3381 4633 3467 4687 illa
3490 4633 3669 4701 ιιι-ξιξ.

2098 4744 2216 4799 qua:
2258 4742 2363 4781 non
2403 4735 2526 4785 sunt
2573 4725 2818 4796 imposita
2861 4724 3139 4789 Gentibus,
3181 4724 3374 4794 posuit,
3408 4738 3526 4792 qua:
3566 4738 3675 4776 non

2099 4820 2465 4875 observamus.
2507 4817 2819 4875 Meministis
2843 4817 2983 4873 enim
3011 4824 3206 4887 quanta
3236 4815 3290 4870 iu
3318 4814 3494 4870 Veteri
3534 4813 3678 4883 Lege

2098 4912 2334 4983 legamus
2352 4953 2368 4977 ,
2396 4922 2450 4967 et
2476 4926 2580 4966 non
2608 4912 2986 4974 observemus;
3023 4907 3118 4964 sed
3146 4917 3320 4963 tamen
3348 4905 3415 4960 ad
3441 4907 3674 4976 aliquam

2099 5004 2535 5073 signiﬁmtionem
2572 5002 2853 5071 prtentissa,
2882 5008 2936 5054 et
2976 5000 3243 5070 proposita
3274 4997 3631 5067 intelligamus
3661 5014 3677 5051 :

2101 5109 2208 5149 non
2236 5102 2294 5148 ut
2315 5093 2622 5163 abjiciamus
2646 5092 2841 5162 Legem
2870 5090 2986 5156 Dei,
3012 5090 3106 5147 sed
3126 5099 3181 5145 ut
3202 5099 3530 5145 sacramenta
3558 5104 3683 5157 pru-

2102 5183 2384 5247 ntittentia,
2411 5182 2624 5250 impleta
2648 5180 3000 5251 promissione
3022 5194 3125 5234 non
3144 5178 3496 5233 celebremus.
3525 5177 3681 5245 Quod

2101 5277 2245 5332 enim
2275 5274 2672 5346 promittebant,
2703 5273 2868 5329 venit.
2897 5273 3076 5329 Gratia
3119 5273 3261 5328 enim
3302 5271 3438 5326 Novi
3487 5271 3681 5325 Testa-

2101 5369 2264 5425 menti
2319 5368 2370 5422 in
2420 5367 2561 5436 Lege
2608 5366 2916 5431 velabatur;
2966 5364 3019 5420 in
3068 5363 3353 5434 Evangelio
3395 5362 3678 5417 revelatur.

2107 5463 2288 5519 Velum
2316 5460 2656 5526 removimus,
2679 5457 2818 5529 quod
2847 5457 3119 5512 velabatur
3141 5455 3452 5527 agnovimus
3477 5471 3490 5506 :
3515 5468 3680 5521 agno-

2103 5557 2275 5613 vimus
2296 5563 2474 5610 autent
2506 5553 2557 5606 in
2583 5551 2785 5622 gratia‘
2837 5550 3044 5606 Domini
3085 5547 3250 5603 nostri
3288 5545 3414 5601 Jesu
3456 5543 3678 5604 Christi,

2167 5693 2182 5724 ι
2217 5698 2288 5739 Er.
2316 5698 2368 5740 et
2393 5695 2521 5743 l.ov.,
2551 5685 2599 5736 in
2622 5685 2795 5749 gratia,
2820 5684 3028 5749 gratiam
3048 5682 3249 5743 nomini,
3276 5690 3371 5734 etc.
3388 5680 3553 5739 Abest,
3572 5689 3681 5742 gra-

2102 5754 2216 5807 tiam
2264 5754 2325 5804 ab
2348 5764 2447 5800 am.
2474 5758 2524 5802 et
2547 5756 2651 5799 Mss.
