4082 6204
377 358 511 414 I857

373 470 558 540 capitis
583 478 636 523 et
663 470 948 525 Salvatoris
975 469 1160 533 nostri,
1203 471 1287 540 qui
1332 485 1424 539 pro
1465 472 1616 526 nobis
1659 471 1938 527 crucifixus

375 573 487 623 est;
517 576 621 629 quo
643 563 895 615 crucilixo
919 562 1075 614 etiam
1108 561 1278 614 velum
1307 562 1482 629 templi
1511 564 1833 616 conscissqu
1858 571 1940 618 est

364 649 583 719 (ΜιιηΙι.
609 667 776 716 xxvu,
797 653 855 706 51
873 653 909 720 ).
943 652 1175 720 Denique
1195 666 1341 705 arma
1369 652 1455 706 ille
1475 653 1666 721 posuit,
1692 663 1935 723 tauquam

373 756 537 794 onera
564 751 1010 794 sacramentorum
1034 740 1239 796 Veteris
1268 741 1450 810 Legis;
1477 751 1530 794 et
1555 741 1719 810 ipsam
1745 742 1936 812 Legem

369 831 594 899 accepit.
636 831 879 900 Quinque
913 832 1053 885 enim
1098 831 1296 900 lapides
1324 832 1554 900 quinque
1583 832 1742 886 libros
1771 833 1934 904 Moysi

364 924 682 993 signiﬁcant.
711 925 852 979 Tulit
870 939 996 996 ergo
1014 926 1131 980 illos
1150 927 1379 998 quinque
1397 927 1595 996 lapides
1613 927 1680 981 de
1699 926 1931 980 flumine.

368 1016 544 1072 Nostis
570 1018 693 1088 quid
723 1020 791 1072 sit
817 1019 1023 1072 lluvius.
1065 1018 1283 1072 Labitur
1324 1021 1464 1072 enim
1507 1018 1728 1072 mortale
1765 1034 1933 1072 sarcu-

371 1110 500 1174 lum,
529 1121 582 1162 et
613 1110 919 1178 praeterﬂuit
943 1109 1192 1179 quidquid
1221 1112 1361 1164 venit
1389 1111 1438 1163 in
1471 1110 1740 1163 mundum.
1770 1109 1935 1163 Erant

372 1216 499 1270 ergo
529 1201 580 1253 in
612 1201 847 1263 ﬂumine,
875 1209 1122 1270 tanquam
1153 1201 1204 1254 in
1235 1201 1428 1270 populo
1457 1201 1546 1254 illo
1576 1200 1742 1268 primo
1763 1240 1776 1260 ,
1805 1199 1932 1266 lapi-

367 1290 495 1353 des;
541 1291 649 1347 illic
683 1301 836 1344 erant
877 1291 1106 1354 inutiles,
1141 1291 1416 1356 vacabant,
1459 1291 1587 1344 nihil
1619 1288 1928 1359 proderant,

367 1381 664 1435 transibant
701 1397 861 1450 super
906 1381 1092 1435 ﬂuvios
1117 1383 1156 1436 ¹.
1186 1381 1321 1448 Quid
1363 1381 1481 1436 fecit
1523 1380 1704 1442 David.
1738 1390 1793 1433 ut
1823 1380 1927 1434 Lex

367 1473 478 1542 ipsa
504 1473 643 1528 utilis
665 1473 837 1528 esset?
861 1473 1076 1543 Accepit
1094 1474 1334 1544 gratiam.
1375 1473 1482 1528 Lex
1508 1474 1645 1528 enim
1676 1473 1790 1526 sine
1814 1489 1930 1538 gra-

366 1565 436 1618 tia
460 1562 662 1632 impleri
691 1580 793 1616 nou
818 1574 986 1631 potest
1017 1581 1032 1620 :
1064 1562 1331 1617 Plenitudo
1367 1563 1506 1618 enim
1543 1561 1686 1632 Legis
1713 1562 1930 1616 cltaritas

367 1651 558 1722 (Rom.
587 1668 700 1712 xm,
731 1653 857 1721 10).
912 1653 972 1706 Et
1003 1651 1141 1706 unde
1172 1654 1264 1705 ista
1295 1652 1558 1706 Charitas?
1592 1651 1719 1704 Vide
1747 1652 1790 1705 si
1821 1666 1925 1704 non

364 1761 428 1798 ex
457 1745 642 1811 gratia.
687 1737 937 1809 Charitas,
968 1743 1167 1812 inquit,
1209 1743 1301 1797 Dei
1324 1742 1508 1808 diffusa
1531 1743 1671 1796 estin
1699 1741 1928 1795 cordibus

365 1837 546 1888 nostris
571 1851 658 1905 per
693 1834 940 1902 Spiritum
976 1844 1218 1897 sanctum,
1251 1834 1337 1902 qui
1360 1834 1506 1886 datus
1531 1841 1604 1886 est
1631 1831 1770 1884 nobis
1799 1830 1922 1900 (Id.

366 1943 417 1988 v,
447 1927 525 1997 5).
554 1925 684 1992 Quia
708 1939 836 1992 ergo
863 1923 1027 1993 gratia
1054 1923 1177 1977 fecit
1203 1922 1402 1990 impleri
1427 1921 1641 1990 Legem,
1664 1919 1926 1989 signiﬁca-

363 2027 448 2069 tur
479 2024 651 2070 autem
681 2015 841 2084 gratia
878 2015 1041 2078 lacte;
1080 2013 1180 2067 hoc
1211 2013 1348 2066 enim
1375 2012 1524 2066 estin
1549 2025 1706 2064 carne
1728 2009 1925 2080 gratui-

363 2119 490 2172 tum,
519 2107 605 2161 ubi
636 2116 802 2161 mater
829 2122 929 2158 non
953 2105 1139 2174 quzcrit
1164 2104 1424 2172 accipere.
1443 2101 1534 2157 sed
1560 2101 1747 2171 satagit
1765 2100 1919 2165 dare;

358 2203 461 2254 hoc
491 2210 658 2255 mater
683 2202 843 2270 gratis
872 2201 978 2265 dat,
1002 2208 1055 2254 et
1082 2199 1422 2253 contristatur
1443 2197 1486 2250 si
1516 2196 1651 2249 desit
1674 2195 1761 2264 qui
1789 2194 1922 2248 acci-

361 2291 468 2359 piat
497 2309 510 2344 :
537 2291 800 2359 quomodo
827 2305 952 2357 ergo
977 2288 1208 2342 ostendit
1249 2287 1405 2341 David
1442 2286 1634 2355 Legem
1664 2287 1776 2338 sine
1798 2299 1918 2352 gra-

357 2382 428 2434 tia
458 2379 664 2448 operari
693 2394 796 2432 non
830 2394 1001 2448 posse,
1028 2378 1123 2431 nisi
1149 2393 1266 2431 cum
1300 2377 1415 2429 illos
1442 2375 1640 2445 lapides
1663 2374 1914 2442 quinque,

320 2519 327 2527 .
357 2470 548 2539 quibus
567 2469 960 2539 signiﬁcabatur
984 2467 1093 2522 Lex
1136 2469 1188 2520 in
1221 2465 1366 2520 libris
1402 2465 1656 2535 quinque,
1699 2464 1918 2530 conjun-

353 2575 479 2630 gere
505 2561 686 2614 volens
711 2559 913 2629 gratim,
940 2557 1115 2629 posuit
1141 2558 1191 2610 in
1216 2571 1337 2610 vase
1359 2554 1632 2626 pastorali,
1656 2556 1675 2584 ²
1704 2568 1807 2623 quo
1838 2555 1917 2609 lac

357 2649 592 2718 mulgcre
621 2647 1004 2702 consueverat?
1028 2646 1118 2700 llis
1143 2655 1392 2707 armatus,
1425 2644 1588 2713 gratia
1618 2645 1795 2712 utique
1824 2659 1915 2698 ar-

355 2750 546 2806 matus,
570 2749 622 2794 et
653 2739 770 2792 ideo
802 2751 1122 2807 pra-sumens
1149 2752 1250 2789 non
1276 2736 1340 2789 de
1369 2751 1446 2796 se,
1479 2735 1569 2788 sed
1601 2734 1664 2787 de
1696 2735 1915 2787 Domino

351 2847 469 2898 δυο,
495 2832 748 2901 processit
783 2829 1035 2883 adversus
1063 2828 1263 2883 Goliam
1293 2828 1598 2895 superbum,
1628 2841 1688 2881 se
1707 2826 1913 2894 jactan-

353 2932 475 2988 tem,
503 2923 568 2977 de
597 2937 653 2975 se
680 2929 1104 2991 praesumentem.
1137 2918 1278 2972 Tulit
1297 2933 1457 2970 unum
1486 2916 1733 2987 lapidem,
1762 2916 1910 2985 jecit,

351 3015 618 3068 inimicum
663 3013 714 3067 in
742 3012 912 3066 l‘routc
940 3012 1228 3080 percussit;
1256 3009 1446 3064 cecidit
1465 3025 1529 3064 ex
1559 3025 1623 3063 eo
1649 3009 1764 3064 loco
1790 3025 1910 3063 cor-

350 3105 524 3174 poris,
557 3104 640 3157 ubi
681 3104 884 3172 signum
921 3101 1115 3156 Christi
1158 3116 1260 3154 non
1305 3099 1504 3154 habuit.
1553 3098 1662 3153 Hoc
1705 3091 1912 3168 quoque

349 3197 471 3252 licet
497 3195 735 3250 attendas
764 3211 777 3249 :
805 3193 1034 3264 quinque
1077 3191 1280 3261 lapides
1326 3191 1517 3260 posuit,
1551 3203 1710 3243 unum
1745 3189 1907 3245 misit.

347 3287 488 3342 Libri
516 3286 747 3355 quinque
773 3283 894 3339 lecti
919 3289 1074 3347 sunt,
1118 3281 1210 3336 sed
1254 3282 1426 3335 unitas
1453 3281 1593 3334 vicit.
1639 3279 1910 3334 Plenitudo

343 3380 486 3434 enim
511 3375 668 3448 Legis,
695 3385 752 3429 ut
773 3375 927 3443 paulo
945 3381 1068 3426 ante
1087 3373 1635 3434 commemoravimus,
1655 3371 1872 3425 charitas
1890 3386 1909 3425 :

342 3481 398 3526 et
427 3470 706 3541 Apostolus
731 3467 824 3535 ait,
855 3464 1160 3533 Su/i'erentes
1185 3465 1390 3518 invicem
1415 3465 1466 3518 in
1489 3464 1749 3518 dilectione
1766 3503 1780 3526 ,
1803 3472 1910 3517 stu-

341 3564 511 3615 dentes
531 3576 725 3614 servare
742 3558 979 3612 unitatem
1003 3556 1208 3628 spiritus
1233 3556 1284 3608 in
1313 3555 1508 3608 vinculo
1528 3555 1667 3624 pacis
1687 3553 1901 3623 (Ephes.

343 3669 414 3718 tv,
437 3651 493 3712 2.
522 3650 600 3720 3).
628 3649 829 3704 Deinde
858 3648 948 3701 illo
973 3661 1223 3717 percusso
1245 3655 1403 3714 atque
1422 3645 1649 3712 dejecto,
1674 3643 1906 3712 gladium

339 3742 458 3810 ejus
484 3738 714 3803 abstulit,
743 3747 796 3791 et
826 3736 950 3790 inde
976 3743 1134 3803 caput
1175 3733 1245 3787 illi
1277 3733 1519 3787 abscidit.
1565 3732 1632 3786 Et
1660 3732 1758 3784 hoc
1785 3731 1909 3786 fecit

341 3841 526 3887 uoster
555 3827 736 3893 David,
763 3826 957 3894 dejecit
984 3823 1250 3880 diabolum
1277 3823 1343 3877 de
1383 3823 1493 3876 suis
1527 3840 1539 3876 :
1570 3822 1783 3892 quando
1809 3838 1907 3875 au-

338 3935 449 3979 tem
479 3921 700 3977 credunt
727 3918 898 3988 magni
938 3916 1072 3986 ejus,
1097 3929 1230 3985 quos
1265 3913 1351 3968 ille
1378 3913 1428 3966 in
1461 3929 1618 3966 manu
1647 3911 1903 3980 habebat,

337 4027 394 4072 et
422 4016 487 4069 de
513 4014 704 4084 quibus
729 4021 948 4066 caeteras
987 4009 1189 4060 animas
1231 4005 1521 4059 trucidabat
1545 4046 1561 4070 ,
1593 4013 1907 4058 convertunt

339 4109 544 4176 linguas
577 4118 698 4158 Suas
729 4111 909 4157 contra
938 4099 1237 4161 diabolum;
1271 4104 1324 4151 et
1348 4097 1425 4150 sic
1449 4094 1612 4150 Goliae
1639 4095 1702 4148 de
1733 4095 1906 4164 gladio

339 4215 438 4252 soo
481 4204 636 4265 caput
677 4192 939 4264 inciditur.
990 4188 1292 4261 Mysterium
1334 4186 1467 4240 tituli
1511 4201 1606 4255 pro
1652 4186 1905 4254 temporis

342 4290 597 4345 brevitate
647 4283 1023 4347 tractavimus;
1068 4279 1341 4334 videamus
1387 4277 1511 4347 quid
1557 4276 1746 4330 habeat
1791 4277 1903 4345 ipse

341 4379 600 4435 Psalmus.

414 4471 467 4522 5.
495 4467 790 4521 Benedictus
822 4463 1064 4518 Dominus
1095 4457 1226 4515 Deus
1254 4476 1420 4525 meus,
1448 4459 1536 4529 qui
1564 4458 1704 4511 docet
1729 4475 1923 4531 manus_

345 4579 477 4615 meos
493 4561 541 4612 in
557 4559 802 4630 prtelium,
817 4557 996 4626 digitos
1009 4571 1140 4608 meos
1160 4553 1227 4606 ad
1246 4553 1446 4606 bellum.
1473 4550 1582 4604 Vox
1605 4559 1781 4604 nostra
1799 4559 1900 4615 est,

343 4652 384 4706 si
417 4665 607 4720 corpus
634 4647 824 4701 Christi
849 4661 942 4700 nos
971 4658 1172 4699 sumus.
1204 4641 1582 4696 Benedicamus
1622 4641 1900 4693 Domiumu

343 4745 506 4797 Deum
536 4750 768 4795 nostrum
812 4738 896 4807 qui
937 4738 1087 4791 docet
1119 4750 1300 4788 ltttttttts
1333 4743 1539 4786 uestras
1563 4732 1612 4784 in
1645 4733 1904 4801 praelium,

340 4834 750 4902 digitosnostros
769 4828 832 4881 ad
853 4827 1063 4882 bellum.
1096 4825 1352 4892 Repetitio
1369 4823 1642 4876 sententia:
1661 4822 1862 4875 videtur
1885 4840 1898 4876 ε

338 4921 479 4994 quod
505 4930 606 4985 est,
637 4933 821 4973 manus
850 4925 1054 4970 nostras
1091 4916 1138 4967 in
1169 4914 1401 4981 praelium
1427 4929 1440 4976 ;
1463 4911 1561 4966 hoc
1590 4911 1902 4979 est;digitos

342 5021 552 5066 nostros
574 5009 637 5062 ad
661 5008 874 5061 bellum.
905 5007 986 5059 An
1009 5003 1203 5072 aliquid
1235 5003 1452 5055 interest
1479 5001 1614 5053 inter
1639 5015 1822 5052 manus
1848 5009 1903 5053 et

341 5102 567 5172 digitos?
611 5099 791 5168 Digitis
821 5096 1002 5165 utique
1029 5102 1313 5162 operantur
1339 5100 1391 5144 ct
1417 5106 1599 5145 manus
1625 5108 1638 5144 :
1673 5105 1773 5143 non
1806 5093 1903 5143 ita-

341 5208 446 5261 que
483 5189 707 5244 absurde
745 5187 1029 5255 accipimus
1070 5184 1260 5251 digitos
1287 5196 1381 5250 pro
1409 5181 1648 5235 manibus
1678 5182 1896 5250 positos.

343 5285 717 5338 Verumtamen
748 5281 796 5332 in
823 5277 999 5347 digitis
1037 5273 1370 5345 agnoscimus
1419 5272 1727 5327 divisionem
1775 5288 1902 5342 ope-.-

343 5373 579 5436 rationis,
611 5382 663 5426 et
690 5381 862 5425 tamen
889 5366 1118 5422 radicem
1150 5365 1364 5418 unitatis
1380 5363 1421 5416 ³.
1457 5364 1583 5418 Vide
1613 5365 1753 5417 illam
1784 5370 1905 5433 gra-‘

360 5467 506 5521 iam:
539 5464 665 5519 dicit
706 5459 1009 5531 Apostolus,
1064 5476 1082 5510 t
1107 5456 1208 5510 Alii
1255 5455 1466 5526 quidem
1513 5472 1605 5526 per
1646 5455 1897 5526 Spiritum

405 5599 421 5628 ¹
450 5605 549 5644 Am.
585 5602 659 5643 Er.
688 5600 738 5642 et
767 5589 943 5653 aliquot
959 5586 1371 5653 ttss.,t_ransibant
1405 5585 1728 5653 sicut/iuvius.
1761 5593 1898 5638 Forte

343 5658 462 5751 leg,
477 5655 704 5706 transibat
726 5647 868 5715 super
886 5647 1140 5719 ﬂuvius-id
1166 5658 1258 5708 est,
1283 5662 1428 5709 super
1453 5647 1651 5720 lapides.

449 5726 535 5751 ιηυ
599 5715 647 5751 in
668 5727 774 5751 mm.
801 5711 1044 5751 partit-nlo-
1069 5725 1138 5751 m-
1162 5713 1302 5751 abest.
1322 5709 1382 5751 ah
1404 5708 1511 5751 aliis
1535 5709 1651 5751 lthrts

314 5762 317 5769 ,
395 5708 425 5751 ’ί
449 5708 575 5774 iov.,
599 5715 648 5779 in
668 5708 1044 5779 quo.'tfar'ticula,
1069 5711 1146 5779 in,
1162 5713 1302 5759 abest
1322 5708 1382 5779 ab
1404 5708 1511 5779 aliis
1533 5709 1681 5759 libris.

408 5781 426 5813 ³
445 5773 591 5828 Forte.
606 5773 721 5838 legi,
747 5783 789 5824 et
811 5774 860 5824 in
884 5786 1022 5822 manu
1039 5773 1249 5821 radicem
1271 5773 1484 5820 unitatis.

1457 361 1844 417 ENARRATIO
1879 361 1941 414 IN
1982 361 2292 417 PSALRIUM
2328 363 2554 418 CXLI“.

3470 376 3604 432 1838

2046 470 2202 525 datur
2226 487 2402 528 sermo
2430 476 2720 544 sapientiae,
2750 478 2834 532 alii
2862 493 3035 534 sermo
3060 481 3290 538 scientia:
3311 489 3602 544 secundum

2043 563 2286 618 eumdem
2315 565 2585 634 Spiritum,
2610 568 2696 622 alii
2725 569 2853 625 fides
2877 571 2928 625 in
2954 574 3138 628 eodem
3165 574 3380 644 Spiritu,
3402 580 3488 634 alii
3509 579 3604 634 do-

1993 701 1998 708 .
2043 655 2285 709 nationes
2310 658 2638 712 curationum
2682 660 2732 713 in
2777 676 2880 714 uno
2916 661 3132 730 Spiritu,
3161 666 3245 719 alii
3272 682 3462 736 genera
3497 670 3599 724 liu-

2039 757 2293 812 guarum,
2336 746 2420 799 alii
2473 747 2774 816 prophetia,
2824 751 2911 804 alii
2959 753 3260 822 dijudicatio
3301 757 3598 826 spirituum.

1981 869 1987 876 -
2032 832 2223 888 Omnia
2253 845 2424 890 autem
2454 838 2565 892 lucc
2588 849 2832 908 operatur
2850 857 2982 896 unus
3002 853 3158 913 atque
3185 845 3321 898 idem
3351 846 3598 916 Spiritus,

2026 924 2278 980 dividens
2322 929 2531 997 propria
2575 930 2854 1000 unicuique
2892 946 3042 1001 prout
3083 935 3192 988 vult
3223 954 3245 986 τ
3279 936 3332 1008 (1
3363 935 3478 991 Cor.
3503 955 3595 1005 xu,

2037 1016 2126 1085 8).
2160 1017 2262 1071 Alii
2285 1017 2434 1082 illud,
2467 1021 2552 1072 alii
2581 1021 2708 1087 hoc;
2760 1022 3041 1078 divisiones
3077 1035 3198 1079 sunt
3234 1029 3552 1095 operationis
3583 1047 3596 1084 :

2039 1105 2221 1159 Omnia
2255 1108 2360 1161 haec
2393 1119 2629 1176 aperatur
2667 1127 2794 1163 unus
2831 1122 2972 1180 atque
3001 1113 3127 1166 idem
3158 1115 3410 1184 Spiritus;
3448 1117 3596 1174 radix

2032 1204 2116 1249 est
2143 1197 2374 1251 unitatis.
2417 1198 2508 1250 His
2550 1213 2676 1267 ergo
2709 1199 2884 1268 digitis
2921 1210 3112 1270 pugnat
3145 1217 3340 1272 corpus
3375 1205 3592 1272 Christi,

2036 1290 2326 1356 procedens
2355 1291 2404 1342 in
2437 1290 2648 1354 belltuu,
2679 1293 2970 1360 procedens
2997 1294 3045 1347 in
3072 1296 3328 1363 przelium.

2101 1380 2153 1433 4.
2196 1379 2310 1433 .lam
2343 1383 2640 1450 puellarum
2674 1395 2730 1439 et
2766 1386 3020 1440 bellorum
3049 1403 3239 1456 genera
3268 1399 3592 1444 commemo-

2031 1485 2150 1524 rare
2179 1471 2401 1527 lortasse
2428 1475 2636 1544 loogum
2664 1485 2762 1542 est,
2791 1488 2844 1530 et
2871 1493 3056 1547 gerere
3084 1478 3284 1533 facilius
3315 1495 3467 1549 quam
3496 1496 3589 1535 ex-

2033 1560 2248 1628 plicare.
2289 1560 2552 1617 Habemus
2602 1579 2760 1618 unum
2805 1566 2996 1619 bellum
3037 1568 3173 1636 quod
3216 1579 3594 1623 commemorat

2031 1652 2312 1719 Apostolus
2335 1670 2348 1704 :
2375 1652 2495 1707 Non
2522 1665 2592 1708 est
2611 1656 2744 1708 vobis
2764 1656 3049 1710 colluctatio
3069 1649 3302 1711 adversus
3321 1675 3518 1712 carnem
3540 1669 3588 1713 et

2028 1743 2339 1811 sanguinem,
2369 1744 2420 1798 id
2447 1753 2545 1810 est,
2572 1745 2824 1800 adversus
2868 1748 3106 1801 homines
3144 1762 3173 1800 a
3219 1748 3406 1817 quibus
3445 1749 3591 1803 vide-

2027 1833 2154 1887 mini
2195 1835 2300 1903 pati
2340 1836 2640 1901 molestias;
2686 1851 2790 1891 non
2831 1837 3083 1893 adversus
3120 1840 3261 1908 ipsos
3300 1841 3584 1910 pugnatis:

2025 1922 2113 1975 sed
2153 1922 2390 1976 adversus
2428 1925 2673 1995 principes
2713 1935 2757 1979 et
2795 1935 3058 1996 potestates
3086 1937 3130 1980 ct
3153 1939 3363 1982 rectores
3392 1929 3582 1983 mundi.

2037 2011 2105 2066 Et
2135 2027 2200 2066 ne
2229 2013 2546 2091 intelligeres
2574 2013 2906 2081 mundi,caeli
2936 2026 2988 2071 et
3017 2026 3189 2084 terra),
3220 2018 3445 2072 ostendit
3463 2019 3584 2088 quid

2023 2100 2222 2157 diceret
2254 2121 2267 2156 :
2302 2103 2652 2169 Tenebrarum,
2677 2107 2861 2178 inquit,
2892 2108 3069 2169 Irarum
3098 2108 3117 2181 (
3147 2109 3330 2178 Epltes.
3358 2125 3426 2175 vt,
3454 2111 3519 2165 12
3543 2111 3582 2182 ).

2023 2193 2197 2247 Mundi
2237 2195 2469 2258 scilicet,
2504 2212 2608 2250 non
2643 2199 2729 2267 qui
2770 2213 2862 2267 per
2900 2200 3066 2267 ipsum
3095 2198 3260 2253 lactus
3286 2209 3399 2266 est;
3440 2201 3581 2271 quia,

2022 2283 2088 2336 Et
2131 2286 2343 2340 mundus
2391 2302 2477 2355 per
2518 2303 2631 2340 eum
2669 2291 2830 2358 factus
2873 2299 2942 2341 est
2971 2305 2989 2342 :
3016 2289 3108 2343 sed
3139 2290 3318 2343 mundi
3345 2291 3433 2359 qui
3461 2305 3581 2345 eum

2021 2389 2125 2427 non
2175 2378 2452 2446 cognovit;
2502 2379 2658 2447 quia,
2702 2375 2770 2431 Et
2814 2379 3027 2432 mundus
3071 2396 3186 2433 eum
3223 2396 3320 2433 non
3359 2383 3583 2450 cognovit

2021 2465 2198 2538 (Joan.
2228 2484 2265 2534 l,
2303 2469 2406 2536 t0).
2452 2469 2540 2522 lla:
2578 2469 2810 2523 tenebrae
2850 2485 2953 2524 non
2980 2478 3102 2524 sunt
3131 2480 3334 2536 natura,
3365 2472 3456 2526 sed
3486 2487 3581 2525 vo-

2019 2561 2236 2616 luntate.
2267 2563 2453 2616 Anima
2477 2563 2614 2617 enim
2646 2579 2737 2632 per
2766 2565 3098 2632 semetipsum
3125 2575 3227 2617 nun
3256 2565 3392 2618 lucet
3418 2583 3432 2619 :
3459 2565 3579 2635 quia

2020 2652 2284 2707 humiliter
2306 2663 2357 2708 et
2385 2654 2640 2714 veraciter
2660 2663 2836 2708 cantat
2856 2697 2870 2720 ,
2898 2653 2975 2708 Tu
2999 2655 3302 2708 illu‘minubis
3332 2657 3595 2710 lucernam

2016 2759 2198 2808 meam,
2241 2741 2488 2806 Domine;
2530 2743 2662 2798 Deus
2702 2761 2856 2810 meus,
2905 2745 3135 2797 illumina
3179 2747 3401 2800 tenebras
3447 2760 3582 2801 meas

2016 2831 2185 2903 (Psal.
2213 2850 2338 2899 xvu,
2370 2834 2460 2901 29)
2492 2853 2505 2889 :
2537 2845 2608 2897 et,
2640 2827 2788 2906 Apud
2817 2846 2882 2898 te.
2908 2838 3092 2907 inquit,
3117 2837 3229 2906 fons
3253 2838 3398 2900 vitae;
3424 2841 3475 2892 in
3501 2839 3581 2892 111-

2014 2923 2146 2976 mine
2179 2933 2262 2977 tuo
2302 2923 2572 2978 videbimus
2610 2926 2774 2978 lumen
2811 2926 2830 2996 (
2853 2925 2997 2980 Psal.
3026 2941 3182 2991 xxxv,
3220 2928 3285 2982 10
3308 2929 3361 2996 );
3389 2941 3496 2992 non
3525 2929 3578 2983 in

2020 3014 2218 3070 lumine
2246 3024 2448 3083 nostro,
2479 3017 2569 3071 sed
2598 3018 2649 3071 in
2675 3017 2860 3090 lumine
2881 3028 2983 3071 tuo.
3010 3017 3140 3072 Nam
3169 3027 3222 3073 et
3249 3019 3383 3073 oeuli
3410 3021 3575 3074 nostri

2014 3105 2209 3160 hunina
2240 3117 2524 3172 vocantur;
2564 3115 2617 3161 et
2658 3117 2829 3162 tamen
2873 3108 2960 3162 lux
2998 3100 3326 3163 extrinsecus
3349 3108 3392 3162 si
3418 3108 3573 3172 desit,

2010 3197 2168 3251 etiam
2201 3198 2312 3251 sani
2341 3208 2392 3252 et
2417 3207 2670 3268 patentes,
2705 3198 2756 3252 in
2787 3198 3015 3253 tenebris
3041 3199 3406 3254 remanebunt.
3439 3201 3578 3269 Ergo

2009 3287 2204 3343 bellum
2229 3289 2460 3359 gerimus
2482 3289 2735 3344 adversus
2755 3299 2986 3345 rectores
3007 3289 3339 3344 tenebrarum
3366 3291 3572 3355 harum,

2009 3387 2244 3432 rectores
2272 3378 2474 3432 scilicet
2500 3377 2809 3444 infidelium,
2833 3377 3099 3432 diabolum
3127 3386 3181 3433 et
3204 3379 3418 3448 angelos
3437 3379 3572 3449 ejus.

2008 3481 2241 3525 rectores
2267 3470 2427 3540 gladii
2456 3469 2569 3540 ejus
2599 3470 2666 3524 de
2694 3487 2797 3540 quo
2828 3483 3022 3541 pugnat
3045 3471 3283 3526 diabolus
3319 3472 3572 3528 adversus

2009 3559 2212 3614 ﬁdeles.
2238 3560 2341 3614 Sed
2371 3560 2636 3629 quomodo
2661 3559 2824 3615 Goliae
2846 3569 3107 3630 prostrato
3130 3563 3328 3616 tollitur
3349 3564 3571 3632 gladius,

2009 3658 2065 3702 ut
2089 3649 2185 3717 ipsi
2214 3649 2379 3704 Goliae
2405 3660 2560 3717 caput
2578 3649 2644 3703 de
2668 3651 2842 3720 gladio
2865 3667 2960 3705 suo
2987 3661 3320 3721 amputetur;
3353 3656 3419 3708 ita
3449 3667 3568 3709 cum

2007 3741 2230 3793 credunt
2274 3740 2369 3808 ipsi
2421 3739 2688 3805 inﬁdeles,
2733 3740 2924 3795 dicitur
2947 3741 3022 3795 eis
3049 3761 3064 3796 :
3089 3740 3276 3796 Fuistis
3301 3745 3572 3813 aliquando

2008 3828 2255 3894 tenebrte;
2278 3846 2407 3882 nunc
2432 3840 2598 3883 autem
2618 3830 2708 3883 lux
2727 3831 2777 3883 in
2805 3829 3021 3883 Domino
3047 3829 3262 3901 (Epltes.
3284 3847 3336 3897 ν,
3364 3832 3440 3904 8).
3471 3834 3569 3885 Du.

2007 3921 2206 3988 gnastis
2234 3920 2302 3974 de
2327 3937 2483 3974 manu
2513 3920 2709 3986 Golim,
2745 3921 2852 3991 jam
2896 3922 2949 3975 in
2994 3937 3149 3975 manu
3176 3923 3368 3978 Christi
3402 3925 3569 3980 tollite

2006 4019 2156 4079 caput
2189 4009 2373 4065 Goliat.

2077 4100 2129 4154 5.
2177 4099 2288 4155 lloc
2314 4117 2473 4174 unum
2501 4101 2737 4170 praelium
2768 4119 2781 4154 :
2808 4102 3032 4156 alterum
3071 4112 3246 4158 autem
3290 4106 3569 4174 unicuique

2007 4189 2058 4243 in
2086 4193 2279 4259 seipse.
2309 4169 2460 4244 modo
2477 4169 2640 4259 genus
2663 4191 2764 4246 hoc
2784 4192 2906 4245 belli
2931 4206 2995 4246 ex
3017 4193 3304 4262 apostolica
3331 4169 3565 4264 Epistula

2007 4281 2275 4350 legebatur
2305 4300 2319 4336 :
2353 4282 2480 4335 Caro
2505 4283 2808 4351 concupiscit
2834 4285 3068 4338 adversus
3094 4285 3350 4355 spiritum,
3377 4297 3422 4340 et
3456 4290 3565 4358 spi-

2005 4374 2130 4427 ritus
2153 4375 2385 4427 adversus
2409 4389 2643 4438 carnem;
2683 4385 2735 4427 ut
2774 4392 2871 4428 non
2908 4392 2966 4428 ea
3009 4392 3121 4447 qua:
3155 4378 3320 4440 uultis,
3349 4381 3563 4450 faciatis.

2006 4464 2072 4518 Et
2115 4463 2213 4517 hoc
2247 4479 2406 4534 grave
2443 4465 2658 4530 bellum,
2688 4475 2740 4519 et
2781 4466 2918 4534 quod
2957 4477 3039 4521 est
3080 4467 3373 4532 molestius,
3404 4469 3560 4526 iuter«

2006 4571 2150 4608 nutu.
2187 4555 2238 4609 In
2260 4571 2364 4625 quo
2388 4556 2526 4611 bello
2552 4557 2593 4611 si
2621 4557 2686 4610 sit
2704 4558 2925 4627 quisque
2945 4560 3129 4620 vietor,
3162 4559 3278 4613 illos
3302 4575 3435 4630 quos
3461 4563 3564 4616 nun

2005 4647 2141 4701 videt
2187 4647 2446 4713 inimicos,
2473 4649 2721 4702 Continuo
2756 4651 3042 4718 superabit.
3091 4651 3203 4706 Non
3235 4653 3373 4706 enim
3402 4663 3564 4710 teutat

2004 4737 2241 4793 dialmlus
2267 4739 2349 4791 vel
2378 4739 2545 4807 angeli
2582 4739 2716 4805 ejus,
2747 4740 2843 4791 nisi
2872 4741 3010 4808 quod
3045 4741 3094 4794 in
3125 4752 3174 4795 te
3192 4745 3440 4799 carnalc'
3467 4747 3562 4800 do-

2005 4828 2250 4882 minatur.
2294 4827 2422 4881 Nam
2453 4829 2713 4896 quomodo
2750 4829 3006 4883 vincimus
3057 4831 3170 4884 illos
3213 4835 3390 4888 hostes
3432 4850 3564 4904 quos

2005 4937 2105 4973 non
2136 4920 2403 4978 videmus,
2432 4922 2526 4971 nisi
2556 4921 2675 4987 quia
2696 4921 2932 4973 carnales
2963 4921 3240 4976 interiores
3262 4934 3434 4979 motus
3464 4941 3562 4980 uo-

2003 5020 2140 5066 stros
2164 5009 2453 5063 sentimus?
2486 5010 2614 5061 Cum
2649 5010 2728 5061 his
2755 5010 3114 5080 conﬂigimus,
3150 5024 3201 5068 et
3228 5015 3345 5068 illos
3369 5031 3561 5085 percu-

2006 5105 2163 5157 timus
2179 5105 2217 5157 ².
2267 5103 2321 5154 In
2363 5117 2544 5155 amore
2575 5103 2806 5170 pecunias
2845 5102 3144 5158 dominatur
3172 5107 3385 5159 avaritia
3417 5125 3429 5160 :
3461 5106 3562 5162 do-

2004 5193 2219 5246 minanti
2249 5192 2337 5245 tibi
2365 5192 2596 5245 nvaritiac
2621 5191 2860 5246 diabolus
2888 5193 3178 5248 forinseebs
3206 5197 3406 5251 lucrum
3442 5213 3559 5252 cum

2003 5286 2182 5340 fraude
2235 5283 2497 5354 proponit.
2552 5283 2862 5352 Plerumque
2914 5286 3052 5339 enim
3101 5286 3164 5338 ad
3210 5286 3409 5340 lucrum
3459 5305 3562 5344 non

2002 5378 2264 5448 pervenis,
2301 5375 2399 5428 nisi
2429 5374 2658 5428 fraudem
2677 5373 2894 5428 ieceris.
2941 5375 3195 5443 Proponit
3219 5391 3345 5446 ergo
3371 5378 3456 5434 ille
3481 5379 3561 5434 lo-

2003 5469 2238 5522 rinsccus
2279 5465 2510 5519 avaritia:
2551 5474 2651 5517 tua:
2689 5479 2844 5534 quam
2887 5464 3026 5519 intus
3061 5479 3163 5520 non
3190 5466 3378 5531 vicisti,
3405 5485 3560 5539 quam

2067 5643 2081 5673 ¹
2108 5641 2178 5690 sic
2198 5645 2304 5688 Mss.
2340 5638 2449 5687 add.
2473 5649 2611 5697 vero,
2636 5636 2910 5686 carnaliter.
3393 5657 3403 5678 -

2067 5707 2084 5734 ι
2110 5705 2189 5768 sic
2210 5704 2390 5762 aliquot.
2420 5707 2524 5768 uss.
2564 5707 2617 5748 At
2643 5706 2718 5768 Er:
2757 5708 2809 5748 et
2848 5705 2974 5749 l.ov.:
3004 5697 3088 5750 Itis
3116 5697 3426 5768 conﬂigimus,
3462 5701 3558 5754 illis

1959 5819 1968 5823 η
2010 5761 2315 5829 percutiatur,
2345 5769 2390 5814 et
2412 5763 2516 5812 illos
2533 5761 2838 5826 percutimus.
