4042 6202
502 318 637 375 ιεδθ

501 458 607 499 non
651 440 937 502 domuisti,
977 454 1134 509 quam
1178 451 1281 490 non
1324 434 1416 488 tibi
1469 430 1772 500 snlijecisti;
1825 427 2067 496 proponit

505 543 751 604 tanquam
794 532 1009 584 athleta:
1047 545 1145 582 suo
1185 529 1353 580 malus
1398 523 1714 593 agnnotheta
1759 517 1992 572 fraudem
2022 524 2075 568 et

505 625 730 683 lucrum,
761 637 894 692 opus
919 631 968 674 et
998 619 1273 691 prarminm
1304 636 1316 668 :
1354 616 1475 678 Fac,
1508 622 1559 667 et
1593 613 1735 666 tolle.
1783 608 1861 664 Tu
1900 615 2076 660 autem

501 718 544 768 si
576 716 750 766 calcas
792 710 1099 768 avaritiam.
1126 710 1168 763 si
1212 707 1302 760 tibi
1351 705 1567 758 interius
1609 718 1715 756 non
1757 700 2076 759 dominatur,

506 819 661 870 quam
700 803 938 855 sentiens
979 800 1178 863 vincis;
1228 797 1383 850 nam‘
1430 794 1697 848 diabolum
1747 788 2079 843 insidiantem

509 910 612 948 non
643 895 807 947 sentis
839 910 851 946 :
886 893 928 945 si
968 908 1093 959 ergo
1122 886 1401 945 edomuiin
1431 884 1723 945 avaritiam,
1749 879 1975 933 uttendis
1998 876 2078 929 al-

510 995 681 1040 terunt
713 966 1107 1052 proponcnteni
1126 996 1257 1048 opus
1285 988 1337 1031 et
1359 976 1651 1047 pra-mium.
1679 971 1812 1038 Quid
1845 971 1930 1023 ille
1958 984 2081 1037 pro-

517 1075 729 1144 posuit?
763 1074 1021 1129 Fraudcm
1046 1081 1099 1125 et
1126 1073 1346 1125 lucrum.
1393 1065 1527 1133 Quid
1557 1066 1653 1119 iste
1680 1060 1964 1131 proponit?
2005 1061 2084 1113 In-

515 1166 812 1221 noccutiam
842 1175 893 1218 et
922 1178 1194 1217 coronam.
1242 1159 1347 1213 Fac
1385 1169 1439 1213 et
1468 1157 1615 1221 tolle,
1645 1165 1697 1208 et
1736 1154 1824 1207 ille
1852 1152 2000 1215 dicit,
2032 1161 2087 1206 et

512 1256 638 1311 iste.
683 1254 799 1309 .lam
828 1263 881 1307 tu
910 1253 1174 1323 praelatior
1204 1250 1451 1310 interior,
1484 1248 1526 1301 si
1557 1259 1660 1300 non
1690 1259 1747 1298 es
1775 1244 1945 1297 victus
1967 1257 2085 1295 ava‘

512 1347 654 1411 ritia,
680 1344 772 1398 sed
808 1345 979 1397 victor
999 1342 1265 1405 avaritiaz;
1299 1340 1442 1394 illum
1468 1337 1716 1401 atlendis,
1741 1335 1881 1389 hunc
1900 1335 2085 1387 vincis.

517 1435 785 1489 Discernis
810 1433 949 1488 enim
976 1443 1278 1500 utrumque,
1309 1442 1362 1484 et
1389 1428 1521 1483 dicis
1543 1446 1555 1480 :
1574 1426 1670 1482 Hic
1698 1425 1849 1479 video
1876 1437 2010 1493 opus
2037 1431 2091 1476 et

518 1525 789 1594 praunium
821 1566 835 1587 ,
893 1523 998 1576 illic
1051 1529 1227 1575 autem
1277 1535 1454 1574 escam
1499 1527 1551 1572 et
1597 1518 1861 1586 laqueum.
1913 1514 2091 1583 Neque

518 1617 657 1670 enim
687 1612 885 1684 aliquid
913 1612 1044 1667 dicis
1077 1613 1127 1664 in
1169 1620 1240 1675 lc,
1280 1609 1421 1679 quod
1463 1625 1567 1662 non
1610 1607 1868 1677 pertineat
1906 1604 1971 1659 ad
2018 1615 2086 1657 te.

519 1708 725 1762 Etenim
767 1722 833 1760 ex
876 1714 1092 1774 peccato
1135 1704 1335 1758 divisus
1375 1716 1434 1755 cs
1474 1700 1751 1754 adversum
1796 1708 1866 1753 te.
1905 1696 2094 1751 Trahis

519 1798 963 1869 concupiscentia:
997 1796 1338 1866 propaginem
1367 1804 1419 1849 et
1446 1788 1714 1846 traducem
1741 1790 1926 1844 mortis
1957 1807 1969 1842 :
2003 1789 2094 1841 lia-

522 1895 617 1949 bes
638 1903 821 1948 contra
851 1890 989 1960 quod
1014 1903 1213 1959 pugnes
1243 1889 1293 1941 in
1335 1896 1405 1952 te,
1447 1885 1608 1939 habes
1645 1884 1784 1953 quod
1827 1892 2096 1951 expugnes

523 1986 576 2039 in
609 1995 675 2039 tc.
705 1984 807 2039 Sed
828 1983 991 2036 habes
1014 1996 1170 2050 quem
1203 1979 1437 2039 invoces,
1467 1985 1523 2029 ut
1546 1986 1859 2044 pugnantem
1886 1972 2097 2041 adjuvet

527 2086 599 2137 te,
628 2085 682 2130 et
709 2075 1002 2129 vincentem
1026 2079 1255 2141 coronet
1297 2077 1367 2134 te,
1399 2069 1485 2138 qui
1527 2083 1632 2122 non
1669 2066 1981 2121 existentem
2019 2062 2095 2119 le-

527 2167 599 2221 cit
629 2177 700 2220 te.
1954 2199 1966 2217 ι

601 2258 653 2311 6.
694 2255 971 2324 Quomodo
991 2296 1004 2319 ,
1033 2254 1207 2324 inquis
1225 2295 1239 2319 ,
1263 2250 1656 2307 vincam‘lEcce
1678 2250 1791 2318 ipse
1819 2246 2102 2317 Apostolus

530 2347 899 2402 difﬁcillimum
928 2345 1167 2414 praalinm
1212 2341 1490 2412 proponit,
1522 2350 1575 2393 ct
1596 2354 1753 2409 (piam
1783 2337 2101 2392 laboriosum

534 2439 603 2492 sit
626 2448 711 2491 ant
740 2437 877 2499 forte
904 2433 1279 2505 insuperabile,
1298 2433 1342 2487 si
1371 2448 1473 2487 non
1503 2431 1769 2499 intelligo,
1793 2430 1905 2498 ipse
1925 2438 2106 2481 osten-

534 2529 628 2583 dit.
682 2526 847 2590 Caro,
895 2526 1098 2597 inquit,
1127 2523 1432 2594 concupiscit
1473 2522 1714 2575 adversus
1756 2519 2010 2585 spiritum,
2062 2526 2107 2571 et

535 2623 741 2691 spiritus
761 2621 996 2673 adversus
1021 2634 1220 2671 carnem
1243 2632 1261 2680 ;
1286 2626 1339 2669 ut
1364 2632 1463 2668 non
1493 2631 1551 2667 ea
1570 2628 1680 2682 qua:
1700 2613 1864 2674 vultis,
1889 2612 2104 2679 faciatis.

537 2708 814 2778 Quomodo
858 2725 944 2764 me
973 2709 1127 2779 jubes
1158 2708 1404 2769 vincere,
1445 2721 1562 2759 cum
1596 2704 1683 2758 ille
1721 2705 1890 2767 dicat,
1923 2701 1990 2757 Ut
2012 2719 2110 2755 non

538 2820 596 2856 ea
643 2817 754 2872 qua:
779 2802 925 2854 vultis
942 2841 957 2866 ,
985 2800 1182 2868 faciatis
1199 2800 1224 2852 ?
1249 2797 1453 2865 Qua-ris
1472 2796 1775 2866 quomodo?
1797 2793 2022 2849 Attende
2044 2792 2111 2847 ad

539 2895 760 2964 gratiam
824 2895 963 2948 vasis
1011 2893 1288 2962 pastoralis
1319 2933 1333 2951 .
1379 2890 1607 2960 lapidem
1638 2888 1751 2943 ’de
1797 2888 2012 2942 llumine
2060 2889 2109 2941 iit

541 2985 843 3054 exceptorio
876 2983 1024 3036 laetis
1053 2998 1208 3052 pone.
1234 2982 1369 3037 Ecce
1396 2991 1448 3035 et
1475 2996 1574 3050 ego
1604 2981 1693 3034 tibi
1715 2980 1856 3046 dico,
1885 2983 1991 3033 imo
2022 2978 2111 3033 tibi

545 3078 654 3144 ipsa
675 3078 866 3131 veritas
893 3075 1038 3129 dicit.
1060 3075 1280 3129 Prorsus
1305 3090 1406 3132 non
1428 3074 1558 3128 facis
1577 3072 1715 3144 quod
1736 3074 1832 3138 vis,
1848 3085 2116 3143 pugnante

543 3184 704 3222 carne
754 3166 1007 3220 adversus
1041 3166 1280 3235 spiritum
1326 3177 1491 3219 tuum.
1520 3165 1572 3219 Si
1595 3166 1660 3218 ad
1692 3166 1841 3219 istam
1891 3179 2114 3234 pugnam

546 3261 614 3315 de
638 3270 687 3314 le
706 3260 980 3327 prmsumis
1001 3299 1014 3321 ,
1043 3258 1408 3311 admonendus
1434 3273 1491 3312 es
1513 3300 1527 3321 ,
1559 3273 1625 3311 ne
1651 3258 1841 3312 frustra
1864 3257 2113 3320 audieris,

552 3349 815 3404 Exsultate
844 3349 948 3402 Deo
964 3350 1184 3417 adjutori
1210 3358 1378 3402 nostra
1405 3347 1573 3419 (Psal.
1606 3364 1772 3409 Lxxx,
1792 3348 1868 3417 2).
1889 3347 1943 3403 Si
1973 3348 2113 3423 enim

470 3430 477 3433 ⁷
548 3457 645 3511 per
670 3448 720 3494 te
751 3440 998 3509 implores
1029 3449 1215 3501 totum,
1236 3454 1339 3492 non
1367 3449 1505 3493 esset
1537 3439 1864 3492 necessarius
1887 3438 2115 3507 adjtttor.

448 3534 455 3543 ’
552 3533 773 3593 liursus,
808 3532 850 3585 si
883 3539 936 3584 tu
982 3531 1093 3600 ipse
1142 3541 1229 3583 tua
1262 3528 1532 3583 voluntate
1580 3529 1710 3583 nihil
1763 3543 1977 3598 ageres,
2012 3543 2116 3582 non

552 3633 834 3676 vocaretur
885 3621 1097 3688 adjutor
1136 3636 1149 3673 :
1191 3618 1401 3686 adjulor
1448 3619 1588 3674 enim
1634 3620 1829 3690 aliquid
1877 3628 2117 3690 agentem

551 3714 783 3782 adjuvat.
821 3712 1051 3781 Denique
1074 3726 1193 3764 cum
1238 3709 1492 3775 dixisset,
1525 3709 1654 3765 Caro
1700 3711 2003 3779 concupiscit
2027 3711 2122 3763 ad-

552 3821 722 3861 rersus
749 3805 1017 3871 spiritum,
1048 3814 1093 3856 et
1118 3803 1325 3872 spiritus
1371 3800 1608 3855 adversus
1652 3816 1851 3855 carnem
1873 3815 1893 3865 ;
1918 3809 1971 3855 ut
2020 3817 2122 3854 non

552 3914 611 3951 ea
646 3911 756 3966 qua:
784 3895 951 3958 vultis,
979 3894 1209 3962 faciatis;
1248 3902 1303 3948 et
1351 3893 1712 3962 proposuisset
1766 3904 1817 3947 te
1866 3902 1990 3948 ante
2030 3903 2119 3961 te,

561 3987 721 4041 veluti
744 3984 1075 4040 deiicientem
1102 3996 1153 4038 te
1184 3985 1233 4036 in
1262 3994 1313 4037 te
1331 4026 1343 4044 ,
1367 3983 1621 4037 continuo
1649 3983 1791 4037 misit
1816 3984 1881 4038 ad
1910 3984 2119 4053 adjuto-

555 4095 703 4134 rem:
736 4077 884 4145 Quod
928 4078 971 4130 si
1017 4078 1194 4140 spiritu
1240 4075 1500 4140 ducimini,
1533 4092 1634 4129 non
1679 4075 1846 4129 adhuc
1892 4078 2009 4130 estis
2033 4078 2124 4131 sub

557 4170 707 4241 Lege.
733 4170 831 4236 Qui
856 4168 997 4223 enim
1029 4167 1129 4222 sub
1155 4167 1267 4236 lege
1306 4176 1408 4230 est,
1441 4182 1544 4220 non
1575 4165 1754 4234 implet
1800 4167 1966 4237 legem
1988 4208 2001 4229 ,
2029 4167 2122 4221 sed

557 4264 857 4330 prcmitura
889 4262 1033 4329 lege;
1057 4260 1193 4312 sicut
1214 4259 1301 4313 ille
1321 4258 1485 4312 David
1508 4258 1606 4311 sub
1632 4259 1796 4312 armis
1824 4268 1955 4311 erat.
1986 4259 2125 4328 Ergo

557 4354 601 4407 si
633 4353 818 4419 Spiritu
839 4351 1080 4414 duceris,
1111 4349 1231 4403 vide
1255 4350 1370 4418 quis
1400 4360 1450 4403 te
1474 4348 1742 4416 adjuvabit
1769 4390 1784 4414 ,
1820 4361 1874 4402 ut
1903 4350 2119 4418 impleas

558 4441 697 4511 quod
751 4441 898 4494 velis.
928 4439 1150 4507 Adjntor
1200 4449 1645 4507 tuus,suseeptor
1683 4448 1834 4504 tuus,
1862 4455 1986 4509 spes
2037 4450 2121 4494 tua

559 4532 648 4601 qui
678 4531 835 4585 docet
862 4543 1048 4582 manus
1079 4538 1195 4581 tuas
1224 4529 1274 4581 in
1299 4528 1534 4596 pra-lium
1559 4570 1573 4594 ,
1597 4537 1650 4582 et
1673 4529 1865 4598 digitos
1910 4541 2025 4584 tuos
2054 4532 2121 4585 ad

563 4623 780 4677 bellttm.
814 4620 1084 4689 Manifesta
1132 4619 1263 4670 enim
1316 4629 1430 4672 sunt
1454 4659 1468 4675 .
1504 4618 1691 4686 inquit,
1722 4635 1873 4687 Opera
1922 4622 2123 4685 carnis,

561 4730 676 4784 qua:
693 4724 806 4767 sunt
830 4711 1181 4782 fornicationes
1204 4750 1215 4767 .
1239 4709 1588 4770 immunditite,
1611 4709 1860 4762 idolorum
1897 4712 2122 4775 servitus,

563 4803 765 4861 (matria
784 4843 799 4867 ,
828 4802 1065 4871 veneficia
1084 4844 1097 4863 ,
1127 4801 1482 4863 contentiones,
1518 4800 1821 4857 inimicitias.
1848 4800 2125 4866 ebrietates,

563 4897 945 4953 comessationes
964 4935 978 4952 .
1010 4904 1055 4946 et
1082 4895 1158 4946 liis
1204 4893 1387 4947 similia
1409 4910 1427 4953 ;
1446 4908 1557 4961 qua:
1580 4892 1797 4961 pra-dico
1817 4892 1949 4945 vobis
1966 4933 1981 4958 ,
2004 4895 2128 4947 sicut

565 4989 796 5058 pratdixi.
824 4985 1061 5058 quoniam
1103 4985 1185 5053 qui
1236 4983 1359 5037 talia
1408 4992 1595 5053 agunt,
1639 4999 1847 5052 regnum
1899 4982 1992 5036 Dei
2029 5001 2127 5036 nun

566 5078 890 5151 possidebunt
915 5075 1110 5149 (Galat.
1138 5089 1192 5140 v,
1223 5073 1435 5143 17-21).
1455 5073 1570 5128 Non
1609 5074 1695 5142 qui
1724 5074 1982 5128 adversus
2008 5075 2128 5130 talia

566 5173 882 5240 ciiiilligunt,
915 5170 1009 5222 sed
1040 5168 1126 5233 qui
1151 5166 1272 5220 talia
1306 5176 1484 5234 agunt.
1513 5165 1646 5219 Cum
1688 5170 1828 5218 enim
1854 5166 2126 5235 eontligis,

565 5266 703 5318 aliud
734 5272 814 5318 est
834 5275 965 5330 opus
985 5277 999 5321 ;
1030 5275 1149 5313 eum
1176 5257 1361 5323 vincis,
1379 5256 1517 5311 aliud
1536 5273 1667 5323 opus
1683 5269 1791 5321 est;
1810 5273 1928 5311 cum
1949 5273 2130 5326 pacem

566 5365 619 5407 et
649 5354 880 5421 requiem
910 5352 1093 5410 habes,
1121 5349 1260 5402 aliud
1286 5362 1417 5417 opus
1443 5357 1544 5402 est.
1575 5347 1694 5400 Hiec
1723 5347 1849 5401 dum
1873 5349 2132 5416 exemplis

572 5446 879 5499 dcnmnstro
914 5442 1121 5512 paucis.
1147 5440 1424 5494 advertite.
1455 5438 1761 5509 Suggeritur
1797 5438 2009 5507 aliquod
2046 5441 2130 5494 lu-

634 5555 649 5585 ¹
679 5559 753 5617 tta
767 5552 979 5617 melioris
1010 5559 1136 5605 noue
1161 5558 1249 5599 Mss
1292 5556 1345 5599 At
1368 5557 1487 5606 sum,
1513 5561 1656 5609 quam
1676 5546 1719 5616 si
1732 5546 1936 5617 sentiens
1966 5548 2130 5617 vincis,

564 5620 670 5680 jam
704 5611 963 5680 diabolum,
1001 5622 1095 5680 etc.
1132 5618 1204 5660 Er.
1232 5625 1282 5661 et
1316 5617 1445 5670 tota,
1479 5622 1621 5672 uitam
1643 5611 1684 5660 si
1722 5611 1924 5660 sentiens
1959 5611 2133 5671 vinces,

564 5672 669 5746 ὶσιῑι
686 5672 947 5746 ﬁmum
972 5678 1067 5746 ειςη

638 5740 658 5770 ³
684 5740 847 5784 Plures
869 5741 998 5789 uss,
1029 5732 1228 5790 lapides.

1722 309 1781 363 S.
1822 299 2181 359 Αυαιιδιίκι
2221 301 2518 359 ειιιδευιιι

3617 309 3762 363 1840

2182 431 2365 482 crum,
2412 420 2676 482 delectat;
2708 422 2862 476 liabet
2909 419 3184 481 fraudem.
3236 421 3329 476 sed
3376 436 3625 492 maguum
3678 419 3766 479 est

2183 508 2421 572 lucrum;
2471 510 2732 574 delectat,
2790 528 2889 565 non
2938 512 3209 567 consentis
3251 530 3266 564 :
3325 527 3553 582 pugnam
3605 515 3766 575 vide.

2182 601 2356 657 adhuc
2392 603 2664 667 suadetur,
2697 605 2866 659 adhuc
2895 606 3139 669 instatur,
3173 602 3347 660 adhuc
3392 606 3757 662 deliberatur:

2186 709 2314 764 ergo
2339 694 2429 763 qui
2453 705 2678 765 pugnat,
2710 697 3058 766 periclitatur.
3092 695 3331 753 Vidimus
3358 713 3623 769 pugnam,
3657 716 3771 755 cte-

2191 799 2298 842 lera
2360 789 2650 843 videamus.
2696 789 3029 859 Contempsit
3073 789 3361 860 justitiam,
3417 800 3473 846 ut
3518 791 3771 846 fraudem

2190 881 2418 944 laceret;
2449 882 2619 935 victus
2644 890 2727 935 est
2750 898 2762 933 :
2787 882 3107 951 contempsit
3158 882 3397 949 lucrum,
3441 892 3499 937 ut
3536 883 3773 953 justitiie

2190 975 2444 1033 serviret;
2478 971 2621 1026 vicit.
2653 970 2707 1025 In
2730 971 2812 1025 his
2830 972 2996 1025 tribus
3016 1014 3030 1036 ,
3056 974 3254 1028 victum
3282 974 3438 1030 doleo
3458 1017 3473 1041 ,
3508 977 3771 1046 pugnanti

2192 1073 2385 1127 metuo,
2414 1063 2595 1117 victori
2648 1063 3099 1131 congaudm.Scd
3128 1065 3286 1118 etiam
3331 1067 3415 1121 ille
3461 1068 3549 1136 qui
3607 1067 3770 1130 vicit,

2194 1154 2442 1222 munquid
2465 1155 2682 1208 omnino
2705 1157 2811 1223 egit
2834 1155 2885 1207 itt
2917 1170 2998 1218 se,
3034 1164 3091 1208 ut
3126 1171 3339 1224 prorsus
3376 1173 3494 1209 eum
3544 1162 3773 1225 pecunia

2193 1260 2297 1296 non
2336 1253 2589 1306 attentet,
2613 1253 2704 1297 aut
2751 1246 2881 1298 nihil
2926 1252 2976 1297 in
3009 1263 3073 1299 eo
3129 1247 3323 1300 excitet
3362 1248 3768 1313 delectationis,

2192 1337 2430 1403 quamvis
2455 1338 2792 1406 superabilis,
2812 1341 3051 1407 quamvis
3066 1342 3502 1409 cententptibilis,
3526 1346 3773 1412 quamvis

2196 1440 2298 1479 non
2342 1425 2512 1480 solum
2564 1427 2646 1481 cui
2698 1444 2800 1481 non
2848 1430 3176 1491 cnnsentiat,
3212 1432 3304 1484 sed
3353 1449 3471 1485 cum
3519 1450 3626 1503 qua
3678 1450 3774 1489 nec

2197 1531 2431 1585 pugnare
2476 1518 2763 1584 dignetur?
2792 1520 2930 1575 inest
2973 1532 3148 1577 tamen
3198 1525 3368 1594 aliqua
3405 1526 3776 1584 delectationis

2200 1610 2448 1663 titillatio.
2480 1608 2582 1663 Ista
2612 1612 2860 1678 titillatio,
2888 1621 2943 1668 et
2971 1613 3059 1668 ille
3084 1613 3251 1669 hostis
3273 1616 3380 1686 jam
3409 1633 3509 1672 nec
3546 1632 3772 1688 pugnat,

2136 1750 2151 1779 κ
2201 1717 2297 1755 nec
2324 1712 2508 1772 regnat.
2543 1721 2556 1757 :
2589 1704 2725 1757 inest
2753 1714 2925 1759 tamen
2948 1748 2962 1769 ,
2992 1716 3047 1760 et
3074 1709 3225 1775 quasi
3254 1718 3491 1763 moratur
3532 1711 3589 1765 in
3619 1727 3779 1766 cuine

2201 1793 2405 1846 mortali
2433 1833 2446 1855 ,
2471 1794 2609 1862 quod
2635 1810 2738 1848 non
2768 1797 2889 1849 erit.
2937 1796 3164 1850 Dueetur
3198 1798 3339 1852 enim
3389 1810 3561 1854 totum
3616 1801 3670 1854 iu
3701 1803 3778 1855 vi-

2199 1886 2418 1937 ctoriam
2439 1925 2453 1945 ,
2486 1883 2578 1938 sed
2626 1896 2805 1953 postea
2854 1904 2868 1940 :
2900 1874 3073 1941 modo
3094 1897 3270 1942 autem
3290 1930 3307 1956 ,
3354 1888 3554 1959 Corpus
3583 1893 3781 1960 quidem

2203 1985 2451 2028 mortuum
2488 1986 2558 2029 est
2583 1988 2787 2045 propter
2810 1987 3063 2047 peccatum
3085 1994 3104 2043 ;
3132 1988 3183 2033 et
3206 1981 3323 2033 ideo
3345 1982 3519 2036 eidem
3571 1987 3778 2051 corpori

2204 2066 2340 2120 inest
2364 2075 2637 2137 peccatmn
2661 2109 2675 2131 ,
2705 2069 2802 2122 etsi
2846 2083 2947 2147 non
2996 2079 3183 2140 regnat
3232 2081 3545 2140 peccatum:
3579 2076 3780 2144 spiritus

2208 2169 2374 2213 autent
2402 2160 2504 2212 vita
2526 2169 2596 2214 est
2617 2170 2819 2230 propter
2832 2162 3104 2233 justitiam.
3140 2164 3200 2216 Si
3228 2176 3391 2217 autem
3417 2166 3499 2234 qui
3528 2169 3780 2221 suscitavit

2207 2251 2457 2305 Christum
2512 2269 2545 2305 a
2591 2254 2819 2315 mortuis,
2865 2254 3053 2308 habitat
3099 2255 3353 2319 iuvabis;
3392 2260 3478 2327 qui
3528 2262 3779 2313 suscitarit

2207 2339 2460 2395 Clu-istum
2482 2359 2512 2395 a
2527 2343 2747 2404 mortuis,
2772 2343 3096 2411 viriﬁeubitet
3118 2344 3351 2400 mortalia
3377 2364 3596 2419 corpora
3609 2359 3775 2413 vestra,

2210 2441 2412 2501 prapter
2432 2431 2784 2487 inltabitautem
2808 2431 3054 2504 Spiritum
3079 2436 3188 2505 ejus
3216 2438 3265 2489 in
3292 2437 3426 2490 vobis
3456 2437 3636 2505 (Rom.
3665 2453 3743 2492 vui
3762 2481 3775 2500 ,

2213 2523 2299 2583 lO,
2323 2524 2474 2586 etc).
2511 2523 2583 2577 lbi
2609 2524 2717 2591 jam
2771 2539 2869 2578 nec
2914 2526 3054 2595 quod
3107 2536 3300 2595 pugnet
3336 2528 3471 2592 erit,
3504 2544 3610 2583 nec
3652 2529 3779 2598 quod
3851 2551 3859 2556 ’

2216 2615 2425 2679 titillet;
2456 2625 2621 2670 totum
2676 2616 2824 2671 cedet
2875 2617 2926 2670 in
2960 2619 3128 2688 pace‘.
3168 2619 3282 2673 Non
3325 2622 3468 2675 enim
3522 2625 3776 2675 contraria

2215 2715 2400 2760 natura
2425 2716 2606 2760 contra
2637 2708 2790 2761 aliam
2840 2716 3081 2762 naturam
3136 2718 3364 2778 pugnat,
3398 2710 3492 2764 sed
3538 2721 3777 2781 tanquam

2216 2797 2268 2850 in
2296 2798 2453 2851 domo
2477 2797 2697 2853 maritus
2727 2808 2779 2851 et
2803 2814 2956 2853 uxor.
2994 2797 3047 2854 Si
3077 2799 3333 2855 adversus
3350 2798 3415 2855 'se
3434 2801 3744 2857 dissentiant
3763 2846 3775 2865 ,

2217 2891 2472 2942 molestus
2502 2896 2554 2942 ct
2583 2888 2908 2958 periculosus
2933 2890 3114 2954 labor;
3144 2891 3188 2944 si
3221 2892 3444 2946 maritus
3467 2893 3712 2947 vincatur
3733 2903 3779 2948 ct

2217 2994 2353 3033 uxor
2380 2970 2714 3043 dominetur,
2740 2994 2838 3048 pax
2860 2995 3139 3049 perversa:
3163 2982 3205 3035 si
3232 2992 3413 3037 autem
3446 2999 3588 3039 uxor
3606 2986 3779 3038 marito

2219 3071 2509 3125 dominanti
2540 3058 2868 3139 subjiciatur,
2892 3088 2991 3142 pax
3050 3084 3225 3139 recta;
3260 3090 3363 3128 non
3422 3084 3607 3131 tamen
3653 3077 3777 3130 aliud

2220 3181 2282 3218 ex
2317 3164 2419 3217 alia
2470 3174 2653 3217 natura
2679 3206 2692 3226 ,
2723 3165 2842 3231 quia
2885 3181 2947 3222 ex
2973 3165 3185 3221 homine
3238 3166 3375 3222 facta
3424 3169 3621 3223 mulier
3660 3170 3777 3222 viro.

2219 3255 2358 3309 Caro
2381 3266 2464 3310 tua
2486 3298 2499 3318 ,
2532 3256 2723 3325 conjux
2752 3264 2866 3319 tua,
2901 3257 3093 3311 famula
3123 3269 3209 3312 tua
3232 3278 3244 3312 :
3270 3261 3537 3329 quodlibet
3577 3263 3775 3330 deputa,

2222 3360 2355 3416 opus
2378 3357 2458 3400 est
2480 3356 2532 3400 ut
2554 3347 2831 3416 subjicias;
2862 3359 2913 3402 et
2961 3350 3004 3403 si
3031 3353 3280 3420 pugnas’,
3307 3363 3362 3406 ut
3391 3354 3563 3422 prosit
3604 3370 3777 3424 pugna.

2225 3438 2337 3492 lloc
2361 3440 2500 3492 enim
2555 3439 2801 3508 expedit,
2826 3439 3049 3495 inferius
3095 3442 3283 3512 subjici
3317 3444 3620 3512 superiori;
3648 3457 3697 3497 ut
3732 3453 3776 3496 ct

2232 3528 2322 3582 ille
2345 3529 2431 3597 qtti
2460 3527 2560 3581 sibi
2591 3529 2779 3597 subjici
2809 3530 2918 3584 vult
2947 3530 3087 3601 quod
3116 3545 3193 3585 est
3236 3530 3456 3588 interius
3487 3548 3547 3588 se
3569 3518 3597 3600 ,'
3630 3533 3778 3602 saliji-

2224 3619 2393 3673 ciatur
2420 3620 2676 3687 superiori
2710 3636 2787 3673 se.
2821 3621 3058 3692 Agnosce
3079 3622 3338 3686 ordinem,
3368 3640 3546 3695 qttmre
3595 3641 3775 3693 pacem.

2226 3710 2302 3763 Tu
2338 3712 2463 3772 Deo,
2497 3712 2587 3765 tibi
2626 3727 2780 3765 .caro.
2807 3712 2941 3780 Quid
2964 3714 3192 3782 justins?
3218 3716 3342 3785 quid
3389 3717 3779 3786 pulcltrius?Ttt

2228 3805 2442 3873 majori,
2476 3806 2648 3859 minor
2679 3806 2767 3860 tibi
2812 3825 2825 3862 :
2858 3809 2994 3862 servi
3032 3818 3084 3861 tu
3113 3809 3159 3861 ei
3201 3809 3287 3877 qui
3331 3809 3551 3875 lecitte,
3605 3819 3661 3865 ut
3702 3811 3778 3865 tibi

2227 3896 2423 3950 serviat
2451 3896 2588 3966 quod
2622 3896 2815 3951 factum
2845 3908 2921 3951 est
2966 3910 3182 3967 propter
3209 3910 3278 3953 te.
3307 3900 3421 3953 Non
3467 3903 3615 3956 enim
3659 3903 3779 3954 hunc

2227 3987 2464 4041 ordinem
2516 3989 2791 4054 novimus,
2824 4005 2994 4059 neque
3037 3990 3177 4043 hunc
3230 3993 3471 4045 ordinem
3521 4008 3778 4046 commen-

2228 4077 2435 4147 damus.
2479 4076 2595 4131 Tibi
2643 4092 2768 4132 earo
2811 4087 2865 4133 et
2919 4087 2973 4132 tu
3007 4079 3146 4143 Deo;
3178 4080 3304 4144 sed,
3340 4081 3415 4134 'l‘u
3446 4082 3572 4146 Deo,
3625 4094 3677 4136 et
3704 4083 3779 4135 tilii

2229 4182 2374 4220 caro.
2421 4166 2474 4222 Si
2513 4178 2686 4222 autent
2714 4170 3007 4224 contemnis
3027 4169 3104 4224 Tu
3132 4171 3260 4237 Deo,
3290 4189 3554 4241 tamquam
3601 4173 3780 4229 efficies

2231 4268 2286 4311 ut
2310 4258 2423 4312 Tibi
2449 4256 2624 4312 earo’.
2649 4258 2753 4325 Qui
2773 4275 2875 4313 non
2901 4259 3238 4330 obtemperas
3256 4262 3503 4329 Domino,
3538 4265 3781 4334 torqueris

2229 4366 2257 4402 τι
2289 4366 2461 4404 servo.
2494 4350 2756 4421 Numquid
2781 4351 2824 4406 si
2848 4366 2954 4405 non
2980 4352 3129 4422 prius
3161 4362 3213 4406 tu
3237 4353 3361 4415 Deo,
3389 4363 3447 4407 nt
3467 4354 3660 4409 deinde
3701 4354 3778 4407 tibi

2230 4455 2374 4517 caro,
2410 4441 2605 4509 poteris
2624 4440 2802 4495 dicere
2834 4440 2948 4495 hinc
2986 4441 3179 4507 verba,
3207 4441 3503 4497 Benedictus
3550 4443 3780 4498 Dominus

2234 4530 2366 4584 Deus
2391 4547 2548 4593 meus,
2579 4531 2664 4599 qui
2691 4530 2830 4583 docet
2848 4547 3023 4585 manus
3036 4547 3171 4585 nteas
3198 4532 3251 4585 in
3274 4534 3523 4601 pra'lium,
3545 4544 3592 4588 et
3619 4534 3779 4605 digitos

2232 4637 2367 4672 meos
2392 4623 2458 4672 ad
2500 4619 2729 4672 bellant?
2755 4619 2985 4673 l‘rzeliari
3034 4620 3114 4673 vls
3162 4621 3435 4683 inductus,
3464 4622 3778 4677 danmabcris

2232 4709 2421 4763 victus.
2451 4709 2629 4763 Primo
2654 4723 2780 4778 ergo
2802 4718 2853 4763 te
2877 4710 3070 4763 subdas
3096 4709 3232 4775 Deo;
3259 4710 3450 4768 deinde
3472 4714 3562 4768 illo
3578 4715 3779 4768 docente

2236 4810 2287 4856 te
2312 4811 2366 4855 et
2385 4800 2663 4870 adjuvantc
2708 4800 2965 4870 pra-beris
2986 4842 3002 4865 ,
3033 4809 3089 4855 et
3122 4799 3298 4864 dicas,
3327 4801 3425 4868 Qui
3443 4802 3585 4856 docet
3621 4818 3780 4856 uiantis

2233 4910 2369 4946 meas
2393 4893 2446 4945 in
2471 4892 2702 4961 prtelium
2720 4933 2734 4955 ,
2767 4903 2812 4946 et
2828 4892 3010 4963 digitos
3032 4908 3168 4948 meos
3196 4895 3264 4947 ad
3285 4894 3486 4948 bellum.

2232 5022 2243 5027 -
2306 4987 2358 5039 7.
2398 4984 2545 5058 [verm
2571 4984 2652 5058 2.]
2694 4986 2896 5040 Etcum
2921 4986 3200 5057 pra-liaris,
3224 4987 3345 5055 quia
3372 4986 3495 5041 dum
3525 4987 3777 5054 pravliaris.

2235 5079 2548 5147 periclitaris
2567 5118 2580 5140 ,
2610 5079 2694 5132 dic
2717 5093 2833 5148 qua:
2851 5087 3158 5148 sequuntur,
3187 5080 3237 5132 in
3266 5079 3535 5148 praeliandi
3569 5077 3780 5147 periculo

2236 5170 2571 5224 constitutus.
2609 5169 2956 5223 Misericordia
2984 5186 3113 5224 mea.
3150 5168 3263 5223 Non
3311 5171 3508 5223 vincar.
3532 5168 3661 5236 Quid
3710 5177 3779 5220 est

2239 5262 2338 5315 hoc
2354 5304 2368 5325 ,
2393 5261 2739 5314 Misericordia
2770 5276 2876 5314 utea
2892 5263 2916 5315 ?
2934 5261 3147 5315 Prashes
3172 5262 3298 5316 mihi
3349 5260 3773 5320 miscricordiam,

2237 5362 2291 5405 et
2320 5353 2369 5405 iu
2408 5368 2492 5405 me
2535 5352 2719 5405 existis
2745 5351 3198 5416 ntisericors?an,
3240 5352 3452 5406 Donasti
3492 5352 3617 5406 mihi
3662 5357 3777 5402 ntit

2239 5442 2353 5511 ipse
2376 5442 2474 5495 sim
2514 5441 2857 5501 misericors?
2882 5443 2952 5496 De
3005 5445 3146 5496 nulla
3191 5443 3330 5497 enim
3371 5459 3429 5498 rc
3462 5445 3539 5499 sic
3576 5443 3777 5496 vincitur

2303 5552 2318 5581 ⁸
2347 5550 2567 5610 Plerique
2602 5558 2724 5606 διες..
2748 5549 2798 5601 in
2815 5556 2997 5611 pacem.

2301 5613 2321 5674 ἵ
2344 5611 2527 5672 Aliquot
2550 5620 2674 5668 .ttss.,
2699 5624 2871 5674 pugna.

2306 5673 2415 5735 {sic
2431 5660 2540 5719 'atss.
2568 5681 2621 5735 st
2644 5660 2833 5723 tid'di'si
2855 5679 3009 5722 autem
3031 5660 3284 5724 contemnis
3298 5683 3349 5724 tu
3379 5683 3541 5735 Deum,
3560 5680 3774 5733 math

2240 5733 2378 5792 subji.
2395 5733 2517 5783 irtur
2541 5733 2625 5782 tibi
2647 5747 2775 5783 cura.
