4042 6202
380 358 504 416 1861
549 376 553 380 ’

378 471 655 537 inimicus,
698 491 853 545 quam
890 490 1008 529 cum
1064 473 1432 530 misericordes
1478 490 1677 528 sumus.
1715 472 1941 529 Omnino

377 576 525 636 parat
576 566 868 621 calumnias
910 565 973 619 ad
1032 566 1320 633 judicium,
1354 575 1406 619 cl
1450 580 1553 619 non
1607 576 1777 632 potest
1816 566 1940 618 ΩιΙκει

374 660 636 727 objicere,
658 660 777 729 quia
812 674 912 711 non
934 659 1169 727 estapnd
1200 675 1375 728 quem.
1403 659 1458 714 Si
1480 659 1620 713 enim
1665 658 1802 728 apud
1843 657 1944 711 ho-

376 752 573 814 minem
609 749 837 816 judieem
869 749 1141 804 nobiscum
1176 758 1388 819 ageret,
1427 758 1603 819 posset
1631 764 1749 802 eum
1792 765 1941 803 men-

378 841 558 896 tiendo
582 841 760 895 fallere
778 883 793 905 ,
813 851 866 896 et
892 857 987 895 nos
1005 857 1226 911 gravare
1262 841 1717 897 criminationibus
1763 842 1939 896 falsis:

375 934 496 1002 quia
523 949 647 988 vero
668 933 804 999 apud
833 935 987 988 talem
1022 932 1253 1002 indicem
1285 948 1444 988 causa
1479 945 1654 987 nostra
1681 950 1799 989 cum
1852 934 1943 988 illo

373 1036 487 1090 est,
516 1028 603 1096 qui
625 1026 730 1081 falli
761 1043 861 1081 non
889 1038 1092 1097 potest;
1125 1029 1242 1084 ideo
1276 1030 1442 1082 ambit
1484 1037 1540 1081 ut
1571 1028 1633 1111 ad
1669 1037 1940 1096 peccatum

375 1117 607 1180 sedueat,
644 1127 701 1171 ut
722 1119 911 1173 habeat
937 1136 1061 1174 vera
1085 1136 1201 1190 qtae
1222 1120 1455 1188 obiiciat.
1481 1120 1547 1175 Et
1571 1120 1654 1173 ubi
1678 1120 1813 1175 forte
1841 1120 1940 1173 ali-

376 1208 566 1273 quibus
594 1210 709 1278 ejus
748 1208 1020 1267 framlibus
1049 1212 1343 1265 succumbit
1377 1211 1601 1265 humana
1649 1211 1937 1281 fragilitas,

376 1307 629 1366 sequatur
654 1299 704 1352 in
746 1300 1078 1355 confessione
1105 1317 1238 1371 Opus
1268 1303 1598 1367 humilitatis,
1632 1314 1941 1358 exerceatur

370 1385 422 1438 iu
449 1386 698 1455 operibus
729 1390 1103 1445 misericordia:
1122 1402 1177 1447 et
1193 1392 1441 1461 pietatis‘.
1465 1392 1650 1448 Omnia
1674 1394 1935 1459 delentur,

370 1494 491 1531 cum
522 1494 584 1533 ex
616 1495 741 1535 vero
765 1481 924 1536 corde
952 1492 1008 1537 et
1054 1483 1207 1552 plena
1248 1484 1435 1538 ﬁducia
1457 1485 1680 1541 dicimus
1727 1486 1804 1541 illi
1850 1488 1937 1557 qui

369 1572 550 1625 videt:
579 1571 784 1628 Dimitte
834 1574 992 1639 nobis,
1015 1577 1145 1630 sicut
1187 1588 1231 1630 et
1274 1593 1364 1631 nos
1400 1578 1694 1632 dimittimus
1723 1578 1933 1651 (Matth.

368 1677 441 1725 γι,
474 1661 583 1731 12).
615 1664 704 1717 Dic
732 1672 842 1719 toto
866 1666 1047 1733 corde,
1078 1667 1162 1733 die
1192 1676 1297 1721 tota
1330 1668 1541 1734 fiducia,
1573 1669 1659 1723 die
1687 1684 1926 1736 securus,

374 1752 582 1807 Dimitte
618 1756 779 1819 nobis,
804 1758 929 1808 sicut
950 1766 996 1808 et
1034 1773 1124 1810 nos
1168 1757 1491 1823 dimittimus;
1518 1769 1605 1812 aut
1629 1759 1735 1814 noli
1757 1760 1936 1814 dimit-

368 1854 499 1908 tere,
536 1847 580 1897 si
606 1859 710 1898 non
757 1845 1087 1902 dimittimus.
1119 1846 1269 1916 Quod
1290 1849 1389 1903 etsi
1430 1864 1533 1904 non
1573 1850 1787 1917 dixeris,
1816 1851 1934 1906 Noli

366 1935 652 2001 dimittere,
679 1937 723 1990 si
756 1952 860 1992 non
886 1937 1238 2005 dimittimus;
1271 1955 1488 2011 prorsus
1532 1957 1638 1997 non
1691 1944 1930 2012 dimittit,

364 2027 408 2079 si
433 2044 535 2080 non
579 2028 913 2084 dimittimus.
943 2029 1123 2100 Neque
1147 2028 1291 2086 enim
1340 2043 1397 2088 ut
1440 2043 1493 2088 tu
1535 2034 1608 2089 sis
1646 2034 1932 2103 impunitus

366 2128 631 2186 peccatur,
654 2121 753 2174 erit
778 2120 865 2175 ille
881 2123 1105 2177 mendax
1138 2116 1449 2193 promissor.
1476 2126 1565 2180 Vis
1585 2167 1599 2191 ,
1634 2127 1828 2197 inquit,
1875 2136 1933 2182 ut

365 2207 662 2263 dimittam?
696 2211 929 2266 Dimitte.
979 2212 1075 2269 Est
1124 2214 1266 2269 aliud
1324 2231 1457 2287 opus
1503 2218 1925 2275 misericordize:

366 2299 458 2352 Vis
480 2308 535 2352 ut
576 2299 741 2354 dem?
764 2302 856 2355 Da.
890 2303 1009 2360 Uno
1033 2304 1148 2358 loco
1176 2305 1402 2374 positqu
1424 2316 1506 2362 est
1536 2309 1586 2363 in
1606 2310 1891 2380 Evangelia
1911 2353 1925 2377 ,

366 2388 633 2453 Dimittite,
657 2400 698 2443 et
717 2392 992 2445 dimittetur
1009 2394 1175 2457 vobis;
1196 2397 1330 2459 date,
1348 2408 1393 2449 et
1410 2397 1607 2451 dabitur
1621 2401 1753 2453 vobis
1779 2399 1925 2471 (Luc.

367 2495 441 2539 Vl,
471 2480 556 2544 57,
588 2482 700 2552 58).
734 2482 965 2551 Aliquid,
991 2484 1177 2554 inquit,
1202 2496 1383 2540 contra
1410 2497 1467 2542 te
1514 2498 1686 2553 teneo,
1728 2491 1927 2559 aliquid

365 2578 419 2623 et
442 2580 493 2622 tu
519 2580 700 2625 contra
749 2573 970 2627 alterum
1017 2583 1184 2642 tenes;
1212 2577 1440 2642 dimitte,
1469 2588 1523 2633 et
1568 2581 1794 2637 dimitto.
1816 2585 1926 2639 Ali-

364 2660 488 2726 quid
512 2662 648 2729 petis
685 2679 713 2715 a
738 2680 841 2724 tne.
875 2665 1068 2736 aliquid
1093 2669 1221 2736 petit
1264 2669 1398 2739 alter
1443 2688 1471 2723 a
1505 2680 1587 2736 te;
1622 2673 1710 2735 da,
1738 2685 1792 2728 et
1833 2675 1922 2728 do.

362 2747 430 2803 Et
458 2768 573 2820 qua:
602 2753 859 2808 dimittit?
896 2774 1013 2825 qua:
1032 2758 1122 2813 dat
1142 2760 1164 2811 ?
1183 2758 1370 2815 Nonne
1395 2761 1669 2818 Charitas?
1696 2764 1760 2818 Et
1787 2765 1926 2821 unde

359 2844 588 2899 Charitas
629 2847 724 2900 nisi
780 2863 872 2916 per
922 2848 1175 2918 Spiritum
1225 2865 1463 2907 sanctum
1507 2856 1594 2923 qui
1641 2856 1795 2909 datus
1843 2868 1927 2912 est

362 2936 512 2990 nobis
554 2936 727 3007 (Rom.
758 2956 810 3004 ν,
840 2940 946 3009 5)?
992 2943 1044 2998 Si
1096 2959 1220 3013 ergo
1278 2961 1370 3014 per
1413 2948 1572 3016 opera
1620 2950 1923 3005 misericor-

358 3026 460 3080 dias
492 3039 669 3085 noster
705 3033 930 3088 vincitur
958 3036 1228 3103 inimicus,
1258 3048 1308 3093 et
1350 3056 1506 3109 opera
1546 3042 1924 3099 misericordia:

362 3116 557 3173 habere
587 3138 688 3175 non
730 3139 1040 3193 possemus,
1072 3128 1171 3182 nisi
1211 3129 1521 3186 charitatem
1571 3132 1920 3201 haberemus;

356 3212 587 3264 ctuiritas
608 3224 781 3267 autem
832 3218 983 3272 nobis
1027 3219 1167 3273 nulla
1198 3230 1370 3287 esset,
1398 3222 1497 3276 nisi
1547 3238 1639 3292 per
1666 3223 1929 3294 Spiritum.

353 3312 595 3354 sanetum
623 3305 1038 3373 acciperemus’:
1067 3310 1157 3365 ille
1195 3312 1350 3367 docet
1378 3330 1563 3381 manus
1615 3329 1821 3372 nostras
1865 3319 1916 3372 in

355 3390 592 3456 pra-lium
613 3432 627 3456 ,
655 3404 709 3448 et
729 3395 918 3465 digitos
939 3406 1155 3456 nostros
1177 3403 1240 3455 ad
1264 3404 1490 3466 bellum;
1516 3406 1588 3459 illi
1617 3418 1760 3462 recte
1788 3409 1919 3464 dici-

352 3493 496 3541 mus,
552 3481 898 3539 Misericordia
945 3505 1074 3554 mea,
1123 3505 1153 3543 a
1200 3508 1305 3561 quo
1357 3493 1611 3550 habemus
1658 3498 1819 3551 etiam
1861 3507 1920 3553 ut

352 3569 721 3627 misericordes
764 3575 947 3630 simus.
975 3577 1235 3632 Iudicium
1257 3583 1389 3635 enim
1429 3585 1538 3637 sine
1578 3587 1917 3641 misericordia

348 3661 453 3731 illi,
482 3663 568 3732 qui
590 3680 692 3717 non
716 3664 829 3731 fecit
846 3668 1254 3723 misericordiam.

420 3753 473 3804 8.
515 3753 680 3806 Parva
714 3758 905 3821 putatis
931 3773 1090 3827 opera
1135 3761 1723 3819 misericordizeﬂdbet
1763 3776 1819 3819 et
1847 3767 1915 3822 de

352 3841 434 3896 his
456 3843 652 3911 aliquid
680 3845 877 3900 dicere.
909 3848 1177 3905 Attendite
1206 3852 1375 3920 primo
1402 3854 1555 3908 istam
1594 3859 1910 3911 sententiam

348 3934 415 3988 de
443 3946 624 3990 sancta
655 3935 922 4006 Scriptura
945 3941 1343 4012 depromptum,
1387 3962 1542 4016 quam
1575 3949 1731 4003 modo
1761 3966 1913 4004 eom-

348 4030 636 4083 memoravi
659 4049 670 4083 :
694 4028 951 4086 Iudicium
972 4037 1103 4089 enim
1123 4037 1229 4090 sine
1250 4039 1588 4093 misericordia
1617 4042 1695 4096 illi
1710 4044 1795 4113 qui
1810 4061 1913 4098 non

348 4121 463 4190 fecit
484 4122 893 4178 misericordiam.
936 4126 1063 4182 Siue
1089 4129 1447 4186 misericordia
1469 4133 1792 4200 iudicabitur
1820 4140 1908 4207 qui

347 4202 760 4266 misericordiam
801 4230 902 4268 non
931 4217 1051 4272 fecit
1099 4228 1377 4289 antequam
1401 4222 1744 4290 judicaretur.
1772 4202 1906 4295 Quid

344 4300 571 4356 deinde?
599 4304 720 4373 quid
752 4310 1024 4376 sequitur?
1049 4309 1400 4381 Superexaltat
1420 4325 1587 4369 autem
1626 4319 1910 4373 misericor-

342 4395 429 4446 dia
456 4396 676 4463 judicio'
702 4396 902 4470 (Jacobi
943 4418 998 4467 ιι,
1049 4404 1160 4473 l5).
1190 4404 1324 4473 Quid
1371 4416 1453 4461 est
1492 4408 1623 4475 hoc,
1680 4410 1904 4479 fratres,

347 4485 702 4553 Supcrexultat
725 4492 1065 4547 misericordia
1076 4496 1274 4565 judicio
1296 4498 1321 4551 Ρ
1342 4499 1727 4571 Superponitnr
1747 4506 1907 4561 misc-

342 4578 569 4633 ricordia
592 4580 791 4650 judicio
819 4602 832 4637 :
864 4585 912 4638 in
939 4602 1042 4655 quo
1070 4576 1335 4645 inventum
1364 4592 1667 4664 furritbpus
1692 4598 1906 4653 miseri-

343 4669 559 4735 corditc,
608 4675 705 4727 etsi
758 4674 995 4731 habuerit
1038 4679 1230 4748 aliquid
1272 4680 1405 4737 forte
1456 4686 1505 4740 in
1548 4687 1748 4754 judicio
1797 4706 1902 4760 quo

345 4762 610 4829 puniatur,
639 4773 883 4833 tanquam
922 4769 1058 4823 unda
1104 4771 1477 4849 misericordize
1525 4781 1720 4845 peccati
1770 4781 1903 4850 ignis

340 4855 707 4925 casniuguitur.
742 4856 1095 4926 Super-exultat
1142 4866 1283 4918 enim
1332 4868 1670 4924 misericordia
1697 4872 1905 4938 judicio.

338 4944 471 5011 Quid
502 4948 711 5001 autem?
748 4958 801 5002 et
845 4965 965 5005 cum
1016 4954 1203 5008 talibus
1228 4956 1499 5019 subvenit,
1524 4969 1576 5013 et
1614 4977 1732 5015 eum
1775 4966 1903 5018 tales

340 5036 557 5101 liberat,
585 5049 779 5094 etcum
817 5042 1004 5096 talibus
1054 5045 1304 5113 ignoscit,
1330 5047 1554 5116 injustas
1591 5061 1671 5105 est
1722 5053 1901 5108 Deus?

339 5128 508 5182 Absit.
549 5128 616 5184 Et
642 5129 711 5184 ibi
757 5132 931 5199 justus
970 5144 1049 5187 est
1074 5153 1086 5186 :
1116 5152 1218 5187 non
1268 5138 1312 5188 ei
1363 5138 1496 5192 tollit
1538 5141 1897 5197 misericordia

336 5218 624 5296 justitiam.
663 5237 759 5276 nec
793 5222 989 5290 justitia
1039 5225 1471 5282 miscricordiam.
1515 5231 1642 5285 Vide
1670 5234 1810 5286 enim
1856 5234 1898 5288 si

339 5327 445 5365 non
468 5312 643 5381 justus
660 5325 772 5367 est:
806 5316 1016 5370 Dimitte
1038 5359 1052 5381 ,
1083 5327 1136 5371 et
1183 5319 1389 5374 dimitto
1411 5322 1506 5387 ;da
1528 5366 1543 5387 ,
1570 5334 1619 5377 et
1649 5306 1737 5378 do.
1769 5325 1899 5380 Vide

335 5404 377 5457 si
407 5418 513 5456 non
536 5404 709 5472 justus
727 5417 838 5460 eSt:
871 5405 935 5460 In
958 5423 1054 5476 qua
1076 5424 1306 5463 mensura
1354 5414 1510 5466 mensi
1529 5416 1740 5482 fueritis,
1768 5418 1819 5470 in
1841 5435 1899 5472 ea

396 5602 416 5670 ξ
441 5598 626 5662 Aliquot
661 5608 788 5663 Mss,
821 5607 1102 5652 exerceatur
1122 5602 1174 5653 in
1199 5605 1418 5667 operibus
1449 5607 1780 5660 misericordia
1802 5611 1896 5675 pie-

368 5677 377 5695 ’
448 5696 458 5707 ι

333 5666 582 5789 “fures,
595 5720 691 5771 nisi
707 5724 937 5789 spiritum
958 5731 1171 5775 sanctum
1194 5726 1534 5789 acciperemus.

388 5786 409 5816 ³
427 5782 536 5833 Γιιω,
553 5782 810 5844 jadtcirm.
837 5787 923 5835 sed
942 5796 1043 5838 "ss.
1069 5782 1341 5841 constanti'er
1365 5792 1765 5854 bancut,judit"io.

1478 356 1867 414 ENARRATIO
1909 356 1970 412 1N
2008 355 2331 419 PSALMUM
2356 364 2579 425 CXLIII.

3491 404 3513 457 Ι
3526 405 3626 463 869.

2048 480 2334 534 remetiatur
2358 485 2492 540 vobis
2535 487 2743 557 (Matth.
2776 509 2867 563 vn,
2899 496 2975 569 2).
3008 502 3086 557 Ad
3116 504 3214 562 hoc
3242 513 3415 582 cnim,
3450 518 3629 585 Inun

2049 583 2285 681 uniusujrq
2312 588 2331 626 :
2361 590 2464 629 non
2498 581 2654 635 enim
2688 600 2931 643 mensura
2958 592 3196 662 ejusdem
3246 581 3455 673 generis
3506 581 3616 681 est;

2047 659 2139 712 scd
2173 662 2237 717 ad
2270 664 2368 720 hoc
2390 671 2575 725 eadem
2599 690 2843 733 mensura
2865 723 2880 748 ,
2906 681 3122 753 Ignosce
3141 734 3154 755 ,
3188 659 3504 767 etviguosco.
3531 660 3625 764 ιεδὶ

2045 752 2185 818 apud
2227 762 2279 808 te
2312 772 2559 816 mensura
2602 769 2767 821 venia:
2814 772 3035 841 danda};
3063 752 3314 841 invenite;
3349 797 3486 859 apud
3535 814 3621 854 me

2046 856 2350 901 mensuram
2392 853 2557 905 venio
2582 858 2935 927 accipiemhe:
2967 877 3048 922 est
3075 875 3213 940 apud
3266 888 3315 932 te
3374 853 3617 942 mensura

2047 934 2309 991 tribuendi
2355 943 2493 1010 quod
2525 944 2719 1013 habes;
2745 952 2981 1012 invenies
3008 964 3146 1031 apud
3185 983 3270 1022 me
3315 987 3616 1033 mensuram

2044 1025 2333 1097 accipiendi
2357 1035 2494 1101 quod
2526 1054 2626 1091 non
2653 1039 2837 1098 habes.

2117 1122 2170 1174 9.
2202 1121 2552 1181 Misericordia
2590 1148 2698 1185 utea
2735 1148 2779 1190 et
2818 1142 3071 1211 refugium
3111 1165 3308 1216 meum,
3359 1172 3618 1228 susceptor

2042 1208 2184 1265 méus
2212 1223 2257 1266 et
2287 1228 2456 1272 erutor
2484 1238 2639 1277 meus.
2673 1226 2890 1285 Multum
2941 1236 3144 1294 laborat
3174 1224 3441 1313 prmliatnr
3491 1208 3574 1308 llic
3594 1297 3610 1320 ,

2008 1308 2233 1383 \teneus
2282 1316 2743 1380 concupiscentem
2790 1325 3045 1384 adversus
3089 1308 3328 1403 spiritum
3377 1308 3609 1404 carnem:

2041 1394 2187 1453 Tene
2214 1402 2354 1469 quod
2383 1414 2547 1461 tenes.
2574 1409 2722 1467 Tunc
2750 1417 2850 1471 erit
2877 1421 3027 1487 plene
3053 1429 3191 1495 quod
3219 1432 3299 1485 vis
3318 1475 3331 1498 ,
3359 1451 3477 1490 cum
3517 1443 3611 1495 ab-

2039 1498 2218 1556 sorpta
2245 1490 2401 1547 fuerit
2456 1514 2598 1555 mors
2644 1502 2694 1556 in
2724 1506 3026 1578 victoriam;
3074 1522 3285 1586 quando
3327 1532 3610 1585 resuscita-

2041 1586 2149 1633 tum
2189 1585 2409 1641 mortale
2435 1587 2535 1644 hoc
2573 1608 2767 1664 corpus
2813 1585 3131 1662 transfertur
3174 1612 3224 1666 in
3250 1614 3609 1677 habitudinem

2039 1675 2363 1742 angelicam,
2430 1686 2577 1737 etin
2628 1691 2902 1748 caelestem
2975 1701 3221 1759 subvolat
3282 1712 3605 1777 qualitatem.

2043 1765 2511 1844 «Mortuiuinquit,
2535 1795 2554 1828 ι
2581 1779 2633 1833 in
2658 1781 2891 1855 Christo,
2911 1805 3187 1862 resurgunt
3205 1765 3355 1867 prii-ni
3379 1822 3391 1856 :
3415 1778 3605 1864 deinde

2038 1865 2091 1909 et
2116 1873 2212 1913 nos
2241 1861 2480 1920 viventes
2504 1870 2592 1938 qui
2642 1874 2827 1946 reliqui
2856 1861 3077 1947 sumus,
3131 1886 3183 1941 in
3205 1861 3452 1950 adventu
3499 1899 3604 1957 Do.-

2035 2039 2246 2098 Christo
2308 2046 2360 2100 in
2400 2064 2559 2116 aera;
2603 2065 2654 2108 et
2700 2058 2778 2113 sic
2821 2075 3033 2134 semper
3085 2083 3203 2125 cum
3237 2074 3458 2133 Domino
3496 2099 3603 2138 eri-

2034 2146 2207 2230 must
2264 2134 2317 2230 (ι
2345 2137 2516 2194 Thess.
2548 2158 2623 2207 IV,
2663 2147 2750 2213 15,
2798 2152 3013 2222 16).Ιὶιί
3059 2159 3426 2223 absorbebitur
3461 2134 3606 2230 mit.

2034 2222 2085 2277 in
2116 2226 2391 2284 victoriam
2422 2249 2436 2285 :
2468 2233 2536 2287 ibi
2564 2235 2772 2293 dicetur
2814 2284 2828 2307 ,
2859 2243 2956 2298 Ubi
2994 2257 3104 2313 est,
3148 2270 3282 2308 mors
3303 2297 3319 2323 ,
3348 2266 3598 2318 contentio

2033 2317 2163 2369 tua?
2207 2319 2414 2383 ubi’est,
2447 2341 2611 2392 mors,
2642 2332 2842 2387 aculeus
2869 2345 2985 2390 tuus
3014 2339 3069 2409 (I
3096 2340 3213 2397 Cor.
3241 2363 3305 2399 xv
3323 2391 3336 2413 ,
3372 2352 3458 2412 5.5.
3480 2356 3606 2425 5'5)?

2033 2406 2099 2425 ,μ
2130 2424 2135 2425 ν
2190 2424 2197 2425 ί
2249 2413 2260 2424 ,
2413 2415 2441 2425 ..

2032 2406 2145 2461 Non
2177 2413 2317 2465 enim
2350 2415 2700 2492 relinquetur,
2726 2437 2823 2478 nec
2853 2426 2901 2477 in
2928 2430 3105 2484 animo
3124 2475 3137 2497 ,
3163 2451 3259 2489 nec
3286 2440 3334 2490 in
3359 2406 3600 2511 corpore,

2030 2500 2169 2567 quod
2214 2504 2436 2559 rebellet
2476 2509 2729 2565 adversus
2774 2530 3009 2573 amorem
3050 2522 3161 2577 Dei.
3200 2527 3354 2584 Plena
3385 2500 3602 2591 \‘idtoria

2031 2590 2183 2659 plena
2214 2609 2333 2661 pax.
2378 2596 2451 2650 De
2479 2597 2576 2651 bac
2599 2604 2751 2656 nobis
2776 2608 3136 2674 pra‘liantilms
3157 2615 3350 2672 dicitur
3388 2641 3399 2675 :
3447 2622 3597 2679 Veni-

2030 2689 2076 2734 ιε
2098 2723 2113 2747 ,
2137 2683 2231 2750 [iiii
2252 2726 2265 2749 ,
2313 2688 2483 2741 audite
2516 2707 2633 2755 me;
2664 2694 2887 2750 timorem
2932 2698 3139 2757 Domini
3166 2707 3350 2763 docebo
3397 2728 3500 2767 vos.
3543 2715 3599 2772 In

2030 2775 2213 2843 praalio
2266 2780 2431 2843 estis,
2482 2782 2530 2835 in
2586 2790 2926 2846 contentione
2976 2797 3384 2868 conﬂigitis;et
3424 2816 3597 2864 tamen

2028 2869 2306 2934 (litatudam
2338 2874 2572 2938 requiem
2604 2877 2933 2938 desideratis.
2970 2886 3091 2952 Quis
3121 2903 3192 2944 est
3218 2895 3364 2950 homo
3385 2902 3470 2969 qui
3495 2904 3600 2958 vult

2025 2959 2207 3026 vitam,
2237 2974 2282 3015 ct
2318 2964 2481 3035 diligit
2513 2970 2674 3024 videre
2712 2974 2819 3029 dies
2852 2977 3049 3035 bonos?
3076 2983 3204 3051 Quis
3232 2999 3311 3042 est
3359 2959 3444 3061 qui
3490 3011 3593 3051 non

2027 3049 2168 3104 dicat
2198 3069 2212 3104 ε
2250 3054 2401 3122 Ego?
2426 3057 2497 3110 nu
2528 3061 2667 3128 vita,
2702 3064 2767 3117 ibi
2790 3066 2906 3121 dies
2929 3069 3049 3124 boni
3075 3049 3204 3135 ,Vubi
3241 3079 3255 3109 ι
3291 3049 3421 3136 nihil
3460 3100 3593 3140 enn-

2025 3145 2251 3213 cupiseit
2277 3148 2533 3205 adversus
2554 3155 2794 3222 Spiritum
2827 3176 2839 3210 :
2871 3160 2956 3214 ubi
2986 3179 3088 3217 non
3122 3168 3346 3237 dicitur,
3380 3174 3589 3242 l’ugua;

2024 3237 2117 3291 sed
2145 3237 2347 3296 Gaude.
2387 3241 2488 3297 Sed
2520 3246 2638 3314 quis
2667 3258 2747 3303 est
2774 3252 2861 3319 qui
2896 3253 2992 3308 hos
3017 3256 3131 3311 dies
3172 3263 3294 3315 velit
3323 3267 3340 3295 ²
3365 3266 3386 3316 ?
3411 3268 3593 3325 Omnis

2026 3330 2183 3383 homo
2209 3343 2353 3388 certe
2381 3334 2552 3390 dicit:
2587 3336 2718 3408 Ego.
2764 3343 2899 3397 Audi
2945 3347 3067 3412 qitid
3118 3354 3375 3420 sequitur.
3430 3357 3592 3413 Video

2022 3425 2145 3492 quia
2175 3425 2382 3480 laboras
2404 3471 2417 3492 ,
2444 3429 2742 3501 video‘quia
2770 3437 2820 3489 in
2846 3453 3016 3508 pugna
3039 3484 3051 3501 .
3082 3442 3130 3494 iu
3154 3448 3390 3514 periculo
3418 3451 3593 3508 diver-
3677 3436 3685 3453 ’

2023 3517 2190 3571 saris:
2222 3518 2341 3573 audi
2374 3521 2496 3585 quid
2526 3525 2798 3593 Sequitur;
2829 3528 2985 3584 docet
3017 3550 3201 3588 manus
3233 3538 3281 3590 in
3317 3542 3587 3609 pra‘lium,

2021 3609 2213 3677 digitos
2244 3611 2296 3664 in
2325 3611 2541 3668 bellum.
2571 3616 2780 3671 Contine
2796 3620 3020 3690 linguam
3042 3634 3177 3679 tuam
3201 3647 3231 3680 a
3252 3633 3384 3686 malo
3411 3677 3422 3695 ,
3450 3648 3494 3687 et
3512 3638 3589 3691 la-

2019 3698 2101 3750 bia
2121 3708 2208 3751 tua
2238 3717 2300 3754 ne
2318 3701 2585 3769 loquantur
2609 3707 2778 3759 dolum
2801 3724 2818 3770 ;
2848 3709 3045 3766 declina
3074 3731 3104 3765 a
3146 3719 3299 3779 malo.
3324 3733 3368 3772 et
3390 3728 3471 3791 [ac
3497 3725 3589 3779 ba-

2020 3803 2155 3842 num.
2187 3792 2463 3857 Quomodo
2488 3795 2626 3849 enim
2656 3800 2853 3866 poteris
2884 3800 3058 3859 facere
3090 3805 3281 3861 bomnu
3302 3852 3317 3875 ,
3352 3815 3449 3867 nisi
3494 3817 3589 3872 de-

2018 3882 2301 3937 clinaveris
2331 3901 2360 3939 a
2408 3886 2582 3939 malo?
2611 3880 2753 3953 Quid.
2798 3907 2980 3960 quer
3025 3907 3079 3949 ut
3106 3888 3332 3963 vestias,
3378 3907 3589 3971 quando

2018 3972 2190 4028 adhuc
2246 3977 2553 4045 exspolias?
2601 3980 2726 4049 quid
2771 3998 2951 4050 qua-ro
3000 3996 3056 4040 nt
3103 3989 3270 4045 dones
3300 4034 3313 4057 ,
3377 4001 3587 4064 quando

2017 4062 2188 4118 adhuc
2219 4066 2403 4134 rapis?
2429 4066 2639 4123 Declina
2660 4088 2690 4122 ι
2711 4072 2873 4135 malo,
2908 4085 2952 4127 et
2976 4079 3059 4147 [ac
3099 4079 3299 4134 bonum.
3332 4062 3443 4138 Non
3487 4091 3584 4142 sub

2018 4164 2067 4210 te
2098 4158 2267 4225 ploret
2293 4159 2460 4228 primo
2487 4176 2714 4231 pauper,
2743 4173 2803 4220 ιιι
2820 4168 3043 4234 gaudeat
3068 4171 3134 4225 de
3157 4185 3206 4227 te
3234 4190 3449 4246 pauper.
3482 4179 3584 4233 Dc-

2016 4246 2150 4300 cliua
2170 4264 2201 4300 a
2228 4250 2380 4314 malo,
2413 4260 2458 4303 et
2478 4252 2559 4317 fac
2585 4252 2787 4307 bonum.
2817 4257 2927 4321 Qua
2958 4262 3236 4316 mercede?
3264 4265 3392 4320 Nam
3430 4270 3585 4324 modo

2017 4337 2449 4406 pugnas..Quazre
2478 4358 2682 4409 pacem,
2729 4353 2774 4396 et
2799 4362 3002 4415 sequere
3030 4366 3136 4402 eam
3174 4352 3341 4421 (Psal.
3386 4373 3581 4425 xxxiii,

2017 4430 2242 4501 1215).
2291 4432 2472 4497 Disce,
2522 4434 2637 4498 die,
2692 4434 3041 4493 Misericordia
3089 4458 3198 4496 mea
3236 4455 3282 4498 et
3335 4450 3583 4519 refugium

2014 4536 2176 4575 meum
2193 4564 2206 4587 ,
2237 4533 2492 4592 susceptor
2517 4541 2654 4578 meus
2678 4534 2724 4580 et
2759 4538 2925 4582 erulor
2946 4546 3111 4600 meus,
3152 4545 3398 4603 protector
3423 4557 3581 4593 meus.

1979 4652 1987 4660 .
2017 4610 2292 4681 Susceplor
2314 4656 2326 4674 ,
2359 4630 2424 4669 ne
2452 4616 2669 4677 cadam;
2700 4629 2897 4685 erutor,
2928 4637 2994 4676 ne
3020 4624 3282 4690 haeream;
3312 4613 3580 4698 protector,

2013 4719 2078 4757 ne
2106 4704 2279 4759 feriar.
2309 4705 2570 4760 Protector
2591 4727 2747 4777 meus,
2764 4722 2809 4764 et
2824 4713 2875 4765 iu
2900 4713 3008 4783 ipso
3033 4719 3246 4784 sperari.
3284 4718 3337 4773 In
3361 4721 3438 4774 his
3460 4741 3545 4778 om
3564 4755 3582 4766 -

2014 4797 2199 4861 nibus,
2234 4797 2285 4852 in
2319 4807 2427 4853 toto
2458 4800 2638 4855 labore
2662 4816 2781 4853 meo
2815 4844 2827 4865 ,
2854 4803 2903 4856 in
2933 4806 3177 4860 munibus
3203 4812 3393 4876 przrliis
3425 4816 3575 4875 lucis,

2014 4892 2063 4945 in
2097 4892 2344 4946 utnuibns
2372 4892 2768 4947 diliicultatibns
2798 4895 2927 4948 meis
2970 4897 3019 4949 iu
3054 4899 3165 4965 ip~o
3210 4904 3434 4969 speravi.
3481 4904 3579 4969 Qui

2011 4982 2175 5034 subdit
2201 4982 2222 5013 ³
2248 4983 2488 5051 populant
2526 4999 2689 5035 nteant
2718 4983 2806 5036 sub
2842 5001 2936 5037 me.
2970 4986 3104 5042 Ecce
3142 5003 3298 5058 caput
3341 5002 3576 5048 nostrum

2010 5074 2242 5143 loquitur
2270 5073 2564 5127 nobiscum.

2080 5168 2164 5221 10.
2197 5163 2346 5243 [vers_.
2372 5164 2450 5237 5ο]
2479 5165 2706 5230 Domine,
2733 5168 2854 5237 quid
2877 5179 2947 5222 est
2976 5171 3122 5224 homo
3140 5214 3153 5236 ,
3176 5175 3410 5243 quoniam
3435 5177 3578 5231 inno-

2008 5258 2146 5309 tuiin
2172 5261 2215 5310 ei
2232 5258 2257 5310 ?
2284 5256 2473 5309 Totum
2496 5257 2635 5326 qitod
2658 5268 2737 5311 est
2761 5301 2774 5321 ,
2807 5259 2905 5312 hoc
2935 5271 3015 5315 est
3047 5265 3282 5329 quoniam
3319 5266 3577 5322 innotuisti

2007 5349 2070 5401 ei.
2120 5346 2256 5414 Quid
2284 5354 2355 5401 est
2400 5347 2581 5411 homo,
2634 5351 2867 5419 quoniam
2899 5342 3268 5407 iunotuisliéi?
3313 5366 3400 5409 aut
3438 5359 3575 5427 [ilius

2007 5441 2220 5494 hominis
2239 5484 2253 5505 ,
2282 5441 2514 5510 quoniam
2547 5444 2763 5495 wstimas
2789 5444 2941 5496 enin?
2968 5444 3218 5499 [Estimas
3249 5446 3364 5500 enim
3389 5489 3403 5514 ,
3448 5454 3573 5504 tan.i

2007 5535 2164 5599 facis,
2207 5536 2332 5589 tanti
2382 5536 2569 5605 pendis
2604 5553 2615 5588 :
2642 5536 2854 5589 ordinas
2881 5577 2894 5599 ,
2928 5539 3065 5591 nosti
3116 5540 3213 5593 sub
3242 5557 3347 5611 quo
3376 5560 3536 5612 ponas
3558 5584 3572 5611 ,

2067 5675 2082 5705 ι
2108 5669 2239 5726 Rdd.,
2263 5668 2343 5718 ubi
2364 5680 2480 5717 caro
2499 5666 2637 5725 nihil,
2661 5673 2754 5715 etc.
2781 5660 2943 5725 Abest,
2960 5679 3090 5726 caro,
3113 5681 3140 5719 a
3165 5677 3267 5722 \‘SS.

2065 5738 2085 5767 ³
2110 5735 2181 5781 sic
2204 5740 2303 5781 MSS.
2329 5738 2382 5779 ,ιιι
2404 5730 2535 5780 ωιι..
2560 5742 2650 5777 non
2681 5728 2804 5777 velit.

2069 5799 2089 5829 ³
2117 5794 2297 5856 Aliquot
2324 5802 2449 5854 Mssa,
2475 5789 2704 5843 subdidit.
2737 5790 2917 5852 I‘iures,
2936 5790 3111 5842 subdit.
