4082 6204
507 401 644 461 1863

500 527 661 586 supra
687 514 810 584 quid
843 524 1024 580 ponas.
1056 507 1358 562 Estimatto
1386 503 1525 557 enim
1553 508 1667 561 est,
1707 497 1885 568 quanti
1909 493 2060 586 pretii

504 583 1036 676 sit-quidqueQuanti
1055 595 1332 650 :estimavit
1349 593 1637 650 hominem.
1657 589 1743 657 qui
1760 603 1854 655 pro
1871 601 1934 638 eo
1950 583 2066 637 Uni-

503 701 551 754 ei
569 675 874 767 sanguinem
895 691 1060 746 fudit?
1083 689 1215 756 Quid
1247 685 1482 739 'esthomo
1503 723 1516 746 ,
1553 681 1786 751 quoniam
1813 675 2068 731 inn0tuisti

513 790 600 845 ei?
645 787 773 852 Cui,
823 785 940 852 quis
987 779 1332 836 inn0tuisti?1
1361 775 1493 843 Quid
1543 783 1623 828 est
1651 773 1784 842 ﬁlius
1829 770 2062 830 hominis,

503 879 739 948 quoniam
777 876 992 928 (estimas
1023 871 1172 924 eum?
1199 868 1451 936 Quoniam
1485 865 1612 917 tanti
1649 877 1779 916 ‘eum
1837 860 2020 928 pendis
2045 900 2060 923 ,

501 969 632 1022 tanti
656 982 774 1020 emn
797 965 1059 1025 aestimas,
1088 960 1370 1028 pretiosum
1394 954 1642 1024 quiddam
1665 967 1782 1006 esse
1804 949 2060 1004 OStendis.

505 1059 618 1112 Non
641 1058 780 1111 enim
804 1056 939 1108 Deus
965 1054 1040 1105 sic
1066 1051 1286 1104 :estimat
1317 1047 1604 1109 hominem,
1623 1041 1884 1112 quomodo
1906 1040 2064 1093 homo

505 1148 731 1202 aestimat
761 1144 1023 1197 hominem
1046 1137 1286 1208 :quando
1315 1137 1510 1189 invenit
1546 1147 1752 1186 servum
1784 1132 2019 1185 venalem
2045 1171 2061 1195 ,

501 1238 674 1291 Carius
689 1237 813 1290 emit
833 1248 1044 1302 equum,
1069 1246 1222 1300 quam
1242 1229 1527 1280 hominem.
1547 1225 1636 1278 llle
1656 1224 1832 1293 quanti
1851 1232 1900 1276 te
1921 1223 2062 1275 testi-

503 1338 610 1382 tuet
635 1327 771 1396 vide,
802 1335 856 1376 ut
886 1323 1052 1392 possis
1071 1321 1244 1373 dicere
1268 1337 1279 1372 :
1302 1319 1360 1372 Si
1383 1316 1514 1369 Deus
1537 1331 1625 1383 pro
1643 1314 1801 1378 nobis,
1821 1314 1932 1380 quis
1946 1317 2064 1364 cou-

507 1429 579 1470 tra
610 1415 739 1468 nos?
769 1415 829 1466 Et
854 1414 1031 1482 quanti
1060 1419 1109 1463 te
1134 1409 1414 1462 :estimavit
1435 1447 1449 1468 ,
1472 1406 1554 1474 qui
1583 1403 1716 1457 Filio
1737 1403 1940 1472 proprio
1962 1417 2062 1454 non

509 1504 763 1577 pepercit,
815 1504 900 1556 sed
931 1519 1022 1572 pro
1065 1500 1207 1554 nobis
1247 1499 1472 1552 omnibus
1515 1495 1717 1547 tradidit
1747 1493 1900 1546 eum?
1928 1492 2065 1558 Quo-

507 1596 654 1649 modo
683 1611 779 1647 non
803 1603 847 1646 et
877 1608 988 1646 cum
1013 1592 1101 1658 illo
1123 1591 1289 1643 omnia
1316 1588 1456 1641 nobis
1499 1585 1700 1638 donavit
1732 1583 1903 1656 (Rom.
1931 1585 2021 1634 vm
2043 1621 2060 1647 ,

503 1690 591 1752 ³51,
618 1686 743 1753 52)?
763 1686 859 1751 Qui
880 1684 1014 1737 hanc
1028 1697 1288 1736 annonam
1315 1679 1460 1734 dedit
1493 1675 1771 1748 pugnanti,
1797 1673 1921 1743 quid
1950 1689 2059 1728 ser-

507 1753 592 1832 iat
637 1776 910 1831 vincenti?
958 1775 1070 1844 Ego
1100 1790 1251 1838 sum,
1300 1771 1501 1839 inquit,
1527 1769 1671 1839 panis
1698 1769 1854 1831 vivus,
1893 1766 1978 1833 qui
2001 1765 2064 1817 de

501 1870 624 1923 cado
663 1867 890 1920 descendi
917 1864 1092 1933 (Joan.
1126 1880 1195 1928 vt,
1241 1863 1354 1932 4|).
1388 1861 1508 1914 llaec
1543 1868 1624 1914 est
1671 1872 1877 1912 annona
1926 1869 2063 1928 pra!-

502 1961 739 2014 liantinm
767 2000 782 2024 ,
835 1958 901 2012 de
937 1957 1141 2010 horreis
1183 1956 1386 2008 invecta
1417 1951 1695 2006 dominicis
1718 1992 1734 2016 ,
1779 1949 1916 2003 unde
1969 1961 2061 2017 pa-

503 2061 719 2105 scuntur
749 2049 930 2115 Angcli
964 2065 976 2100 :
1009 2047 1128 2115 quia
1149 2085 1162 2108 ,
1190 2045 1377 2097 Panem
1409 2042 1710 2111 Angelorum
1747 2039 2062 2092 manducavit

503 2143 648 2195 homo
674 2144 692 2209 (
717 2139 857 2193 I’sal.
913 2153 1084 2191 Lxxvn
1111 2178 1125 2200 ,
1174 2135 1290 2200 25).
1320 2134 1444 2188 Post
1468 2132 1648 2201 praelia
1672 2145 1796 2185 vero
1839 2139 1892 2183 et
1927 2129 2062 2182 hanc

499 2247 763 2286 annonam
811 2229 936 2299 quid
990 2228 1202 2282 servat?
1256 2227 1378 2294 quid
1421 2224 1565 2278 dabit
1614 2221 1930 2286 victoribus,
1961 2220 2060 2274 nisi

503 2327 720 2396 quodin
748 2325 850 2376 alio
883 2322 1083 2391 psalmo
1104 2320 1294 2373 dicitur
1325 2337 1338 2371 :
1376 2318 1540 2372 Unam
1585 2317 1701 2385 petii
1724 2332 1756 2368 a
1800 2312 2018 2371 Domino
2041 2354 2057 2378 ,

500 2418 628 2469 hanc
656 2415 904 2483 requiram
923 2453 936 2472 .
965 2421 1020 2464 ut
1053 2411 1322 2463 inhabilem
1352 2409 1403 2461 in
1428 2407 1574 2460 domo
1608 2405 1812 2461 Domini
1835 2412 1923 2472 per
1951 2420 2060 2456 om-

498 2526 585 2562 nes
613 2509 717 2560 dies
738 2507 848 2559 vita
868 2519 1023 2566 mere;
1045 2512 1098 2554 ut
1119 2499 1418 2568 contempler
1438 2497 1809 2552 delectationem
1831 2493 2057 2559 Domini,

499 2612 544 2654 et
590 2609 820 2668 protegat
855 2595 1090 2665 templum
1124 2591 1422 2662 ejus(Psal.
1459 2605 1613 2651 sxw,
1665 2587 1758 2659 4)?
1805 2586 1937 2648 Quid
1987 2594 2060 2639 est

501 2692 648 2742 homo
673 2730 689 2752 ,
711 2687 956 2755 quoniam
980 2683 1238 2736 inn0tuisti
1262 2682 1351 2735 ei?
1376 2690 1464 2733 aut
1490 2681 1625 2748 ﬁlius
1647 2678 1862 2732 hominis
1885 2718 1899 2740 ,
1927 2690 2055 2746 quo-

499 2760 643 2832 niam
658 2779 872 2832 atstimas
897 2791 1012 2828 eum
1030 2774 1054 2827 ἵ

568 2869 656 2924 Η.
686 2866 834 2939 [vers.
861 2864 940 2937 4.]
971 2863 1134 2918 Homo
1155 2861 1361 2915 vanitati
1385 2860 1562 2915 similis
1583 2863 1746 2930 factus
1771 2867 1878 2924 est;
1904 2868 1956 2912 ct
1982 2868 2059 2912 ta-

497 2975 618 3015 men
649 2957 917 3013 iunotuisti
943 2956 1014 3023 ei,
1036 2963 1090 3010 et
1115 2955 1344 3009 aestimas
1376 2958 1517 3007 eum.
1567 2949 1733 3005 Homo
1752 2951 1960 3004 vanitati
1983 2950 2057 3004 εε-

497 3050 630 3104 mitis
670 3052 831 3120 {ut-tus
871 3056 962 3100 est.
1001 3044 1098 3099 Cui
1137 3045 1349 3098 vanitati
1365 3043 1395 3112 ‘1,
1414 3041 1760 3113 Temporibus
1781 3039 2055 3111 prmterla-

497 3139 746 3194 hcutibus
771 3146 824 3191 et
851 3134 1344 3206 prwterﬂuentibus.
1378 3133 1587 3187 Vanitas
1615 3132 1754 3186 enim
1799 3132 1896 3186 ista
1922 3131 2056 3187 dici-

505 3238 589 3283 tur
621 3229 674 3282 in
713 3228 1107 3296 comparatione
1149 3240 1361 3293 semper
1403 3223 1666 3276 manentis
1701 3232 1754 3277 et
1793 3237 2054 3291 nunquam

498 3318 794 3373 deficientis
815 3318 1070 3372 veritatis.
1099 3315 1228 3369 Nam
1247 3324 1300 3368 et
1329 3315 1426 3367 ista
1451 3324 1688 3367 creatura
1716 3321 1798 3366 est
1824 3312 1923 3366 loci
1953 3313 2054 3366 sui.

497 3409 732 3478 Implevit
757 3408 896 3461 enim
921 3406 1056 3459 Deus
1081 3416 1292 3468 terram,
1333 3404 1466 3456 sicut
1491 3403 1742 3471 scriptum
1771 3411 1886 3467 est,
1917 3403 2057 3455 bonis

495 3501 601 3554 suis
631 3496 814 3570 (Eccli.
845 3511 928 3550 xw
949 3536 965 3561 ,
990 3494 1100 3567 '50).
1127 3493 1260 3561 Quid
1291 3502 1406 3556 est,
1435 3492 1582 3546 suis?
1608 3491 1719 3556 Sibi
1759 3507 2055 3561 congruen-

497 3591 656 3646 tibus.
681 3589 784 3644 Sed
808 3590 918 3643 lia-c
939 3588 1113 3642 omnia
1143 3596 1370 3649 terrena,
1417 3574 1636 3639 velatica
1661 3625 1676 3647 ,
1723 3584 2016 3638 transitoria
2037 3626 2052 3651 ,

407 3727 410 3744 .
495 3683 542 3737 si
561 3689 933 3750 comparentur
961 3680 1033 3734 illi
1058 3679 1284 3743 veritati,
1315 3677 1401 3732 ubi
1422 3677 1618 3731 dictum
1645 3687 1760 3742 est,
1794 3676 1906 3748 Ego
1946 3693 2056 3731 sunt

493 3775 579 3843 qui
603 3789 711 3828 sum
737 3771 930 3842 (Exod.
961 3787 1011 3825 ιιι
1033 3811 1049 3836 ,
1079 3770 1202 3841 N);
1235 3779 1399 3823 totum
1429 3768 1529 3823 hoc
1549 3768 1689 3838 quod
1713 3770 1928 3832 transit,
1963 3784 2056 3822 va-

496 3867 631 3918 nitas
657 3864 868 3918 dicitor.
895 3863 1172 3916 Evanescit
1217 3861 1361 3915 enim
1392 3874 1486 3928 per
1513 3869 1720 3928 tempus
1739 3900 1754 3920 .
1806 3867 2054 3928 tanquam

497 3958 550 4012 in
573 3972 728 4010 auras
748 3955 943 4009 fumus.
970 3954 1033 4008 Et
1056 3953 1180 4024 quid
1205 3954 1373 4006 dicam
1395 3952 1644 4021 amplius,
1661 3966 1816 4022 quam
1841 3950 1892 4006 id
1917 3951 2056 4022 quod

497 4045 772 4114 apostolus
800 4043 1030 4099 Jacobus
1048 4043 1210 4107 dixit,
1230 4041 1413 4096 volens
1441 4041 1684 4095 homines
1712 4041 1968 4110 superbos
1991 4041 2058 4095 ad

498 4135 846 4189 humilitatem
900 4133 1173 4203 redigere?
1217 4133 1343 4200 Qua:
1390 4142 1463 4186 est
1490 4132 1618 4184 enim
1650 4171 1666 4196 ,
1714 4132 1910 4201 inquit,
1959 4132 2060 4184 vita

496 4225 708 4278 vestra?
768 4223 935 4293 Vapor
978 4232 1048 4278 est
1099 4222 1166 4275 ad
1216 4224 1462 4277 modicum
1505 4239 1796 4292 apparens;
1829 4223 2060 4292 deinceps

498 4317 908 4370 exterminabitur
939 4316 957 4386 (
987 4315 1166 4368 Jacobi
1193 4331 1241 4369 tv
1265 4357 1282 4378 ,
1316 4314 1424 4384 l5).
1455 4314 1616 4384 Ergo,
1659 4313 1825 4367 Homo
1852 4315 2060 4368 vanitati

500 4407 678 4461 similis
703 4410 867 4476 factus
894 4415 986 4460 est.
1035 4405 1308 4460 I’cecando
1334 4407 1544 4459 vanitati
1575 4407 1752 4460 similis
1780 4411 1941 4478 factus
1965 4416 2056 4460 est.

500 4499 631 4554 Nam
661 4497 873 4568 quando
897 4508 979 4552 est
1029 4498 1253 4566 primum
1301 4497 1574 4561 conditus,
1615 4498 1822 4552 veritati
1871 4497 2060 4553 similis

500 4591 666 4648 lactus
687 4598 804 4654 est;
833 4589 923 4643 sed
951 4589 1070 4658 quia
1101 4589 1372 4657 peccavit,
1427 4589 1547 4657 quia
1569 4590 1589 4620 ³
1625 4589 1824 4658 recepit
1862 4587 2016 4658 digna
2040 4629 2058 4654 ,

499 4679 707 4734 vanitati
725 4679 901 4732 similis
932 4683 1094 4750 factus
1138 4688 1228 4732 est.
1268 4677 1375 4733 Pro
1402 4678 1659 4751 iniquitate
1686 4680 1824 4748 enim
1855 4679 2063 4732 erudisti

497 4770 752 4823 hominem
769 4809 785 4835 ,
814 4768 945 4822 dixit
969 4768 1020 4821 in
1049 4769 1153 4822 alio
1176 4769 1400 4838 ps‘alttm,
1421 4779 1465 4821 et
1495 4768 1742 4822 tabescere
1762 4767 1922 4836 fecisti
1935 4770 2063 4822 sicut

501 4877 744 4914 aruneam
769 4861 988 4913 animam
1012 4861 1140 4923 eius.
1177 4859 1302 4914 Inde
1326 4861 1531 4923 ethoc,
1568 4859 1733 4913 Homo
1767 4861 1971 4913 vanitati
1993 4861 2064 4914 si-

508 4953 645 5006 milis
665 4956 828 5022 factus
853 4959 945 5005 est.
971 4951 1042 5004 lbi
1067 4951 1189 5021 quid
1220 4952 1293 5006 ait
1317 4993 1332 5017 ,
1367 4950 1497 5004 Ecce
1516 4961 1697 5004 veteres
1723 4951 1931 5020 posuisti
1956 4951 2063 5006 dies

508 5061 642 5098 meos
661 5042 832 5114 (Psul.
859 5059 1080 5106 nxvnt,
1101 5043 1272 5114 12,6).
1298 5043 1392 5097 llic
1412 5043 1534 5113 quid
1551 5043 1657 5098 ait?
1675 5041 1795 5097 Dies
1813 5046 1919 5109 eius
1939 5044 2065 5098 sicut

507 5136 684 5190 umbra
715 5144 1032 5206 pratereitnt.
1061 5136 1309 5189 Attendat
1336 5135 1432 5189 sibi
1461 5135 1618 5188 homo
1647 5135 1698 5188 in
1721 5135 1904 5190 diebus
1950 5153 2066 5190 um-

503 5228 614 5281 bra:
635 5243 778 5291 suae,
812 5235 868 5279 ut
889 5223 1046 5278 faciat
1069 5225 1268 5294 aliquid
1317 5226 1532 5296 dignum
1573 5227 1884 5282 desiderate
1931 5227 2064 5282 lucis

506 5332 652 5380 sine;
680 5324 735 5370 et
762 5317 806 5369 si
835 5317 884 5369 in
924 5316 1094 5370 noctis
1122 5316 1306 5369 umbra
1337 5326 1452 5379 est,
1495 5327 1698 5385 qurerat
1736 5319 1896 5372 diem.
1943 5319 2064 5373 Dies

509 5408 650 5462 enim
682 5408 839 5477 hujus
864 5408 1109 5462 vanitatis
1133 5449 1148 5472 ,
1195 5409 1530 5477 cognoscenti
1561 5409 1786 5474 hommi,
1833 5410 1946 5464 dies
1983 5421 2065 5465 est

505 5498 891 5561 tribulationis;
918 5499 1028 5552 sive
1047 5498 1217 5567 aliqua
1243 5491 1670 5553 incommoditate
1691 5509 1740 5552 et
1760 5500 1928 5569 aliqua
1952 5517 2066 5553 mo-

513 5586 662 5640 lestia
688 5596 876 5642 noceat
903 5587 1083 5653 nobis,
1116 5589 1229 5642 sive
1256 5587 1425 5656 aliqua
1455 5590 1800 5657 prosperitate
1841 5591 2065 5644 mundus

565 5719 582 5781 f
613 5723 676 5765 tta
699 5719 914 5781 quinque
943 5724 1050 5781 uss.
1077 5727 1128 5768 At
1153 5719 1282 5767 Edd.:
1309 5720 1412 5775 Cui,
1438 5721 1552 5781 quid
1574 5721 1814 5772 innatuisti
1829 5722 1853 5773 7

567 5779 587 5809 ¹
615 5779 744 5838 Apud
769 5781 840 5825 Er.
865 5780 1010 5839 Lugd.
1038 5788 1154 5828 ven.
1181 5789 1232 5829 et
1253 5787 1360 5828 Lov.
1385 5779 1554 5841 deest,
1579 5785 1707 5842 quia.
1775 5791 1829 5833 δι.

1718 384 1776 442 S.
1816 377 2176 440 AUGUSTINI
2217 379 2516 436 EPISCOPI

3605 385 3737 444 1865

2171 493 2403 549 arrideat
2425 538 2438 559 ,
2488 505 2651 550 totum
2684 497 2971 552 timendum
3011 508 3065 553 et
3099 499 3414 568 gemendum
3452 509 3534 555 est
3556 543 3570 562 ,
3600 480 3739 571 quo-

2167 587 2311 640 niam
2339 589 2561 641 tentatio
2586 598 2666 641 est
2687 588 2788 642 vita
2809 587 3034 643 humana
3057 605 3218 659 super
3264 600 3456 645 terram
3479 591 3596 657 (Job
3622 609 3697 648 vn
3714 636 3732 657 ,

2172 675 2224 744 1)
2254 694 2266 728 :
2300 677 2439 732 unde
2480 677 2672 732 dicitur
2705 679 2747 742 ⁸,
2777 678 2916 733 Tota-
2932 681 3013 734 die
3055 683 3376 737 contristatus
3413 683 3734 738 ambulabant

2170 763 2342 834 (Psal.
2388 781 2593 830 xxxvii,
2641 769 2718 837 7).
2765 768 2978 824 Solatiis
3005 787 3139 840 opus
3168 771 3420 827 habemus
3443 815 3456 837 ,
3499 785 3553 828 et
3576 776 3734 845 quid-

2170 856 2294 924 quid
2326 858 2477 912 nobis
2499 875 2634 913 nunc
2651 860 2864 915 exhibet
2892 861 3047 926 Deus,
3071 878 3188 916 cum
3215 879 3466 934 prospere
3491 864 3729 930 exhibet,

2170 961 2274 999 non
2303 955 2384 1000 est
2409 948 2652 1016 gaudium
2704 949 2974 1004 beatorum
2995 993 3011 1016 ,
3038 951 3129 1006 sed
3168 955 3458 1008 OOItSttIaliO
3499 956 3728 1010 miscro-

2169 1053 2305 1091 rum.
2337 1038 2515 1108 ltaque
2541 1048 2664 1108 agat
2687 1040 2884 1110 aliquid
2909 1081 2923 1102 .
2957 1041 3197 1112 inquam,
3230 1043 3620 1114 homodignnm
3640 1047 3733 1100 de-

2166 1129 2390 1184 siderata
2428 1131 2540 1184 luce
2568 1131 2620 1184 in
2651 1131 2762 1186 istis
2787 1132 2974 1187 diebus
3010 1133 3206 1188 umbrae
3245 1149 3380 1204 suae,
3419 1147 3471 1190 et
3499 1138 3548 1191 in
3577 1147 3733 1194 nocte

2166 1220 2392 1289 inquirat
2423 1222 2606 1286 Deum,
2634 1231 2770 1276 Sicut
2788 1223 3038 1292 scriptum
3063 1234 3144 1278 est
3169 1243 3182 1278 :
3211 1225 3275 1278 In
3302 1225 3730 1282 dietribulationis

2166 1328 2290 1365 mea:
2317 1311 2475 1366 Deum
2504 1313 2741 1381 exquisivi
2779 1313 3006 1367 nantibus
3034 1315 3154 1367 meis
3183 1324 3324 1368 nocte
3359 1331 3527 1368 coram
3557 1333 3615 1370 eo
3636 1359 3650 1380 ,
3683 1329 3730 1370 et
3785 1367 3792 1372 .

2165 1419 2264 1456 non
2292 1421 2401 1458 sum
2425 1405 2658 1474 deceptus
2684 1404 2704 1477 (
2721 1403 2865 1461 Psal.
2895 1421 3068 1472 um,
3098 1407 3132 1461 '5
3173 1405 3213 1476 ).
3247 1407 3412 1475 Quam
3435 1409 3562 1462 dicit
3585 1410 3726 1465 diem

2168 1495 2537 1562 trilmlat’ionis,
2556 1497 2653 1552 nisi
2672 1512 2828 1566 quam
2853 1497 2977 1552 dicit
3002 1507 3055 1552 et
3080 1500 3324 1553 noctem?
3351 1493 3585 1554 Manibus
3607 1502 3728 1556 meis

2165 1597 2306 1640 nocte
2325 1603 2493 1640 coram
2522 1604 2598 1641 eo.
2626 1587 2813 1643 Adhuc
2843 1589 2892 1642 in
2920 1597 3075 1644 nocte
3101 1604 3302 1656 sumus,
3333 1599 3386 1646 et
3405 1592 3469 1646 ad
3499 1593 3728 1662 prophe-

2166 1677 2250 1730 tia:
2277 1677 2540 1731 lucernam
2569 1677 2858 1747 vigilamus.
2905 1678 3114 1746 Aliquid
3145 1680 3458 1748 promissum
3480 1692 3563 1736 est
3587 1683 3726 1751 quod

2164 1767 2336 1822 adhuc
2377 1777 2749 1838 exspectatur:
2787 1767 2878 1822 sed
2912 1769 3036 1838 quid
3083 1770 3156 1822 ait
3197 1771 3464 1838 apostolus
3497 1771 3728 1826 Petrus?

2166 1859 2420 1914 Habemus
2449 1862 2704 1914 certiorem
2729 1861 3069 1932 prapbeticum
3095 1877 3389 1927 sermonem,
3414 1865 3496 1916 cui
3503 1867 3724 1934 benefa-

2164 1954 2270 2008 citis
2305 1955 2632 2015 intendentes,
2675 1964 2910 2022 tanquam
2952 1954 3166 2006 lucerna:
3197 1953 3378 2007 lucenti
3419 1953 3471 2007 in
3516 1956 3726 2008 obscuro

2164 2037 2291 2102 loco,
2322 2039 2476 2092 donec
2505 2041 2609 2093 dies
2632 2039 2861 2102 lucescat,
2900 2047 2946 2091 et
2989 2039 3168 2107 lucifer
3205 2039 3394 2090 oriatur
3421 2038 3472 2091 in
3495 2039 3725 2094 cordibus

2163 2130 2334 2182 ves-tris
2361 2129 2426 2196 (Il
2461 2129 2595 2183 Petr.
2623 2145 2659 2193 ι,
2688 2129 2795 2197 l9).
2831 2128 2943 2197 Ipse
2963 2127 3074 2182 dies
3098 2128 3365 2196 praemium
3390 2124 3626 2182 nostrum
3654 2129 3722 2184 ibi

2163 2230 2262 2274 est.
2306 2219 2458 2272 Mane
2489 2221 2723 2273 exandies
2752 2235 2917 2273 vocem
2951 2233 3144 2282 meam;
3183 2235 3328 2272 mane
3349 2221 3520 2273 astabo
3544 2221 3652 2284 tibi,
3679 2231 3725 2274 et

2163 2313 2530 2380 contemplabor
2559 2315 2576 2382 (
2601 2313 2740 2366 Psal.
2775 2329 2822 2377 v,
2851 2314 2903 2376 4,
2934 2313 3011 2382 5).
3059 2312 3194 2383 Ergo
3217 2327 3456 2382 operare,
3484 2315 3724 2384 quamvis

2165 2405 2215 2460 in
2245 2415 2416 2474 nocte,
2448 2407 2686 2460 manibus
2709 2405 2840 2469 tuis;
2872 2404 2920 2459 id
2947 2414 3046 2468 est,
3078 2405 3225 2459 bonis
3245 2405 3493 2474 operibus
3519 2405 3724 2474 inquire

2166 2497 2349 2563 Deum,
2379 2507 2656 2566 antequam
2699 2498 2872 2551 veniat
2909 2495 3022 2551 dies
3049 2496 3138 2551 ille
3162 2496 3249 2565 qui
3293 2506 3342 2552 te
3379 2496 3626 2558 lmtiiicet.
3657 2511 3725 2553 ne

2161 2594 2337 2647 veniat
2376 2593 2461 2662 qui
2502 2601 2554 2647 te
2595 2591 2912 2648 moestitlcet.
2963 2591 3090 2647 Vide
3130 2593 3268 2647 enim
3307 2609 3461 2664 quant
3503 2608 3724 2650 securus

2161 2688 2414 2757 opereris,
2441 2688 2561 2756 quia
2599 2703 2702 2741 non
2747 2686 3010 2742 desereris
3049 2686 3116 2740 ab
3153 2687 3244 2741 illo
3285 2701 3436 2757 quem
3483 2687 3718 2757 quazris:

2164 2780 2400 2834 Manibus
2443 2781 2584 2844 meis,
2621 2778 2806 2849 inquit,
2835 2779 2995 2833 Deum
3020 2779 3258 2848 exquisivi
3283 2789 3424 2832 nocte
3449 2795 3618 2831 coram
3641 2791 3717 2832 eo.

2161 2871 2226 2929 Ut
2249 2872 2405 2927 Pater
2433 2883 2551 2926 tuus
2572 2871 2658 2942 q'ui
2682 2871 2822 2927 videt
2848 2872 2898 2926 in
2924 2871 3147 2936 occulto,
3175 2870 3359 2926 reddat
3385 2871 3475 2926 tibi
3508 2871 3717 2942 (Matth.

2160 2977 2229 3027 vt,
2263 2964 2356 3035 4);
2405 2963 2542 3028 ideo,
2571 2979 2738 3017 caram
2758 2979 2832 3016 eo.
2878 2962 3019 3016 latus
3045 2961 3239 3016 habeas
3263 2961 3677 3017 misericordiam
3701 3002 3718 3025 ,

2158 3047 2617 3122 charitatem;-ne
2655 3055 2848 3126 aliquid
2898 3055 3055 3110 iacias
3092 3055 3240 3125 quasi
3270 3053 3442 3109 studio
3479 3051 3720 3123 placendi

2161 3145 2479 3200 hominibus.
2525 3144 2758 3200 Manibus
2780 3146 2919 3208 meis,
2952 3143 3199 3214 aperibus
3224 3144 3356 3200 meis
3384 3162 3398 3198 :
3427 3144 3478 3198 in
3510 3144 3716 3208 umbra,

2160 3237 2212 3291 in
2243 3236 2342 3291 hac
2371 3239 2473 3290 vita
2505 3255 2518 3291 :
2544 3236 2632 3291 ubi
2673 3236 2784 3305 ipse
2809 3235 2966 3299 videt,
3001 3251 3104 3289 non
3132 3233 3217 3289 ubi
3252 3234 3461 3304 placere
3494 3232 3723 3288 homini-

2159 3327 2258 3382 bus
2283 3327 2487 3382 studeo.
2524 3329 2590 3382 Et
2627 3327 2752 3398 quid
2790 3327 3056 3401 sequitur?
3103 3327 3165 3380 Et
3192 3344 3290 3380 non
3321 3343 3430 3380 sum
3465 3327 3719 3394 deceptus.

2164 3411 2327 3464 Homo
2353 3412 2559 3466 vanitati
2593 3413 2769 3465 similis
2809 3416 2973 3482 [actus
3008 3420 3118 3476 est;
3155 3411 3260 3465 dies
3304 3411 3441 3464 illius
3483 3419 3721 3477 tanquam

2131 3502 2332 3560 umbra
2368 3511 2668 3556 transeunt:
2695 3510 2750 3557 et
2778 3511 2947 3557 tamen
2983 3500 3253 3556 inn0tuisti
3290 3501 3359 3567 ei,
3399 3511 3451 3556 et
3489 3501 3721 3555 aestimas

2157 3609 2314 3734 wind.
2349 3678 2494 3752 (vers.
2525 3678 2601 3750 5.]
2635 3677 2868 3742 Domine,
2899 3660 3088 3732 inclina
3111 3676 3257 3730 cados
3282 3687 3413 3740 tuos,
3440 3685 3486 3730 et
3513 3677 3719 3729 descen-

2159 3774 2220 3825 de
2242 3790 2259 3825 :
2285 3784 2431 3843 tange
2467 3783 2684 3836 montes,
2717 3781 2762 3824 et
2790 3770 3119 3841 fumigabunt.
3167 3769 3381 3824 Corusca
3419 3768 3720 3822 coruscatio-

2160 3878 2291 3925 nem,
2315 3872 2360 3915 et
2383 3862 2779 3931 disperges'eos;
2807 3861 2971 3914 emitte
2995 3860 3202 3928 sagittas
3229 3868 3357 3918 tuas,
3386 3869 3431 3910 et
3455 3858 3722 3911 conturba-

2159 3950 2232 4003 bis
2270 3967 2370 4038 ςθε.
2413 3949 2596 4003 Emitte
2620 3966 2822 4002 manum
2861 3959 2995 4002 tuam
3023 3965 3086 4002 ea:
3113 3950 3248 4014 alto;
3277 3957 3323 4002 et
3344 3949 3502 4002 exime
3529 3965 3636 4008 me.
3675 3958 3722 4001 et

2161 4058 2277 4095 crue
2302 4058 2380 4095 me
2400 4041 2463 4095 de
2483 4042 2626 4111 aquis
2652 4042 2840 4095 multis.
2871 4039 3075 4110 Corpus
3100 4039 3291 4095 Christi
3314 4081 3328 4104 ,
3374 4039 3590 4094 humilis
3622 4039 3722 4094 Da-

2159 4132 2265 4193 vid,
2297 4132 2460 4202 gratia
2488 4131 2703 4200 plenus,
2745 4130 2811 4185 de
2842 4130 2949 4184 Deo
2979 4143 3303 4200 praesumens
3326 4169 3340 4192 ,
3387 4137 3623 4199 pugnans
3669 4130 3722 4182 in

2137 4222 2262 4277 ‘hoc
2303 4223 2527 4287 saeculo,
2572 4222 2778 4276 invocat
2815 4221 3131 4292 adiutorium
3168 4221 3258 4275 Dei
3290 4236 3303 4271 :
3333 4219 3533 4274 Inclina
3571 4221 3724 4273 caelos

2162 4324 2291 4380 tuos,
2315 4325 2360 4368 et
2383 4314 2640 4369 descende.
2663 4314 2760 4381 Qui
2785 4322 2906 4366 sunt
2928 4314 3047 4369 coeli
3069 4312 3333 4368 inclinati?
3362 4311 3597 4380 Apostoli
3627 4311 3726 4363 liu-

2163 4407 2376 4461 miliati.
2397 4407 2482 4461 Isti
2512 4409 2650 4460 enim
2675 4407 2786 4461 caeli
2804 4418 3039 4461 eaarrant
3066 4407 3278 4478 gloriam
3303 4404 3396 4458 Dei
3419 4421 3436 4457 :
3463 4416 3517 4459 et
3542 4404 3610 4458 de
3641 4404 3727 4459 bis

2163 4499 2312 4557 caelis
2340 4501 2706 4556 enarrantibus
2725 4501 2942 4570 gloriam
2971 4500 3063 4554 Dei
3085 4516 3205 4554 mox
3231 4497 3438 4561 dicitur,
3465 4495 3584 4549 Non
3607 4507 3728 4549 sunt

2164 4594 2374 4660 loquelis
2401 4598 2556 4662 neque
2586 4609 2865 4659 sermones,
2907 4607 3117 4660 quorum
3147 4607 3246 4644 non
3275 4589 3545 4642 audiantur
3583 4603 3726 4641 voces

2163 4702 2371 4741 eorum:
2401 4686 2450 4739 in
2479 4701 2675 4739 omnem
2695 4694 2876 4737 terram
2903 4683 3050 4736 exivit
3074 4697 3225 4734 sonus
3243 4695 3431 4742 eorum,
3456 4686 3503 4732 et
3526 4678 3575 4730 in
3597 4677 3726 4744 ﬁnes

2164 4777 2295 4833 orbis
2341 4788 2486 4832 terra:
2519 4778 2665 4831 verba
2708 4791 2876 4831 eorum
2913 4773 3079 4844 (Psal.
3108 4786 3262 4836 xvtn,
3292 4769 3346 4834 2,
3379 4773 3441 4834 4.
3478 4767 3555 4840 5).
3588 4767 3726 4822 Cum

2165 4885 2290 4940 ergo
2317 4871 2399 4923 isti
2429 4869 2544 4924 casti
2567 4869 2866 4924 emitterent
2889 4880 3044 4920 voces
3064 4878 3186 4918 snas
3208 4878 3301 4934 per
3323 4873 3508 4916 omnes
3531 4869 3724 4920 terras,

2165 4974 2218 5016 et
2247 4963 2480 5017 facerent
2504 4959 2782 5024 mirabilia,
2810 4965 3119 5012 cornscante
3143 4954 3346 5009 devillis
3371 4961 3424 5007 et
3449 4952 3728 5005 intonante

2166 5057 2389 5111 Domino
2411 5054 2675 5107 miraculis
2695 5061 2748 5106 et
2769 5049 3060 5121 pra-captis,
3087 5049 3246 5117 putati
3263 5054 3384 5100 sunt
3402 5045 3470 5098 dii
3498 5043 3728 5097 descen-

2165 5146 2307 5201 disse
2331 5145 2397 5200 de
2421 5145 2556 5200 ccelo
2593 5143 2656 5196 ad
2689 5141 2944 5196 homines.
2980 5139 3110 5193 Nam
3137 5137 3348 5208 quidam
3375 5150 3437 5189 ex
3468 5127 3730 5189 Gentibus

2168 5237 2268 5292 hoc
2296 5246 2537 5308 putantes
2557 5277 2571 5300 ,
2617 5235 2694 5288 eis
2722 5235 2878 5287 etiam
2923 5232 3218 5285 sacriﬁcare
3247 5227 3543 5283 valuerunt.
3576 5226 3729 5280 Tunc

2168 5329 2240 5383 illi
2270 5330 2506 5383 videntes
2530 5327 2627 5380 sibi
2654 5325 2845 5379 deferri
2872 5323 3157 5377 indcbitum
3186 5323 3464 5385 honorem,
3486 5327 3540 5372 et
3563 5332 3724 5385 expa-

2170 5429 2462 5478 vescentes,
2495 5429 2547 5471 et
2573 5417 2911 5478 detestantes,
2941 5424 2992 5468 et
3014 5427 3106 5466 eos
3131 5412 3217 5481 qui
3241 5411 3319 5465 sic
3339 5408 3586 5464 errabant
3607 5425 3728 5460 eor-

2167 5509 2418 5580 rigentes.
2450 5508 2860 5573 utosten‘derent
2880 5507 2956 5560 eis
2981 5515 3179 5558 motum
3204 5502 3362 5556 animi
3390 5500 3491 5565 sui,
3519 5499 3726 5554 consei-

2167 5600 2356 5656 derunt
2380 5599 2688 5654 vestimenta
2713 5615 2826 5663 sua,
2854 5609 2906 5653 et
2934 5597 3197 5660 dixerunt,
3231 5593 3366 5662 Quid
3407 5593 3498 5646 hoc
3525 5590 3727 5659 facitis!

2171 5785 2200 5829 ὸ
2234 5725 2248 5754 ι
2277 5715 2518 5829 erantad.
2555 5724 2668 5766 \‘en.
2693 5723 2744 5765 et
2781 5722 2909 5775 Lov.,
2937 5719 3062 5766 unde
3098 5711 3223 5764 enim
3245 5709 3480 5761 dicitur...
3516 5703 3728 5762 mbula:

2201 5797 2308 5829 am.
2341 5811 2350 5829 ι
2384 5817 2396 5829 .
