4082 6204
322 343 458 398 181⁷5

324 456 563 509 Homines
589 467 632 508 et
660 474 747 510 nos
776 474 944 510 sumus
975 457 1226 525 passihilrs
1247 498 1260 521 ,
1290 457 1418 510 sicut
1447 467 1492 508 et
1528 471 1631 508 ros.
1675 455 1739 508 Et
1767 468 1874 508 ρω-

316 564 511 623 perunt
540 553 639 603 sub
666 553 745 604 bis
774 551 946 604 verbis
987 551 1356 604 cotnmeudare
1381 551 1743 604 excellentiam
1775 547 1879 600 Do-

321 642 447 693 mini
479 643 640 695 nostri
665 641 787 694 .lcsu
817 640 1010 695 Christi
1043 642 1173 710 (Act.
1205 657 1312 703 xw,
1341 640 1511 709 ’7-17),
1546 639 1880 694 lmmiliaotes

318 725 377 782 Se
407 743 462 782 ut
481 731 936 785 commendaretur
963 731 1100 786 Deus
1123 748 1137 796 ;
1169 733 1286 800 quia
1311 731 1542 784 inclinati
1571 739 1720 783 erant
1739 729 1876 792 casti,

321 832 378 875 ιιι
403 822 749 882 descenderet
787 823 942 876 Deus.
977 822 1175 875 Incliua
1200 837 1326 891 ergo
1353 824 1500 875 ctelos
1542 831 1650 874 tuos
1670 864 1682 883 ,
1714 821 1883 874 et‘de—

290 903 519 966 scande.
561 913 771 966 Factum
815 923 916 966 est.
955 913 1124 982 Tange
1171 923 1391 978 montes,
1439 921 1485 966 et
1529 912 1838 981 famigabunt
1864 928 1884 965 :

323 1009 527 1055 montes
553 1003 826 1070 superbos,
857 1004 1110 1056 elationes
1141 1015 1394 1066 terrenas,
1425 1004 1647 1056 tumidas
1673 1003 1884 1069 grandi-

323 1100 491 1145 tates:
525 1091 723 1162 Tange,
769 1094 962 1161 inquit,
1013 1103 1160 1162 tange
1203 1096 1330 1146 istos
1370 1103 1594 1154 utentes;
1624 1093 1690 1146 de
1719 1095 1882 1162 gratia

323 1191 408 1234 tua
435 1181 497 1236 da
525 1183 637 1236 istis
661 1184 961 1238 montibus:
996 1194 1038 1237 et
1065 1184 1410 1254 funtigabunt;
1439 1185 1556 1253 quia
1588 1185 1884 1237 fatebuntur

325 1282 533 1341 peccata
565 1287 677 1326 sua.
719 1273 915 1327 Fumus
940 1273 1300 1327 conﬁtentium
1343 1283 1673 1342 peccatorum
1705 1283 1883 1326 extor—

323 1364 499 1433 quebit
527 1374 580 1418 et
608 1365 864 1434 lacrymas
898 1364 1290 1418 humiliatarum
1319 1365 1683 1433 superbormn.
1715 1363 1887 1433 Tange

323 1463 530 1519 montes,
559 1463 601 1508 et
632 1455 964 1524 ftutzigabuut.
993 1453 1248 1522 Quamdiu
1279 1471 1382 1507 non
1411 1456 1555 1516 tacti,
1589 1455 1759 1523 magni
1786 1454 1883 1508 sibi

322 1546 584 1600 videntur.
623 1546 814 1600 Dicturi
843 1557 997 1608 sunt,
1038 1548 1115 1600 ’l‘u
1155 1561 1404 1614 magnus,
1446 1547 1662 1600 Domine
1705 1544 1882 1613 (Psal.

323 1653 481 1702 vau,
514 1637 607 1708 9.);
639 1638 828 1692 dicturi
856 1650 978 1693 sunt
1008 1651 1060 1692 et
1091 1651 1314 1700 montes,
1348 1637 1426 1690 Tu
1457 1638 1591 1691 solus
1616 1638 1888 1690 altissimus

322 1746 470 1795 super
498 1746 692 1782 omnem
718 1740 899 1782 terram
928 1729 1095 1795 (Psal.
1124 1745 1330 1790 Luxu,
1365 1729 1476 1790 19).

394 1822 462 1874 15
499 1819 646 1891 [vers.
695 1819 772 1891 6.]
812 1820 912 1874 Sed
941 1829 1062 1873 sunt
1089 1820 1299 1890 quidam
1329 1820 1692 1888 cett5pirantes
1716 1861 1730 1883 ,
1762 1833 1888 1872 con-

322 1911 594 1964 venientes
624 1910 675 1963 in
717 1926 875 1964 tantm
906 1910 1159 1963 adversus
1205 1909 1482 1962 Dominum
1509 1949 1521 1969 ,
1556 1916 1616 1962 et,
1636 1908 1889 1960 adversus

322 2003 588 2056 Christum
613 2003 728 2071 ejus
757 2001 935 2073 (Psal.
976 2017 1032 2066 ιι,
1063 2001 1131 2063 2;
1160 2002 1272 2054 Act.
1307 2016 1372 2063 iv,
1404 2000 1472 2076 26
1491 2041 1505 2063 ,
1535 1998 1659 2069 27).
1687 1997 1890 2052 Conve-

325 2101 537 2157 nerttnt,
567 2096 1019 2161 constiiraverunt.
1051 2091 1267 2146 Cornsca
1287 2091 1684 2154 coruscationes,
1713 2100 1758 2142 et
1788 2091 1890 2141 dis-

325 2202 497 2256 perges
541 2201 642 2238 eos.
673 2185 962 2240 Crebrescc
989 2185 1255 2238 miraculis
1284 2184 1406 2246 tuis,
1427 2192 1482 2235 et
1509 2183 1890 2236 solvetur-eon-

325 2277 542 2345 Spiratio
561 2293 766 2331 eorum.
799 2276 1016 2330 Corusca
1041 2277 1422 2335 coruscationes,
1446 2284 1488 2327 et
1515 2274 1766 2343 disperges
1786 2291 1886 2327 eos.

324 2369 440 2422 .l.un
469 2369 738 2422 miraculis
763 2369 950 2432 territi,
971 2384 1078 2446 nou
1103 2367 1368 2421 audebunt
1393 2367 1589 2434 aliquid
1615 2376 1793 2420 contra
1820 2377 1890 2427 te,

331 2470 381 2513 2t
410 2460 460 2512 in
493 2459 621 2529 ipsis
647 2460 914 2513 miraculis
945 2469 1352 2527 expavescentes
1383 2457 1720 2511 laesitabunt.
1766 2457 1895 2524 Quis

332 2558 412 2606 est
441 2550 537 2603 iste
564 2552 650 2620 qui
685 2559 824 2604 tanta
855 2552 1063 2620 potest?
1100 2550 1216 2619 quis
1241 2558 1324 2603 est
1351 2550 1446 2602 iste
1471 2550 1558 2617 qui
1587 2549 1664 2602 sic
1691 2549 1893 2604 exalta-

330 2652 432 2706 tur,
459 2642 607 2710 cujus
633 2659 822 2696 nomen
853 2650 1052 2696 tantum
1080 2642 1254 2696 valet?
1282 2641 1412 2695 Cum
1441 2641 1642 2706 dicunt,
1665 2641 1794 2708 Quis
1816 2652 1898 2696 est

330 2732 464 2798 iste,
492 2733 741 2786 credituri
784 2744 906 2786 sunt
936 2751 948 2785 :
978 2733 1261 2787 coroscasti
1291 2733 1588 2798 miraculis,
1617 2741 1671 2786 et
1695 2734 1898 2803 disper—

329 2823 444 2877 sisti
466 2825 652 2879 malam
675 2827 1074 2879 consensionem
1097 2839 1298 2878 eorum.
1330 2823 1512 2876 Emitte
1532 2826 1739 2894 sagittas
1763 2835 1893 2892 tuas,

330 2924 376 2968 et
403 2915 716 2969 conturbabis
745 2933 844 2969 eos.
879 2916 1088 2992 $agittte
1127 2915 1338 2986 potentis
1363 2926 1522 2969 acuttc
1547 2913 1565 2988 (
1582 2915 1723 2969 Psal.
1752 2931 1893 2980 cxtx,

331 3005 428 3074 4);
459 3017 714 3074 praecepta
741 3015 824 3059 tua
847 3045 863 3070 ,
885 3006 1022 3060 dieta
1046 3016 1130 3061 tua
1157 3007 1344 3061 feriant
1375 3020 1467 3059 cor
1484 3021 1687 3059 eorum.
1715 3006 1899 3060 Emitte

329 3101 537 3166 sagittas
559 3107 690 3161 tuas,
706 3107 749 3150 et
770 3097 1082 3151 conturbabis
1101 3114 1202 3151 eos.
1228 3096 1580 3151 Vulnerentur
1601 3097 1737 3151 male
1760 3097 1893 3162 Sani,

337 3196 393 3242 ut
419 3198 672 3243 sanentur
697 3189 830 3244 bene
857 3190 1145 3262 vulnerati;
1175 3199 1228 3244 et
1251 3190 1425 3246 dicant
1449 3191 1554 3260 jam
1584 3191 1633 3244 in
1661 3189 1896 3244 ECCltl>i8

332 3289 386 3331 et
410 3280 462 3332 in
487 3294 707 3347 corpore
731 3279 924 3333 Christi
952 3281 1239 3345 constituti,
1269 3280 1446 3334 dicant
1470 3296 1589 3334 cmn
1622 3280 1852 3334 Ecclesia
1879 3295 1893 3334 :

334 3369 581 3434 Quoniam
609 3370 862 3422 vulnerata
887 3371 1125 3422 charitate
1152 3387 1240 3440 ego
1265 3387 1377 3423 sum
1405 3370 1422 3438 (
1445 3369 1593 3425 Cant.
1625 3387 1680 3434 tt,
1713 3370 1766 3436 5,
1794 3386 1892 3424 sec.

332 3459 472 3512 LXX
496 3459 535 3527 ).
567 3460 753 3513 Emitte
776 3461 986 3531 sagittas
1012 3473 1143 3524 tuas,
1176 3471 1220 3514 et
1245 3462 1558 3515 contnrbabis
1581 3479 1683 3517 eos.

405 3549 488 3602 14.
520 3547 665 3622 [vers
688 3549 762 3622 7.]
784 3549 967 3603 Emitte
989 3568 1188 3604 manum
1215 3560 1349 3605 luant
1366 3569 1428 3605 ea:
1444 3554 1565 3606 alto.
1593 3553 1727 3618 Quid
1751 3563 1894 3622 post-

330 3639 435 3691 ea?
462 3639 586 3708 quid
641 3644 691 3691 in
746 3640 886 3693 line?
915 3640 1188 3706 Quomodo
1219 3643 1378 3694 vincit
1405 3657 1596 3709 corpus
1621 3643 1810 3695 Christi
1845 3642 1898 3694 ‘?

331 3729 542 3783 Caelesti
573 3728 852 3796 adjutorio.
902 3729 1086 3783 Veniet
1128 3731 1268 3782 enim
1298 3731 1403 3797 ipse
1431 3730 1678 3784 Dominus
1703 3731 1754 3782 in
1783 3747 1898 3783 voce

329 3817 654 3886 archangeli,
686 3826 731 3868 et
759 3817 810 3868 in
837 3818 955 3869 tuba
991 3817 1084 3870 Dei
1112 3818 1370 3871 descendet
1395 3818 1455 3871 de
1485 3818 1607 3872 caelo
1637 3819 1689 3890 (Ι
1721 3819 1892 3873 Thess.

333 3924 404 3973 tv,
423 3907 513 3974 15)
534 3923 548 3970 ;
573 3907 685 3976 ipse
703 3906 941 3962 Salvator
961 3909 1216 3977 corporis,
1243 3924 1425 3964 manus
1443 3911 1552 3964 Dei.
1581 3909 1764 3964 Emitte
1791 3929 1898 3965 ma-

332 4013 449 4050 num
475 4007 610 4049 tuam
625 4012 688 4050 ea:
702 3997 837 4062 alto;
867 4007 910 4052 et
929 3998 1089 4052 exime
1115 4014 1211 4063 me,
1232 4009 1277 4053 et
1310 4016 1425 4053 erue
1448 4017 1525 4054 me
1541 4000 1603 4054 de
1619 4003 1760 4070 aquis
1778 4004 1897 4056 mut.

332 4088 410 4140 tis.
432 4088 564 4155 Quid
585 4097 685 4152 est,
703 4090 764 4142 de
782 4090 925 4158 aquis
941 4090 1148 4144 multis?
1167 4091 1238 4146 De
1260 4092 1465 4161 pepulis
1486 4093 1682 4147 multis.
1698 4093 1896 4160 Quibus

335 4179 578 4248 papillis?
599 4181 938 4252 Alienigenis,
964 4181 1278 4248 inﬁdelibus,
1305 4185 1417 4238 sive
1441 4183 1568 4238 foris
1590 4199 1898 4256 oppugnan-

335 4269 492 4335 tibus,
519 4273 628 4326 sive
650 4271 790 4326 intus
816 4273 1200 4328 insidiantibus.
1232 4274 1407 4328 Exime
1426 4292 1502 4329 me
1526 4277 1588 4330 de
1606 4279 1746 4346 aquis
1769 4280 1897 4332 mul-

332 4360 412 4424 tis,
443 4359 492 4412 in
520 4362 709 4430 quibus
734 4378 817 4416 me
843 4363 1126 4418 exercebas
1151 4405 1164 4426 ,
1197 4365 1247 4418 in
1276 4366 1463 4434 quibus
1490 4382 1572 4420 me
1601 4367 1668 4422 ad
1693 4384 1894 4423 exuen-

331 4451 456 4505 dum
484 4468 512 4504 a
538 4452 781 4508 sordibus
810 4454 1075 4509 volvebas.
1107 4455 1228 4510 [Lee
1256 4466 1337 4511 est
1363 4457 1447 4511 illa
1471 4473 1602 4528 aqua
1625 4439 1897 4514 contradi;

329 4545 576 4598 dictionis
596 4545 615 4614 (
636 4544 794 4598 Num.
817 4562 905 4612 xx,
926 4547 993 4602 l3
1008 4548 1048 4617 ).
1073 4545 1253 4602 Exime
1269 4565 1363 4613 me,
1381 4559 1426 4602 et
1447 4566 1564 4604 erue
1582 4567 1659 4604 me
1677 4552 1740 4605 de
1755 4551 1897 4622 aquis

331 4635 520 4688 multis.

404 4727 490 4780 15.
523 4725 686 4798 [vers.
716 4726 812 4800 8.]
854 4729 1260 4799 Audiamusjatn
1291 4730 1356 4785 de
1384 4733 1498 4786 istis
1519 4734 1668 4801 aquis
1694 4736 1892 4802 multis,

328 4832 356 4869 ιι
379 4817 566 4885 quibus
583 4827 731 4871 eruet
757 4818 896 4872 Deus
921 4834 1111 4887 corpus
1135 4819 1326 4874 Christi
1349 4821 1449 4884 sui,
1479 4836 1508 4873 a
1534 4823 1722 4891 quibus
1746 4834 1897 4880 eruet

330 4909 468 4963 Deus
495 4909 842 4963 humilitatem
886 4911 1068 4965 David.
1101 4911 1234 4977 Quid
1265 4922 1346 4965 cst
1368 4954 1381 4972 ,
1411 4912 1475 4964 de
1515 4916 1656 4983 aquis
1682 4917 1851 4970 multis
1871 4917 1897 4970 Ζ)

328 4998 464 5064 Quid
487 4999 684 5062 dixisti,
713 5015 780 5054 ne
807 5016 956 5069 aqute
981 5003 1131 5054 aliter
1159 5003 1546 5071 intelligantur?
1569 5006 1691 5073 quid
1714 5007 1890 5061 diXiaii

327 5107 489 5160 aquas
515 5092 746 5144 multas?
771 5092 905 5157 Quid
934 5093 1062 5158 dixi,
1087 5094 1229 5146 audi.
1260 5093 1334 5146 De
1355 5112 1503 5148 manu
1527 5097 1746 5161 ﬁliorum
1773 5099 1897 5152 alie-

329 5197 528 5233 norum.
562 5181 786 5246 Audite,
817 5184 1035 5246 fratres,
1069 5183 1204 5235 inter
1229 5198 1360 5252 quos
1390 5183 1575 5249 simus,
1607 5186 1741 5238 inter
1762 5203 1895 5254 quos

329 5270 583 5336 vivamus,
612 5289 639 5324 a
665 5273 854 5342 quibus
879 5273 991 5326 erui
1022 5261 1405 5327 desideremus.
1438 5275 1660 5340 Quorum
1685 5295 1738 5329 os
1765 5278 1891 5330 locu-

327 5373 430 5413 tum
457 5371 528 5414 est
567 5363 850 5415 vanitatem.
882 5363 1047 5416 llodie
1077 5377 1169 5415 vos
1208 5380 1393 5417 omnes
1415 5405 1430 5429 ,
1461 5366 1503 5416 si
1545 5379 1648 5418 non
1685 5367 1750 5419 ad
1783 5369 1894 5420 lucc

328 5453 501 5506 divina
530 5454 828 5521 spectacula
858 5453 1000 5506 verbi
1043 5453 1132 5508 Dei
1159 5457 1457 5526 congregati
1484 5458 1671 5510 essetis
1691 5497 1706 5523 ,
1737 5467 1791 5511 et
1817 5458 1895 5512 eis

388 5565 405 5594 ί
433 5572 532 5627 Am.
560 5570 610 5610 et
633 5569 724 5620 t1r.,
751 5561 984 5627 quomodo
1004 5562 1174 5627 inquit.
1211 5571 1341 5627 _t.ov.,
1381 5569 1616 5627 quomodo
1649 5564 1774 5615 eicit.
1795 5565 1896 5615 Flo-

328 5625 556 5688 riacensis
597 5632 695 5681 δίδη
744 5624 974 5688 quomodo
999 5623 1153 5672 t‘iltcil'.
1181 5624 1277 5688 alii
1297 5623 1460 5686 plures
1506 5634 1637 5684 tum,
1666 5630 1897 5688 quomodo

329 5683 438 5733 lum:
476 5691 525 5748 ut
545 5697 729 5748 corpus
758 5683 960 5748 latuisti.
1007 5692 1055 5730 rit.
1088 5683 1316 5744 nonnulli,
1354 5691 1584 5748 quomodo
1607 5683 1752 5736 hicat
1787 5703 1896 5737 cor-

331 5754 419 5804 pus
440 5743 613 5797 (luisti
641 5757 657 5792 :
682 5745 768 5792 sed
797 5746 840 5792 in
867 5745 940 5792 bis
954 5749 1214 5801 postremis
1234 5743 1422 5799 additur
1448 5752 1667 5809 verbum,
1691 5749 1891 5818 indiget.

567 5835 778 5895 PATRO
887 5830 1204 5901 ΧΧΧΥῙῩ,

1375 343 1764 398 ΕΧᾹΠΒᾹΤΚ)
1807 342 1868 395 ΙΝ
1913 342 2226 398 ΡΞᾹΗΗἉῘ
2268 346 2488 399 εξίωιι,

3414 359 3541 414 1886

1995 453 2089 506 hac
2121 455 2245 508 hora
2293 443 2533 525 permixti
2567 460 2806 512 viveretis
2832 506 2844 527 ,
2877 474 3094 529 quanta".
3123 466 3372 520 vanitates
3402 479 3546 526 audi-

1991 547 2115 598 retis
2143 548 2154 599 !
2192 550 2414 613 Quorum
2445 566 2498 601 os
2525 550 2739 603 locutum
2780 563 2850 604 est
2894 555 3177 607 vanitatem.
3204 557 3422 621 Quando
3451 559 3542 613 de-

1990 636 2148 703 nique
2173 637 2448 706 loquentes
2472 640 2544 692 illi
2570 641 2874 705 vanitatem,
2900 643 3138 697 audirent
3160 661 3250 698 vos
3277 647 3547 715 loquentes

1989 726 2294 780 veritatem?
2319 727 2543 793 Quorum
2563 745 2618 782 os
2641 729 2859 783 locutum
2886 742 2955 784 est
2981 735 3260 799 vanitatem,
3281 746 3325 787 ct
3350 737 3548 790 dextera

1987 832 2156 870 eorum
2181 818 2382 872 dextera
2409 821 2699 888 iniquitatis.
2727 839 2734 846 ·

2061 908 2147 961 16.
2179 908 2326 982 [νει-ε.
2357 910 2433 981 9.]
2473 913 2604 976 Quid
2641 924 2691 965 tu
2722 915 2855 967 inter
2876 932 2964 965 eos
2991 932 3106 969 cum
3131 933 3253 972 vase
3280 922 3548 988 pastorali,

1992 998 2217 1054 habente
2253 1005 2484 1070 quinque
2513 1004 2750 1072 lapides?
2791 1007 2880 1060 Dic
2919 1009 3043 1060 mihi
3086 1011 3239 1063 aliter
3268 1029 3280 1064 :
3312 1012 3548 1066 eamdem

1991 1087 2181 1158 Legem
2212 1107 2365 1160 quam
2399 1093 2702 1161 signiﬁcasti
2736 1097 2959 1165 quinth
2995 1098 3250 1164 lapidibus
3275 1144 3287 1164 ,
3317 1103 3551 1173 signiﬁca

1989 1188 2042 1231 et
2061 1180 2231 1234 aliter.
2259 1181 2414 1246 Deus,
2442 1186 2688 1236 canticum
2715 1202 2889 1238 novum
2918 1188 3124 1240 cantabo
3151 1191 3254 1242 tibi.
3283 1190 3550 1246 Canticum

1992 1281 2210 1335 navum,
2235 1273 2414 1346 grati:e_
2443 1286 2523 1326 est
2552 1277 2565 1304 ¹
2595 1293 2607 1338 ;
2637 1278 2896 1330 canticum
2931 1293 3147 1345 novum,
3183 1281 3408 1334 hominis
3437 1287 3554 1337 novi

1991 1369 2068 1413 est
2085 1377 2097 1421 ;
2117 1363 2374 1414 canticum
2395 1378 2607 1428 navum,
2624 1365 2944 1420 Testameuti
2959 1368 3084 1420 Novi
3099 1380 3199 1426 est.
3219 1371 3551 1431 Cantabolibi,

1993 1451 2176 1519 inquit,
2209 1453 2454 1506 canticum
2482 1471 2680 1507 novum.
2714 1456 2815 1511 Sed
2849 1474 2913 1510 ne
2946 1469 3091 1526 putes
3113 1463 3331 1529 gratiam
3362 1479 3388 1516 a
3423 1463 3557 1531 Lege

1991 1540 2282 1608 discedere,
2316 1559 2434 1598 cum
2468 1547 2631 1615 magis
2657 1563 2749 1615 per
2771 1553 2990 1617 gratiam
3021 1551 3122 1603 Lex
3157 1553 3432 1621 impleatur
3456 1573 3468 1606 :
3495 1555 3554 1606 In

1993 1632 2227 1700 psalterio
2273 1634 2439 1687 decem
2481 1637 2784 1689 chordarum
2827 1640 3040 1708 psallam
3088 1642 3191 1692 tibi.
3227 1643 3290 1694 In
3322 1645 3556 1710 psalterio

1993 1721 2158 1774 decem
2189 1725 2489 1777 chordarum
2512 1769 2526 1791 ,
2561 1729 2612 1790 in
2641 1727 2779 1796 Lege
2823 1729 3002 1782 docent
3035 1744 3412 1802 pra-captorum
3444 1752 3455 1787 :
3489 1738 3556 1788 ibi

1997 1812 2085 1864 tibi
2107 1815 2342 1880 psallam,
2364 1815 2434 1868 ibi
2460 1817 2546 1869 tibi
2569 1819 2846 1885 gaudeam,
2867 1820 2934 1871 ibi
2964 1821 3050 1872 tibi
3071 1831 3273 1876 cantem
3297 1826 3555 1878 canticum

1996 1917 2224 1965 novmn;
2255 1905 2372 1970 quia
2407 1906 2672 1972 plenitudo
2701 1908 2854 1976 Legis
2880 1910 3107 1963 charitas
3131 1923 3210 1965 est
3241 1914 3414 1980 (Itoni.
3447 1931 3558 1976 xui,

1998 1993 2116 2061 10).
2158 1995 2413 2049 Cmterum
2459 1999 2547 2065 qui
2592 2014 2694 2052 non
2744 2001 2934 2054 habent
2972 2003 3280 2056 charitatem
3307 2045 3321 2069 ,
3357 2018 3562 2073 portare

1999 2084 2300 2152 psalterium
2329 2097 2568 2155 possunt,
2596 2099 2809 2143 cantare
2832 2107 2933 2142 non
2965 2102 3199 2160 possunt.
3230 2093 3342 2163 Ego
3368 2096 3561 2166 itaque,

1999 2175 2187 2245 inquit,
2220 2177 2358 2231 inter
2385 2194 2551 2246 aquas
2579 2182 3011 2236 contradictionis
3030 2185 3255 2238 cantabo
3279 2187 3368 2239 tibi
3397 2190 3564 2242 canti-

1998 2279 2116 2316 cum
2149 2282 2376 2328 novum;
2419 2279 2473 2321 et
2516 2287 2779 2339 nunquam
2812 2274 3032 2339 strepitu
3063 2289 3159 2326 suo
3184 2275 3380 2330 facient
3417 2293 3564 2347 aquas

1998 2354 2448 2418 contradictionis,
2479 2367 2532 2410 ut
2562 2359 2893 2413 obtumcscat
2923 2363 3228 2428 psalterium
3255 2380 3430 2420 meum
3460 2386 3472 2420 :
3502 2368 3564 2422 In

2000 2441 2237 2510 psalterio
2264 2444 2430 2497 decem
2468 2447 2768 2499 chordarum
2799 2451 3013 2518 psallam
3040 2453 3144 2504 tibi.

2073 2534 2156 2586 17.
2188 2533 2332 2605 [rats
2365 2538 2429 2589 10
2453 2579 2468 2601 ,
2503 2537 2612 2610 Η.]
2655 2539 2751 2605 Qui
2781 2540 2911 2592 data
2941 2544 3154 2598 salutent
3191 2549 3385 2617 regibus
3410 2567 3428 2604 .'
3458 2552 3564 2618 jam

2001 2621 2321 2678 ftnnantihns
2345 2628 2628 2683 montibus.
2659 2631 2757 2696 Qui
2782 2632 2976 2685 redimit
3003 2633 3167 2688 Drmid
3185 2655 3379 2693 servum
3397 2659 3563 2696 suum.
3608 2699 3611 2702 ,

2001 2715 2296 2784 Agnoscitis
2330 2719 2489 2771 David
2516 2761 2528 2777 .
2564 2730 2731 2775 estete
2763 2723 2943 2777 David.
2986 2725 3135 2780 Unde
3160 2729 3368 2784 redimit
3409 2733 3564 2789 David

2000 2819 2214 2859 servum
2245 2809 2434 2860 suum?
2460 2810 2598 2864 unde
2627 2813 2836 2865 redimit
2864 2816 3126 2870 Chrisutm
3149 2820 3172 2870 ?
3198 2822 3336 2876 unde
3361 2825 3564 2883 redimit

2000 2912 2193 2967 corpus
2218 2897 2453 2954 Christi?
2480 2900 2558 2954 De
2581 2902 2752 2972 gladio
2778 2907 2998 2976 maligno
3021 2925 3136 2962 erue
3157 2925 3254 2964 me.
3280 2913 3358 2968 De
3376 2917 3564 2986 gladio,

2001 3003 2105 3041 non
2133 2989 2362 3054 sufﬁcit;
2394 2992 2556 3057 addit,
2594 2995 2834 3063 maligno.
2866 2997 3053 3052 Procul
3080 3000 3237 3056 dubio
3263 3015 3343 3058 est
3367 3006 3565 3075 gladius

2002 3077 2277 3147 benignus.
2307 3081 2437 3146 Quis
2458 3091 2538 3134 est
2556 3083 2763 3152 gladius
2787 3085 3078 3156 benignus?
3101 3090 3174 3144 De
3193 3107 3297 3160 quo
3322 3093 3566 3150 Dominus

2000 3167 2127 3222 dicit
2155 3187 2168 3221 :
2199 3169 2320 3223 Non
2349 3172 2457 3224 veni
2489 3190 2658 3242 pacem
2690 3177 2880 3230 mittere
2908 3179 2958 3230 in
2988 3189 3170 3234 terram
3193 3224 3206 3246 ,
3237 3185 3324 3237 sed
3347 3187 3568 3255 gladium

2005 3256 2229 3323 (Matth.
2252 3276 2301 3324 x,
2324 3261 2443 3332 54).
2490 3263 2839 3332 Separaturus
2854 3270 2993 3322 enim
3016 3280 3132 3325 erat
3161 3273 3343 3330 fideles
3363 3279 3431 3332 ab
3456 3280 3570 3333 iulia.

1999 3347 2223 3415 debbas,
2255 3349 2390 3406 ﬁlios
2417 3367 2444 3404 a
2476 3356 2794 3421 parentibus,
2825 3368 2880 3412 et
2903 3370 3122 3416 cmteras
3157 3369 3570 3426 necessitudines

1999 3437 2374 3508 dirempturos,
2395 3443 2569 3513 gladio
2601 3450 2928 3514 putredinrm
2959 3453 3317 3524 abscindeute,
3339 3463 3570 3518 membra

1999 3540 2174 3584 autem
2211 3531 2404 3586 Christi
2433 3546 2672 3590 sanaute.
2712 3537 2805 3590 Est
2831 3555 2958 3609 ergo
2988 3543 3238 3612 benignus
3265 3549 3467 3616 gladius
3496 3553 3574 3606 bis

1999 3630 2201 3684 acutus,
2220 3631 2439 3690 utroque
2455 3627 2694 3680 acumine
2713 3640 3027 3698 praepotens,
3049 3634 3249 3690 Veteris
3264 3649 3315 3692 et
3331 3640 3456 3694 Novi
3481 3643 3574 3698 Te-

2000 3714 2265 3776 stamcnti,
2293 3717 2589 3770 narratione
2617 3721 2999 3784 ιινξιειυι·ἰὶυιύιιι
3026 3733 3079 3777 et
3103 3729 3453 3794 promissione
3483 3734 3535 3786 fu

2003 3805 2389 3858 tororum-Est
2417 3823 2542 3876 ergo
2571 3808 2669 3862 iste
2694 3811 2900 3878 gladius
2927 3813 3182 3883 benignus
3224 3835 3237 3872 :
3279 3819 3366 3874 ille
3393 3833 3568 3877 autem

2001 3892 2261 3961 malignus
2289 3904 2368 3948 est
2406 3911 2513 3964 quo
2551 3897 2620 3950 illi
2662 3899 2948 3966 loquuntur
2973 3905 3296 3972 vanitatem;
3328 3913 3447 3978 quia
3482 3914 3569 3967 he-

2002 3984 2190 4052 nignus
2209 3993 2310 4051 est,
2335 4002 2437 4056 quo
2466 3987 2606 4042 Deus
2629 3989 2858 4059 loquitur
2879 3995 3171 4055 veritatem.
3208 3999 3361 4069 Ergo,
3393 4002 3435 4054 Α
3454 4003 3570 4071 gla-

2002 4075 2086 4129 dio
2112 4078 2331 4148 maligno
2359 4095 2473 4133 erue
2502 4098 2597 4135 me.
2635 4081 2755 4136 Filii
2783 4086 2973 4153 quippe
3003 4088 3257 4142 hominum
3286 4094 3453 4146 dentes
3481 4111 3581 4149 θοι·

2001 4182 2112 4217 rum
2142 4183 2283 4220 arma
2312 4179 2358 4221 et
2399 4171 2594 4240 sagith
2616 4213 2630 4234 ,
2659 4182 2706 4225 et
2742 4174 2914 4244 lingua
2956 4192 3123 4229 eorum
3168 4181 3366 4248 gladius
3396 4196 3582 4240 acutus

2004 4252 2180 4325 (Psal.
2230 4273 2331 4322 LVI,
2378 4260 2450 4328 5)
2493 4277 2505 4311 :
2549 4262 2614 4315 ab
2652 4261 2754 4316 hoc
2794 4265 2968 4332 gladio
3018 4270 3244 4338 maligno
3288 4289 3414 4327 erue
3459 4291 3562 4328 me.

2002 4349 2166 4411 Quem
2198 4349 2333 4402 dixit
2361 4351 2516 4405 modo
2541 4353 2790 4422 gladium,
2822 4356 2959 4424 ipsas
2985 4361 3224 4427 superius
3250 4361 3374 4416 dixit
3407 4381 3570 4435 aquas

2003 4439 2192 4492 multas
2229 4458 2241 4492 :
2282 4439 2419 4495 Erue
2455 4460 2533 4497 me
2569 4445 2632 4498 de
2669 4449 2809 4515 agitis
2849 4447 3036 4503 multis.
3079 4451 3222 4517 Quas
3256 4455 3367 4509 dixi
3408 4474 3571 4528 aquas

2003 4529 2192 4582 multas
2215 4571 2230 4594 ,
2261 4530 2429 4598 ipsum
2472 4535 2590 4587 dico
2630 4537 2858 4604 gladium
2891 4542 3197 4611 malignum.
3244 4545 3476 4618 Denique
3499 4552 3566 4606 de

2001 4620 2152 4688 aquis
2171 4621 2350 4677 multis
2369 4639 2488 4678 cum
2515 4625 2773 4693 dixisset;
2799 4640 3011 4685 secutus
3035 4641 3135 4696 est,
3159 4634 3236 4688 De
3259 4654 3411 4692 unum
3429 4642 3568 4707 ﬁlio-

2001 4726 2112 4762 rum
2131 4710 2427 4780 alienorum,
2454 4731 2664 4784 quorum
2691 4720 2990 4778 os,locutum
3015 4733 3087 4775 est
3105 4725 3390 4783 vanitatem.
3421 4730 3486 4783 Et
3511 4747 3564 4783 ut.

2003 4802 2214 4856 noveris
2240 4803 2381 4872 ipsos
2402 4805 2503 4858 diei
2529 4826 2542 4868 ;
2573 4821 2690 4859 eum
2720 4819 2771 4860 et
2799 4809 2882 4862 hic
2906 4811 3144 4870 dixisset.
3174 4815 3246 4869 De
3263 4819 3433 4886 gladio
3457 4837 3568 4873 ma-

2002 4891 2137 4961 ligno
2161 4910 2277 4946 erue
2305 4910 2399 4956 me,
2419 4906 2629 4950 secutus
2655 4907 2755 4959 est,
2780 4897 2844 4951 Et
2873 4902 3031 4954 exime
3060 4920 3136 4956 me
3163 4906 3224 4958 de
3249 4921 3398 4959 manu
3428 4910 3567 4976 filio-

2000 4998 2112 5034 rum
2137 4984 2414 5036 alicnorum
2434 5024 2447 5046 ,
2473 5001 2684 5053 quorum
2711 5005 2763 5040 os
2790 4988 3008 5043 locutum
3051 5005 3118 5045 est
3148 4998 3413 5050 vanitatem
3440 5015 3460 5050 :
3487 5001 3532 5052 si
3549 5029 3563 5039 -

2001 5073 2194 5125 utiliter
2221 5073 2361 5126 sicut
2399 5075 2486 5127 ibi.
2533 5076 2595 5128 Et
2643 5078 2780 5144 quod
2827 5083 3095 5148 sequitur,
3136 5084 3357 5140 Dextera
3393 5101 3566 5143 eorum

2001 5163 2203 5216 dextera
2229 5165 2534 5232 iniquitatis;
2566 5168 2664 5221 hoc
2690 5178 2740 5222 et
2767 5184 2923 5238 supra
2954 5191 3034 5241 po.-
3053 5189 3217 5230 uerat.
3248 5181 3455 5244 quando
3471 5197 3565 5236 eos

2005 5253 2202 5306 dixerat
2227 5270 2390 5321 aquas
2415 5256 2626 5309 multas.
2653 5258 2728 5311 'l‘u
2750 5261 2888 5312 enim
2914 5280 2977 5313 ne
3002 5278 3164 5330 aquas
3191 5268 3381 5320 multas
3403 5270 3568 5326 bonas

2005 5355 2249 5410 putares,
2290 5347 2530 5414 exposuit
2557 5364 2645 5401 cas
2687 5349 2736 5402 in
2775 5351 2951 5419 gladio
2980 5353 3226 5423 maligno.
3266 5356 3415 5413 Nunc
3439 5377 3566 5427 ergo

2001 5445 2227 5502 exponat
2255 5436 2394 5504 quod
2422 5435 2572 5500 dixit,
2606 5438 2830 5504 Quorum
2860 5458 2914 5495 os
2935 5441 3155 5498 locutum
3182 5457 3254 5501 est
3279 5451 3564 5517 vanitatem,

2068 5572 2084 5634 ξ
2112 5575 2176 5634 tta
2191 5569 2393 5634 quidam
2419 5578 2522 5618 Mss.
2546 5580 2605 5634 at
2629 5573 2759 5629 Edd.,
2785 5574 2944 5634 gratia
2973 5584 3058 5626 est.

2064 5631 2240 5703 '_t‘.dd.,
2266 5632 2348 5703 (lat
2371 5642 2463 5701 ;.ct
2487 5631 2625 5703 inira,
2653 5631 2868 5703 redemit.
2903 5645 2958 5703 at,
2983 5645 3085 5703 Mss.
3130 5641 3327 5703 aliquot,
3349 5644 3474 5700 das:
3519 5655 3565 5699 et

2005 5701 2187 5761 postea.
2224 5693 2442 5746 redemit.
2472 5695 3091 5761 vel,_t'etlcttti»ti._Quidam,
3119 5693 3223 5761 dat,
3247 5715 3296 5754 et
3318 5693 3563 5759 "reuolui;

2005 5754 2142 5812 juxta
2165 5762 2311 5804 ta'a’c.
2339 5764 2463 5817 LXX,
2491 5757 2535 5806 ιὸ
2557 5755 2758 5808 t‘lidanti.
2787 5761 2832 5808 to
2855 5754 3160 5812 lult‘ounttlJO.

2719 5843 3307 5920 (ﬂagitante-nauli)
