4082 6204
486 365 612 420 ιεω

479 491 526 537 et
555 479 757 534 dextera
795 477 966 529 eorum
989 471 1191 524 dextera
1220 463 1513 535 iniquitatis.
1560 459 1728 527 Quam
1759 454 2047 530 vanitatem

486 571 717 626 locutum
739 574 820 620 est
839 579 898 616 os
919 560 1138 616 eorum?
1165 569 1218 614 et
1239 552 1502 627 quomodo
1523 551 1726 605 dextera
1746 560 1918 600 eorum
1941 543 2056 596 dea:-

485 671 590 716 tera
618 654 891 724 iniquitatis
907 652 933 706 ?

560 753 646 808 18.
676 750 838 824 [vers.
871 739 1098 814 illi]
1141 741 1365 806 Quorum
1409 735 1501 804 ﬁlii
1535 733 1756 801 ipsorum
1793 725 1923 824 velut
1959 739 2054 776 no-

487 846 630 900 velltc
655 815 982 897 cbnstabilitte
1021 837 1074 888 in
1109 835 1365 904 juventute
1402 843 1512 880 sua.
1546 820 1871 878 Felicitatem
1911 815 2055 883 ipso-

487 932 746 991 rum'vnlt
774 941 1104 985 enumerare.
1139 919 1422 981 Attendite,
1455 914 1546 994 filii
1575 909 1728 975 lucis,
1755 906 1844 962 filii
1877 904 2052 974 pacis;

487 1025 742 1080 attendite
767 1065 780 1086 ,
813 1021 904 1076 lilii
934 1015 1183 1072 Ecclesia:
1204 1054 1218 1077 ,
1262 1009 1494 1064 membra
1538 1001 1732 1057 Christi
1758 1016 1773 1064 ;
1804 995 2058 1051 attendite

488 1131 621 1187 quos
646 1115 788 1170 dicat
816 1097 1158 1178 alienigenas,
1187 1091 1318 1172 quos
1345 1098 1487 1152 dicat
1515 1095 1653 1148 ﬁlios
1678 1091 1900 1187 alienos,
1925 1095 2058 1187 quos

488 1175 630 1263 dicat
650 1218 812 1274 aquas
835 1175 1264 1256 contradirtimtis
1287 1235 1302 1259 ,
1331 1205 1461 1260 quos
1491 1187 1630 1241 dicat
1651 1175 2060 1274 gladiumnt-ali-

486 1312 668 1368 gnum.
697 1267 966 1348 intendite
987 1331 1001 1352 ,
1031 1287 1284 1347 obsecro;
1316 1280 1436 1352 quia
1465 1279 1602 1331 inter
1629 1267 2058 1357 istos’perielita-

489 1362 618 1442 inini
643 1427 658 1451 ,
705 1387 842 1439 inter
883 1381 1070 1435 horum
1117 1377 1324 1444 linguas
1367 1370 1628 1424 adversus
1665 1362 1839 1418 carnis
1869 1365 2062 1412 vestra:

491 1477 752 1532 desideria
789 1472 1092 1528 dimicatis:
1127 1469 1263 1522 inter
1307 1463 1493 1518 borum
1540 1458 1744 1525 linguas
1781 1450 1978 1521 positas
2009 1449 2082 1508 in,

493 1583 650 1623 tnann
679 1564 874 1620 diaboli
899 1606 914 1629 ,
944 1563 1010 1616 de
1039 1561 1227 1630 quibus
1254 1562 1484 1626 pugnat,
1511 1545 1934 1622 colluctationem
1965 1541 2060 1592 ha-

493 1661 647 1725 betis,
677 1675 778 1712 non
805 1657 1041 1710 adversus
1067 1666 1268 1706 carnem
1297 1659 1343 1700 et
1370 1642 1680 1714 sanguinem,
1711 1636 1799 1691 sed
1827 1633 2063 1687 adversus

494 1723 744 1821 principes
765 1759 810 1803 et
833 1753 1114 1819 potestates,
1139 1752 1182 1796 et
1208 1749 1422 1794 rectores
1444 1732 1619 1816 mundi
1640 1723 2064 1821 tenebrarum-ha-

489 1813 602 1896 rum
631 1813 859 1912 (Ep/tes.
881 1855 930 1892 vt
950 1879 965 1902 ,
993 1834 1094 1902 12)
1117 1876 1128 1895 ,
1155 1833 1255 1886 hoc
1283 1837 1394 1894 est,
1422 1813 1744 1894 iniquorum.
1773 1813 2060 1912 Attendite,

493 1944 550 1987 ut
570 1905 882 1988 discernatis
906 1943 1038 1990 vos,
1065 1922 1342 1983 attemlite,
1373 1933 1437 1972 ne
1468 1913 1660 1985 putetis
1684 1923 1864 1965 veram
1897 1905 2063 1960 felici—

493 2036 654 2080 tatem
682 2038 821 2086 esse,
851 2036 1005 2090 quam
1039 2017 1140 2072 sibi
1165 2024 1348 2084 optant
1374 2009 1614 2062 homines
1638 2013 1729 2059 aut
1757 1999 1949 2056 infirmi
1975 2005 2066 2051 aut

496 2117 730 2186 maligni.
763 2113 918 2176 Ecce,
951 2110 1160 2178 fratres,
1185 2113 1330 2160 certe
1363 2101 1498 2154 ﬁlios
1525 2097 1726 2150 alienos
1746 2091 1896 2154 dixit,
1920 2097 2066 2186 certe

493 2177 659 2281 aqua;
687 2207 900 2268 multas,
930 2177 1076 2258 certe
1101 2197 1329 2270 gladium
1363 2191 1671 2260 malignum.
1699 2183 1886 2281 Videte
1913 2177 2064 2281 vani-

495 2269 659 2357 tatem
684 2313 843 2368 quam
869 2269 1172 2364 loquuntur,
1203 2298 1256 2343 et
1282 2293 1468 2340 cavete
1493 2298 1558 2335 ne
1588 2277 1710 2332 talia
1737 2269 2060 2368 loquamini,

491 2400 676 2448 cavete
703 2361 770 2444 ne
797 2387 918 2442 talia
940 2361 1230 2454 loquentes
1255 2371 1552 2431 imitemini.
1576 2369 1812 2436 Quorum
1847 2361 2067 2454 oslocué

497 2495 599 2537 tum
627 2490 700 2536 est
726 2451 1090 2540 vanitatempet
1115 2471 1320 2524 dextera
1347 2479 1516 2520 eorum
1541 2461 1744 2514 dextera
1769 2451 2064 2524 iniquitatis.
2088 2498 2089 2501 η

490 2577 662 2643 Quam
685 2571 966 2626 vanitatem
987 2566 1218 2620 locutum
1237 2567 1318 2614 est
1338 2571 1398 2616 os
1417 2567 1624 2614 eorum,
1640 2559 1694 2603 et
1713 2561 1830 2617 qum
1849 2544 2065 2643 dextera

497 2633 680 2720 dormt
722 2659 1007 2730 iniquitatis
1050 2662 1134 2710 est
1169 2648 1436 2706 dextera?
1476 2643 1608 2699 Audi
1655 2657 1668 2694 :
1711 2640 1935 2707 Quorum
1973 2633 2068 2730 lilii

496 2761 721 2828 ipsormn
746 2725 876 2809 velut
900 2749 1110 2805 novella:
1127 2742 1454 2824 cpnstabilita:
1478 2756 1508 2792 a
1523 2738 1782 2809 juventute
1803 2745 1927 2794 sua;
1949 2725 2069 2828 ﬁliae

499 2819 668 2905 eorum
697 2845 984 2916 composita:
1005 2885 1020 2906 ,
1051 2851 1096 2895 et
1141 2819 1331 2893 ornata:
1365 2834 1492 2888 sicut
1534 2825 1808 2884 similitudo
1851 2819 2022 2886 tentpli
2047 2835 2066 2873 :

497 2939 706 2995 cellaria
753 2915 925 2992 eorum
969 2933 1114 3004 plena
1140 2972 1154 2993 ,
1198 2927 1473 2983 eructautia
1510 2937 1570 2976 ea:
1598 2920 1689 2973 hoc
1716 2918 1767 2970 in
1795 2915 1886 2968 hoc
1910 2930 1928 2966 :
1958 2926 2070 2964 oves

502 3049 678 3088 eorum
694 3029 941 3100 fecundis,
969 3023 1358 3093 multiplicantes
1377 3019 1430 3070 in
1460 3013 1735 3086 egressibus
1759 3009 1899 3070 suis;
1927 3005 2071 3091 boves

498 3141 668 3180 eorum
695 3122 851 3177 crassi
882 3135 901 3173 :
929 3134 1028 3172 non
1064 3125 1138 3172 est
1175 3115 1324 3167 ruina
1359 3110 1490 3181 sepis
1512 3149 1528 3174 ,
1569 3121 1658 3159 nec
1685 3103 1876 3167 exitus;
1914 3111 2073 3167 neque

493 3230 689 3268 clamor
716 3214 768 3266 in
803 3209 980 3282 plateis
1013 3221 1202 3261 eorum.
1245 3203 1381 3271 Ergo
1421 3214 1526 3252 non
1566 3205 1648 3249 est
1677 3194 1776 3259 ista
1806 3184 2071 3245 felicitas?

503 3309 772 3376 Interrogo
798 3280 932 3357 lilio;
963 3300 1108 3368 regni
1139 3296 1391 3351 caelorum
1413 3333 1427 3353 ,
1459 3291 1726 3356 interrogo
1767 3280 2070 3354 progeniem

504 3371 908 3452 resurrectionis
933 3391 987 3444 in
1015 3399 1292 3446 aeternum,
1323 3384 1588 3446 interrogo
1618 3389 1810 3442 corpus
1837 3371 2028 3427 Christi
2055 3411 2068 3434 ,

501 3487 738 3542 membra
767 3481 996 3545 Christi,
1025 3476 1277 3545 templum
1311 3471 1402 3526 Dei
1427 3487 1441 3522 :
1471 3469 1610 3536 Ergo
1638 3480 1743 3520 non
1767 3471 1850 3518 est
1875 3463 1973 3517 ista
2001 3461 2075 3516 fe-

503 3563 674 3637 licitas
693 3620 708 3643 ,
739 3577 934 3631 habere
965 3574 1101 3627 ﬁlios
1130 3569 1420 3625 incolumes
1443 3605 1458 3628 ,
1489 3561 1620 3616 ﬁlias
1645 3567 1858 3613 ornatas
1877 3598 1890 3617 ,
1917 3557 2072 3627 plena

501 3668 736 3736 cellaria,
766 3663 1082 3722 abundantia
1116 3673 1325 3730 pecora,
1357 3655 1552 3710 nullam
1577 3651 1804 3712 ruinam,
1829 3663 1930 3702 non
1958 3646 2076 3700 dico

503 3762 740 3834 parietis,
763 3758 854 3814 sed
881 3771 981 3811 nec
1001 3754 1170 3824 scpis;
1195 3750 1393 3805 nullum
1418 3745 1693 3800 tumultum
1715 3750 1770 3796 et
1787 3741 2074 3794 clamorem

505 3829 556 3908 in
581 3851 785 3922 plateis,
812 3849 904 3902 sed
931 3845 1181 3914 quietem,
1211 3853 1413 3910 pacem,
1447 3833 1840 3894 abundantiam,
1872 3829 2074 3897 copiam

505 3960 682 4000 rerum
725 3942 775 3995 in
805 3937 1080 3998 domibus,
1116 3935 1166 3986 in
1199 3926 1529 3986 civitatibus?
1565 3926 1700 3994 Ergo
1730 3937 1832 3976 nun
1859 3931 1940 3975 est
1978 3921 2075 3973 ista

507 4032 768 4089 felicitas?
793 4039 883 4083 aut
911 4026 1106 4081 debent
1132 4039 1246 4077 eam
1277 4020 1402 4089 justi
1429 4013 1720 4084 defugere?
1745 4021 1837 4066 aut
1863 4027 1964 4064 non
1995 4011 2078 4062 in-

507 4124 657 4197 venis
678 4130 730 4175 et
753 4119 966 4174 domum
989 4115 1112 4184 justi
1139 4110 1492 4165 abundantem
1523 4105 1683 4160 rebus
1709 4102 1791 4155 his
1811 4101 2076 4162 omnibus,

497 4190 716 4290 plenam
739 4213 835 4267 ista
864 4207 1144 4265 felicitate?
1175 4203 1288 4258 Non
1318 4209 1433 4255 erat
1456 4198 1645 4252 domus
1669 4192 1892 4280 Abrahae
1913 4190 2096 4244 abnnm

509 4273 643 4363 ilans
661 4319 810 4366 auro,
833 4307 1072 4371 argento,
1101 4297 1238 4360 filiis,
1267 4291 1484 4355 familia,
1511 4273 1788 4356 pecoribus
1813 4281 1960 4354 (Cen.
1985 4297 2075 4344 xu,

511 4403 543 4454 5
568 4417 584 4465 ;
610 4407 654 4452 et
686 4390 996 4460 sitne-6)?
1033 4387 1218 4442 Nonne
1246 4381 1409 4438 .lacob
1437 4388 1652 4433 sanctus
1682 4372 1974 4445 patriarcha
2004 4371 2086 4424 ιιι-

507 4493 662 4562 giens
686 4502 714 4539 a
748 4484 879 4538 facie
907 4483 1040 4536 Esau
1083 4477 1258 4532 fratris
1287 4474 1367 4528 sui
1399 4473 1450 4525 in
1481 4467 1907 4539 Mesopotamiam
1927 4507 1942 4531 ,
1971 4479 2082 4518 ser-

512 4558 662 4644 viens
687 4581 881 4634 ditatus
901 4615 918 4640 ,
958 4583 1228 4640 regi-esstts
1255 4577 1334 4622 cst
1359 4607 1372 4629 ,
1413 4574 1467 4620 et
1491 4559 1598 4633 egit
1639 4562 1832 4630 gratias
1863 4558 2084 4612 Domino

443 4663 460 4681 Χ
516 4677 626 4730 Deo
643 4687 762 4735 suo,
777 4669 898 4738 quia
919 4665 972 4720 in
986 4664 1125 4732 virga
1148 4675 1240 4716 sua
1263 4657 1470 4713 transiit
1490 4656 1724 4716 fluvium,
1745 4663 1797 4706 et
1815 4665 2085 4721 regressus

515 4773 602 4821 est
623 4779 741 4818 cum
767 4768 905 4814 tanta
929 4752 1245 4810 abundantia
1271 4762 1518 4819 pecorum
1543 4755 1701 4814 atque
1727 4745 1948 4796 liliorum
1973 4743 2081 4811 (Id.

517 4871 666 4921 xxxt,
696 4853 762 4908 18
781 4869 795 4916 ;
815 4862 857 4904 et
884 4864 1049 4910 χχιιι,
1069 4844 1198 4898 ’ῖ-ιο
1219 4843 1275 4908 )?
1302 4838 1435 4907 Qttid
1462 4837 1688 4891 dicimus
1707 4833 1730 4887 ’ἔ
1758 4849 1862 4888 ιιοιι
1889 4845 1964 4886 est
1991 4835 2083 4884 ista

517 4943 786 5004 felicitas?
822 4942 904 4996 Sit
933 4939 1092 4998 licet,
1123 4933 1215 4990 sed
1259 4932 1491 4986 sinistra.
1536 4925 1670 4993 Quid
1700 4935 1817 4990 est,
1849 4922 2082 4977 sinistra.

520 5035 871 5108 Temporalis,
899 5027 1155 5088 mortalis,
1187 5020 1496 5092 corporalis.
1530 5017 1660 5098 Nolo
1690 5016 1828 5070 illam
1853 5013 1960 5084 jam
1991 5012 2090 5064 dif-

521 5103 714 5201 fugia-s,
738 5124 831 5180 sed
853 5134 1026 5190 neque
1050 5117 1324 5172 dexteram
1355 5121 1528 5183 putes.
1551 5107 1667 5162 Non
1693 5103 1949 5201 enim-isti
1971 5103 2092 5201 ideo

520 5191 756 5290 maligni,
787 5214 907 5270 ideo
935 5209 1077 5272 vani,
1111 5205 1232 5278 quia
1264 5204 1346 5259 his
1373 5198 1740 5262 abundabant;
1769 5194 1861 5250 sed
1890 5195 2008 5264 quia
2038 5191 2089 5246 id

519 5276 955 5383 quodusinistrum
977 5315 1096 5358 esse
1115 5276 1317 5360 debuit,
1341 5296 1392 5348 in
1417 5293 1632 5348 dextera
1655 5289 1942 5361 ponebant.
1972 5286 2092 5340 Ideo

518 5378 566 5459 et
594 5403 992 5457 dextera’eorum
1015 5393 1222 5446 dextera
1251 5384 1563 5456 iniquitatis;
1592 5382 1712 5436 ideo
1739 5397 1795 5434 os
1817 5394 1988 5433 eorum
2019 5378 2096 5430 lo-

518 5506 689 5548 cutum
715 5501 786 5549 est
809 5489 1076 5544 vanitatem
1108 5499 1126 5538 :
1154 5481 1276 5552 quia
1307 5479 1408 5534 hoc
1445 5478 1497 5532 in
1523 5474 1742 5532 dextera
1768 5478 2093 5543 posuerunt,

526 5586 670 5654 quod
693 5589 744 5638 in
767 5581 978 5638 sinistra
1005 5575 1200 5631 habere
1224 5571 1540 5628 debuerunt.
1566 5565 1700 5634 Quid
1727 5565 1868 5618 enim
1897 5563 1948 5618 in
1965 5561 2096 5615 dex—

523 5687 640 5730 tera
669 5687 866 5744 ponere
906 5665 1236 5723 debuerunt?
1275 5663 1439 5716 Deum
1465 5700 1481 5727 ,
1509 5659 1858 5714 aeternitatem
1884 5697 1899 5722 ,
1925 5667 2095 5708 annos

524 5767 623 5822 Dei
662 5779 764 5818 non
807 5760 1111 5816 deficientes
1135 5798 1148 5824 ,
1180 5756 1247 5811 de
1275 5753 1464 5823 quibus
1504 5749 1696 5807 dicitur
1717 5788 1732 5816 ,
1767 5745 1831 5801 Et
1874 5747 1994 5800 anni
2023 5745 2096 5800 ιιιὶ

1703 340 1760 396 S.
1804 330 2160 392 AUCL'STINI
2200 330 2500 388 EPlSCOPl

3582 332 3723 388 asas

2156 465 2257 502 non
2278 449 2508 516 deficient
2531 441 2698 520 (Psal.
2721 463 2792 515 et,
2817 446 2918 520 28)
2943 467 2957 504 :
2978 449 3046 505 ibi
3067 450 3312 516 dextera,
3337 449 3407 505 ibi
3428 465 3548 506 esse
3567 451 3726 506 debet

2157 539 2477 594 desiderium
2505 548 2763 594 nostrum.
2789 540 3008 596 Sinistra
3032 552 3240 596 utamur
3263 542 3331 597 ad
3351 552 3577 611 tempus,
3599 542 3732 597 ἀεκ-

2158 640 2324 686 teram
2354 631 2718 686 desideremus
2747 632 2796 686 in
2837 644 3112 688 aeternum.
3145 633 3349 688 Divitiae
3374 632 3418 686 si
3445 632 3630 698 ﬂuant,
3661 649 3731 689 ne

2158 725 2434 802 apponatis
2459 739 2550 778 cor
2576 722 2748 795 (Psal.
2779 740 2884 792 ut,
2915 725 3037 796 11).
3077 723 3134 780 Si
3169 725 3310 780 enim
3339 725 3534 780 divitiis
3561 724 3730 780 ﬂuen-

2159 817 2298 871 tibus
2323 832 2418 871 cor
2446 817 2798 886 apposueritis
2820 858 2835 883 ,
2869 817 3008 887 quod
3033 817 3300 871 sinistrum
3339 827 3453 880 est,
3482 815 3732 873 dextrum

2159 907 2380 961 facietis.
2414 905 2671 976 Corrigite
2699 921 2794 962 vos
2817 949 2832 971 ,
2863 907 3132 977 agnoscite
3173 907 3486 976 sapientiam
3529 909 3735 978 ample.

2159 1008 2388 1053 etentem
2418 1015 2514 1052 vos
2538 1015 2554 1063 ;
2584 999 2667 1054 cui
2697 999 2894 1053 dictum
2923 1010 3006 1054 est
3028 1043 3042 1063 ,
3075 999 3295 1054 Sinistra
3325 1003 3433 1070 eius
3451 1002 3546 1056 sub
3571 1000 3735 1070 capite

2159 1107 2288 1155 meo,
2313 1101 2360 1144 et
2386 1091 2590 1146 dextera
2613 1093 2720 1162 ejus
2745 1093 3098 1163 complectetur
3124 1110 3201 1148 me
3226 1091 3397 1166 (Cant.
3432 1111 3491 1160 ιι,
3520 1094 3614 1163 6).
3647 1093 3737 1148 Vi-

2161 1181 2281 1236 dete
2300 1177 2554 1237 amatoria
2585 1193 2765 1238 sancta
2793 1185 3031 1249 cantica;
3061 1185 3234 1240 videte
3259 1184 3475 1240 Cantica
3501 1187 3740 1242 cantico-

2165 1287 2300 1341 rum,
2334 1261 2632 1346 nuptiarum
2661 1276 2956 1332 caelestium
2985 1277 3182 1331 Christi
3209 1287 3263 1332 et
3293 1277 3567 1333 Ecclesiae.
3599 1277 3737 1346 Quid

2162 1366 2287 1420 dicit
2317 1381 2510 1436 sponsa
2540 1366 2606 1422 de
2634 1367 2870 1436 Sponso?
2900 1367 3120 1422 Sinistra
3159 1369 3266 1437 ejus
3289 1369 3380 1422 sub
3403 1368 3566 1438 capite
3595 1382 3734 1436 meo,

2163 1466 2209 1510 et
2246 1456 2451 1511 dextera
2487 1459 2595 1526 ejus
2633 1459 2986 1528 corltplectetur
3016 1475 3112 1512 me.
3137 1457 3361 1514 Sinistra
3402 1462 3502 1514 sub
3525 1460 3700 1530 capite
3719 1503 3736 1527 ,

2163 1547 2387 1602 dextera
2407 1562 2566 1616 super
2589 1558 2763 1619 caput.
2792 1549 3172 1618 Amplectentis
3198 1551 3340 1606 enim
3361 1551 3592 1622 desuper
3612 1550 3740 1606 bra-

2164 1639 2339 1696 chium
2367 1655 2527 1710 super
2553 1650 2709 1711 caput
2730 1681 2746 1707 ,
2778 1640 2990 1695 sinistra
3030 1650 3206 1696 autem
3235 1640 3420 1696 subter
3444 1651 3622 1713 caput.
3651 1643 3742 1698 Si-

2165 1733 2322 1788 nistra
2341 1774 2355 1794 ,
2389 1733 2556 1803 inquit
2581 1773 2595 1797 ,
2625 1733 2736 1802 ejus
2763 1735 2852 1786 sub
2881 1733 3044 1804 capite
3071 1749 3201 1788 meo.
3226 1731 3342 1787 Non
3366 1733 3508 1788 enim
3539 1749 3626 1790 me
3647 1733 3746 1790 dc-

2165 1835 2310 1880 seret
2349 1825 2399 1880 in
2443 1827 2820 1895 temporalibus
2867 1827 3180 1882 necessariis
3221 1826 3360 1882 :sed
3408 1837 3584 1882 tamen
3627 1829 3742 1898 ipsa

2165 1916 2378 1970 sinistra
2404 1915 2504 1970 sub
2539 1917 2712 1988 capite
2736 1917 2833 1972 erit
2859 1932 2874 1982 ;
2920 1931 3023 1970 non
3050 1917 3209 1987 capiti
3237 1927 3576 1987 praeponetur
3597 1959 3614 1986 ,
3642 1919 3744 1974 sed

2165 2005 2268 2060 erit
2299 2005 2400 2058 sub
2439 2006 2645 2074 capite;
2693 2015 2750 2059 ut
2790 2005 3008 2060 dextera
3051 2007 3166 2075 ejus
3211 2008 3592 2078 complectatur
3619 2025 3740 2075 me,

2167 2093 2421 2162 pollicens
2442 2095 2602 2149 vitam
2623 2103 2896 2166 retentam.
2930 2096 3003 2150 Ita
3028 2097 3169 2150 enim
3194 2098 3406 2152 sinistra
3427 2099 3527 2152 sub
3544 2100 3742 2169 capite.

2166 2185 2211 2238 si
2239 2183 2454 2240 dextera
2479 2199 2640 2254 super
2659 2195 2816 2256 caput
2841 2203 2856 2251 ;
2885 2187 3235 2259 impleturque
3259 2189 3400 2260 quod
3423 2191 3439 2222 ¹
3464 2191 3532 2245 ad
3557 2191 3746 2246 Timo-

2169 2279 2345 2334 theum
2376 2279 2628 2349 scriptum
2659 2289 2742 2334 est
2779 2295 2793 2333 :
2833 2279 3226 2336 Promissiouem
3263 2282 3448 2338 habens
3475 2284 3590 2339 vim:
3615 2302 3747 2355 pra:-

2166 2369 2318 2424 sentis
2341 2379 2387 2423 et
2415 2373 2600 2439 futura:
2625 2367 2676 2440 (Ι
2700 2368 2830 2422 Tim.
2852 2385 2924 2434 tv,
2949 2369 3035 2440 8).
3077 2369 3468 2427 Promissionem
3488 2415 3504 2440 ,
3538 2376 3742 2444 inquit,

2169 2460 2353 2514 habens
2378 2461 2491 2514 vita:
2519 2461 2776 2530 prazsentis
2802 2471 2848 2514 et
2873 2461 3074 2532 futura’.
3104 2463 3240 2530 Quid
3269 2463 3321 2519 in
3351 2467 3642 2534 prazsenti?
3668 2469 3750 2521 Si-

2167 2552 2328 2606 nistra
2355 2553 2444 2607 sub
2470 2553 2651 2623 capite.
2681 2553 2818 2621 Quid
2840 2555 2890 2608 itt
2918 2553 3135 2610 futuro?
3157 2554 3379 2610 Dextera
3403 2559 3512 2628 ejus
3534 2561 3748 2631 comple-

2168 2654 2326 2698 ctetur
2350 2660 2446 2698 me.
2478 2644 2725 2713 Tempori
2753 2647 3050 2700 necessaria
3076 2648 3348 2716 quaeritis?
3391 2649 3616 2714 Quwrite
3637 2653 3746 2720 pri-

2169 2753 2304 2788 mum
2344 2753 2551 2807 regnum
2589 2735 2722 2803 Dei,
2753 2737 2805 2792 id
2845 2747 2960 2805 est,
2991 2738 3300 2806 dexteram;
3346 2751 3393 2796 et
3436 2728 3751 2800 hwc‘oumia

2169 2839 2483 2898 opponentur
2524 2827 2658 2882 vobis
2713 2827 2941 2901 (Matth.
2988 2845 3043 2885 vr
3067 2871 3082 2896 ,
3128 2831 3199 2886 33
3217 2833 3256 2902 ).
3299 2823 3574 2891 lla'bebitis
3620 2836 3747 2902 hic,

2172 2919 2370 2990 inquit,
2404 2927 2458 2973 et
2481 2919 2694 2974 divitias
2718 2928 2770 2974 et
2797 2919 3014 2990 gloriam
3039 2962 3054 2984 ,
3086 2932 3138 2976 et
3164 2922 3228 2982 in,
3246 2922 3419 2978 futuro
3443 2927 3640 2981 smculo
3665 2928 3750 2981 vi-

2175 3019 2279 3064 tam
2307 3020 2559 3065 aeternam
2589 3028 2604 3064 :
2631 3019 2685 3064 et
2712 3011 2924 3066 sinistra
2952 3013 3234 3068 continebo
3265 3014 3624 3072 infirmitatem
3652 3035 3750 3072 ve-

2172 3109 2336 3156 stram
2361 3141 2378 3168 ,
2407 3110 2462 3154 et
2507 3101 2726 3156 dextera
2770 3103 3036 3157 coronabo
3084 3103 3460 3174 perfectionem
3493 3118 3750 3164 vestram.

2174 3195 2255 3247 An
2283 3191 2419 3248 forte
2447 3193 2684 3262 Apostoli
2715 3194 3072 3264 relinquentes
3093 3197 3268 3250 omnia
3295 3189 3412 3262 sua;
3437 3209 3529 3253 aut
3555 3217 3756 3271 paupe-

2175 3283 2320 3338 ribus
2340 3283 2479 3353 quod
2507 3283 2770 3338 habebant
2793 3285 3190 3351 distribuentes,
3213 3287 3330 3344 sine
3354 3289 3552 3345 divitiis
3577 3293 3630 3346 in
3653 3293 3756 3348 hoc

2176 3375 2372 3430 Saeculo
2402 3375 2806 3428 remanserunt?
2844 3375 2912 3430 Et
2941 3376 3026 3430 ιιιιί
3055 3386 3139 3430 est
3171 3377 3260 3432 illa
3299 3380 3585 3446 promissio
3621 3382 3754 3437 sini-

2176 3478 2300 3520 s'tra:
2324 3482 2338 3520 :
2361 3464 2583 3536 Accipiet
2608 3466 2660 3519 in
2686 3468 2780 3520 hoc
2809 3469 2993 3522 steculo
3017 3469 3196 3539 septies
3221 3478 3415 3524 tantum
3431 3474 3450 3503 ²
3465 3472 3490 3526 ?
3506 3472 3758 3542 Multipli-

2179 3556 2440 3610 eationem
2465 3557 2723 3624 promisit.
2751 3557 2816 3611 Et
2844 3573 3049 3624 revera,
3079 3559 3204 3629 quid
3231 3559 3367 3616 desit
3395 3563 3594 3618 homini
3621 3565 3757 3620 Dei?

2178 3646 2232 3702 Si
2263 3647 2381 3718 quis
2424 3648 2558 3703 forte
2597 3645 2826 3704 infidelis
2863 3658 2945 3704 est
2966 3690 2981 3714 ,
3015 3665 3170 3704 unam
3200 3650 3416 3706 domum
3446 3663 3536 3708 aut
3565 3671 3757 3724 paucas

2178 3739 2336 3794 habet
2377 3761 2388 3794 :
2421 3738 2613 3795 Fidelis
2651 3741 2867 3796 hominis
2910 3751 3041 3796 totus
3076 3743 3290 3798 mundus
3319 3745 3607 3800 divitiarum
3640 3759 3714 3801 est
3735 3748 3758 3780 ⁸

2181 3828 2368 3901 (Prov.
2397 3846 2536 3897 xvu,
2561 3831 2594 3886 6
2617 3873 2631 3895 ,
2660 3831 2798 3902 apud
2821 3831 2957 3886 LXX
2977 3831 3016 3906 ).
3043 3833 3174 3888 Vide
3211 3835 3480 3890 sinistram
3511 3838 3627 3905 eius
3647 3840 3758 3910 ple.

2180 3938 2302 3977 nam
2325 3923 2423 3978 sub
2447 3924 2619 3994 capite
2647 3941 2660 3976 :
2689 3925 2910 3995 Accipiet
2931 3926 2984 3978 in
3011 3925 3104 3980 hoc
3127 3931 3309 3981 sarculo
3335 3930 3516 3998 septies
3540 3941 3756 3984 tantum.

2186 4016 2319 4072 Vide
2349 4017 2620 4072 dexteram
2662 4018 3101 4088 complectentem
3139 4037 3152 4072 :
3197 4018 3266 4073 Et
3290 4025 3342 4074 in
3369 4013 3540 4092 futuro
3573 4001 3762 4077 saeculo

2181 4111 2333 4162 vitam
2358 4118 2596 4164 wtemam
2623 4109 2844 4180 (Matth.
2864 4127 2972 4172 XIX,
2994 4109 3110 4181 29).
3134 4110 3319 4166 Merito
3343 4116 3397 4166 et
3421 4113 3526 4166 alio
3552 4113 3671 4167 loco
3692 4115 3760 4167 de

2184 4203 2295 4272 ipsa
2322 4201 2585 4271 Sapientia
2614 4201 2806 4256 dicitur
2831 4219 2842 4254 :
2875 4200 2940 4255 In
2965 4203 3168 4256 dextera
3195 4205 3303 4272 ejus
3331 4205 3453 4257 anni
3479 4205 3612 4269 vine,
3639 4216 3686 4258 α
3710 4207 3763 4260 in

2183 4293 2388 4348 sinistra
2411 4295 2522 4364 ejus
2547 4293 2733 4348 divitia:
2755 4303 2802 4347 et
2829 4295 2988 4348 honor
3016 4295 3034 4364 (
3059 4293 3212 4350 Prov.
3241 4310 3318 4360 ιιι,
3353 4296 3471 4362 16).

2201 4455 2213 4467 .
2259 4386 2344 4440 i9.
2395 4383 2559 4457 [vers.
2608 4382 2737 4456 15.]
2783 4383 2934 4440 Unde
2978 4401 3104 4456 ergo
3135 4387 3222 4441 isti
3252 4386 3567 4456 vaniloqni?
3597 4403 3766 4456 quare

2186 4479 2472 4532 vanitatem
2502 4477 2731 4531 locutum
2763 4484 2844 4530 est
2871 4492 2934 4531 os
2957 4492 3138 4532 eorum
3161 4479 3184 4518 9
3209 4477 3339 4545 Quia
3360 4479 3566 4532 dextera
3586 4495 3766 4531 eorum

2187 4569 2388 4623 dextera
2413 4567 2706 4638 iniquitatis.
2751 4566 2865 4621 Non
2892 4584 3018 4638 ergo
3043 4583 3136 4624 eos
3163 4585 3346 4638 arguo,
3377 4571 3500 4639 quia
3548 4569 3641 4624 lilii
3667 4587 3764 4625 eo-

2189 4678 2302 4716 rum
2336 4660 2478 4714 velut
2521 4659 2744 4714 novella:
2772 4660 3118 4715 c0ttstabi|ita:
3143 4677 3172 4716 a
3200 4661 3472 4730 juventute
3501 4678 3619 4729 sua,
3663 4679 3766 4718 nec

2188 4758 2305 4826 quia
2337 4755 2452 4808 illius
2495 4769 2678 4808 eorum
2707 4762 2906 4806 ornata:
2946 4753 3082 4807 sicut
3109 4752 3394 4807 similitudo
3424 4755 3631 4823 templi,
3661 4771 3765 4810 nec

2189 4847 2308 4914 quia
2357 4853 2548 4900 caetera
2592 4843 2910 4898 abundantia
2939 4852 2994 4897 et
3037 4857 3134 4911 pax
3168 4851 3378 4898 terrena
3423 4843 3610 4897 aderat
3637 4845 3718 4898 eis
3749 4863 3765 4899 τ

2189 4935 2281 4989 sed
2304 4950 2308 4955 ·
2328 4951 2489 5004 quare
2515 4933 2722 5005 arguo?
2750 4932 2960 4986 Beatum
3002 4933 3238 4987 dixerunt
3281 4933 3520 5002 populum
3547 4935 3629 4987 cui
3661 4935 3771 4990 haec

2191 5039 2324 5080 sunt.
2359 5026 2403 5081 0
2433 5027 2709 5096 loquentes
2750 5027 2990 5080 homines
3024 5027 3346 5080 vanitatem!
3379 5025 3590 5080 Beatum
3621 5029 3773 5082 dixe-

2192 5129 2307 5175 runt
2333 5120 2572 5190 populum
2600 5119 2679 5173 cui
2705 5119 2811 5172 lucc
2833 5125 2966 5172 sunt.
2998 5115 3348 5172 Perdiderunt
3376 5131 3555 5172 veram
3583 5115 3774 5174 deste-

2258 5321 2279 5354 ι
2305 5317 2529 5380 Plerique
2552 5324 2678 5380 Mss:
2709 5323 2781 5366 Ita
2801 5312 3147 5380 enimsinistra
3168 5313 3256 5365 sub
3275 5313 3445 5378 capite,
3467 5313 3673 5364 dextera
3693 5329 3776 5366 su-

2196 5395 2281 5444 per
2305 5376 2467 5441 caput',
2490 5377 2714 5443 impletur
2736 5379 2864 5444 (procl
2882 5376 2966 5435 ad,
2992 5385 3086 5426 etc.

2260 5435 2514 5512 {Quatuor
2541 5435 2682 5512 viss,“
2697 5435 2872 5512 centies
2907 5445 3106 5512 tantum.
3127 5436 3233 5512 "Alii
3267 5451 3377 5512 cum
3407 5437 3542 5512 ἱρὰ,
3597 5435 3776 5512 septies

2197 5498 2382 5552 tantum
2409 5515 2426 5574 ς
2453 5509 2503 5574 et
2524 5502 2594 5574 sic
2625 5499 2741 5574 alias
2773 5499 3255 5574 retertlaugustinus
3278 5499 3404 5574 hune
3439 5498 3680 5574 [evangelii
3708 5499 3777 5544 ιυ-

2199 5579 2328 5676 cum,
2346 5563 2573 5674 male
2589 5575 2674 5624 pro
2684 5559 3137 5624 elwtontaplast‘ona,
3149 5560 3360 5609 habebat
3383 5561 3430 5609 in
3448 5559 3622 5622 grauis
3641 5560 3778 5608 lit-ris

2213 5640 2274 5676 ev
2293 5638 2356 5676 an
2489 5637 2503 5670 ι
2540 5659 2552 5670 .

2242 5638 2552 5691 ptaptaswna.
2691 5684 2700 5694 .
2735 5683 2746 5693 ι
2773 5683 2783 5694 θ
3095 5692 3104 5696 _
3698 5684 3725 5692 η

2242 5757 2245 5758 ν
2267 5690 2287 5720 ³
2305 5694 2435 5758 ιρι,
2457 5681 2626 5758 plenus
2649 5684 2922 5734 dmtzarum
2959 5691 3054 5758 est.
3074 5691 3191 5758 vos,
3215 5681 3494 5758 plentts,_alt
3517 5680 3631 5732 ωδ.
3646 5683 3776 5747 alus,

2205 5757 2257 5801 et
2279 5762 2307 5799 a
2329 5756 2432 5798 Mss.
2458 5748 2614 5808 abest,
2633 5759 2796 5810 neque
2812 5748 3055 5807 reperitur
3088 5748 3136 5794 in
3155 5754 3316 5796 tit-tceo
3340 5750 3466 5794 tu.
