4082 6204
323 338 345 392 ι
355 336 454 391 869

320 462 430 503 ram
455 466 470 513 ;
501 448 728 519 maligni,
755 450 1006 520 perversi,
1032 449 1284 506 beneﬁcia
1307 449 1398 504 Dei
1428 451 1632 504 iuverse
1650 451 1670 481 ‘
1698 453 1888 506 vestie-

322 553 460 591 runt.
506 541 548 594 0
578 541 808 610 maligni,
839 556 872 594 0
909 540 1204 610 vaniloqni,
1237 557 1270 593 o
1297 541 1384 594 lilii
1431 541 1590 594 alieni
1619 543 1630 593 !
1681 541 1892 594 Beatum

320 630 549 681 dixertmt
596 632 837 700 populum
883 631 962 683 cui
1007 631 1112 684 lucc
1157 639 1292 683 sunt.
1335 630 1484 696 Quod
1516 631 1581 685 ad
1623 633 1891 686 sinistram

320 734 450 786 ιιι-ιιι,
483 725 547 776 ad
575 725 843 778 dexteram
874 732 1160 792 posuerunt
1193 742 1204 776 :
1233 723 1440 776 Beatum
1466 725 1696 778 dixerunt
1726 742 1890 793 popu-

319 815 422 867 lum
449 816 529 866 cui
575 815 678 868 lucc
719 825 854 868 sunt.
898 815 1035 881 Quid
1085 826 1156 878 lu,
1205 815 1409 868 David?
1437 815 1559 884 quid
1594 825 1666 876 tu,
1701 831 1893 884 corpus

319 905 552 958 Christi?
578 906 699 974 quid
742 923 866 971 vos,
911 908 1146 960 membra
1189 907 1423 960 Christi?
1464 907 1586 976 quid
1626 921 1740 966 vos,
1787 921 1891 960 non

321 999 409 1051 lilii
444 998 622 1060 alieni,
669 999 760 1052 sed
812 1000 948 1052 Dei?
991 1000 1248 1064 Quoniam
1298 999 1562 1067 vaniloqui
1598 998 1686 1052 lilii
1735 998 1894 1052 alieni

319 1090 515 1142 beatum
555 1091 785 1143 dixerunt
811 1091 1054 1159 populum
1079 1091 1160 1142 cui
1189 1090 1293 1142 Itazc
1315 1099 1428 1141 sunt
1463 1105 1478 1141 :
1507 1105 1618 1153 vos,
1653 1089 1776 1158 quid
1809 1089 1890 1142 di-

319 1181 477 1234 citis?
504 1179 690 1235 Beatus
728 1183 942 1250 populus
967 1183 1111 1250 cujus
1140 1180 1384 1233 Dominus
1412 1180 1544 1234 Deus
1580 1182 1757 1248 ipsius.
1793 1181 1896 1234 lla-

319 1272 440 1327 bcte
483 1289 609 1342 ergo
634 1274 921 1337 sinistram,
951 1273 1042 1326 sed
1073 1274 1123 1325 in
1153 1274 1363 1325 sinistra
1392 1290 1405 1324 :
1434 1272 1732 1327 desiderate
1761 1273 1893 1327 dex-

321 1374 486 1416 teram
517 1364 558 1427 ²,
593 1372 648 1415 ιιι
679 1361 943 1430 panamiui
989 1361 1052 1415 ad
1081 1362 1372 1415 dexteram.
1422 1361 1476 1414 In
1507 1362 1716 1416 sinistra
1749 1363 1890 1416 enim

319 1459 926 1518 habueruntsinistram,
956 1457 1092 1526 apud
1123 1471 1256 1526 quos
1286 1457 1521 1518 esurivit,
1553 1464 1606 1509 et
1631 1455 1894 1508 dederunt

319 1554 365 1607 ei
412 1551 730 1606 manducare
755 1567 768 1614 ;
795 1549 976 1615 sitivit,
1008 1559 1185 1618 potum
1223 1548 1515 1612 dederunt;
1547 1547 1740 1616 hospes
1773 1548 1889 1611 fuit,

320 1650 704 1712 susceperunt;
756 1641 925 1693 nudus
970 1639 1096 1705 fuit,
1143 1640 1434 1693 vestierunt
1484 1637 1702 1708 (Matth.
1749 1654 1891 1700 xxv,

321 1735 408 1798 35,
460 1735 570 1803 '56).
622 1732 731 1786 lloe
777 1740 944 1785 totum
985 1730 1052 1784 de
1095 1730 1305 1782 sinistra
1352 1729 1700 1788 abstulerunt.
1731 1736 1785 1782 et
1828 1728 1896 1782 ad

321 1826 554 1880 dexterae
597 1838 754 1892 Opera
803 1823 1200 1884 transtulcrtmt’,
1237 1831 1292 1873 ut
1328 1820 1393 1874 ad
1425 1820 1696 1874 dexteram
1725 1835 1893 1888 pone-

323 1924 528 1970 rentur.
558 1913 795 1966 Dixerunt
821 1927 946 1979 ergo
974 1911 1239 1980 vaniloqui
1281 1911 1369 1963 lilii
1397 1910 1552 1964 alieni
1580 1910 1897 1978 beatum'po-

325 2009 498 2076 pulum
528 2007 609 2058 cui
634 2006 739 2058 [uec
767 2015 884 2057 sunt
906 2019 926 2067 ;
957 2017 1049 2055 vos
1090 2002 1248 2056 dicite
1276 2002 1569 2067 nobiscum,
1598 2000 1779 2054 Beatus
1807 2018 1898 2070 po-

326 2099 476 2170 pulus
499 2097 644 2168 cujus
675 2096 916 2149 Dominus
945 2093 1081 2146 Deus
1105 2093 1265 2162 ipsius
1291 2092 1332 2143 ³.
1582 2077 1598 2086 ’

327 2207 556 2220 —

731 2281 810 2340 IN
845 2277 1220 2340 PSALMUM
1262 2275 1510 2336 CXLIV

924 2396 1336 2452 ENARRATIO.

979 2519 1147 2560 senuo
1176 2503 1272 2575 (a).

398 2627 450 2679 1.
482 2623 722 2679 Laudare
763 2619 1030 2674 vobiscum
1061 2617 1336 2670 Dominum
1368 2615 1782 2670 desiderauimus
1809 2634 1820 2669 :
1847 2627 1898 2670 et

228 2739 236 2744 '
321 2720 572 2792 quoniam
592 2718 691 2770 hoc
715 2714 1004 2768 concedere
1021 2711 1263 2780 dignatus
1285 2718 1365 2763 est
1387 2707 1459 2782 (a)
1484 2725 1497 2773 ;
1527 2720 1582 2762 ut
1602 2709 1714 2762 laus
1738 2724 1896 2778 quam

320 2813 394 2867 illi
420 2811 645 2866 dicimus
675 2806 862 2859 haheat
887 2803 1127 2858 ordinem
1148 2817 1324 2866 suum,
1351 2817 1418 2854 ne
1446 2800 1578 2854 forte
1602 2801 1778 2868 aliquo
1801 2817 1896 2852 ev-

319 2917 473 2957 ccssu
488 2916 642 2970 quem
658 2897 831 2950 laudat
843 2893 1290 2951 ollendat.melius
1304 2892 1402 2945 iter
1416 2891 1583 2944 laudis
1600 2893 1647 2943 in
1664 2891 1896 2958 Scriptu-

319 3012 374 3052 ra
405 2995 494 3048 Dei
523 2992 826 3062 quaerimus,
852 3003 916 3040 ne
942 2986 1012 3040 ab
1034 2986 1144 3054 ipsa
1177 2983 1277 3048 via,
1304 2999 1400 3038 nec
1419 2984 1468 3037 in
1503 2983 1770 3035 dexteram
1798 2997 1896 3036 nec

318 3087 369 3141 in
387 3086 652 3140 sinistram
672 3078 1048 3149 digrediamur.
1070 3075 1252 3129 Audet)
1275 3075 1415 3127 enim
1445 3074 1620 3127 dicere
1637 3071 1893 3126 Cbaritati

317 3184 508 3230 vestra:
535 3191 548 3225 :
579 3180 635 3224 ut
665 3173 798 3225 bene
831 3169 898 3223 ab
928 3167 1141 3220 homine
1186 3165 1428 3219 laudetur
1460 3165 1615 3228 Dens,
1663 3163 1894 3217 laudavit

316 3281 373 3321 se
419 3265 533 3335 ipse
562 3263 736 3325 Deus;
766 3268 819 3314 et
855 3259 974 3326 quia
1005 3257 1247 3325 dignatus
1290 3265 1370 3309 est
1400 3254 1614 3308 laudare
1659 3269 1737 3320 se,
1771 3253 1891 3308 ideo

315 3358 517 3412 invenit
535 3356 692 3408 homo
717 3349 1154 3421 quemadmodum
1177 3348 1356 3402 laudet
1381 3363 1522 3400 eum.
1547 3346 1728 3416 Neque
1748 3347 1889 3402 enim

313 3451 415 3504 hoc
453 3457 625 3518 potest
653 3446 754 3499 dici
785 3445 909 3504 Deo,
935 3440 1074 3510 quod
1111 3440 1306 3493 dictum
1338 3448 1420 3492 est
1449 3438 1670 3503 homini,
1703 3437 1820 3490 Non
1846 3448 1892 3491 te

312 3544 485 3599 laudet
503 3559 558 3593 os
575 3550 716 3592 tuum
738 3536 917 3606 (Prov.
951 3548 1116 3594 xxv",
1136 3531 1213 3598 2).
1249 3529 1320 3586 Ut
1355 3530 1495 3584 enim
1523 3546 1579 3584 se
1606 3529 1892 3582 bomolau-

311 3634 420 3697 det,
451 3633 750 3698 arrogantia
781 3634 862 3680 est
893 3643 904 3677 :
934 3633 989 3676 ttt
1024 3624 1161 3675 Deus
1189 3637 1247 3675 se
1294 3621 1494 3680 laudet,
1530 3621 1889 3672 misericordia

311 3737 413 3780 est.
445 3721 670 3777 Prodest
698 3731 876 3770 amare
897 3728 1052 3782 quem
1081 3712 1352 3770 laudamus
1376 3726 1389 3771 ;
1421 3710 1613 3761 bonum
1637 3709 1884 3773 amando,

311 3832 411 3872 nos
461 3813 711 3867 meliores
740 3806 1016 3861 efﬁcimur.
1067 3801 1268 3870 Itaque,
1307 3799 1555 3867 quoniam
1588 3799 1688 3853 hoc
1735 3799 1886 3852 nobis

310 3905 569 3978 prodesse
616 3899 788 3963 novit,
821 3904 877 3950 ut
905 3907 1142 3948 amemus
1171 3906 1288 3945 eum
1311 3932 1325 3956 ,
1355 3889 1618 3944 laudando
1649 3905 1706 3943 se
1734 3904 1884 3942 ama-

310 4002 472 4056 bilem
519 4011 578 4050 se
603 3993 724 4047 facit
749 4007 763 4055 ;
795 3999 848 4044 et
888 3990 938 4042 in
968 4003 1032 4041 eo
1059 3985 1210 4039 nobis
1236 3985 1484 4048 consulit,
1516 3983 1634 4052 quia
1662 3997 1718 4036 se
1743 3997 1889 4034 ama-

311 4093 472 4148 bilem
523 4086 665 4140 facit.
698 4082 1015 4136 Exhortatur
1044 4091 1170 4146 ergo
1212 4090 1305 4128 cor
1336 4084 1570 4128 nostrum
1605 4073 1652 4126 in
1684 4071 1890 4125 laudem

310 4197 463 4238 suam
492 4197 505 4242 ;
540 4177 725 4247 spiritu
752 4190 847 4227 suo
875 4168 1111 4238 implevit
1137 4181 1317 4220 servos
1346 4180 1494 4228 suos,
1529 4173 1584 4217 ιιι
1614 4163 1891 4218 laudarent

310 4291 454 4332 eum.
503 4270 568 4324 Et
593 4265 839 4338 quoniam
870 4260 1085 4331 spiritus
1113 4258 1229 4326 ejus
1273 4257 1322 4310 iu
1368 4255 1536 4310 servis
1562 4255 1676 4324 ejus
1717 4253 1893 4308 laudat

309 4381 454 4426 eum,
486 4359 612 4430 quid
659 4355 798 4409 aliud
845 4367 1000 4423 quam
1051 4349 1162 4418 ipse
1191 4363 1248 4402 se
1288 4345 1508 4400 laudat?
1541 4343 1724 4412 Incipit
1765 4358 1890 4413 ergo

310 4449 554 4528 psalmus
582 4453 679 4505 iste
706 4451 773 4504 ita
806 4467 820 4503 :

377 4547 432 4600 2.
469 4539 722 4617 [rers.1.]
751 4540 997 4596 Exaltabo
1026 4547 1090 4595 te.
1128 4535 1260 4587 Deus
1307 4548 1463 4596 meus,
1503 4544 1593 4582 rex
1634 4543 1812 4589 meus;
1843 4535 1889 4579 et

309 4620 603 4692 benediram
630 4648 807 4685 nomen
831 4640 968 4682 tuum
990 4629 1042 4680 in
1080 4625 1337 4690 sarculum,
1364 4634 1408 4674 et
1436 4621 1487 4673 in
1527 4618 1769 4672 strrulunt
1793 4632 1889 4669 su:-

310 4730 430 4783 culi.
470 4723 672 4780 Videtis
700 4720 995 4775 inchoatam
1024 4731 1141 4771 csse
1166 4714 1373 4768 laudem
1409 4711 1518 4769 Dei.
1553 4719 1604 4762 et
1631 4723 1797 4775 uSque
1824 4707 1891 4762 ad

310 4821 472 4873 linem
519 4811 718 4869 Psalmi
765 4810 878 4862 laus
907 4809 1016 4877 ipsa
1060 4785 1385 4873 perducitur.
1431 4798 1663 4866 Denique
1709 4796 1890 4850 titulus

310 4906 507 4963 Psalmi
552 4911 656 4966 est,
704 4900 838 4953 Laus
866 4897 962 4966 ipsi
990 4895 1171 4948 David.
1216 4892 1283 4946 Et
1321 4887 1568 4960 quoniam
1599 4885 1772 4938 dictus
1811 4893 1893 4939 est

374 5041 391 5070 ί
427 5039 500 5086 sic
524 5035 690 5098 plures
724 5039 827 5080 MSS.
861 5035 913 5078 Et
942 5026 1159 5090 quidam,
1199 5020 1373 5074 inversi
1402 5031 1468 5070 se.
1512 5023 1568 5066 At
1608 5015 1751 5074 Edd.,
1786 5013 1892 5064 uni-

311 5111 436 5151 versi
460 5109 530 5149 se.
1355 5143 1364 5154 .

372 5165 393 5194 ²
426 5164 501 5210 Sic
523 5157 746 5221 plerique
764 5151 993 5221 ptss.F.dd.
1007 5156 1171 5221 autem
1192 5146 1335 5221 verba
1349 5143 1701 5221 interppngtint
1824 5148 1895 5221 ra:

311 5202 875 5273 tione-:std-injsinistra
896 5211 1164 5273 desiderate
1188 5209 1454 5273 (tenuerant.
1482 5209 1532 5251 Et
1564 5202 1702 5273 intra,
1727 5205 1896 5273 Eruet

311 5261 451 5335 i337:
464 5261 546 5332 Ἀνᾶ
555 5261 939 5337 Ξὶἦῖδέιῗάιῆειιίιη
955 5272 1215 5337 habuerunt
1225 5266 1478 5337 curiatum.
1498 5261 1627 5337 apud
1643 5273 1780 5337 quos,
1789 5266 1890 5337 etc.

314 5421 349 5456 Α
373 5405 573 5457 sinistra
594 5401 737 5458 enim,
762 5409 854 5448 etc.

378 5441 744 5526 i"it"i{itiitii6¥'é§.
909 5455 1167 5526 clausulam
1202 5453 1326 5502 hanc
1346 5449 1557 5499 habent:
1577 5445 1798 5496 Conversi
1828 5441 1893 5491 ad

317 5539 490 5581 Deum.
538 5519 696 5575 A'men.
725 5532 822 5572 Deo
843 5519 1022 5582 gratias
1045 5528 1247 5582 semper.

379 5565 965 5652 δί”ιιόὁῖἆὲὶὲὲίὁῐδίό
979 5565 1073 5652 ἀρά
1090 5565 1235 5652 ειμι
1395 5565 1898 5652 praegressae-

315 5629 554 5706 “.6393,”
561 5629 1074 5708 summoper-vetusto
1090 5629 1374 5708 Floriacensi
1390 5633 1558 5708 codice
1583 5629 1896 5708 μιξςςξιιρξξεξςς

323 5689 824 5762 ἶῖιιῖἶῖᾆῖε-ὲέῖὺίῖἇὲ
832 5689 904 5754 in.
915 5689 1107 5754 basilica
1130 5707 1290 5748 massa:
1313 5695 1542 5747 (nuntium.
1565 5689 1596 5737 ι’
1619 5691 1732 5739 vide
1754 5689 1894 5747 infra,

317 5787 366 5824 ιι.
399 5775 474 5836 l7,
504 5778 605 5821 not.
630 5784 674 5818 ιι.
735 5835 738 5838 ξ

1396 334 1783 392 ENARRATIO
1823 336 1886 392 ΙΝ
1928 335 2243 396 PSALMUM
2285 338 2508 395 CXLIV.

3441 341 3574 402 1870

2007 454 2187 518 David,
2213 455 2302 523 qui
2327 456 2470 508 venit
2489 455 2553 508 ad
2584 469 2679 509 nos
2705 468 2769 510 ex
2802 457 3005 511 semine
3038 458 3201 513 David
3229 454 3401 532 (Rom.
3437 479 3472 524 ι,
3496 461 3577 524 3),

2003 544 2114 612 ipse
2138 556 2312 598 autem
2342 562 2432 598 rex
2459 556 2638 600 neSIer
2665 557 2766 612 est,
2801 564 2912 617 rege
2927 564 2987 602 ns
3014 565 3130 614 nos,
3164 563 3216 605 et
3240 555 3581 610 introducens

2002 651 2098 687 nos
2129 637 2178 689 in
2212 640 2430 706 regnum
2474 653 2626 691 suum
2662 656 2676 693 :
2706 641 3015 710 intelligitur
3058 643 3195 697 Laus
3232 647 3326 715 ipsi
3376 646 3538 701 David
3563 685 3579 716 ,

2000 727 2140 781 Laus
2172 729 2267 797 ipsi
2299 730 2528 784 Christo.
2558 731 2802 786 Christus
2830 744 3002 788 autem
3047 739 3335 791 Secundum
3364 755 3580 794 carnem

2003 817 2183 879 David,
2209 820 2327 888 quia
2352 820 2492 874 ﬁlius
2517 822 2709 874 David:
2735 827 3023 878 secundum
3046 827 3373 883 divinitatem
3402 843 3578 885 autem

2001 905 2221 962 Creator
2251 910 2435 974 David,
2469 918 2521 964 et
2549 911 2800 966 Dominus
2847 914 3027 967 David.
3064 917 3296 987 Denique
3337 929 3390 973 et
3432 922 3578 989 Apo—

2000 998 2168 1051 stolus
2212 1015 2330 1051 cum
2361 998 2644 1053 ltonoraret
2679 1004 2902 1070 primum
2937 1007 3185 1073 pupulum
3219 1009 3330 1072 Dei,
3362 1010 3500 1065 unde
3527 1021 3582 1064 et

1999 1090 2240 1158 Apostoli
2274 1091 2366 1159 ipsi
2413 1092 2767 1154 crediderunt,
2813 1104 2865 1148 et
2895 1097 3073 1150 multa:
3115 1099 3362 1153 Ecclesiae
3396 1103 3579 1170 primze

1999 1178 2149 1233 factae
2171 1190 2311 1243 suut,
2339 1179 2587 1235 facientes
2609 1183 2661 1234 in
2692 1185 2868 1238 mttltis
2887 1185 3158 1240 hominum
3185 1190 3413 1244 millibus
3436 1194 3578 1260 quod

1999 1272 2157 1324 modo
2200 1273 2250 1325 iu
2296 1273 2580 1343 Evangelio
2610 1277 2624 1305 ¹
2657 1276 2804 1330 dives
2851 1293 2985 1330 unus
3029 1280 3264 1348 audivit,
3315 1292 3368 1337 et
3414 1285 3579 1338 tristis

1999 1364 2257 1419 abscessit
2298 1365 2525 1438 (Matth.
2561 1381 2678 1430 XIX,
2723 1369 2812 1430 ‘2l,
2843 1370 2949 1437 2‘2)
2979 1386 2991 1434 ;
3023 1371 3077 1424 id
3122 1381 3200 1426 est
3226 1415 3240 1438 ,
3287 1375 3580 1431 vendentes

1998 1457 2175 1526 omnia
2200 1473 2317 1525 qure
2360 1457 2642 1521 habebant,
2671 1469 2723 1513 et
2748 1459 3127 1515 distribuentes
3154 1464 3490 1532 pauperibus,
3525 1478 3580 1521 et

1967 1612 1972 1618 μ
2000 1549 2373 1616 perfectionem
2418 1551 2467 1602 in
2504 1551 2722 1603 Domino
2752 1553 3082 1626 requirentes
3113 1554 3242 1624 (Act.
3277 1573 3333 1618 tt,
3364 1557 3534 1613 41-47
3560 1578 3576 1624 ;

1999 1649 2043 1692 et
2073 1656 2143 1704 Iv,
2185 1641 2238 1704 4,
2286 1640 2471 1710 32-35)
2506 1657 2519 1692 :
2555 1657 2673 1694 cum
2701 1658 2827 1712 ergo
2866 1644 3102 1698 laudaret
3130 1646 3298 1714 ipsum
3331 1651 3580 1717 populum

1999 1731 2245 1798 primum,
2275 1732 2350 1785 sic
2378 1733 2450 1786 ait
2481 1751 2493 1784 :
2531 1729 2755 1797 Quorum
2783 1743 2964 1802 patres,
2989 1747 3032 1788 et
3059 1752 3121 1790 ex
3145 1740 3322 1806 quibus
3353 1734 3580 1797 Christus

1997 1821 2268 1873 secundum
2297 1839 2513 1883 carnem,
2543 1823 2630 1892 qui
2654 1836 2722 1875 est
2746 1841 2897 1892 super
2932 1826 3101 1877 omnia
3133 1826 3268 1880 Deus
3291 1829 3582 1885 benedictus

1999 1911 2050 1961 in
2079 1913 2266 1963 sarcula
2293 1909 2470 1979 (Rom.
2513 1928 2585 1977 Ix,
2619 1912 2693 1981 5).
2725 1913 2852 1980 Quia
2881 1915 3054 1982 itaque
3092 1931 3156 1969 ex
3186 1917 3310 1984 ipsis
3336 1918 3580 1975 Christus

1999 2001 2286 2054 secundum
2328 2020 2563 2067 carnem,
2615 2005 2732 2058 ideo
2764 2007 2922 2058 David
2957 2024 2969 2058 :
3003 2007 3122 2076 quia
3173 2025 3302 2086 γει-ρ
3353 2012 3465 2081 ipse
3495 2026 3578 2069 est

1998 2106 2158 2161 super
2184 2094 2360 2147 omnia
2390 2094 2525 2148 Detts
2555 2096 2862 2151 benedictus
2894 2097 2942 2150 in
2979 2099 3192 2163 saecula,
3240 2101 3378 2166 ideo,
3411 2102 3579 2156 Eata!-

1999 2185 2112 2237 tabo
2139 2194 2202 2247 te,
2235 2185 2371 2239 Deus
2413 2203 2569 2252 meus,
2611 2203 2702 2240 rex
2731 2203 2910 2251 meus;
2947 2198 2991 2241 et
3030 2189 3334 2254 benedictum,
3366 2193 3574 2260 inquit,

2000 2291 2179 2329 nomen
2223 2287 2360 2330 tuum
2388 2276 2440 2329 in
2464 2276 2724 2340 saxulum,
2757 2288 2803 2330 et
2842 2280 2895 2331 in
2924 2281 3165 2332 saeculum
3193 2281 3388 2335 swculi.
3416 2283 3580 2340 Forte

1999 2367 2052 2420 in
2077 2369 2333 2430 saeculum,
2362 2367 2496 2428 Hic;
2525 2369 2578 2420 in
2615 2369 2852 2422 stcculum
2889 2379 3064 2424 autem
3111 2375 3302 2437 menti,
3338 2374 3392 2427 ln
3422 2385 3581 2429 acter-

2001 2476 2146 2513 mun.
2180 2460 2336 2514 Modo
2365 2475 2491 2530 ergo
2519 2461 2691 2530 incipe
2718 2461 2952 2522 laudare.
2977 2462 3019 2515 si
3043 2463 3094 2515 in
3117 2472 3374 2518 aeternum
3399 2466 3581 2523 laudae

1981 2539 2148 2607 'turus
2172 2568 2249 2607 es.
2280 2553 2377 2620 Qui
2410 2553 2626 2607 laudare
2670 2568 2772 2607 non
2803 2553 2916 2607 vult
2959 2554 3008 2607 in
3039 2555 3258 2609 transitu
3289 2556 3444 2624 hujus
3469 2573 3574 2612 9.1:-

2000 2643 2126 2707 culi,
2151 2643 2474 2698 obmutescet
2492 2659 2610 2696 cum
2631 2643 2831 2698 venerit
2847 2645 3098 2698 sreculum
3117 2647 3316 2701 saeculi.
3345 2647 3576 2703 Proinde

1999 2737 2342 2805 sequentibus
2368 2734 2608 2790 versibus
2638 2751 2804 2805 prope
2835 2737 2932 2790 hoc
2960 2736 3114 2790 dixit.

2069 2827 2123 2884 5.
2153 2826 2299 2900 [vers
2331 2826 2410 2900 2.]
2444 2827 2519 2882 Ne
2548 2828 2666 2897 quis
2693 2828 2852 2882 etiam
2883 2829 3038 2882 aliter
3076 2827 3392 2898 intelligeret
3432 2832 3574 2900 quod

1998 2921 2086 2982 ait,
2126 2919 2362 2972 Laudabo
2401 2935 2581 2972 nomen
2626 2928 2767 2972 tuum
2795 2920 2845 2972 in
2884 2920 3166 2981 sarculum;
3210 2931 3264 2975 et
3311 2933 3575 2991 quaereret

1997 3011 2134 3064 aliud
2163 2993 2435 3074 sarculum,
2454 3009 2664 3080 quando
2687 3009 2923 3064 laudaret
2946 3029 2958 3063 :
2985 3009 3086 3064 Per
3103 3012 3349 3081 singulos,
3378 3014 3568 3083 inquit,

1997 3102 2101 3154 dies
2128 3100 2513 3155 benedicam-te.
2559 3101 2735 3155 Lauda
2765 3117 2890 3171 ergo
2934 3111 2988 3156 et
3016 3103 3239 3159 benedic
3288 3103 3570 3161 Dominum

1999 3192 2159 3245 Deum
2209 3200 2355 3246 tuum
2387 3207 2480 3260 per
2508 3192 2742 3261 singulos
2771 3192 2922 3255 dies;
2973 3203 3027 3246 ut
3055 3209 3170 3246 cum
3206 3194 3336 3248 ﬁniti
3377 3195 3574 3250 fuerint

1994 3283 2186 3352 singuli
2229 3283 2363 3345 dies,
2407 3293 2460 3337 et
2489 3282 2689 3336 venerit
2732 3284 2847 3336 sine
2891 3283 2994 3337 line
3040 3299 3174 3337 unus
3213 3285 3348 3344 dies.
3387 3301 3478 3340 eas
3503 3302 3574 3340 ex

1997 3372 2239 3426 laudibus
2269 3373 2320 3426 in
2353 3372 2580 3433 laudem,
2627 3372 2763 3426 sicut
2789 3388 2855 3427 ex
2899 3375 3180 3428 virtutibus
3231 3376 3280 3428 in
3322 3377 3572 3432 virtutem

1995 3463 2164 3532 (Psat.
2195 3479 2411 3528 LXXXIII,
2439 3464 2515 3533 8).
2552 3461 2648 3517 Per
2669 3463 2913 3533 singulos,
2943 3465 3128 3534 inquit,
3159 3467 3262 3520 dies
3281 3467 3570 3521 benedicam

1994 3567 2074 3622 te;
2104 3571 2209 3609 non
2255 3556 2473 3608 transiet
2517 3555 2630 3607 dies
2681 3571 2786 3622 quo
2837 3564 2888 3609 te
2935 3572 3039 3608 non
3085 3557 3413 3611 henedieam.
3459 3559 3569 3613 Nec

1995 3645 2352 3699 mirutn'estsi
2377 3645 2495 3696 laeto
2517 3644 2602 3696 die
2627 3653 2713 3695 tuo
2733 3645 3000 3697 benedicis
3026 3647 3188 3699 Deum
3215 3657 3378 3698 tuutn.
3403 3647 3566 3717 Quid,

1995 3740 2038 3792 si
2069 3741 2200 3791 forte
2243 3737 2477 3789 illuxerit
2521 3736 2712 3804 aliquis
2745 3737 2906 3789 tristis
2948 3737 3080 3798 dies,
3129 3737 3260 3790 sicut
3286 3753 3344 3790 se
3372 3739 3572 3794 habent

1995 3828 2235 3880 lunuatne
2268 3844 2371 3891 res,
2402 3828 2537 3880 sicut
2566 3837 2644 3879 est
2671 3826 2988 3878 abundantia
3019 3826 3406 3892 scandalorum,
3434 3830 3570 3884 sicut

1993 3929 2075 3972 est
2122 3918 2483 3988 multiplicatio
2526 3904 2916 3969 tentationum?
2945 3915 3080 3983 Quid
3125 3917 3169 3969 si
3215 3932 3341 3986 ergo
3369 3919 3570 3986 aliquid

1992 4011 2193 4068 accidat
2217 4011 2366 4064 triste
2388 4007 2630 4062 homini?
2654 4007 2864 4062 desines
2890 4007 3101 4059 laudare
3128 4007 3330 4061 Deum?
3353 4008 3520 4062 desint
3539 4026 3569 4065 s

1994 4103 2309 4158 benedicere
2336 4101 2637 4155 Creatorem
2671 4101 2850 4153 tuum?
2890 4100 2942 4152 Si
2971 4099 3201 4160 desines,
3237 4103 3484 4155 mentitus
3507 4118 3568 4158 es

1995 4195 2244 4258 dicendo,
2279 4193 2380 4247 Per
2425 4194 2648 4262 singulos
2688 4193 2792 4244 dies
2832 4191 3112 4244 bencdicam
3143 4202 3205 4253 te,
3239 4192 3472 4248 Domine.
3506 4196 3567 4254 Si

1995 4301 2168 4343 autem
2197 4304 2300 4341 non
2323 4288 2551 4347 desines,
2573 4281 2668 4338 etsi
2701 4285 2789 4337 tibi
2817 4284 3087 4336 videlurin
3111 4284 3197 4338 die
3226 4287 3359 4338 tristi
3387 4289 3522 4340 male
3549 4325 3571 4357 ,

1995 4384 2096 4437 erit
2126 4383 2216 4435 tibi
2249 4383 2298 4434 in
2333 4380 2440 4432 Deo
2470 4388 2558 4431 tuo
2585 4379 2738 4431 bene.
2773 4377 2868 4430 Est
2911 4377 3072 4434 enim,
3105 4387 3158 4428 et
3187 4378 3398 4444 quando
3427 4381 3566 4433 male

1994 4485 2073 4530 est
2099 4474 2209 4536 tibi,
2241 4473 2327 4525 ubi
2351 4472 2481 4524 bene
2505 4469 2597 4527 tibi
2625 4471 2709 4521 sit.
2739 4468 2792 4522 Si
2821 4469 2958 4522 enim
2985 4468 3035 4520 in
3063 4468 3240 4537 aliquo
3268 4471 3401 4522 malo
3431 4473 3569 4525 male

1995 4578 2075 4620 est
2105 4567 2215 4624 tibi,
2251 4563 2432 4632 procul
2475 4561 2637 4615 dubio
2668 4562 2718 4615 in
2766 4561 2944 4629 aliquo
2989 4560 3126 4613 bono
3170 4560 3300 4613 bene
3329 4562 3416 4613 tibi
3445 4564 3564 4616 erit.

1997 4658 2061 4710 Et
2109 4655 2234 4724 quid
2262 4665 2364 4708 tam
2417 4653 2632 4715 bonmn,
2668 4667 2823 4717 quam
2881 4651 3015 4703 Deus
3064 4657 3202 4714 tuus,
3243 4650 3308 4702 de
3337 4666 3442 4724 (ll‘lO
3490 4652 3570 4706 di-

1995 4758 2134 4802 etum
2167 4757 2247 4799 est
2279 4763 2291 4800 :
2321 4744 2481 4798 Nemo
2529 4743 2703 4805 borius,
2757 4742 2853 4793 nisi
2883 4757 3010 4793 unus
3050 4739 3190 4792 Deus
3224 4739 3370 4811 (Luc.
3419 4759 3567 4808 xvut,

2002 4839 2132 4908 l9)?
2168 4835 2298 4893 Nam
2354 4851 2509 4906 quam
2555 4835 2623 4887 sit
2664 4847 2848 4886 secura
2890 4833 2987 4886 ista
3028 4831 3278 4896 laudatio,
3322 4840 3375 4886 et
3409 4849 3567 4902 quam

1996 4933 2064 4988 sit
2117 4947 2359 4986 securum
2432 4927 2532 4981 hoc
2592 4927 2758 4988 bene,
2808 4925 3043 4992 intellige
3099 4923 3166 4977 de
3213 4925 3346 4991 'ipso
3402 4925 3563 4978 bono.

1996 5025 2125 5077 Nam
2195 5022 2238 5076 si
2298 5019 2495 5090 gaudes
2549 5017 2615 5071 de
2671 5015 2810 5070 bono
2875 5014 3014 5083 quod
3082 5015 3174 5067 tibi
3233 5015 3426 5068 accidit
3481 5032 3573 5084 per

1997 5115 2156 5179 diem,
2191 5113 2412 5166 fortasse
2442 5109 2627 5162 transit
2656 5107 2760 5159 alio
2786 5105 2871 5158 die
2903 5107 3095 5158 bonum
3131 5104 3231 5158 hoc
3274 5105 3411 5158 unde
3443 5122 3572 5175 gau-

1997 5207 2110 5259 des.
2143 5204 2282 5256 Bene
2331 5199 2427 5253 fuit
2472 5197 2622 5258 mihi,
2655 5196 2850 5249 bonum
2898 5195 3037 5247 diem
3087 5193 3208 5246 duxi
3245 5212 3258 5247 :
3289 5196 3408 5262 quia
3441 5195 3574 5248 forte

2000 5297 2142 5351 lucra
2187 5299 2461 5355 venerunt,
2508 5298 2596 5340 aut
2639 5289 2885 5340 invitatus
2924 5301 3012 5348 es,
3060 5296 3150 5338 aut
3197 5286 3246 5338 in
3277 5288 3446 5353 epulis
3484 5287 3577 5341 diu

1998 5390 2163 5444 fuisti.
2189 5385 2418 5448 Gaudes,
2447 5383 2565 5452 quia
2589 5381 2640 5434 in
2662 5380 2832 5448 epulis
2857 5379 2946 5432 diu
2973 5378 3148 5438 luisti;
3181 5377 3316 5430 alter
3338 5387 3387 5429 te
3409 5378 3573 5440 dolet,

2000 5484 2119 5554 quia
2145 5495 2251 5534 non
2292 5475 2565 5532 erubuisti.
2604 5472 2982 5526 Verumtamen
3009 5469 3074 5521 de
3115 5483 3447 5536 quocumque
3489 5467 3577 5525 tali

2002 5575 2141 5628 bono
2155 5567 2402 5640 gaudeas,
2423 5576 2569 5620 certe
2588 5561 2944 5616 transitorium
2963 5569 3061 5612 est.
3082 5559 3136 5611 Si
3154 5567 3328 5612 autem
3346 5558 3579 5628 gaude

2070 5741 2084 5771 ί
2121 5746 2190 5788 Stc
2215 5735 2377 5800 plores
2411 5740 2511 5780 uss.
2543 5727 2652 5778 Fdd.
2679 5737 2812 5784 vero,
2841 5736 2902 5773 ea
2929 5718 3191 5773 Ecanaelia.
