4082 6204
494 330 619 386 1871

491 444 548 498 in
568 424 791 496 Domino
813 436 918 490 Deo
949 442 1056 495 tuo,
1080 429 1262 486 audies
1277 429 1535 484 dicentem
1563 428 1888 498 Scripturam
1912 445 1923 476 :
1949 426 2047 480 De—

406 558 409 563 ·
490 535 671 589 lectore
698 530 748 583 in
770 526 982 581 Domino
1008 521 1177 589 (Psal.
1205 536 1387 600 nam,
1415 519 1492 590 4).
1518 519 1685 573 Tanto
1709 518 1907 571 ﬁrmius
1927 531 2052 585 gau-

488 624 657 685 debis,
681 625 876 691 quanto
897 624 978 671 est
1002 615 1088 669 ille
1113 612 1309 667 certior
1331 611 1382 665 in
1407 625 1512 679 quo
1531 607 1802 679 gaudebis.
1834 606 1887 663 Si
1910 608 2050 662 enim

488 715 686 787 gaudes
713 710 781 765 de
811 722 1047 771 nummo,
1081 705 1234 758 times
1263 702 1460 766 furem;
1490 701 1531 753 si
1562 711 1734 753 autem
1763 697 1962 769 gaudes
1986 698 2051 752 de

492 807 619 867 Deo,
663 799 787 870 quid
816 797 1010 852 times?
1037 795 1112 849 Nc
1155 794 1245 848 tibi
1288 793 1563 863 quisquam
1602 789 1804 844 auferat
1844 789 2052 843 Deuur?

489 899 655 956 Deum
688 893 778 948 tibi
809 904 967 945 nemo
1008 886 1232 951 auferet,
1278 885 1322 939 si
1355 895 1408 939 tu
1453 899 1572 939 eum
1618 898 1723 937 non
1767 881 2048 935 dimiseris.

488 988 603 1044 Non
642 986 779 1042 enim
810 985 886 1040 sic
927 990 1006 1037 est
1052 981 1213 1043 Deus,
1258 976 1520 1045 quomodo
1566 976 1654 1029 lux
1696 976 1793 1029 “sta
1823 974 1890 1028 de
1916 973 2054 1029 ccelo

489 1083 713 1152 fulgens.
740 1078 855 1133 Non
879 1074 1091 1146 quando
1111 1072 1352 1125 volumus
1380 1070 1444 1122 ad
1469 1084 1583 1122 eam
1610 1066 1910 1122 accedimus
1933 1065 2053 1134 quia

488 1189 595 1227 non
638 1172 690 1225 in
717 1168 861 1222 omni
911 1168 1029 1222 loco
1073 1164 1233 1218 lucet.
1280 1161 1382 1217 Per
1424 1158 1775 1213 inﬁrmitatem
1822 1166 2051 1209 nostram

490 1246 626 1318 forte
655 1262 730 1324 ﬁt,
777 1267 836 1313 ut
875 1258 1049 1311 hieme
1087 1269 1186 1309 nos
1214 1252 1439 1306 delectet
1477 1264 1596 1304 esse
1642 1248 1693 1301 in
1747 1249 1855 1317 ipsa
1897 1247 2051 1305 luce:

491 1370 630 1409 nunc
671 1360 845 1406 autem
876 1365 971 1419 per
998 1353 1234 1401 mstatem
1264 1342 1454 1396 videtis
1480 1341 1597 1410 quia
1629 1338 1794 1408 magis
1823 1352 1942 1391 eum
1974 1337 2054 1388 lo-

486 1461 610 1501 cum
637 1441 996 1513 qumsivimus,
1045 1444 1101 1490 ut
1144 1437 1193 1488 in
1224 1434 1333 1503 ipsa
1372 1433 1487 1487 luce
1532 1445 1638 1484 non
1684 1437 1963 1482 staremus.
1998 1425 2053 1481 ln

491 1538 601 1592 Deo
620 1543 793 1589 autem
814 1540 902 1585 tuo
927 1526 1136 1599 quando
1162 1535 1288 1588 stas,
1319 1533 1370 1578 et
1398 1522 1449 1576 in
1473 1520 1668 1575 lumine
1688 1518 1923 1574 veritatis
1942 1516 2058 1586 ejus

492 1627 791 1691 delectaris,
827 1638 930 1676 non
960 1618 1153 1691 quieris
1178 1618 1352 1672 locum
1393 1630 1498 1684 quo
1538 1611 1605 1667 ad
1633 1626 1753 1666 eum
1791 1607 2053 1671 accedas;

491 1718 584 1773 sed
610 1712 929 1777 conscientia
960 1708 1180 1770 accedit,
1213 1705 1530 1761 conscientia
1557 1702 1776 1757 recedit.
1803 1699 1954 1787 Quod
1972 1698 2056 1752 di-

492 1819 633 1864 ctum
672 1815 773 1869 est,
817 1802 1047 1856 Accedite
1083 1800 1150 1852 ad
1195 1813 1327 1861 eum,
1373 1804 1419 1849 et
1462 1791 1821 1847 illuminamini
1869 1786 2055 1861 (Psol.

493 1915 676 1961 xxxx",
709 1897 763 1966 ﬁ)
797 1912 812 1952 :
840 1894 1017 1948 animo
1053 1891 1248 1945 dictum
1274 1896 1376 1953 est,
1409 1900 1514 1939 non
1548 1882 1827 1945 vehiculo;
1856 1878 2057 1933 aﬁ‘ecti-

493 1993 592 2048 bus
618 1993 815 2046 dictum
855 1996 955 2049 est,
986 2000 1089 2039 non
1121 1982 1359 2051 pedibus.
1409 1979 1620 2033 Etcum
1665 1976 1717 2029 in
1745 1988 1811 2028 eo
1853 1971 2017 2026 stabis
2039 2010 2055 2036 ,

494 2092 656 2138 instas
684 2095 790 2135 non
821 2077 1055 2148 patieris.
1085 2072 1312 2142 Spiritus
1339 2070 1481 2125 enim
1500 2066 1723 2137 spirabit
1747 2062 1865 2129 tibi,
1882 2071 1935 2117 et
1959 2060 2059 2116 sub

490 2176 590 2235 alis
618 2173 734 2241 ejus
772 2168 1012 2240 sperabis
1039 2164 1208 2236 (Psal.
1242 2176 1334 2228 xc,
1364 2157 1442 2231 4).
1528 2174 1531 2175 ν

566 2267 618 2322 4.
658 2264 817 2319 Vides
845 2276 974 2331 ergo
1025 2257 1221 2312 habere
1250 2264 1300 2310 te
1340 2249 1603 2322 quomodo
1644 2247 1925 2303 delecteris
1967 2260 2061 2315 per

495 2358 729 2429 singulos
756 2355 891 2409 dies.
921 2351 1033 2407 Non
1059 2349 1201 2405 enim
1230 2356 1280 2401 te
1308 2344 1539 2427 dimittet
1565 2341 1704 2395 Deus
1732 2349 1874 2404 tuus,
1902 2336 2058 2390 etiam

495 2454 540 2507 si
567 2428 763 2521 aliquid
791 2448 939 2503 triste
958 2442 1227 2498 acciderit.
1255 2439 1422 2508 Quam
1443 2437 1584 2493 enim
1603 2434 1750 2489 triste
1768 2440 1901 2500 erat,
1919 2428 2061 2521 quod

494 2520 678 2596 saneto
697 2540 811 2594 viro
825 2536 926 2593 Job
948 2532 1211 2590 acciderat
1232 2532 1246 2585 i
1275 2530 1442 2598 Quam
1463 2535 1702 2596 repente,
1716 2538 1873 2594 quam
1894 2520 2059 2576 multa

497 2632 632 2687 mala
657 2632 671 2686 !
705 2625 1143 2700 quemadmodum
1173 2622 1351 2677 omnia
1395 2619 1467 2698 de
1486 2617 1674 2687 quibus
1702 2613 1931 2685 gaudere
1961 2627 2059 2700 pu-

495 2695 736 2787 tabatur;
772 2736 877 2774 non
921 2718 989 2773 de
1033 2715 1224 2786 quibus
1265 2695 1546 2783 gaudebat,
1576 2706 1787 2762 diabolo
1827 2695 2062 2759 tentante

497 2815 761 2871 subtracta
796 2807 947 2865 sunt!
976 2801 1419 2876 quemadmodum
1448 2810 1503 2855 et
1548 2798 1639 2851 ﬁlii
1680 2796 1873 2851 mortui
1899 2793 2057 2848 sunt!

498 2907 660 2962 Periit
683 2902 824 2973 quod
848 2900 1174 2962 servabatur,
1204 2896 1473 2966 perierunt
1495 2892 1689 2963 quibus
1714 2888 2059 2950 servabatur;

498 3013 596 3065 nec
622 3007 795 3053 tamen
826 2993 978 3065 periit
1019 2990 1107 3062 qui
1150 2999 1205 3045 et
1235 2987 1364 3044 illud
1408 2996 1461 3041 et
1491 2986 1607 3039 illos
1652 2982 1816 3038 dedit.
1866 2981 1933 3036 Et
1963 2979 2062 3050 ipsi

497 3088 592 3149 ﬁlii
635 3084 878 3156 praesenti
916 3082 1110 3136 saeculo
1142 3079 1434 3149 perierunt,
1482 3072 1800 3145 agnoscendi
1827 3080 1881 3127 et
1922 3070 2061 3125 reci-

497 3176 673 3248 piendi
717 3177 770 3229 in
819 3174 1014 3228 futuro.
1046 3170 1138 3225 Ille
1182 3178 1359 3223 tamen
1398 3167 1478 3219 vir
1508 3164 1708 3219 habens
1750 3159 1892 3215 aliud
1920 3158 2064 3215 unde

498 3268 771 3336 gauderet,
788 3267 840 3320 in
861 3279 966 3335 quo
983 3277 1163 3317 verum
1191 3269 1305 3314 erat
1333 3257 1472 3329 quod
1499 3247 1658 3310 modo
1672 3266 2061 3309 commemora~

499 3359 690 3421 vimus,
724 3354 829 3408 Per
856 3353 1079 3423 singulos
1102 3347 1206 3403 dies
1246 3348 1527 3401 benedicam
1552 3355 1639 3408 te;
1662 3342 1912 3412 numquid
1942 3341 2062 3410 quia

499 3449 589 3503 ille
612 3447 727 3500 dies
750 3459 857 3514 quo
899 3452 1063 3497 tomm
1105 3439 1356 3510 perierat,
1402 3435 1566 3490 tristis
1600 3433 1790 3495 illuxit,
1834 3430 1950 3514 ideo
1976 3431 2065 3484 lux

502 3539 721 3595 interior
742 3510 794 3591 in
819 3534 979 3590 corde
992 3532 1227 3588 defecit?
1256 3528 1412 3585 Stetit
1436 3526 1627 3597 quippe
1653 3526 1705 3579 in
1733 3525 1816 3579 illa
1847 3510 1987 3587 luce,
2011 3531 2065 3578 et

500 3631 572 3697 ait
600 3647 613 3683 :
645 3627 891 3683 Dominus
930 3623 1084 3686 dedit,
1117 3620 1364 3676 Dominus
1407 3616 1645 3681 abstulit;
1690 3615 1817 3668 sicut
1845 3611 2064 3668 Domino

500 3723 705 3791 placuit,
751 3720 820 3774 ita
850 3721 1036 3789 factum
1073 3724 1144 3768 est
1172 3730 1190 3768 :
1214 3712 1277 3766 sit
1304 3726 1482 3766 nomen
1510 3707 1716 3763 Domini
1758 3706 2067 3760 benedictum
2124 3708 2143 3717 '

502 3812 620 3884 (Job
651 3812 714 3882 ι).
738 3810 877 3879 Ergo
904 3821 1000 3878 per
1027 3803 1261 3874 singulos
1285 3800 1399 3855 dies
1423 3798 1690 3863 laudavit,
1722 3796 1809 3867 qui
1835 3795 1993 3850 etiam
2010 3793 2064 3846 in

502 3905 586 3960 die
617 3913 721 3957 tam
770 3899 904 3954 tristi
949 3894 1198 3951 laudavit.
1240 3893 1408 3947 Breve
1453 3889 1811 3961 magisterium
1857 3895 1960 3952 est,
2008 3894 2067 3939 ut

502 4007 711 4061 semper
730 3988 914 4045 laudes
942 3987 1125 4052 Deum,
1156 3996 1385 4051 veroque
1405 3980 1584 4046 corde,
1611 3993 1715 4032 non
1739 3976 1869 4031 falso
1898 3976 2062 4031 dicas:

507 4083 804 4138 Benedicam
847 4077 1120 4133 Dominum
1164 4075 1218 4128 in
1257 4072 1392 4127 omni
1436 4081 1692 4141 tempore;
1721 4084 1915 4136 semper
1956 4067 2066 4120 laus

505 4179 611 4249 ejus
637 4176 689 4230 in
718 4189 805 4229 ore
840 4187 951 4225 meo
980 4168 1148 4242 (Psal.
1174 4182 1363 4231 χχχιιι,
1387 4164 1466 4235 2).
1513 4163 1681 4217 Breve
1711 4159 2066 4230 magisterium

505 4277 606 4334 est,
644 4252 845 4321 scilicet
875 4272 931 4316 ut
958 4261 1167 4315 noveris
1194 4271 1313 4311 eum
1342 4252 1752 4310 misericorditer
1793 4251 1920 4306 dare
1947 4266 2067 4305 cum

506 4360 615 4421 dat,
658 4352 1070 4412 misericorditer
1098 4349 1307 4405 auferre
1330 4362 1451 4401 cum
1480 4345 1648 4409 tollit;
1677 4360 1775 4399 nec
1799 4355 1850 4398 te
1883 4342 2068 4398 credas

508 4467 534 4503 ιι
562 4443 919 4504 misericordia
949 4443 1064 4511 ejus
1091 4438 1408 4509 derclinqui,
1442 4437 1531 4506 qui
1563 4436 1654 4491 tibi
1681 4445 1770 4489 aut
1806 4433 2071 4489 blanditur

501 4537 702 4603 dando,
731 4550 799 4591 ne
823 4532 1036 4589 deﬁcias
1060 4548 1076 4596 ;
1103 4538 1193 4584 aut
1215 4526 1434 4598 corripit
1458 4525 1831 4590 exsultantem,
1864 4539 1929 4578 ne
1946 4538 2069 4593 per-

509 4645 620 4687 eas.
651 4629 774 4685 Sive
816 4640 943 4696 ergo
983 4624 1037 4679 in
1077 4622 1194 4691 ejus
1230 4619 1405 4681 donis,
1436 4619 1550 4672 sive
1578 4617 1630 4671 in
1669 4617 1783 4686 ejus
1813 4615 2031 4685 ﬂagellis
2053 4654 2069 4679 ,

512 4719 665 4777 lauda
707 4726 762 4773 tu
788 4718 830 4771 ί.
859 4715 1001 4780 Laus
1022 4711 1350 4784 ﬁagellautis,
1392 4707 1653 4764 medicina
1695 4715 1778 4763 est
1817 4706 2071 4761 vulneris.

516 4812 617 4867 Per
638 4810 882 4882 singulos,
922 4805 1112 4876 inquit,
1141 4803 1247 4857 dies
1276 4800 1560 4856 benedicam
1598 4808 1664 4852 te.
1715 4797 1939 4851 Prorsus
1982 4813 2075 4865 per

510 4901 748 4975 singulos
775 4900 912 4963 dies.
953 4896 1165 4958 lmtres,
1203 4888 1783 4975 benedicite;'omnino
1825 4887 2075 4958 quidquid

513 4990 788 5056 acciderit,
815 4985 1108 5045 benedicite
1127 4985 1310 5039 Deum.
1339 4981 1549 5037 Etenim
1571 4995 1637 5034 ne
1657 4978 1860 5034 accidat
1878 4978 2076 5047 aliquid

512 5080 653 5150 quod
679 5080 816 5136 ferre
843 5093 947 5134 non
978 5077 1219 5147 potestis.
1248 5074 1363 5144 ipse
1399 5072 1544 5129 facit.
1577 5071 1700 5127 Ideo
1737 5085 1859 5125 cum
1890 5070 2078 5124 timore

510 5175 678 5229 debes
718 5186 859 5236 esse,
903 5167 1113 5240 quaudo
1142 5166 1233 5221 tibi
1265 5166 1400 5220 bene
1443 5173 1553 5230 est;
1583 5180 1755 5234 neque
1796 5173 1845 5217 te
1883 5162 1948 5216 ad
1977 5161 2080 5216 huc

519 5279 722 5332 parare,
747 5260 897 5333 quasi
922 5268 979 5314 ut
997 5272 1261 5326 nunquam
1284 5255 1527 5311 tenteris.
1558 5253 1613 5308 Si
1640 5252 1779 5308 enim
1812 5266 2078 5321 nunquam

519 5355 760 5418 tentarls,
810 5364 1076 5421 nunquam
1109 5346 1367 5417 probaris.
1411 5344 1596 5399 Nonne
1626 5344 1813 5398 melius
1841 5351 1922 5396 est
1966 5353 2081 5396 ten-

521 5450 616 5502 tari
664 5458 720 5502 et
765 5443 995 5515 probari,
1028 5455 1185 5511 quam
1230 5453 1336 5492 non
1387 5445 1642 5491 tentatum
1672 5433 1983 5504 reprobari?
2018 5431 2081 5485 Et

523 5536 736 5590 laudabo
762 5549 940 5587 nomen
968 5540 1105 5583 tuum
1129 5529 1179 5582 in
1198 5528 1456 5586 sarculum.
1479 5525 1597 5579 etin
1626 5524 1861 5578 sarculum
1887 5522 2077 5577 sa‘culi.

592 5626 644 5680 5.
669 5623 833 5695 [νινε.
870 5623 921 5677 ‘5.
945 5619 966 5690 j
994 5619 1207 5688 Magnus
1239 5616 1483 5669 Dominus
1525 5626 1570 5668 et
1614 5614 1879 5668 laudabilis
1919 5614 2077 5667 valde.

588 5738 607 5769 ⁸
639 5737 712 5785 sic
733 5741 834 5782 Mss.
862 5734 968 5782 sed.
983 5739 1164 5790 autem,
1182 5728 1326 5777 lauda
1346 5741 1472 5777 eian.

1726 314 2151 372 S..\UC[ST|NI
2190 315 2484 407 EDlSCOl‘I

3582 326 3718 382 187?.

2159 425 2427 493 Quantum
2439 428 2669 483 dicturus
2693 443 2799 484 erat
2819 432 2972 502 ?qu:e
2992 434 3148 490 verba
3171 436 3523 506 quaesiturus?
3543 440 3722 505 Quan-

2157 526 2259 571 tam
2284 520 2676 589 conceptionem
2696 525 2951 579 conclusit
2966 527 3016 580 in
3040 543 3142 581 uno
3162 528 3339 582 valde?
3359 523 3535 600 Cogita
3554 547 3722 600 quan-

2156 615 2266 663 tum
2296 610 2391 664 vis.
2419 612 2639 675 Quando
2664 624 2836 667 autem
2869 625 3037 684 potest
3078 617 3333 687 cogitari,
3356 620 3444 688 qui
3470 623 3587 691 capi
3610 639 3731 677 non

2156 702 2369 771 potest?
2395 702 2689 759 Laudabilis
2725 715 2808 761 est
2832 707 2974 761 valde
2991 726 3009 773 ;
3026 718 3081 762 et
3104 710 3459 781 magnitudinis
3484 714 3595 781 ejus
3618 731 3723 768 non

2155 804 2225 850 est
2254 796 2390 864 finis.
2420 797 2543 852 Ideo
2571 797 2721 864 dixit,
2753 800 2917 866 valde;
2938 801 3078 871 quia,
3107 804 3462 872 magnitudinis
3481 807 3595 874 ejus
3620 823 3723 860 non

2156 896 2226 938 est
2252 886 2367 957 ﬁnis
2390 903 2410 939 :
2437 903 2502 940 ne
2531 886 2664 949 forte
2701 889 2916 959 incipias
2943 891 3078 946 velle
3116 892 3330 947 laudare
3351 933 3366 958 ,
3399 903 3454 948 et
3488 906 3644 962 putes
3669 904 3724 949 te

2156 978 2612 1049 laudandoposse
2656 982 2843 1048 linire,
2872 983 3023 1052 cujus
3068 985 3369 1053 magnitudo
3402 986 3563 1041 linem
3612 1002 3721 1041 non

2156 1081 2326 1138 potest
2358 1071 2571 1126 habere.
2601 1073 2718 1127 Noli
2745 1089 2871 1144 ergo
2900 1081 2952 1128 te
2980 1086 3160 1143 putare
3186 1091 3306 1130 eum
3334 1076 3484 1146 cujus
3511 1068 3724 1147 magni-

2158 1162 2352 1217 tudinis
2378 1163 2495 1217 ﬁnis
2522 1180 2626 1218 non
2648 1175 2746 1229 est,
2770 1165 3091 1221 sufﬁcienter
3108 1181 3260 1234 posse
3277 1167 3507 1227 laudare.
3535 1155 3725 1225 Nonne

2156 1268 2284 1323 ergo
2305 1253 2491 1308 melius
2517 1264 2594 1309 est
2621 1265 2676 1310 ut
2695 1257 2958 1325 quomodo
2987 1257 3098 1326 ipse
3125 1271 3229 1317 non
3257 1256 3451 1321 linitur,
3481 1272 3581 1314 nec
3609 1259 3726 1314 laus

2157 1343 2321 1413 ipsius
2348 1345 2592 1398 ﬁniatur?
2623 1345 2765 1400 Illius
2792 1346 3096 1416 magnitudo
3124 1347 3239 1402 sine
3267 1347 3372 1402 ﬁne
3397 1356 3481 1402 est
3506 1389 3521 1413 ,
3552 1358 3607 1404 et
3634 1358 3723 1403 tua

2158 1436 2387 1491 laudatio
2433 1437 2546 1491 sine
2585 1437 2690 1492 ﬁne
2732 1439 2820 1491 sit.
2855 1438 2927 1492 De
2957 1437 3313 1508 magnitudine
3349 1440 3463 1509 ejus
3487 1440 3613 1511 quid
3640 1440 3724 1495 di-

2156 1536 2298 1581 ctum
2319 1527 2435 1582 est?
2461 1527 2825 1599 Magnitudinis
2851 1530 2958 1599 ejus
2979 1545 3074 1583 non
3095 1540 3167 1584 est
3186 1530 3321 1596 ﬁnis.
3356 1531 3429 1586 De
3455 1541 3541 1586 tua
3570 1532 3728 1588 laude

2157 1617 2574 1689 quidYLaudobo
2600 1633 2776 1672 nomen
2805 1628 2946 1672 tuum
2970 1619 3022 1671 in
3047 1618 3308 1684 scendum,
3336 1630 3383 1675 et
3405 1622 3457 1675 in
3485 1622 3728 1677 secs-lunt

2156 1711 2349 1765 sieculi.
2376 1711 2515 1780 Ergo
2539 1710 2677 1765 sicut
2699 1710 2815 1780 ejus
2840 1711 3214 1780 magnitudinis
3236 1727 3340 1769 non
3367 1720 3451 1769 est
3479 1712 3620 1778 ﬁnis,
3651 1714 3730 1769 sic

2160 1811 2262 1856 tuae
2284 1801 2452 1856 laudis
2468 1817 2572 1856 non
2597 1803 2695 1856 erit
2712 1802 2849 1856 linis.
2869 1801 2982 1855 Non
3001 1802 3138 1856 enim
3161 1817 3278 1856 cum
3302 1815 3538 1858 mortuus
3563 1802 3733 1859 fueris

2160 1893 2212 1947 in
2244 1892 2343 1949 hac
2369 1908 2527 1948 carne
2547 1934 2561 1957 ,
2588 1893 2798 1948 desines
2835 1892 3048 1947 laudare
3092 1892 3388 1948 Dominum.
3419 1894 3622 1948 Dictum
3648 1905 3733 1950 est

2158 1984 2393 2054 quidem,
2425 1983 2543 2039 Non
2560 1985 2741 2038 mortui
2762 1983 3033 2037 laudabunt
3057 1992 3122 2050 te,
3149 1982 3359 2039 Domine
3385 1983 3553 2054 (Psol.
3576 1996 3731 2050 cum,

2162 2078 2250 2147 l7)
2279 2094 2292 2129 :
2322 2075 2414 2131 sed
2444 2076 2518 2130 illi
2564 2076 2631 2131 de
2674 2075 2863 2145 quibus
2891 2076 3115 2142 dicitur,
3142 2076 3185 2129 Α
3226 2086 3420 2131 mortuo
3443 2118 3458 2142 ,
3488 2076 3619 2130 velut
3647 2079 3733 2146 qui

2160 2184 2260 2221 non
2285 2167 2383 2233 sit,
2403 2168 2527 2237 perit
2554 2167 2798 2237 confessio
2829 2152 3027 2236 (Eccli.
3060 2181 3198 2235 xvn,
3219 2166 3363 2236 26);
3396 2182 3500 2241 nou
3546 2166 3618 2222 illi
3664 2168 3735 2222 de

2158 2258 2351 2329 quibus
2376 2259 2476 2324 ait,
2500 2257 2597 2325 Qui
2620 2259 2772 2312 credit
2790 2258 2840 2312 in
2862 2274 2940 2311 me
2960 2299 2976 2323 ,
2994 2259 3104 2312 licet
3131 2259 3369 2317 moriatur
3390 2259 3512 2313 vivet
3533 2258 3552 2329 (
3573 2258 3729 2313 Joan.

2161 2365 2216 2403 XI
2239 2389 2254 2415 ,
2282 2349 2393 2416 25)
2422 2366 2436 2403 :
2465 2349 2584 2419 quia
2613 2347 2747 2402 Deus
2775 2347 3027 2401 Abraham
3069 2358 3115 2402 et
3143 2346 3278 2411 Dens
3316 2348 3467 2403 Isaac
3508 2360 3553 2402 et
3592 2348 3733 2402 Deus

2160 2439 2320 2494 Iacob
2338 2482 2354 2507 ,
2381 2457 2482 2494 non
2503 2448 2573 2493 est
2599 2438 2735 2493 Deus
2763 2449 3071 2492 mortuorum
3091 2481 3104 2502 ,
3133 2439 3221 2493 sed
3245 2439 3463 2493 vivorum
3494 2441 3513 2509 (
3546 2440 3731 2494 llottlt.

2163 2547 2273 2586 nu
2297 2571 2314 2598 ,
2344 2531 2465 2600 52).
2497 2530 2552 2586 Si
2595 2532 2735 2584 enim
2774 2544 3040 2598 nunquam
3085 2530 3185 2583 nisi
3216 2530 3379 2603 ipsius
3416 2532 3560 2597 eris,
3594 2547 3733 2585 nun.

2160 2642 2318 2697 quam
2344 2640 2371 2679 a
2401 2624 2556 2680 laude
2586 2625 2749 2694 ipsius
2776 2625 2989 2679 tacebis.
3018 2624 3227 2680 Timere
3253 2625 3469 2693 poteris,
3491 2641 3580 2688 ne,
3603 2625 3733 2680 dum

2163 2718 2249 2771 llic
2277 2716 2427 2782 vivis,
2447 2715 2610 2786 ipsius
2628 2715 2721 2780 sis;
2745 2723 2929 2769 etcum
2957 2726 3196 2769 mortuus
3223 2713 3406 2781 fueris,
3432 2729 3538 2768 non
3565 2714 3735 2784 ipsius

2162 2809 2273 2864 sis?
2297 2808 2433 2864 Audi
2461 2807 2765 2877 Apostolum
2794 2806 3185 2875 promittentem
3225 2805 3317 2859 tibi
3346 2805 3685 2859 securitatem
3715 2822 3734 2860 :

2165 2900 2283 2958 Sive
2291 2899 2513 2962 vivimus,
2522 2896 2733 2951 Domino
2745 2897 2970 2963 vivimus;
2981 2896 3081 2950 sive
3092 2896 3347 2961 morimur,
3355 2894 3568 2949 Domino
3580 2896 3736 2949 mori-

2162 3006 2275 3044 mur
2291 3008 2304 3045 :
2318 2991 2418 3044 sive
2434 3005 2549 3060 ergo
2568 2987 2796 3054 vivimus,
2818 2988 2918 3040 sive
2932 2987 3191 3049 morimur,
3214 2985 3420 3040 Domini
3442 3003 3635 3040 sumus.
3669 2988 3736 3042 Et

2164 3081 2303 3136 unde
2322 3079 2514 3135 factum
2532 3088 2616 3134 est
2633 3087 2691 3133 ut
2718 3078 2832 3147 ejus
2848 3078 2921 3133 sis
2942 3086 2996 3131 et
3014 3077 3287 3132 mortuus?
3306 3077 3437 3144 Quia
3455 3077 3624 3145 pretio
3649 3078 3735 3132 sui

2164 3173 2432 3243 sanguinis
2472 3180 2524 3225 te
2560 3169 2783 3225 redemit
2818 3177 2872 3223 et
2915 3178 3150 3223 mortuus
3173 3169 3210 3220 ί.
3239 3167 3516 3235 Quomodo
3558 3168 3775 3237 perdit,

2165 3280 2374 3321 servum
2403 3269 2689 3326 mortuum,
2716 3260 2866 3331 cujus
2883 3274 3026 3313 mors
3042 3267 3127 3314 est
3153 3259 3376 3328 pretium
3404 3260 3585 3313 tuum?
3612 3258 3738 3314 Ideo

2166 3371 2286 3411 cum
2310 3354 2532 3408 dixisset
2555 3394 2568 3418 ,
2599 3352 2716 3408 Sive
2739 3351 2964 3416 vivimus,
2990 3352 3092 3405 sive
3113 3350 3357 3404 morimur
3377 3390 3393 3417 ,
3425 3348 3627 3404 Demini
3646 3367 3737 3403 su-

2166 3462 2300 3511 mus;
2325 3455 2379 3499 ut
2407 3443 2710 3500 ostenderet
2740 3443 2907 3512 ipsum
2933 3442 3157 3512 pretium
3183 3483 3197 3507 ,
3229 3441 3308 3495 Ad
3329 3442 3422 3495 hoc
3449 3443 3579 3496 enim
3600 3484 3619 3507 ,
3649 3443 3735 3496 in-

2166 3540 2274 3609 quit
2293 3580 2307 3602 ,
2336 3537 2560 3592 Christus
2585 3547 2808 3591 mortuus
2835 3546 2904 3591 est
2927 3546 2973 3590 et
3014 3536 3295 3591 rexun'exit
3315 3578 3330 3602 ,
3358 3544 3411 3589 ut
3439 3544 3486 3609 et
3514 3537 3735 3589 vivorum

2166 3640 2212 3685 et
2241 3639 2544 3683 mortuorum
2572 3629 2850 3682 dominetur
2874 3626 3049 3696 (Rom.
3080 3643 3189 3692 xw,
3217 3627 3271 3694 8,
3302 3627 3379 3697 9).
3439 3602 3454 3620 ⁸

2237 3721 2288 3775 6.
2318 3719 2483 3793 [vers.
2508 3717 2603 3791 4.]
2639 3719 3009 3774 Verumtamen
3031 3758 3044 3783 ,
3083 3720 3204 3787 quia
3234 3718 3589 3789 magnitudinis
3624 3719 3736 3789 ejus

2166 3828 2265 3865 non
2307 3821 2377 3865 est
2419 3810 2572 3878 ﬁnis,
2602 3816 2656 3864 ct
2701 3823 2820 3863 eum
2863 3821 3020 3877 quem
3063 3822 3166 3862 non
3210 3808 3446 3877 cipimus
3475 3846 3490 3870 .
3518 3808 3736 3863 laudare

2168 3903 2419 3957 debemus
2449 3899 2532 3973 (si
2566 3899 2706 3954 enim
2757 3899 2993 3968 capimus
3021 3937 3037 3965 ,
3069 3898 3438 3968 magnitudinis
3488 3899 3605 3968 ejus
3654 3909 3740 3953 est

2171 3996 2288 4050 ﬁnis
2317 4012 2330 4048 :
2368 3997 2412 4049 si
2450 4003 2623 4050 autem
2667 3994 3036 4065 magnitudinis
3066 3994 3181 4064 ejus
3209 4009 3313 4048 non
3355 4002 3437 4047 est
3466 3994 3585 4047 ﬁnis
3603 4034 3620 4059 ,
3644 4008 3738 4045 ea-

2170 4102 2295 4156 pere
2341 4101 2404 4141 ex
2448 4100 2513 4140 eo
2561 4085 2755 4156 aliquid
2806 4099 3120 4155 possumus;
3151 4083 3313 4138 Deum
3349 4092 3519 4137 tamen
3567 4092 3737 4137 totum

2168 4194 2358 4248 capere
2388 4194 2492 4232 non
2521 4177 2825 4247 possumus)
2850 4194 2863 4242 ;
2897 4184 3143 4246 tanquam
3190 4174 3497 4230 deﬁcientes
3531 4173 3584 4227 iu
3614 4175 3737 4240 ejus

2170 4268 2561 4339 magnitudine,
2585 4278 2643 4323 ut
2680 4268 2978 4322 reﬁciamur
3018 4265 3136 4334 ejus
3178 4265 3408 4319 bonitate
3432 4263 3535 4331 ,ad
3573 4278 3738 4332 opera

2171 4362 2533 4433 respiciamus,
2565 4371 2618 4414 et
2642 4359 2711 4415 de
2732 4358 2977 4429 operibus
3006 4357 3279 4413 laudemus
3303 4365 3635 4427 operantem,
3664 4355 3739 4410 de

2173 4451 2396 4505 conditis
2424 4448 2761 4504 Conditorem
2786 4489 2802 4515 ,
2828 4447 2895 4502 de
2919 4456 3155 4501 creatura
3184 4444 3508 4501 Creatorem.
3541 4444 3741 4500 Videa-

2175 4559 2290 4597 mus
2317 4557 2436 4613 quze
2463 4540 2547 4596 hic
2576 4540 2776 4605 fecerit,
2805 4554 2922 4610 qua:
2950 4539 3100 4594 nobis
3124 4546 3246 4592 nota
3273 4544 3416 4604 sunt,
3442 4550 3560 4606 qua:
3586 4535 3742 4591 nobis

2176 4633 2449 4689 manifesta
2470 4642 2612 4687 sunt.
2635 4630 2778 4686 Illius
2805 4630 2947 4686 enim
2976 4630 3230 4684 immensa
3258 4627 3465 4682 bonitas
3493 4635 3550 4683 et
3576 4627 3744 4682 inter-

2176 4722 2439 4780 minabilis
2478 4721 2807 4792 magnitudo,
2845 4727 3039 4790 quanta
3075 4719 3177 4773 alia
3218 4717 3338 4772 fecit
3362 4731 3479 4786 quae
3506 4730 3604 4770 nos
3632 4730 3740 4770 non

2180 4813 2452 4869 novimus?
2470 4811 2690 4879 Quando
2723 4809 2933 4881 quidem
2959 4809 3127 4864 aciem
3147 4807 3418 4862 oculorum
3433 4815 3745 4861 nostrorum

2180 4924 2347 4978 usque
2388 4906 2452 4961 ad
2480 4906 2672 4961 coelum
2695 4901 3024 4958 extendimus
3046 4942 3062 4969 ,
3083 4909 3139 4955 et
3165 4915 3193 4954 a
3221 4899 3332 4954 sole
3354 4907 3409 4952 ct
3428 4912 3461 4951 a
3483 4897 3607 4952 luna
3632 4906 3687 4952 et
3712 4912 3749 4953 ιι

2188 4998 2349 5055 stellis
2386 5008 2569 5051 rursus
2596 5006 2909 5048 revocamus
2948 4990 3014 5044 ad
3053 4998 3246 5046 terram
3277 5004 3293 5055 ;
3321 4997 3375 5042 et
3425 4985 3528 5042 hoc
3572 4994 3746 5043 totum

2182 5092 2404 5159 spatium
2431 5099 2511 5143 est
2538 5086 2623 5140 ubi
2647 5094 2860 5155 vagatur
2884 5085 3025 5138 acies
3050 5092 3226 5137 nostra
3252 5099 3264 5135 :
3285 5082 3420 5136 ultra
3444 5079 3607 5135 cados
3628 5078 3755 5149 quis

2182 5180 2436 5236 extendat
2464 5177 2540 5232 vel
2567 5178 2731 5231 aciem
2756 5175 2945 5230 mentis
2967 5215 2983 5243 ,
3012 5189 3114 5228 non
3159 5173 3330 5227 dicam
3364 5171 3579 5227 carnis?
3606 5170 3751 5240 Ergo

2183 5281 2431 5344 quantum
2454 5279 2576 5324 nota
2590 5279 2709 5323 sunt
2727 5268 2876 5323 nobis
2898 5283 3058 5338 opera
3077 5269 3213 5336 ejus,
3232 5265 3503 5320 laudemus
3514 5280 3637 5329 eum
3655 5279 3754 5333 per

2184 5380 2343 5434 Opera
2362 5364 2495 5431 ejus.
2511 5360 2788 5415 lnvisibilia
2802 5360 2940 5414 enim
2958 5358 3089 5428 ejus.
3109 5371 3137 5411 a
3156 5356 3526 5412 constitutione
3544 5354 3750 5419 mundi,

2185 5471 2280 5526 per
2309 5470 2369 5508 ea
2408 5468 2524 5523 quae
2562 5452 2697 5506 facta
2735 5460 2856 5505 sunt
2906 5450 3167 5504 intellecta
3205 5447 3598 5518 conspiciuntur
3624 5445 3748 5513 (Id.

2186 5563 2224 5616 ι,
2252 5545 2362 5616 9.0).
2382 5543 2643 5599 Generatio
2668 5551 2712 5596 et
2732 5540 2980 5612 generatio
3008 5539 3230 5597 laudabit
3256 5554 3405 5609 opera
3434 5547 3540 5592 tua.
3568 5537 3753 5592 Omnis

2254 5726 2267 5755 ι
2307 5721 2489 5782 Aliquot
2512 5726 2634 5778 \fss.,
2658 5722 2907 5773 mortuum.
