4082 6204
2002 226 2016 251 Ι

548 368 685 426 ΗΠΒ

545 481 775 540 Ιιιιιιιὶιιί,
805 480 901 530 nisi
931 475 1289 530 discumberet
1308 490 1465 542 super
1488 484 1667 543 pectus
1697 473 1897 526 Domini
1931 471 2107 538 (Joau.

542 588 671 633 xm,
698 571 788 638 ‘25)
813 610 829 635 ,
876 577 930 623 et
972 572 1038 620 de
1078 582 1273 620 arcano
1306 565 1420 632 ejus
1453 564 1655 615 biberet
1686 562 1857 615 divina
1886 573 2110 626 Secreta,

541 661 665 728 quid
692 659 940 714 eructavit
968 658 991 710 ?
1033 656 1099 711 lu
1132 656 1379 724 principio
1406 664 1511 705 erat
1551 652 1782 713 Verbum,
1817 662 1862 705 et
1898 651 2114 703 Verbum

541 762 647 805 erat
671 751 810 820 apud
834 749 988 802 Deum
1018 748 1128 817 (Id.
1160 762 1174 802 ι
1201 788 1214 807 ,
1250 748 1327 811 1).
1374 744 1671 796 Memoriam
1698 758 1824 812 ergo
1848 742 2113 794 abundau-

540 846 624 896 tiae
659 843 917 896 suavitatis
951 852 1048 894 tua:
1081 836 1383 891 eructabunt.
1437 833 1711 902 Quomodo
1750 849 1854 887 non
1897 832 2109 892 sufficit,

540 932 852 986 memoriam
901 940 1077 992 tuam,
1133 942 1228 980 nec
1274 925 1581 979 memoriam
1608 923 1942 977 abundantite
1985 932 2107 986 tum,

464 1008 473 1011 ⁷
538 1026 623 1080 vel
663 1024 969 1078 memoriam
1008 1020 1275 1075 suavitatis
1316 1026 1455 1079 tum;
1503 1016 1595 1069 sed
1642 1016 1927 1068 memoriam
1957 1014 2114 1066 abun-

543 1117 730 1168 dantiir
752 1114 1011 1168 suavitatis
1041 1111 1182 1163 tum?
1228 1109 1433 1163 Ecuim
1467 1107 1588 1174 quid
1621 1105 1832 1173 prodi-st
1872 1104 1914 1157 si
1942 1107 2111 1155 ahnu-
2152 1088 2160 1107 ’

541 1207 633 1262 dat
669 1218 721 1260 et
761 1205 981 1258 insuave
1018 1200 1137 1256 est?
1169 1200 1292 1252 Item
1339 1199 1614 1250 iuofestum
1642 1238 1654 1257 ,
1684 1197 1726 1250 si
1757 1210 1916 1247 suave
1942 1204 1988 1247 et
2018 1210 2112 1263 pa-
2138 1185 2153 1197 ”

542 1314 658 1353 rum
681 1306 781 1351 CSl.

616 1386 703 1441 10.
736 1386 893 1454 Ergo,
928 1380 1223 1435 Memoriam
1244 1380 1563 1437 abundantia:
1582 1378 1839 1429 suavitatis
1869 1386 1968 1429 tua:
1993 1393 2110 1427 eru-

544 1479 744 1530 rtabuut
776 1492 794 1529 :
815 1475 934 1544 quia
964 1489 1065 1527 non
1090 1488 1146 1526 es
1174 1481 1227 1524 tu
1255 1471 1448 1523 oblitus
1477 1470 1638 1522 nostri
1668 1487 1679 1531 ;
1713 1478 1765 1521 et
1792 1484 1895 1520 non
1919 1468 2112 1520 oblitus

542 1567 913 1621 commonuisti
958 1580 1088 1626 nos,
1136 1572 1191 1616 ιιι
1230 1575 1282 1617 et
1314 1577 1408 1615 nos
1439 1560 1657 1614 reducas
1684 1562 1735 1612 in
1778 1561 2111 1617 memoriam.

544 1655 1073 1713 Commemorabuutur
1098 1654 1236 1707 enim
1282 1663 1327 1705 et
1372 1660 1714 1704 convertentur
1739 1652 1804 1701 ad
1842 1649 2113 1702 Dominum

542 1750 763 1803 universi
786 1749 912 1814 ﬁnes
940 1756 1085 1800 terra:
1104 1744 1271 1815 (Psai.
1304 1760 1389 1797 xm
1410 1785 1423 1807 ,
1456 1742 1573 1813 9.8).
1618 1742 1746 1809 Quia
1773 1756 1900 1810 ergo
1930 1758 2114 1793 nieuio-

542 1838 672 1893 riam
699 1838 1016 1894 abundantia:
1041 1836 1298 1889 suavitatis
1323 1846 1422 1888 tua!
1450 1834 1744 1887 eruetubunt
1767 1873 1780 1895 ,
1815 1832 2112 1917 intelligeu-
2152 1902 2155 1905 _

543 1941 624 1983 tes
652 1931 702 1984 in
746 1946 802 1983 se
835 1928 962 1983 nihil
993 1926 1113 1981 boni
1154 1940 1273 1979 esse
1302 1924 1442 1994 quod
1473 1940 1500 1975 a
1531 1932 1582 1976 te
1614 1938 1717 1975 non
1745 1923 1843 1985 sit;
1894 1938 1992 1975 nec
2012 1938 2112 1993 po-

544 2022 708 2076 tuisse
737 2020 971 2074 converti
1020 2017 1082 2073 ad
1126 2026 1174 2070 te
1200 2059 1213 2080 ,
1258 2015 1356 2068 nisi
1400 2012 1865 2067 cbnunouereutur
1901 2014 1995 2067 abs
2027 2022 2107 2077 te;

543 2128 643 2167 nec
674 2109 853 2166 reduci
879 2111 1113 2181 potuisse
1137 2107 1185 2159 in
1219 2105 1528 2159 memoriam
1558 2104 1652 2168 tui,
1686 2104 1726 2157 si
1754 2114 1804 2155 ιιι
1834 2103 2113 2156 oblivisce-

524 2205 679 2259 ‘reris
720 2204 928 2258 illorum
962 2216 975 2252 :
1006 2199 1117 2253 haec
1160 2196 1558 2251 considerantes
1602 2194 1651 2246 in
1692 2192 1858 2262 gratia
1886 2203 1969 2245 tua
1994 2235 2006 2253 ,
2045 2192 2109 2244 Et

539 2295 735 2367 justitia
764 2303 850 2348 tua
891 2290 1224 2346 exsultabant.
1260 2287 1383 2340 [huc
1406 2328 1421 2352 ,
1463 2286 1672 2354 inquam
1695 2325 1708 2348 ,
1744 2284 1793 2337 in
1829 2293 1912 2336 tua
1943 2284 2110 2353 gratia

542 2385 962 2447 considerantes,
994 2377 1312 2434 exsultabant
1340 2376 1531 2441 iustitia
1560 2383 1665 2439 tua,
1700 2388 1803 2426 non
1833 2387 1947 2428 sua.
1978 2372 2109 2425 Fra-
2180 2440 2185 2443 _

541 2486 671 2541 tres,
704 2473 748 2527 si
779 2472 937 2526 vultis
965 2480 1205 2524 eruetare
1230 2466 1472 2536 gratiam,
1506 2463 1669 2517 bibite
1693 2463 1937 2531 gratiam.
1967 2462 2102 2529 Quid

543 2575 656 2628 est,
704 2563 868 2618 bibite
894 2560 1157 2633 gratiam?
1187 2557 1381 2611 Discite
1410 2555 1656 2625 gratiam,
1689 2553 1966 2621 illlt'iiigile
1986 2568 2108 2625 gra-

542 2660 703 2731 tiam._
738 2657 848 2711 Nos
868 2665 1146 2722 antequam
1174 2664 1415 2711 essemus
1436 2693 1452 2712 ,
1478 2647 1695 2701 omnino
1725 2660 1828 2699 non
1856 2660 2068 2701 eramus
2092 2662 2107 2709 ;

543 2760 597 2809 et
639 2750 756 2805 facti
803 2760 985 2801 smnus
1028 2742 1306 2806 homines,
1348 2755 1467 2793 cum
1506 2745 1629 2790 ante
1668 2734 1795 2790 nihil
1826 2751 2107 2790 essemus:

544 2819 738 2893 deinde
759 2838 868 2906 jam
895 2836 992 2906 ipsi
1024 2833 1265 2888 homines
1291 2846 1353 2884 ex
1385 2827 1601 2883 traduce
1629 2826 1766 2879 illius
1792 2824 2108 2895 peccatoris,

541 2940 590 2984 et
622 2929 830 2999 maligni
852 2941 1061 2982 eramus
1085 2966 1099 2989 ,
1142 2932 1194 2978 et
1224 2922 1313 2975 ﬁlii
1345 2922 1436 2975 ine
1458 2930 1664 2984 natura,
1696 2916 1905 2971 sicutet
1930 2918 2109 2972 caeteri

544 3020 756 3094 (Ephes.
787 3035 844 3083 ιι,
876 3017 953 3075 3i.
979 3014 1329 3071 Attendamus
1349 3026 1475 3081 ergo
1497 3011 1718 3081 gratiam
1749 3009 1862 3071 Dei,
1889 3023 1993 3061 non
2023 3024 2111 3061 so-

543 3113 652 3166 lum
682 3125 782 3181 qua
807 3108 929 3163 fecit
954 3122 1071 3171 nos,
1104 3120 1286 3159 verum
1310 3103 1467 3158 etiam
1496 3118 1595 3170 qua
1623 3100 1826 3155 refecit.
1860 3099 1955 3153 Cui
1982 3114 2109 3167 ergo

541 3197 798 3251 debemus
827 3193 948 3263 quia
974 3206 1155 3245 sumus
1178 3230 1194 3254 ,
1229 3188 1302 3242 illi
1333 3187 1586 3265 debemus
1615 3186 1738 3254 quia
1765 3192 1820 3238 et
1841 3183 2107 3253 iustiﬁcati

543 3294 746 3341 smnus.
776 3284 943 3339 Nemo
966 3282 1113 3351 quasi
1155 3280 1349 3333 tribuat
1381 3278 1487 3330 Deo
1512 3277 1631 3345 quia
1660 3284 1771 3340 est,
1813 3284 1866 3328 et
1891 3274 1988 3326 sibi
2015 3275 2109 3327 tri-

478 3432 493 3438 -
543 3381 672 3433 buat
712 3377 834 3446 quia
874 3377 1048 3444 justus
1092 3379 1194 3425 est.
1246 3370 1430 3423 Melius
1456 3376 1537 3421 est
1573 3367 1712 3422 enim
1745 3365 1883 3435 quod
1916 3366 2006 3419 tibi
2032 3364 2111 3418 vis

471 3505 474 3509 -
546 3467 815 3531 tribuere,
858 3478 1015 3534 quam
1054 3459 1194 3530 quod
1238 3457 1360 3512 illi:
1409 3456 1600 3510 melius
1638 3454 1776 3509 enim
1820 3453 2014 3524 aliquid
2052 3468 2111 3507 es

546 3561 669 3630 quia
709 3558 881 3626 justus
907 3569 964 3608 es
995 3554 1011 3585 ί
1033 3594 1047 3617 ,
1076 3565 1231 3623 quam
1271 3548 1390 3618 quia
1429 3546 1589 3601 homo
1621 3561 1700 3601 es.
1754 3543 1977 3597 inferius
2010 3543 2109 3597 ali—

546 3651 671 3723 quid
702 3650 795 3703 das
837 3648 981 3711 Deo;
1026 3655 1078 3700 et
1117 3642 1360 3711 superius
1400 3640 1514 3695 tibi.
1567 3639 1756 3692 Totum
1805 3636 1877 3691 illi
1908 3637 2008 3701 da,
2057 3636 2109 3690 in

545 3754 658 3798 toto
685 3742 854 3811 ipsum
908 3737 1058 3792 lauda
1093 3755 1106 3789 :
1140 3750 1244 3789 non
1283 3731 1441 3787 cadas
1471 3730 1537 3784 de
1581 3745 1736 3784 manu
1777 3726 2113 3783 artiﬁcis.'Ut

548 3848 695 3888 esses
734 3833 855 3900 quis
900 3827 1063 3882 fecit?
1102 3825 1284 3879 Nonne
1328 3822 1581 3890 scriptum
1624 3830 1705 3873 est
1743 3820 1861 3888 quia
1890 3818 2112 3885 sumpsit

548 3926 689 3979 Deus
730 3923 911 3976 limmn
942 3918 1009 3973 de
1053 3926 1229 3981 terra,
1271 3925 1324 3967 et
1366 3912 1610 3966 formavit
1663 3910 1927 3963 hominem
1960 3907 2110 3979 (Gen.

547 4018 607 4079 it,
642 4014 695 4087 7)
718 4015 741 4066 ?
764 4015 1058 4082 Antequam
1089 4010 1245 4061 homo
1275 4021 1442 4071 esses,
1474 4005 1630 4057 limus
1659 4016 1803 4066 eras;
1832 4011 2111 4071 antequam

550 4111 709 4164 limus
729 4120 892 4169 esses,
924 4104 1050 4157 nihil
1081 4117 1221 4156 eras.
1248 4099 1350 4154 Sed
1379 4112 1481 4151 non
1507 4095 1574 4150 de
1605 4096 1704 4148 isto
1733 4095 1846 4147 solo
1869 4094 2116 4162 ﬁgmento

551 4199 748 4272 gratias
780 4211 904 4267 agas
930 4192 1116 4247 artiﬁci
1144 4202 1232 4245 tuo
1258 4207 1273 4254 ;
1295 4188 1417 4241 audi
1439 4186 1580 4240 aliud
1613 4185 1917 4255 ﬁgmentum
1947 4181 2033 4235 ubi
2066 4191 2116 4236 te

554 4291 696 4345 fecit.
749 4287 867 4341 Non
894 4302 956 4339 ea:
979 4283 1209 4352 operibus
1230 4324 1244 4346 ,
1273 4282 1379 4345 ait,
1422 4295 1481 4331 ne
1510 4282 1638 4348 forte
1681 4275 1789 4343 quis
1825 4272 2112 4327 extollatur.

517 4384 528 4394 ’
550 4381 655 4437 Sed
681 4378 771 4449 qui
799 4378 932 4432 dixit
955 4419 969 4439 ,
1006 4374 1123 4427 Non
1149 4389 1209 4426 ex
1228 4370 1476 4441 operibus,
1515 4384 1576 4421 ne
1603 4371 1735 4446 forte
1762 4366 1872 4435 quis
1900 4362 2117 4417 extolla-

553 4485 636 4527 tur
661 4489 679 4537 ;
701 4470 944 4540 superius
968 4465 1092 4536 quid
1119 4460 1634 4519 commemoravit’?
1662 4458 1836 4511 Gratia
1854 4456 1977 4511 salvi
1997 4456 2118 4521 facti

554 4566 670 4619 estis
702 4579 789 4631 per
820 4560 1007 4629 ﬁdem;
1038 4567 1094 4608 ιρι
1121 4556 1211 4607 hoc
1239 4553 1258 4583 ³
1286 4567 1384 4605 non
1417 4567 1479 4604 ex
1507 4550 1662 4601 vobis.
1695 4546 1929 4616 Apostoli
1959 4544 2118 4599 verba

556 4663 680 4708 sunt
705 4693 719 4714 ,
747 4666 852 4705 non
883 4663 995 4702 mea
1024 4666 1036 4698 :
1081 4644 1255 4699 Gratia
1292 4641 1417 4695 salvi
1448 4639 1567 4708 facti
1597 4639 1714 4691 estis
1748 4653 1835 4706 per
1860 4635 2047 4704 ﬁdem;
2075 4643 2121 4687 et

557 4749 650 4800 hoc
679 4746 767 4814 (ut
795 4742 922 4797 salvi
948 4739 1136 4794 essetis
1166 4752 1260 4803 per
1292 4734 1486 4798 ﬁdem)
1516 4748 1615 4784 non
1646 4746 1708 4782 ea:
1736 4728 1889 4781 vobis.
1920 4727 2119 4795 Quam-

556 4840 642 4894 vis
679 4840 777 4891 hoc
817 4836 984 4905 ipsum
1016 4830 1156 4901 quod
1184 4830 1424 4889 dixerat,
1453 4823 1663 4884 Gratia;
1691 4821 1872 4889 utique
1891 4859 1905 4881 ,
1937 4834 2034 4870 non
2062 4830 2125 4870 ea:

554 4930 690 4985 vobis
716 4946 735 4983 :
764 4925 857 4981 sed
902 4940 969 4979 ne
1005 4921 1125 4992 quis
1168 4920 1323 4974 aliter
1372 4916 1723 4984 intelligeret,
1773 4911 1980 4982 planius
2021 4908 2124 4963 hoc

555 5023 765 5094 aperire
788 5021 1030 5089 dignatus
1049 5023 1150 5069 est.
1178 5015 1246 5065 Da
1276 5010 1677 5068 inte-Hectorem,
1696 5014 1749 5059 et
1772 5012 1937 5056 totum
1959 4998 2121 5053 dixit:

506 5146 519 5155 ς
559 5090 739 5171 (iratia
775 5110 902 5166 salvi
943 5107 1064 5179 facti
1093 5105 1227 5158 estis.
1274 5100 1373 5156 Ubi
1398 5098 1577 5158 audis,
1610 5095 1773 5165 gratia
1794 5134 1809 5159 ,
1838 5091 2014 5147 Gratis
2041 5090 2125 5143 in-

556 5208 759 5277 tellige.
786 5203 841 5259 Si
870 5215 996 5271 ergo
1022 5199 1186 5268 gratis
1205 5235 1220 5259 ,
1249 5192 1378 5247 nihil
1409 5200 1461 5243 tu
1489 5187 1733 5249 attulisti,
1771 5183 1902 5238 nihil
1925 5181 2125 5235 merui-

560 5301 629 5356 sti
665 5316 679 5352 :
709 5310 828 5351 nam
849 5295 895 5351 si
917 5289 1120 5346 meritis
1148 5284 1345 5356 aliquid
1374 5281 1637 5337 redditum
1665 5287 1764 5342 est,
1794 5290 1999 5330 merces
2021 5282 2125 5338 est,

622 5436 638 5467 ³
675 5432 748 5481 sic
782 5437 891 5479 Mss.
928 5434 982 5476 At
1016 5423 1148 5474 add:
1188 5415 1355 5471 Metius
1385 5420 1454 5465 est
1479 5412 1606 5466 enim
1641 5408 1827 5473 aliquid
1861 5418 1980 5467 esse,
2016 5404 2132 5469 quia

552 5502 810 5604 Mulieri:
832 5549 922 5602 sed
946 5543 1062 5610 quid
1087 5541 1233 5610 dixit.
1256 5550 1351 5591 Νοη
1373 5550 1435 5587 επ
1452 5535 1690 5610 “Peditum
1713 5527 2134 5610 "€-’°."I‘."’_"’ii:‘."ﬁt

561 5589 1615 5674 sugei'iuswquidti‘anmwnwravit?
1639 5589 1711 5642 Er.
1744 5589 1801 5642 ρι’
1834 5600 1950 5639 Ven.
1975 5589 2135 5638 secuti

561 5690 763 5783 s“imitati:
780 5681 890 5782 uiid.
904 5694 1112 5788 addunt,
1134 5735 1184 5777 ut
1207 5719 1327 5777 salvi
1349 5720 1509 5774 essetis
1526 5732 1611 5783 per
1633 5716 1779 5780 ﬁdem
1799 5728 1813 5764 :
1832 5711 1961 5777 quod
1976 5725 2003 5761 a

562 5799 719 5857 abest.

1756 362 1807 415 S.
1862 360 2221 417 AL‘GUSTINI
2265 362 2554 417 EPISCOPI

3653 362 3789 419 1876

2229 490 2330 524 non
2360 475 2547 539 gratia.
2593 471 2768 524 Gratia
2788 514 2800 535 ,
2834 472 3031 541 inquit,
3064 473 3187 526 salvi
3214 472 3334 539 facti
3359 475 3473 528 estis
3500 491 3589 544 per
3609 475 3785 541 ﬁdem.

2219 562 2259 615 Ε
2267 578 2292 611 \
2304 578 2438 630 pone
2467 562 2587 613 illud
2616 562 2846 630 apertius
2869 573 3081 631 propter
3099 572 3429 632 arrogantes,
3450 576 3665 633 propter
3686 564 3786 620 sibi

2218 654 2515 720 placentes“,
2563 661 2777 721 propter
2815 650 3112 721 ignorantes
3145 654 3232 706 Dei
3260 653 3519 721 justitiam
3551 665 3604 708 et
3634 670 3784 709 suam

2218 746 2455 796 vo'eutes
2502 744 2847 797 constituere.
2897 744 3033 801 Audi
3078 743 3177 797 hoc
3221 745 3359 797 idem
3404 746 3683 813 apertius:
3719 743 3787 799 Et

2219 833 2310 884 ItOC
2330 874 2343 894 ,
2376 835 2541 901 inquit
2561 874 2575 895 ,
2599 833 2736 901 quod
2763 834 2926 902 gratia
2953 832 3079 885 salvi
3104 834 3223 903 [acti
3249 834 3385 895 estis,
3412 851 3512 886 non
3541 851 3603 886 ea:
3624 836 3783 899 vobis,

2190 922 2304 1001 .sed
2335 922 2427 976 Dei
2456 924 2643 975 donum
2668 933 2757 975 est.
2803 922 2905 997 sed
2933 933 2985 977 et
3014 938 3110 976 nos
3149 922 3281 976 forte
3310 923 3507 993 aliquid
3537 924 3781 991 iecimus,

2218 1024 2273 1065 ut
2301 1014 2435 1066 dona
2473 1015 2560 1066 Dei
2590 1031 2931 1069 mereremur.
2972 1014 3090 1068 Non
3116 1032 3178 1068 ea:
3197 1016 3455 1085 aperibus,
3483 1016 3654 1088 inquit
3676 1060 3691 1084 ,
3725 1034 3788 1074 ne

2216 1106 2345 1176 forte
2369 1106 2479 1175 quis
2499 1107 2787 1170 extollatur,
2818 1107 2950 1173 Quid
2982 1106 3150 1176 ergo?
3177 1122 3273 1161 nos
3299 1108 3433 1162 bene
3463 1085 3573 1161 non
3591 1085 3785 1179 ὄρει-ει-

2216 1199 2367 1251 mur?
2412 1199 2520 1251 lmo
2559 1214 2859 1266 Operamur.
2912 1199 3015 1253 Sed
3045 1198 3345 1268 quomodo?
3393 1200 3512 1269 ipso
3551 1200 3603 1254 in
3634 1203 3787 1258 nobis

2217 1299 2471 1355 operante
2495 1305 2509 1353 ;
2537 1290 2657 1358 quia
2701 1305 2793 1357 per
2823 1289 2978 1342 ﬁdem
3013 1290 3182 1342 lorum
3214 1289 3402 1343 damus
3425 1292 3474 1344 in
3501 1291 3664 1347 corde
3694 1308 3787 1346 no-

2217 1388 2329 1432 stro
2354 1380 2401 1433 ei
2429 1380 2513 1449 qui
2545 1381 2594 1433 in
2634 1381 2783 1433 nobis
2812 1390 2863 1433 et
2907 1396 2999 1449 per
3045 1396 3140 1433 nos
3180 1380 3317 1434 bona
3345 1392 3616 1450 aperatur.
3650 1383 3784 1437 Audi
3868 1408 3871 1419 ε

2217 1472 2355 1523 enim
2384 1471 2521 1523 unde
2550 1473 2786 1541 opereris
2811 1473 2943 1524 bona
2979 1490 2992 1525 :
3026 1470 3196 1540 Ipsius
3217 1475 3349 1524 enim
3381 1489 3555 1527 sumus
3577 1475 3788 1543 figmen-

2218 1570 2342 1625 tum,
2373 1562 2525 1613 crcati
2547 1563 2597 1614 iu
2626 1562 2822 1615 Christo
2847 1560 2973 1615 Jesu
2998 1563 3050 1614 iu
3079 1562 3311 1632 operibus
3335 1562 3498 1628 bonis,
3527 1575 3584 1617 ut
3609 1566 3660 1617 in
3685 1566 3788 1619 illis

2217 1652 2523 1706 auibuleiuus
2551 1652 2762 1723 (Ephes.
2786 1669 2821 1706 tt
2848 1694 2861 1713 .
2883 1652 3064 1721 8.10).
3117 1652 3217 1706 Ista
3242 1664 3323 1706 est
3352 1656 3584 1708 suavitas
3621 1656 3762 1709 abun
3780 1689 3792 1697 -

2220 1745 2349 1797 dans
2395 1744 2665 1798 memoria:
2714 1745 2877 1813 ipsius
2922 1746 3060 1799 circa
3112 1759 3226 1797 nos.
3282 1744 3426 1799 lianc
3471 1747 3766 1800 eructando

2222 1834 2592 1902 pra-dicaturos
2621 1834 2737 1904 ejus
2760 1835 2959 1902 justitia
2987 1835 3101 1901 ejus
3125 1835 3464 1888 exsultabuut
3487 1878 3502 1901 ,
3525 1830 3641 1890 ‘uon
3669 1852 3785 1891 sua.

2218 1926 2350 1994 Quid
2394 1942 2520 1997 ergo
2568 1939 2624 1979 ut
2667 1926 2864 1991 siums,
2907 1934 2961 1979 ut
3011 1926 3304 1984 laudemus.
3357 1938 3415 1980 nt
3454 1927 3658 1996 justitia
3703 1938 3787 1985 tua

2218 2019 2581 2080 exsultcmns,
2637 2026 2692 2071 ul.
2748 2019 3057 2073 memoriam
3116 2018 3458 2072 abundantia:
3511 2021 3788 2076 suavitatis

2220 2118 2320 2162 tuze
2368 2120 2705 2168 crnctcmus.
2757 2109 2881 2177 quid
2934 2124 3058 2178 erga
3091 2109 3107 2139 ¹
3135 2122 3233 2161 nos
3280 2108 3485 2173 fecisti,
3530 2110 3785 2177 Domine,

2216 2216 2372 2269 quem
2421 2200 2735 2254 laudamus?
2790 2201 3064 2264 Dicamus,
3110 2210 3164 2255 et
3203 2216 3320 2254 cum
3366 2200 3626 2269 dicimus,
3671 2202 3786 2257 lau-

2217 2291 2419 2346 demus.
3372 2293 3379 2297 ‘

2288 2387 2374 2440 11.
2400 2385 2547 2457 [vers
2575 2383 2652 2456 8.]
2690 2384 2975 2439 Misericors
3001 2395 3045 2438 et
3079 2384 3338 2438 miserator
3361 2383 3610 2438 Dominus
3632 2427 3648 2449 ,
3677 2386 3785 2439 lan-

2216 2477 2429 2549 gauimis
2448 2488 2491 2529 et
2513 2477 2720 2529 multum
2740 2477 3031 2529 misericors.
3057 2476 3238 2531 Suavis
3260 2476 3507 2529 Dominus
3530 2477 3779 2541 omnibus,

2220 2576 2263 2619 et
2285 2567 2631 2623 miserationes
2657 2567 2766 2637 ejus
2803 2568 2854 2619 iu
2884 2568 3051 2619 omnia
3080 2560 3231 2636 opera
3251 2568 3378 2635 ejus.
3410 2566 3518 2620 Nisi
3548 2568 3638 2621 ille
3668 2569 3784 2621 talis

2217 2667 2392 2721 esset,
2423 2656 2489 2710 de
2518 2657 2666 2711 nobis
2706 2656 2946 2724 repetitio
2972 2656 3108 2709 milia
3135 2666 3279 2710 esset
3306 2657 3351 2707 ’.
3386 2656 3615 2710 Attende
3639 2657 3703 2710 ad
3735 2667 3785 2711 te

2218 2748 2424 2816 ipsum;
2465 2746 2589 2814 quid
2630 2745 2925 2799 merebaris
2966 2746 3248 2815 peccator?
3284 2740 3628 2816 contemptor
3667 2747 3783 2809 Dei,

2217 2837 2338 2908 quid
2390 2834 2717 2891 mcrebaris?
2769 2835 2895 2890 Vide
2924 2836 2967 2888 si
2992 2836 3223 2905 occurrit
3265 2835 3357 2889 tibi
3398 2835 3499 2890 nisi
3530 2851 3715 2905 parua,
3742 2837 3784 2890 si

2216 2928 2446 2985 occurrit
2477 2928 2567 2981 tibi
2593 2927 2689 2980 nisi
2719 2925 3053 2995 supplicium.
3092 2925 3248 2978 Vides
3272 2940 3399 2994 ergo
3426 2925 3548 2993 quid
3578 2925 3670 2978 tibi
3696 2925 3787 2979 de-

2218 3016 2458 3080 bebatur,
2494 3024 2543 3070 et
2575 3015 2696 3085 quid
2726 3015 2929 3070 dederit
2954 3014 3038 3085 qui
3065 3014 3226 3085 gratis
3252 3014 3415 3068 dedit.
3449 3015 3573 3067 Data
3600 3022 3680 3068 est
3706 3030 3788 3067 ve-

2218 3110 2301 3163 nia
2343 3094 2601 3178 peccaturi
2626 3149 2642 3172 ,
2674 3106 2825 3161 datus
2849 3115 2931 3161 est
2968 3105 3184 3174 spiritus
3205 3105 3635 3174 justiﬁcationis,
3661 3104 3784 3159 data

2217 3209 2297 3253 est
2323 3198 2552 3252 Charitas
2581 3207 2634 3252 et
2658 3197 2895 3259 dilectio,
2926 3196 2977 3249 iu
3003 3210 3103 3265 qua
3125 3195 3302 3248 omnia
3324 3194 3459 3248 bona
3490 3194 3650 3248 facias
3676 3211 3690 3257 ;
3735 3202 3790 3248 α

2218 3305 2376 3365 super
2413 3290 2526 3343 lucc
2569 3289 2711 3343 dabit
2740 3296 2793 3345 et
2832 3288 2991 3340 vitam
3034 3296 3283 3341 aeternam
3309 3327 3325 3349 ,
3379 3294 3434 3340 et
3471 3286 3785 3340 societatem

2217 3380 2536 3450 Angelorum
2566 3397 2578 3432 :
2609 3388 2770 3432 tutum
2803 3377 2869 3431 de
2895 3377 3272 3430 misericordia.
3323 3376 3505 3429 Merita
3541 3383 3631 3429 tua
3660 3391 3788 3428 nus-

2217 3490 2373 3544 quam
2400 3473 2589 3541 jactes,
2622 3471 2741 3541 quia
2762 3479 2816 3525 et
2837 3471 2944 3540 ipsa
2974 3480 3058 3522 tua
3086 3470 3271 3525 merita
3302 3467 3438 3522 illius
3457 3466 3596 3520 dona
3622 3475 3783 3521 sunt:

2218 3562 2288 3616 Et
2324 3564 2526 3631 justitia
2572 3573 2657 3615 tua
2701 3560 3039 3614 exsultabant.
3099 3558 3387 3612 Misericors
3429 3567 3476 3611 et
3522 3557 3788 3610 miserator

2218 3655 2466 3710 Dominus
2486 3670 2504 3708 :
2524 3654 2612 3729 qui
2642 3652 2811 3711 fecisti
2832 3652 3006 3706 omnia
3023 3652 3203 3721 gratis.
3235 3650 3561 3720 Longanimis
3580 3664 3601 3703 :
3620 3665 3789 3718 quan-

2221 3759 2301 3803 tos
2326 3748 2465 3802 enim
2495 3747 2723 3801 sustinet
2753 3753 3057 3813 peccatores
3081 3743 3105 3795 ?
3135 3741 3422 3797 Misericors
3449 3751 3494 3794 et
3519 3740 3786 3794 adsentor

2219 3840 2465 3901 Dom-inus
2489 3881 2505 3903 ,
2551 3840 2602 3895 in
2636 3839 2715 3892 his
2744 3837 2933 3907 quibus
2960 3835 3166 3890 veniam
3197 3834 3340 3888 dedit
3367 3851 3381 3886 :
3415 3834 3466 3887 in
3491 3833 3575 3887 his
3597 3832 3788 3903 quibus

2219 3932 2392 3986 adhuc
2419 3945 2521 3984 non
2553 3928 2697 3984 dedit
2722 3970 2737 3995 ,
2778 3922 3096 3997 longauiniis,
3127 3941 3229 3978 non
3259 3925 3538 3987 damnans,
3568 3922 3661 3978 sed
3692 3939 3789 3978 ex-

2220 4030 2485 4095 spectans,
2511 4022 2620 4091 ipsa
2648 4019 3037 4088 exspectatione
3061 4017 3312 4081 clamans,
3339 4013 3695 4068 Convertimini
3718 4014 3788 4066 ad

2222 4129 2318 4177 me,
2346 4122 2390 4164 et
2411 4121 2667 4164 convertar
2694 4109 2760 4161 ad
2779 4125 2863 4162 vos
2888 4106 3137 4175 (Mataclt.
3174 4121 3247 4169 Ill,
3277 4106 3367 4173 7);
3395 4113 3447 4158 et
3475 4103 3638 4157 nimia
3665 4103 3783 4156 lon-

2221 4202 2523 4272 ganimitate
2551 4200 2572 4230 ³
2592 4241 2605 4265 ,
2642 4198 2775 4252 Nolo
2799 4240 2813 4263 ,
2848 4198 3052 4269 inquit,
3082 4204 3284 4248 mortem
3311 4194 3482 4262 impii,
3512 4204 3707 4246 tantum
3736 4202 3791 4246 ut

2222 4304 2496 4348 revertatur
2535 4302 2582 4345 et
2624 4295 2753 4345 vivat
2797 4289 3004 4359 (lfzeclt.
3036 4303 3235 4349 xxxnt,
3278 4287 3386 4355 11).
3441 4285 3532 4340 llle
3576 4283 3792 4351 quidem

2226 4387 2581 4457 longanimis;
2627 4393 2678 4437 tu
2709 4392 2882 4436 autem
2912 4380 3200 4435 secundum
3227 4378 3472 4432 duritiam
3502 4375 3683 4429 cordis
3718 4374 3791 4428 tui

2225 4486 2279 4530 et
2302 4492 2395 4531 eor
2422 4474 2758 4543 impmnilcns
2790 4472 3114 4527 thesaurizas
3142 4468 3233 4522 tibi
3260 4467 3388 4521 iram
3418 4466 3468 4519 in
3504 4465 3591 4519 die
3622 4465 3715 4518 ira:
3742 4471 3798 4518 et

2227 4566 2567 4623 revelatiouis
2593 4565 2719 4634 justi
2735 4563 2935 4634 ,judicii
2970 4562 3103 4624 Dei,
3149 4560 3237 4628 qui
3280 4556 3463 4611 reddet
3507 4556 3795 4625 unicuique

2227 4660 2514 4716 secmnlum
2543 4674 2699 4727 opera
2730 4671 2823 4710 sua
2858 4656 3028 4725 (Rom.
3062 4669 3119 4716 ιι,
3143 4651 3196 4713 5.
3227 4649 3301 4720 6).
3330 4648 3442 4702 Non
3465 4648 3607 4701 enim
3636 4647 3797 4699 modo

2228 4751 2302 4805 sic
2333 4749 2644 4821 longanimis
2686 4747 2740 4800 in
2784 4742 3113 4809 sustinendo,
3165 4750 3223 4794 ut
3253 4753 3519 4809 nunquam
3539 4739 3717 4806 justus
3742 4738 3792 4789 in

2230 4841 2548 4898 vindicando
2577 4837 2619 4895 ⁸.
2675 4834 2947 4891 Distribuit
2994 4841 3275 4902 tempora:
3310 4837 3463 4884 vocat
3516 4836 3567 4881 te
3615 4842 3795 4888 nunc.

2230 4934 2542 4988 exhortatur
2569 4939 2617 4984 te
2639 4942 2807 4990 nunc;
2835 4931 3109 4992 exspectat
3135 4922 3305 4976 donec
3332 4918 3637 4986 resipiscas,
3658 4926 3717 4970 et
3742 4923 3799 4968 tu

2234 5024 2407 5079 tardas
2432 5024 2445 5075 !
2480 5022 2660 5087 Magna
2689 5018 2802 5086 ejus
2829 5011 3191 5069 misericordia
3214 5021 3268 5065 et
3293 5011 3344 5064 in
3373 5008 3472 5062 hoc
3487 5006 3632 5077 quod
3658 5007 3803 5060 diem

2231 5116 2352 5168 vitae
2383 5113 2473 5167 tibi
2503 5113 2758 5165 incertum
2791 5106 2935 5171 fecit,
2970 5114 3026 5157 ut
3050 5103 3252 5157 nescias
3279 5099 3492 5170 quando
3518 5098 3646 5152 hinc
3668 5098 3807 5152 emi-

2233 5208 2409 5280 grabis
2433 5223 2447 5270 ;
2471 5215 2520 5258 et
2547 5219 2664 5257 cum
2695 5198 2928 5271 quotidie
2955 5209 3137 5269 speras
3168 5203 3218 5248 te
3241 5194 3487 5262 migrare,
3518 5188 3808 5259 aliquando

2235 5297 2557 5357 convertaris
2586 5314 2598 5350 :
2626 5303 2678 5349 et
2707 5295 2761 5347 in
2788 5292 2886 5345 hoc
2912 5303 3099 5359 magna
3126 5288 3241 5356 ejus
3271 5281 3656 5338 misericordia.
3684 5280 3809 5333 Ca:-

2300 5456 2316 5487 ί
2351 5454 2422 5503 sic
2442 5456 2548 5501 Mss.
2567 5448 2677 5498 Edd.
2703 5458 2836 5503 vero,
2859 5441 2976 5505 quid
2997 5452 3231 5507 ergonos,
3255 5446 3349 5489 etc.
3465 5497 3495 5507 Α,

2301 5521 2321 5550 ει
2443 5495 2729 5575 [Eg—ditem
2747 5495 2803 5559 et
2822 5495 2955 5566 ἰόν..
2978 5495 3191 5567 repetitio
3211 5495 3256 5551 et
3280 5497 3524 5564 reparatio
3545 5496 3657 5548 talis
3678 5495 3816 5547 nulla

2238 5582 2579 5696 essfli'leiique
2603 5641 2726 5696 Mss_.:
2750 5636 2806 5696 _Et
2818 5627 3020 5696 nimiam
3039 5621 3454 5696 [ιιιιςιιζηίγιιὶιαιιθηιἶ

2304 5704 2325 5734 ι
2361 5682 2456 5747 iiii.
2484 5682 2535 5744 ἑι
2558 5701 2651 5751 ΕΓ..
2675 5693 2722 5741 in
2736 5690 3003 5753 judicaudo
3030 5700 3046 5736 :
3072 5682 3401 5753 et'sieplures
3423 5689 3528 5750 uss.
3554 5682 3636 5749 qui
3669 5682 3823 5741 paulo.

2247 5744 2479 5832 poste—uin
2498 5744 2687 5808 caeteris
2712 5744 2905 5812 habent,
2932 5754 3171 5811 exspectat
3196 5744 3347 5797 danec
3366 5744 3536 5805 furias.
