4082 6204
358 347 485 401 18⁸17

351 465 521 514 terum
550 458 594 512 si
619 457 890 513 statuisset
917 456 1056 511 diem
1079 455 1322 510 0100111118
1345 494 1361 518 ,
1410 454 1604 508 faceret
1645 450 1914 507 abundare

355 565 565 624 peccata
596 555 664 610 de
708 555 1008 609 securitate.
1063 551 1216 605 Dedit
1256 565 1383 618 ergo
1428 564 1576 618 spem
1620 548 1821 607 veniae,
1854 563 1920 599 ne

356 645 686 714 desperando
729 643 954 712 amplius
984 657 1190 712 pecces.
1246 642 1309 694 Et
1343 655 1500 710 spes,
1544 649 1597 718 et
1623 637 1921 706 desperatio

353 736 586 790 timenda
629 745 709 789 est
758 735 807 787 in
853 733 1100 802 peccatis.
1156 732 1336 786 Videte
1383 747 1562 785 vocem
1592 730 1922 797 desperantis

350 827 417 880 ad
461 825 695 894 augenda
733 832 979 893 peccata,
1026 832 1079 878 et
1113 822 1285 877 videte
1327 837 1508 876 vocem
1555 821 1816 890 sperantis
1855 819 1920 872 ad

351 915 589 985 augenda
635 925 846 984 peccata
872 955 886 979 ,
929 923 982 967 ct
1025 914 1288 982 quomodo
1315 913 1523 981 utrique
1550 911 1662 964 voci
1691 911 1923 964 occurrit

352 1005 678 1075 providentia
717 1015 767 1058 et
796 1004 1154 1060 misericordia
1196 1004 1305 1057 Dei.
1365 1003 1498 1057 Audi
1525 1017 1706 1074 vocem
1734 1001 1923 1067 110800-

353 1097 564 1151 rantis:
603 1097 718 1150 Jam
749 1137 763 1159 ,
807 1097 1007 1164 inquit,
1053 1094 1382 1149 damnandus
1415 1110 1565 1156 sum;
1610 1108 1773 1162 quare
1817 1109 1921 1144 non

356 1187 488 1240 facio
515 1186 763 1256 quidquid
801 1188 956 1240 volo?
977 1186 1110 1240 Audi
1144 1194 1197 1240 et
1220 1201 1402 1240 vocem
1434 1186 1693 1254 sperantis
1726 1203 1739 1238 :
1769 1185 1923 1237 Mise-

355 1277 579 1330 ricordia
613 1276 817 1330 Domini
851 1291 1036 1347 magna
1063 1287 1178 1340 est;
1231 1277 1440 1345 quando
1482 1291 1564 1329 1110
1590 1285 1920 1338 convcrlcro,

353 1368 583 1421 dimittet
614 1368 740 1421 mihi
769 1369 942 1421 omnia
975 1387 986 1420 :
1018 1383 1180 1436 quare
1211 1384 1314 1421 non
1345 1367 1477 1420 facio
1495 1365 1745 1435 quidquid
1766 1365 1922 1418 volo?

358 1461 645 1527 Desperat,
696 1471 750 1514 ut
792 1469 1004 1528 peccet;
1054 1469 1263 1528 sperat,
1297 1468 1352 1512 ut
1379 1468 1582 1529 peccet.
1632 1456 1924 1526 Utrumque

355 1549 693 1604 metuendum
721 1545 854 1615 ‘cst,
908 1560 1197 1618 utrumque.
1229 1550 1580 1618 periculosum
1608 1565 1622 1610 ;
1671 1564 1746 1599 va!
1774 1563 1802 1599 a
1834 1547 1924 1599 de-

357 1641 696 1710 speratione!
743 1657 820 1694 va:
865 1656 891 1692 a
936 1655 1178 1708 perversa
1209 1640 1338 1706 spe!
1390 1640 1609 1708 Utrique
1641 1638 1760 1690 huic
1786 1636 1934 1706 peri-

356 1736 476 1788 culo
505 1745 558 1788 et
596 1735 804 1803 utrique
850 1735 990 1786 malo
1018 1732 1282 1802 quomodo
1307 1733 1538 1785 occurrit
1566 1729 1923 1784 IniseriCordia

361 1825 454 1878 Dei
478 1825 500 1877 ?
529 1825 663 1891 Quid
692 1825 823 1878 dicis
850 1832 924 1889 tu,
959 1825 1045 1893 qui
1073 1823 1401 1891 desperando
1430 1822 1641 1875 volebas
1669 1820 1925 1889 peccare?

356 1917 471 1971 Jam
500 1917 824 1990 damnandus
847 1933 960 1970 sum
988 1933 1002 1979 ;
1034 1931 1196 1984 quare
1221 1932 1320 1969 non
1351 1915 1484 1968 facio
1511 1915 1764 1984 quidquid
1783 1913 1922 1967 volo.

357 2007 492 2065 Audi
523 2007 847 2076 Scripturam
874 2026 886 2060 :
920 2007 1056 2060 Nolo
1094 2017 1299 2060 mortem
1334 2000 1509 2075 impii,
1548 2015 1738 2058 tantum
1766 2014 1817 2056 ut
1843 2021 1924 2057 re-

361 2109 582 2152 vertatur
605 2109 649 2151 et
686 2100 832 2152 vivat.
880 2098 988 2152 llac
1019 2113 1144 2152 voce
1191 2098 1281 2150 Dei
1321 2095 1586 2150 reducitur
1631 2096 1680 2148 in
1729 2111 1874 2163 spent
1909 2113 1922 2148 :

358 2191 450 2245 sed
482 2191 742 2245 timendus
773 2201 852 2251 est
879 2192 1011 2244 alius
1061 2191 1276 2258 laqueus
1301 2231 1314 2252 ,
1357 2204 1422 2242 ne
1454 2190 1560 2256 ipsa
1587 2203 1678 2256 spe
1703 2187 1926 2256 amplius

359 2290 561 2350 peccet.
611 2281 743 2346 Quid
770 2297 897 2350 ergo
922 2291 975 2334 et
1003 2291 1055 2334 tu
1084 2281 1296 2334 dicebas
1327 2321 1341 2346 ,
1373 2280 1462 2349 qui
1489 2295 1581 2348 spe
1607 2281 1772 2348 magis
1801 2295 1924 2348 pec-

279 2397 282 2399 ·
359 2374 493 2425 cas?
540 2373 762 2439 Quando
790 2389 872 2425 me
904 2383 1217 2425 convertere
1240 2413 1253 2434 ,
1300 2373 1476 2424 omnia
1515 2371 1641 2424 mihi
1673 2371 1812 2424 Deus
1841 2371 1924 2423 di-

362 2463 534 2516 mittet
563 2481 576 2526 ;
605 2464 790 2516 faciam
813 2463 1061 2531 quidquid
1093 2463 1230 2514 volo.
1261 2461 1392 2514 Audi
1423 2469 1475 2515 et
1504 2462 1925 2529 tuScriptnr’am:

363 2550 446 2604 Ne
473 2553 636 2604 tardes
673 2554 886 2604 converti
911 2553 976 2603 ad
997 2551 1265 2604 Dominum
1291 2593 1306 2616 ,
1345 2568 1499 2620 neque
1527 2551 1734 2617 differas
1765 2553 1826 2604 de
1850 2552 1929 2603 die

359 2642 412 2694 in
435 2643 563 2694 diem
586 2659 603 2703 ;
630 2642 788 2694 subito
815 2643 943 2695 enim
972 2643 1125 2696 veniet
1155 2643 1228 2695 ira
1250 2644 1401 2704 illius,
1434 2653 1479 2694 et
1501 2645 1550 2696 in
1578 2653 1795 2713 tempore
1821 2643 1928 2695 vin-

361 2732 510 2784 dicta!
534 2733 782 2802 disperdet
817 2720 864 2786 té
889 2732 1069 2802 (Eccli.
1099 2750 1163 2794 ν.
1194 2733 1261 2798 8,
1293 2733 1367 2804 9).
1418 2733 1534 2788 Noli
1554 2749 1680 2803 ergo
1706 2734 1881 2788 dicere
1911 2752 1924 2786 ς

361 2822 495 2876 (.‘ras
545 2838 629 2876 me
671 2832 1000 2884 convertam,
1043 2837 1160 2877 cras
1203 2824 1312 2878 Deo
1358 2823 1606 2892 placebo;
1662 2831 1714 2877 et
1751 2824 1928 2876 omnia

364 2914 615 2968 hodierna
643 2923 696 2968 et
735 2915 978 2968 hesterna
1007 2915 1345 2968 dimittuntur
1383 2915 1532 2968 mihi.
1575 2914 1769 2968 Verum
1809 2915 1926 2983 qui-

361 3004 482 3058 dem
514 3005 644 3058 dicis
665 3045 678 3069 ,
726 3005 844 3072 quia
879 3006 1014 3060 Deus
1052 3005 1382 3060 conversioni
1417 3015 1518 3058 11110
1547 3005 1926 3074 indulgentiam

361 3096 642 3166 promisit;
699 3095 790 3150 sed
845 3095 1081 3150 dilationi
1139 3107 1241 3150 tua:
1291 3096 1430 3150 diem
1480 3096 1767 3149 crastinmn
1824 3113 1928 3150 non

363 3189 621 3259 promisit.

435 3278 520 3332 12.
551 3277 698 3351 [vers
731 3277 808 3350 9.]
839 3279 1020 3334 Suavis
1048 3278 1289 3333 Dominus
1318 3280 1562 3345 omnibus,
1587 3289 1633 3333 et
1662 3280 1928 3332 miseratio-

305 3403 324 3417 ι
362 3387 448 3425 nes
476 3372 585 3440 ejus
631 3372 683 3424 in
713 3373 880 3423 omnia
922 3388 1073 3439 opera
1115 3373 1242 3441 ejus.
1299 3371 1472 3438 Quare
1510 3387 1634 3439 ergo
1676 3370 1930 3424 daumat'!

362 3477 524 3531 quare
568 3461 825 3530 ﬂagellat?
875 3463 952 3514 An
985 3477 1116 3530 quos
1141 3461 1387 3524 damnat,
1425 3477 1491 3514 an
1519 3477 1653 3531 flllUS
1677 3460 1922 3531 flagellat,

364 3571 467 3608 non
496 3565 617 3608 sunt
639 3570 799 3622 opera
829 3554 986 3622 ejus?
1015 3555 1173 3609 Plane
1200 3571 1360 3632 opera
1391 3555 1524 3624 ejus.
1576 3556 1641 3609 Et
1661 3556 1740 3608 vis
1772 3569 1929 3608 nosse

364 3649 481 3716 quia
513 3665 662 3717 super
687 3648 853 3700 omnia
883 3663 1034 3716 opera
1071 3649 1178 3715 ejus
1215 3643 1556 3699 miserationes
1595 3645 1751 3711 ejus?
1805 3644 1930 3697 Inde

363 3748 445 3790 est
474 3739 557 3790 illa
595 3738 967 3807 longanimitas
1001 3753 1100 3805 qua
1149 3737 1270 3790 facit
1303 3737 1467 3788 solem
1508 3751 1658 3788 suum
1688 3735 1815 3787 oriri
1843 3749 1931 3786 su-

367 3845 461 3898 per
489 3829 656 3883 bonos
684 3838 737 3882 ct
764 3829 930 3881 malos
958 3845 968 3878 :
997 3842 1172 3880 nonne
1201 3827 1537 3888 miserationes
1561 3827 1667 3895 ejus
1690 3825 1740 3876 in
1761 3824 1930 3876 omnia

367 3937 519 3990 opera
551 3921 657 3990 ejus
678 3961 690 3981 ,
720 3921 805 3988 qui
836 3920 964 3989 pluit
993 3934 1152 3986 super
1173 3918 1345 3986 justos
1371 3927 1418 3971 et
1460 3918 1686 3985 iujusms
1716 3916 1926 3985 (Matth.

365 4028 418 4076 v,
450 4012 585 4080 45)?
617 4026 788 4064 nonne
817 4011 1156 4066 miserationes
1183 4011 1289 4078 ejus
1318 4011 1369 4062 in
1399 4011 1566 4062 omnia
1601 4026 1753 4080 Opera
1779 4009 1932 4078 ejus?

367 4101 707 4169 Longanimis
731 4109 1000 4168 exspectat
1032 4109 1358 4169 peccatorcm
1383 4140 1397 4163 ,
1427 4099 1629 4163 dicens,
1673 4099 1929 4152 Converti-

368 4191 490 4242 mini
515 4191 580 4241 ad
611 4207 688 4243 me
710 4230 724 4255 ,
771 4199 815 4242 et
854 4199 1110 4256 convertar
1137 4189 1204 4240 ad
1229 4205 1312 4243 vos
1339 4205 1357 4241 :
1389 4203 1561 4241 nonne
1590 4189 1930 4241 miserationes

366 4282 472 4350 ejus
507 4282 557 4333 in
588 4283 753 4334 omnia
783 4298 934 4351 opera
961 4283 1112 4351 ejus?
1141 4281 1204 4334 Et
1228 4297 1346 4334 cum
1373 4281 1495 4334 dicit
1520 4323 1534 4346 ,
1579 4279 1656 4333 Ite
1683 4282 1734 4332 in
1771 4281 1932 4347 ignem

367 4381 636 4436 trternum,
683 4372 765 4441 qui
809 4382 1014 4440 paratus
1052 4381 1123 4424 est
1161 4371 1358 4425 diabolo
1384 4382 1428 4424 et
1457 4371 1648 4440 angelis
1682 4373 1789 4440 ejus
1817 4372 1924 4442 (Id.

367 4477 499 4526 xxv,
529 4461 617 4529 41)
647 4479 661 4527 ;
691 4461 774 4516 1110
801 4477 903 4515 11011
933 4462 1199 4515 miseratio
1227 4462 1362 4529 ejus,
1388 4461 1480 4514 sed
1516 4463 1768 4516 severitas
1797 4463 1929 4530 ejus.

367 4553 634 4607 Miseratio
676 4556 790 4622 ejus
843 4553 1043 4608 reddita
1073 4563 1153 4606 est
1196 4553 1446 4621 operibus
1474 4553 1630 4621 ejus;
1677 4556 1934 4609 severitas

368 4643 483 4711 ejus
507 4652 588 4697 est
619 4659 721 4696 non
751 4645 799 4696 in
826 4659 987 4713 Opera
1015 4659 1106 4696 sua
1131 4684 1142 4705 ,
1174 4643 1265 4696 sed
1292 4644 1342 4696 in
1371 4659 1530 4712 Opera
1561 4653 1668 4697 tua.
1701 4645 1932 4713 Denique

369 4737 412 4788 si
437 4735 590 4790 tollas
615 4751 774 4804 opera
802 4744 886 4788 tua
926 4736 1062 4789 mala
1087 4778 1099 4800 ,
1143 4745 1196 4788 et
1236 4751 1336 4788 non
1379 4736 1428 4788 in
1461 4745 1509 4789 te
1536 4746 1803 4790 remaneat
1835 4737 1933 4790 nisi

369 4841 501 4894 opus
529 4827 643 4894 ejus
668 4866 684 4891 ,
723 4841 826 4880 non
857 4836 906 4880 te
934 4827 1160 4880 dimittet
1191 4825 1463 4880 miseratio
1492 4827 1606 4895 ejus
1639 4845 1651 4880 :
1682 4828 1726 4881 si
1757 4836 1932 4880 autem

371 4926 423 4968 tu
447 4932 548 4968 non
572 4916 791 4970 dimittis
815 4931 974 4985 opera
1005 4926 1113 4984 tua,
1142 4917 1241 4972 erit
1266 4916 1520 4971 severitas
1546 4918 1661 4986 ejus
1691 4919 1741 4972 in
1771 4934 1932 4988 opera

368 5015 490 5071 tua,
524 5024 626 5060 non
651 5008 704 5060 in
730 5024 888 5076 opera
915 5023 1029 5061 sua.

439 5101 522 5153 13.
585 5099 730 5171 [vers.
776 5099 884 5171 10.]
928 5099 1272 5167 Conﬁleantur
1315 5099 1439 5165 tibi,
1485 5098 1733 5166 Domine,
1766 5102 1932 5155 omnia

367 5207 514 5261 Opera
547 5203 632 5244 tua
655 5233 671 5258 ,
703 5201 747 5246 et
774 5193 930 5244 sancti
957 5193 1027 5244 tui
1055 5193 1340 5244 benedicant
1366 5201 1430 5245 te.
1464 5191 1646 5245 Omnia
1672 5210 1823 5262 opera
1849 5204 1932 5246 tua

366 5285 698 5349 conﬁteantur
727 5283 830 5335 tibi.
858 5282 991 5350 Quid
1018 5283 1156 5336 enim
1177 5283 1200 5332 ?
1229 5293 1365 5335 terra
1393 5297 1494 5334 non
1523 5292 1603 5337 est
1626 5297 1757 5352 opus
1782 5284 1932 5352 ejus?

366 5376 520 5438 ligna.
549 5392 652 5426 non
695 5383 815 5427 sunt
837 5389 994 5442 opera
1025 5373 1176 5442 ejus?
1215 5388 1402 5442 pecora
1425 5415 1438 5436 ,
1473 5373 1653 5427 bestim
1677 5413 1690 5436 ,
1722 5373 1890 5441 pisces
1915 5417 1930 5438 ,

363 5465 598 5518 volatilia
647 5481 746 5517 non
790 5474 913 5518 sunt
955 5479 1113 5532 Opera
1156 5464 1306 5530 ejus?
1351 5463 1512 5516 Plane
1551 5472 1603 5516 et
1641 5462 1754 5516 haec
1775 5479 1930 5532 Opera

363 5555 497 5620 ejus.
533 5555 593 5608 lit
621 5556 883 5624 quomodo
904 5556 949 5608 ei
972 5554 1359 5608 confitebuntur
1379 5565 1430 5608 et
1457 5554 1604 5608 lucc?
1633 5555 1794 5608 Video
1814 5556 1930 5624 qui-

362 5645 482 5702 (lcm
513 5647 560 5698 iu
596 5647 806 5714 Angelis
833 5646 1071 5700 conﬁteri
1100 5647 1170 5700 illi
1207 5661 1364 5714 opera
1393 5645 1506 5714 ejus
1529 5647 1543 5710 ;'
1570 5648 1766 5700 01011101
1805 5663 1932 5714 Ope-

360 5749 420 5792 ra
447 5738 564 5808 ejus
593 5747 714 5792 sunt
751 5738 930 5810 Angeli
963 5757 974 5792 :
1010 5748 1059 5792 et
1094 5737 1336 5793 homines
1361 5754 1518 5808 opera
1549 5737 1662 5807 ejus
1690 5749 1845 5805 sunt;
1876 5752 1926 5793 et

1417 340 1807 398 ENAHllA'l‘lU
1846 336 1909 392 lN
1949 337 2260 394 PSALMUM
2301 341 2519 395 CXLIV.

3425 348 3593 404 ’1878

2033 467 2152 506 011111
2181 454 2496 508 0011111001111
2521 455 2590 508 illi
2622 455 2880 518 homines,
2905 471 3062 524 Opera
3093 460 3204 526 ejus
3234 459 3304 512 illi
3332 461 3593 514 Confiten-

2030 531 2114 598 tur
2143 563 2156 598 :
2184 545 2432 612 numquid
2466 547 2602 614 ligna
2628 557 2680 600 et
2708 547 2908 616 lapides
2949 565 3127 603 vocem
3158 549 3351 604 habent
3379 551 3595 604 confes-

2027 637 2234 690 sionis?
2280 638 2498 690 Prorsus
2545 639 2892 693 confiteantur
2937 642 2984 694 ei
3033 643 3209 694 omnia
3255 657 3415 709 Opera
3459 642 3595 710 ejus.

2027 728 2159 791 Quid
2183 728 2345 782 dicis?
2373 730 2435 783 Et
2459 738 2595 783 terra
2617 739 2670 782 et
2691 731 2863 797 ligna?
2884 733 3067 785 Omnia
3087 733 3394 801 operaejus.
3410 734 3600 787 810111-

2030 817 2110 868 nia
2158 817 2405 881 laudant,
2436 833 2530 872 cur
2571 834 2674 871 non
2715 821 2888 874 omnia
2930 823 3286 878 confitentur?
3321 825 3599 879 Confessio

2027 907 2167 960 enim
2197 923 2300 960 non
2331 921 2667 976 peccatorum
2700 920 2898 966 tantum
2927 913 3116 968 dicitur
3136 958 3149 979 ,
3179 917 3269 968 sed
3300 926 3352 970 et
3382 917 3592 972 laudis:

2023 1016 2094 1054 ne
2120 999 2254 1054 forte
2282 1001 2595 1070 ubicumque
2622 1003 2814 1057 auditis
2839 1005 3242 1068 confessionem,
3276 1009 3471 1075 putetis
3490 1008 3597 1074 jam

2027 1106 2132 1143 non
2165 1106 2283 1144 esse
2313 1091 2411 1144 nisi
2439 1094 2660 1160 peccati.
2695 1094 2870 1162 Usque
2899 1097 3028 1150 adeo
3055 1098 3194 1150 enim
3224 1099 3322 1152 hoc
3353 1108 3593 1166 putatur,

2030 1193 2083 1235 ut
2118 1181 2328 1250 quando
2369 1186 2605 1238 sonuerit
2641 1185 2928 1241 de'divinis
2958 1188 3178 1257 eloquiis
3205 1231 3220 1255 ,
3256 1190 3505 1243 continuo
3532 1192 3602 1244 sit

2027 1273 2354 1326 consuetudo
2396 1286 2602 1341 pectora
2651 1279 2886 1331 tundere.
2925 1279 3059 1332 Audi
3090 1280 3209 1348 quia
3241 1291 3320 1333 est
3349 1291 3402 1334 et
3432 1281 3600 1333 laudis

2027 1363 2308 1416 confessio.
2351 1364 2610 1434 Numquid
2643 1367 2892 1420 Dominus
2917 1368 3069 1422 Jcsus
3099 1369 3342 1423 Christus
3372 1370 3599 1423 habebat

2029 1455 2341 1520 peccatum?
2371 1454 2434 1507 Et
2461 1464 2630 1508 tamen
2655 1457 2726 1509 ait
2751 1475 2763 1509 :
2787 1457 3037 1526 Confiteor
3059 1461 3164 1521 tibi,
3181 1459 3360 1521 Pater,
3385 1459 3599 1513 Domina

2028 1542 2138 1594 ca'fi
2171 1552 2216 1595 et
2258 1553 2401 1596 terrea
2437 1543 2661 1613 (illattlt.
2699 1563 2787 1609 111,
2819 1549 2946 1618 25).
2987 1549 3259 1604 Confessio
3290 1561 3373 1604 est
3399 1567 3521 1618 ergo
3549 1554 3596 1602 in

2029 1634 2201 1688 laude.
2246 1634 2476 1688 Proinde
2514 1637 2636 1706 quid
2669 1639 3028 1708 accipiendum
3056 1681 3068 1702 ,
3102 1639 3444 1707 Conﬁteantur
3474 1641 3596 1702 tibi,

2028 1723 2242 1778 Domine
2264 1768 2278 1791 ,
2325 1729 2491 1779 omnia
2523 1745 2675 1796 opera
2712 1732 2842 1782 tua?
2881 1729 3119 1784 Laudent
3153 1741 3202 1785 te
3231 1732 3406 1784 omnia
3437 1747 3596 1800 Opera

2033 1828 2138 1870 tua.
2169 1817 2270 1872 Sed
2302 1819 2416 1872 talis
2441 1823 2661 1890 qua-stio
2686 1823 2823 1875 redit
2849 1823 2913 1876 ad
2942 1824 3144 1876 laudem
3167 1866 3181 1888 ,
3211 1824 3379 1892 qualis
3403 1835 3511 1878 erat
3543 1825 3593 1877 in

2031 1908 2386 1963 confessione.
2417 1910 2470 1963 Si
2497 1913 2635 1964 enim
2665 1923 2936 1982 propterea
2964 1914 3201 1967 confiteri
3228 1929 3330 1968 non
3355 1923 3600 1984 poterunt

2031 2009 2188 2065 terra,
2223 2003 2358 2072 ligna
2388 2012 2440 2057 et
2464 2019 2682 2073 qumque
2709 2005 2992 2068 insensata,
3021 2006 3140 2073 quia
3168 2017 3350 2060 vocem
3377 2021 3477 2057 non
3508 2005 3598 2058 ha-

2030 2092 2156 2146 bent
2180 2094 2496 2158 conlitendi;
2526 2095 2762 2148 ideonec
2785 2095 3068 2150 laudabunt
3092 2137 3105 2158 ,
3138 2096 3256 2164 quia
3288 2111 3467 2150 vocem
3495 2113 3598 2148 non

2031 2183 2230 2240 habent
2257 2187 2594 2256 prmdicandi.
2627 2188 2810 2241 Nonne
2833 2197 3006 2241 tamen
3032 2189 3205 2241 omnia
3232 2199 3338 2242 tres
3360 2189 3431 2242 illi
3456 2190 3600 2257 pueri

2031 2286 2378 2343 enumerant,
2422 2278 2820 2333 deambulantes
2868 2280 3006 2333 inter
3047 2279 3284 2333 flammas
3329 2280 3599 2342 imioxias;

2031 2367 2218 2434 quibus
2256 2369 2480 2436 spatium
2524 2379 2678 2432 erat,
2719 2385 2822 2422 non
2867 2371 3038 2424 solum
3078 2387 3179 2423 non
3210 2372 3426 2426 ardendi
3453 2413 3466 2435 ,
3507 2372 3598 2425 sed

2031 2457 2190 2509 etiam
2228 2457 2469 2511 laudandi
2501 2459 2706 2512 Deum?
2732 2458 2984 2513 Omnibus
3023 2460 3203 2514 dicunt
3232 2476 3260 2513 a
3298 2463 3600 2517 cmlestibus

2032 2561 2196 2614 usque
2223 2546 2287 2600 ad
2318 2557 2523 2601 terrena
2549 2567 2561 2598 τ
2585 2547 2883 2614 Benedicite,
2908 2551 3146 2618 hymnum
3167 2550 3332 2616 dicite,
3356 2561 3400 2604 et
3427 2569 3600 2622 super-

2032 2638 2246 2690 exaltate
2270 2654 2380 2690 eum
2408 2639 2460 2691 in
2488 2641 2672 2692 sa'cula
2703 2640 2721 2710 (
2746 2641 2876 2694 Dan.
2909 2657 2983 2704 lll,
3014 2641 3113 2706 ‘20,
3141 2642 3210 2697 90
3234 2645 3270 2711 ).
3305 2643 3445 2698 Ecce
3473 2661 3600 2713 111111-

2032 2727 2190 2782 010110
2215 2728 2393 2782 dicunt
2418 2731 2688 2800 hymnum.
2715 2731 2878 2785 Nemo
2907 2733 3004 2785 hoc
3031 2733 3240 2799 sentiat,
3267 2734 3404 2803 quod
3429 2744 3600 2788 mutUs

2032 2819 2165 2888 lapis
2193 2829 2282 2874 aut
2319 2831 2517 2876 mutum
2557 2822 2751 2876 animal
2783 2822 2970 2878 habeat
2998 2824 3250 2880 ralioncm
3281 2825 3599 2895 intelligenli

2033 2913 2198 2966 Deum
2229 2932 2241 2967 :
2273 2915 2374 2968 hoc
2398 2916 2485 2984 qui
2518 2925 2828 2985 putaverunt
2854 2959 2868 2982 ,
2901 2918 3121 2972 Inuitum
3153 2934 3181 2972 a
3211 2919 3429 2973 veritate
3452 2919 3602 2973 aber-

2033 3013 2304 3058 raverunt.
2339 3006 2479 3059 Deus
2503 3007 2763 3062 ordinavit
2788 3009 2986 3072 omnia,
3014 3017 3065 3062 et
3092 3008 3213 3062 fecit
3240 3009 3414 3063 omnia
3446 3027 3460 3062 :
3489 3011 3604 3078 qui-

2032 3095 2253 3148 busdam
2289 3095 2435 3151 dedit
2463 3113 2674 3150 sensum
2702 3139 2715 3163 ,
2747 3108 2799 3151 et
2830 3098 3146 3152 intellectum
3168 3139 3182 3162 ,
3213 3110 3264 3152 et
3296 3099 3604 3152 immortali-

2033 3197 2230 3252 tatem,
2276 3187 2411 3241 sicut
2454 3189 2706 3258 Angelis:
2747 3188 3058 3258 quibusdam
3110 3189 3253 3244 dedit
3297 3204 3507 3243 sensum
3551 3201 3602 3244 et

2035 3276 2354 3330 ititellectum
2397 3292 2515 3330 011111
2560 3278 2911 3341 mortalitate,
2953 3278 3087 3331 sicut
3125 3277 3456 3343 hominibus;
3488 3281 3599 3347 qui-

2033 3369 2252 3422 busdam
2281 3369 2426 3423 dedit
2453 3385 2664 3424 sensum
2696 3371 2934 3438 corporis
2954 3411 2966 3432 ,
3002 3386 3098 3424 nec
3128 3371 3468 3435 intellectum,
3506 3388 3605 3423 1100

2034 3460 2478 3514 immortalitatem
2526 3461 2708 3523 dedit,
2753 3463 2884 3515 sicut
2936 3461 3246 3530 pecoribus;
3294 3461 3604 3530 quihusdam

2032 3565 2158 3603 vero
2186 3566 2281 3603 111οο
2310 3565 2521 3604 sensum
2549 3593 2562 3614 ,
2597 3566 2693 3604 nec
2720 3551 3041 3605 intellectum
3065 3594 3078 3615 ,
3113 3566 3209 3605 nec
3237 3551 3605 3608 immortalita-

2033 3627 2161 3702 tem,
2193 3641 2328 3693 sicut
2353 3641 2546 3701 herbis,
2579 3642 2752 3710 lignis,
2784 3642 3040 3709 lapidibus
3074 3660 3086 3693 :
3120 3654 3289 3696 tamen
3318 3653 3370 3695 et
3400 3643 3510 3710 ipsa
3552 3643 3600 3695 in

2033 3744 2225 3796 genere
2264 3744 2360 3782 suo
2395 3729 2579 3783 deesse
2611 3744 2712 3782 non
2744 3741 2997 3798 possunt,
3031 3741 3079 3784 et
3109 3731 3355 3800 gradibus
3391 3731 3602 3799 quibus-

2035 3816 2154 3870 dam
2195 3817 2456 3870 ordinavit
2493 3820 2508 3848 ¹
2537 3829 2850 3883 creaturam,
2883 3836 2908 3870 a
2944 3828 3077 3873 terra
3107 3835 3268 3888 usque
3294 3819 3358 3872 ad
3384 3821 3598 3882 cmlmn,

2034 3924 2063 3962 a
2095 3909 2392 3963 visibilibus
2421 3909 2484 3962 ad
2515 3910 2812 3972 invisibilia,
2846 3926 2873 3963 a
2907 3911 3212 3962 mortalibus
3239 3909 3303 3962 ad
3334 3910 3602 3965 immorta-

2034 3997 2258 4055 lia.'lsta
2298 4001 2566 4054 contextio
2605 4011 2860 4054 creatura)
2885 4043 2898 4064 ,
2933 4003 3028 4054 ista
3059 4002 3446 4057 ordinatissima
3489 4006 3603 4072 pul-

2034 4093 2294 4158 chritudo,
2329 4092 2548 4146 ab'imis
2575 4092 2639 4146 ad
2667 4109 2868 4146 sununa
2898 4095 3260 4148 conscendens
3281 4138 3295 4160 ,
3328 4113 3354 4147 a
3383 4097 3604 4150 summis

2036 4186 2100 4240 ad
2134 4187 2235 4239 ima
2265 4185 2614 4264 descendens,
2646 4201 2900 4254 nusquam
2923 4185 3238 4253 interrupta,
3266 4188 3604 4243 8001118810ιὶ-

2036 4283 2172 4336 libus
2211 4291 2499 4348 temperata
2526 4323 2540 4345 ,
2575 4289 2679 4333 tota
2717 4280 2892 4334 laudat
2924 4281 3107 4334 Demn.
3139 4282 3310 4348 Quare
3344 4298 3471 4350 ergo
3498 4293 3605 4337 tota

2037 4374 2215 4427 laudat
2243 4373 2403 4426 Deum
2428 4373 2450 4424 ?
2477 4372 2606 4438 Quia
2636 4387 2755 4424 cum
2783 4387 2896 4425 eam
2927 4372 3227 4426 consideras
3255 4383 3308 4427 et
3337 4373 3604 4442 pulchram

2037 4464 2203 4526 vides,
2239 4473 2289 4516 tu
2316 4464 2366 4516 in
2400 4464 2484 4516 illa
2517 4462 2696 4516 laudas
2725 4463 2908 4516 Demn.
2939 4461 3051 4516 Vox
3079 4463 3315 4531 quaulam
3344 4474 3421 4516 cst
3448 4473 3607 4516 nulla:

2039 4563 2222 4618 101110,
2253 4555 2456 4622 species
2486 4562 2661 4606 terrae.
2692 4553 2934 4606 Attendis
2964 4562 3016 4606 et
3041 4552 3184 4606 vides
3215 4553 3328 4620 ejus
3353 4554 3602 4621 Speciem,

2037 4645 2183 4698 vides
2219 4644 2331 4712 ejus
2373 4643 2742 4697 fecunditatem
2771 4685 2786 4709 ,
2822 4643 2967 4710 vides
2996 4647 3108 4710 ejus
3139 4644 3276 4696 vires
3300 4684 3314 4708 ,
3344 4644 3606 4711 qutnnodo

2037 4735 2297 4804 concipiat
2341 4751 2520 4789 semen
2547 4775 2560 4797 ,
2592 4734 2856 4803 quomodo
2901 4735 3206 4804 plerumque
3245 4737 3427 4789 afferat
3463 4736 3604 4805 quod

2037 4843 2141 4880 non
2171 4838 2250 4882 est
2276 4828 2591 4881 seminatum
2620 4846 2630 4878 :
2655 4827 2822 4891 vides,
2854 4836 2905 4878 et
2928 4827 3349 4881 consideratione
3378 4838 3459 4880 tua
3489 4837 3602 4880 tan-

2038 4906 2193 4988 quam
2227 4919 2521 4988 interrogas
2559 4932 2675 4970 cam
2702 4934 2715 4977 ;
2748 4927 2800 4970 et
2831 4917 2940 4984 ipsa
2972 4918 3237 4986 inquisitio
3268 4916 3604 4985 interrogatio

2038 5022 2137 5065 est.
2169 5011 2297 5064 Cum
2323 5021 2496 5062 autem
2527 5009 2826 5077 inquisieris
2851 5008 3137 5072 admirans,
3168 5020 3220 5064 et
3247 5017 3601 5076 perscrutatus

2039 5104 2220 5170 fueris,
2245 5113 2295 5158 et
2317 5118 2554 5171 magnam
2578 5102 2702 5165 vim,
2729 5118 2966 5170 magnam
2992 5101 3452 5168 pulchritudinem,
3481 5117 3600 5168 pra--

2037 5198 2337 5264 claramque
2368 5195 2610 5247 virtutem
2644 5195 2936 5254 inveneris,
2973 5195 3217 5262 (muniam
3247 5192 3382 5261 apud
3413 5208 3471 5245 se
3496 5202 3547 5244 ct
3573 5209 3598 5242 a

2037 5303 2096 5341 se
2139 5287 2332 5339 habere
2375 5285 2508 5339 hanc
2548 5285 2790 5338 virtutem
2833 5301 2935 5337 non
2983 5293 3194 5351 posset;
3234 5284 3481 5338 continuo
3513 5283 3602 5335 tibi

2038 5377 2180 5428 venit
2209 5375 2260 5427 in
2294 5384 2522 5428 mentem
2551 5416 2564 5437 ,
2596 5374 2714 5442 quia
2745 5391 2846 5427 non
2880 5373 3044 5442 potuit
3071 5389 3098 5424 a
3135 5389 3192 5425 se
3218 5387 3335 5425 esse
3362 5411 3376 5434 ,
3413 5371 3508 5424 nisi
3538 5374 3602 5426 ab

2039 5468 2129 5521 illo
2159 5468 2432 5521 Creatore.
2468 5466 2530 5519 Et
2558 5467 2653 5519 hoc
2680 5465 2815 5534 quod
2859 5466 2907 5517 in
2940 5480 3000 5516 ea
3043 5463 3280 5516 invenisti
3307 5504 3320 5524 ,
3350 5478 3447 5514 vox
3473 5476 3601 5515 con-

2041 5557 2284 5611 fessionis
2309 5557 2476 5625 ipsius
2503 5565 2603 5620 est,
2635 5566 2687 5608 ut
2717 5556 2897 5609 laudes
2923 5555 3244 5608 Creatorem.
3275 5552 3458 5606 Nonne
3477 5568 3600 5606 cou-
3633 5538 3648 5556 ’

2037 5748 2052 5795 ι
2098 5693 2116 5758 ,ι
2156 5690 2235 5794 11ῒὶ0
2257 5695 2328 5735 Er.
2356 5697 2404 5736 et
2428 5695 2534 5738 Lov.
2563 5689 2757 5747 addunt,
2787 5697 2830 5739 et
2863 5687 3044 5738 ornat-it
3070 5699 3086 5734 :
3110 5685 3234 5749 quod
3273 5697 3301 5735 a
3332 5687 3523 5737 caeteris
3551 5685 3598 5734 liv

2055 5763 2135 5795 ms
2157 5763 2182 5795 a
2201 5759 2309 5795 Wst.

2055 5763 2135 5798 ms
2157 5759 2309 5798 abest.
