4042 6202
482 300 621 356 1879

476 418 706 472 Sidet-ala
734 413 971 467 universa
996 412 1381 480 pulchritudine
1395 411 1572 465 nmndi
1601 412 1772 478 hujus,
1802 422 2047 478 tanquam

476 521 582 560 nua
614 523 742 561 voce
770 506 858 559 tibi
886 507 1087 575 species
1114 507 1223 574 ipsa
1250 505 1530 575 respondet
1557 523 1569 557 :
1593 504 1707 559 Non
1739 520 1824 560 me
1850 520 1949 573 ego
1975 506 2050 559 fe-

479 596 548 659 ci,
581 598 672 650 sed
707 595 884 650 Dens?

551 687 633 742 14.
652 676 814 758 Iners.
836 684 942 758 ll.]
970 687 1127 753 Ergo,
1142 684 1477 754 (.‘onﬁteantur
1497 686 1603 752 tibi,
1629 684 1857 746 Domine,
1881 686 2048 740 omnia

477 792 631 845 opera
658 786 769 840 tua,
803 786 849 830 et
877 778 1037 831 sancti
1065 778 1137 830 tui
1164 776 1448 831 benedieaut
1469 787 1534 831 te.
1560 777 1628 832 Ut
1648 778 1697 831 in
1718 777 2048 833 confessione

476 881 696 934 operum
726 875 933 921 tuorum
955 869 1118 922 sancti
1142 868 1213 923 tui
1238 878 1286 922 te
1309 868 1639 932 benedicant,
1666 869 1761 937 ipsi
1782 869 1947 924 sancti
1971 868 2046 923 tui

475 957 757 1024 inspiciam
794 970 1088 1029 creaturam
1133 961 1488 1015 confitentem.
1525 961 1587 1014 Et
1618 960 1823 1014 illorqu
1862 976 2042 1015 vocem

474 1047 595 1101 audi
629 1049 1049 1103 benedicentetn.
1077 1050 1281 1104 Etenim
1302 1067 1420 1104 cum
1444 1051 1609 1104 sancti
1633 1052 1704 1104 tui
1729 1050 2048 1106 benedicunt

475 1149 550 1205 te,
580 1141 703 1210 quid
732 1142 948 1196 dicunt?
976 1142 1203 1197 Gloriam
1230 1145 1369 1214 regni
1396 1144 1468 1196 tui
1491 1144 1673 1202 dicent.
1701 1153 1746 1196 et
1778 1145 2045 1213 potentiam

477 1242 613 1283 tuum
638 1232 916 1302 loquentur.
945 1233 1109 1299 Quam
1142 1244 1327 1304 potens
1359 1236 1511 1298 Deus,
1543 1236 1630 1305 qui
1664 1235 1786 1289 fecit
1813 1238 2041 1291 terram!

480 1339 634 1391 quam
669 1334 853 1391 potens
887 1326 1042 1387 Deus.
1074 1327 1161 1395 qui
1193 1327 1423 1396 implevit
1449 1337 1639 1381 terram
1670 1326 1855 1381 bonist
1887 1342 2042 1396 quam

480 1426 668 1484 potens
693 1418 848 1478 Deus,
873 1417 961 1486 qui
982 1418 1129 1472 dedit
1150 1420 1280 1473 vitas
1301 1433 1424 1472 suas
1446 1419 1683 1488 proprias
1701 1420 2038 1485 animalibus!

474 1519 631 1573 quam
661 1517 847 1575 potens
875 1508 1046 1570 Deus,
1076 1510 1165 1579 qui
1196 1510 1395 1567 semina
1423 1511 1627 1565 diversa
1653 1510 1799 1565 dedit
1824 1511 2043 1565 visceri-

476 1596 578 1651 bus
619 1607 804 1661 terrae,
851 1609 906 1653 ut
941 1602 1297 1671 germinarent
1336 1610 1530 1657 tanaim
1558 1603 1862 1658 varietatem
1888 1603 2041 1658 fruti-

474 1703 593 1742 cum
614 1729 630 1754 ,
664 1699 858 1745 tantam
889 1693 1121 1759 spec-iem
1152 1693 1397 1746 arborum
1424 1694 1437 1748 ι
1466 1709 1621 1763 quam
1652 1704 1836 1763 potens
1868 1696 2037 1760 Deus,

473 1794 631 1848 quam
671 1795 891 1850 magnus
922 1783 1090 1838 Deus!
1120 1782 1199 1838 Tu
1226 1783 1488 1854 interroga
1513 1826 1527 1845 ,
1555 1792 1791 1839 creatura
1822 1800 2042 1854 respon-

473 1870 591 1935 det;
612 1880 666 1925 et
684 1872 748 1925 de
769 1875 1132 1943 responsione,
1153 1885 1395 1944 tanquam
1414 1876 1745 1931 confessione
1763 1886 2037 1940 creatura},

473 1969 551 2026 ιιι,
578 1973 759 2016 sancte
776 1964 886 2027 Dei,
913 1965 1178 2019 benedicis
1199 1965 1386 2027 Deum,
1407 1974 1460 2019 et
1482 1966 1764 2034 potentiam
1789 1967 2036 2036 loqueris.

549 2051 635 2105 15.
677 2051 823 2122 [verm
855 2052 967 2125 ιλ]
1012 2053 1075 2108 Ut
1103 2066 1270 2107 notam
1300 2056 1487 2125 faciant
1514 2056 1635 2124 ﬁliis
1660 2057 1912 2110 hominum
1946 2074 2038 2126 ρο·
2070 2106 2077 2113 ,

474 2145 678 2194 tentiam
700 2153 855 2207 tuum,
881 2155 927 2196 et
950 2145 1159 2214 gloriam
1181 2146 1537 2216 magnitudinis
1563 2146 1753 2199 decoris
1778 2148 1917 2217 regni
1943 2148 2035 2202 tui.

472 2232 648 2285 Sancti
683 2248 809 2302 ergo
834 2234 903 2286 tui
926 2233 1533 2303 commendantgloriam
1557 2236 1927 2305 magnitudinis
1947 2236 2038 2295 dc-

472 2324 613 2375 eoris
635 2322 781 2392 regni
805 2324 875 2375 ιιιί
892 2340 906 2386 ;
924 2324 1291 2393 magnitudinis
1310 2325 1516 2379 decoris
1533 2325 1774 2394 gloriam.
1796 2326 1889 2382 Est
1904 2342 2038 2395 qtae-

472 2413 592 2468 dum
634 2414 941 2484 magnitudo
980 2416 1186 2471 decoris
1226 2418 1367 2487 regni
1402 2418 1506 2479 tui;
1537 2417 1637 2473 hoc
1666 2429 1743 2472 est
1768 2460 1782 2484 ,
1819 2434 2035 2489 regnum

472 2514 618 2558 tuum
646 2504 800 2560 habet
828 2505 1070 2560 decorem
1096 2549 1109 2572 ,
1137 2516 1192 2561 et
1219 2522 1461 2578 magnum
1489 2508 1755 2564 decttrent.
1785 2510 2035 2578 Quando-

469 2598 683 2664 quidem
706 2599 957 2669 quidquid
982 2601 1136 2655 habet
1160 2600 1426 2668 deeorem,
1448 2616 1479 2656 a
1502 2612 1553 2656 te
1572 2602 1729 2656 habet
1748 2602 1992 2657 decorem
2017 2619 2032 2670 ;

470 2688 643 2757 ipsum
673 2705 892 2759 regnum
917 2699 1059 2745 tuum
1089 2691 1297 2761 qualem
1317 2690 1562 2747 decorem
1591 2691 1778 2747 habet!
1800 2691 1913 2747 Non
1939 2708 2036 2749 nos

470 2788 668 2834 terreat
705 2796 958 2851 regnum,
1001 2781 1159 2837 habet
1197 2792 1253 2838 et
1289 2782 1531 2839 decorem
1560 2799 1665 2853 quo
1690 2784 2033 2841 delectemur.

470 2868 682 2924 Etenim
708 2872 860 2939 quale
884 2870 1010 2926 illud
1033 2871 1195 2927 decus
1219 2880 1301 2927 est
1325 2887 1432 2941 quo
1464 2873 1798 2943 perfruentur
1826 2876 2033 2943 sancti,

471 2959 662 3029 quibus
678 2959 899 3027 dicetur,
931 2960 1119 3026 Venite,
1141 2963 1379 3018 benedicti
1396 2961 1562 3023 Patris
1576 2965 1691 3029 mei,
1715 2966 1950 3035 percipite
1965 2983 2039 3022 rev

471 3068 625 3122 gnum
641 3051 852 3125 (Matth.
876 3070 998 3120 xxv,
1023 3055 1144 3126 3i)!
1169 3054 1317 3111 Unde
1341 3056 1523 3111 ibunt?
1543 3057 1658 3125 Quo
1679 3052 1860 3113 ibunt?
1879 3059 2035 3116 Vide-

471 3153 525 3197 te
548 3184 564 3208 ,
593 3143 811 3210 fratres;
833 3147 947 3200 etsi
973 3147 1209 3214 potestis,
1254 3157 1504 3217 quantum
1529 3151 1775 3217 potestis,
1810 3152 2036 3222 cogitate

470 3233 717 3289 decorem
736 3236 880 3305 regni
901 3236 1036 3290 illius
1053 3236 1191 3306 quod
1204 3248 1476 3292 venturum
1490 3248 1599 3303 est;
1619 3240 1755 3295 unde
1769 3250 1849 3295 εει
1865 3241 1913 3294 in
1925 3256 2036 3295 ora-

473 3312 617 3380 tione
639 3337 837 3392 nostra,
861 3328 1101 3381 Adveniet
1120 3345 1325 3398 regnum
1345 3339 1481 3381 tuum
1504 3329 1611 3396 (Id.
1630 3347 1704 3393 Vl,
1727 3329 1835 3402 10).
1861 3330 2035 3400 Ipsum

473 3415 614 3469 enim
653 3430 869 3484 regnum
897 3427 1138 3485 optamus
1168 3426 1221 3470 ut
1248 3419 1447 3480 veniat;
1472 3418 1570 3473 hoc
1600 3435 1817 3488 regnum
1846 3431 2034 3476 ventu-

472 3520 589 3559 rum
627 3505 793 3558 sancti
833 3505 1134 3572 pra-dicant.
1166 3505 1417 3560 Mundam
1442 3508 1596 3563 istum
1624 3510 1911 3576 attendite;
1941 3510 2035 3565 de-

471 3591 651 3649 corem
676 3596 848 3650 habet.
887 3596 1051 3663 Quem
1080 3596 1326 3653 decorem
1354 3597 1504 3655 habet
1536 3608 1696 3663 terra,
1724 3615 1891 3663 mare,
1922 3617 2034 3669 aer,

470 3691 687 3755 uelum,
717 3690 919 3745 sidera!
948 3690 1129 3754 Omnia
1157 3690 1269 3744 haec
1299 3708 1473 3745 nonne
1501 3707 1710 3746 otnuem
1735 3694 2036 3749 considera-

473 3793 641 3837 torem
676 3783 911 3837 terrent?
936 3781 1120 3837 Nonne
1147 3782 1479 3852 pulchritudo
1505 3784 1614 3851 ipsa
1636 3783 1711 3837 sic
1736 3785 1951 3851 eminet,
1983 3797 2039 3840 ut

469 3876 619 3945 quasi
643 3875 912 3945 pulchrius
940 3874 1068 3928 nihil
1099 3875 1318 3930 inveniri
1352 3876 1552 3943 possit?
1584 3875 1649 3929 Et
1673 3875 1758 3930 hic
1783 3877 1963 3930 vivunt
1986 3879 2035 3932 in

470 3968 572 4022 isto
596 3967 808 4035 decore,
839 3969 889 4021 in
917 3968 1014 4021 ista
1044 3967 1428 4035 pulchritudine
1451 3983 1612 4037 prope
1631 3969 1738 4037 jam
1765 3968 2033 4037 ineﬂ‘abili,

470 4059 557 4113 hic
587 4060 768 4112 vivunt
794 4067 962 4113 tecum
990 4067 1043 4110 et
1068 4058 1337 4112 vermiculi
1363 4067 1417 4110 et
1439 4073 1634 4122 mures,
1659 4068 1711 4113 et
1731 4058 1903 4114 omnia
1926 4068 2038 4115 ter-

471 4166 545 4204 rre
573 4150 843 4220 repentia;
876 4150 973 4203 ista
1004 4158 1174 4202 tecum
1206 4148 1389 4202 vivunt
1416 4148 1469 4201 in
1493 4148 1683 4203 decore
1722 4149 1844 4203 isto.
1875 4151 2039 4217 Quale

470 4239 633 4295 decus
661 4250 738 4293 est
771 4239 910 4293 illius
938 4239 1105 4308 regni,
1138 4239 1221 4292 ubi
1255 4247 1425 4293 tecum
1457 4253 1559 4292 non
1589 4239 1768 4293 vivunt
1798 4240 1892 4294 nisi
1923 4240 2035 4294 An-

472 4333 614 4401 geli?
644 4332 765 4387 Ideo
790 4349 972 4402 parum
1003 4332 1095 4393 fuit
1121 4343 1175 4384 ιιι
1206 4332 1404 4386 diceret
1430 4332 1648 4402 gloriam
1679 4331 1905 4387 decoris.
1937 4332 2038 4385 Po-

473 4426 572 4477 tuit
596 4424 736 4478 enim
759 4424 859 4477 dici
883 4432 936 4477 et
956 4423 1118 4492 gloria
1139 4422 1346 4476 decoris
1367 4422 1643 4491 cujuslibet
1664 4423 1856 4492 speciei
1879 4422 2034 4478 etiam

471 4516 523 4568 in
554 4516 651 4568 hoc
680 4514 873 4567 mundo
900 4512 1195 4567 constituta:
1217 4552 1229 4571 ,
1262 4512 1343 4565 vel
1371 4512 1434 4564 de
1459 4521 1598 4566 terra
1629 4513 1846 4567 virentis
1873 4514 1887 4544 ¹
1912 4554 1927 4576 ,
1955 4513 2036 4566 vel

470 4608 537 4659 de
565 4606 701 4661 caelo
730 4604 973 4675 fulgentis
1003 4620 1014 4655 :
1047 4602 1137 4656 sed
1165 4601 1523 4672 magnitudinis
1550 4602 1741 4656 decoris
1765 4604 1904 4672 regni
1926 4603 2033 4667 tui,

471 4686 665 4768 aliquid
689 4697 1024 4752 commendat
1046 4695 1181 4763 quod
1208 4695 1436 4749 nondum
1461 4694 1720 4757 videmus,
1746 4696 1883 4763 quod
1908 4710 2040 4751 uen-

472 4791 595 4844 dum
637 4789 805 4851 visum
840 4788 1135 4849 credimus,
1170 4786 1308 4855 quod
1343 4786 1600 4846 creditum
1639 4786 2035 4854 desideramus,

470 4888 687 4949 propter
714 4879 861 4948 cujus
889 4878 1208 4933 desiderium
1236 4878 1410 4931 oinuia
1431 4879 1771 4932 StIStittemltS.
1796 4878 1889 4933 Est
1913 4895 2038 4948 ergo

471 4971 777 5041 magnitudo
796 4971 1002 5026 decoris
1020 4969 1290 5035 cujusdam
1313 4987 1324 5021 :
1344 4979 1548 5024 ametur
1563 4976 1841 5039 antequam
1865 4969 2037 5024 vidca-

473 5074 577 5123 tur,
610 5069 667 5116 ut
690 5075 809 5113 emn
836 5061 944 5113 visa
975 5060 1127 5113 fuerit
1150 5068 1405 5113 teneatur.

542 5154 629 5207 16.
672 5151 819 5224 [vers
865 5149 977 5221 15.]
1019 5150 1243 5220 Regnum
1270 5159 1429 5203 tuum.
1457 5148 1606 5217 Quod
1631 5164 1847 5219 regnum
1877 5150 2038 5206 dico?

470 5246 699 5316 Regnum
743 5245 965 5297 omnium
1006 5244 1325 5297 sazculorum.
1367 5241 1495 5295 Nam
1531 5250 1586 5296 et
1626 5256 1843 5311 regnum
1883 5241 2037 5311 lmjus

471 5337 647 5394 seculi
690 5335 845 5389 habet
881 5334 1125 5389 decorem
1154 5347 1346 5396 suum;
1374 5332 1464 5385 sed
1494 5346 1598 5386 non
1629 5342 1708 5388 est
1733 5332 1802 5386 ibi
1833 5334 2031 5401 magni-

472 5426 596 5479 tudo
627 5426 712 5479 illa
742 5425 968 5482 decoris,
992 5423 1160 5492 qualis
1185 5430 1267 5476 est
1294 5423 1344 5475 in
1373 5436 1534 5491 regno
1559 5421 1793 5479 omnium
1817 5424 2038 5476 saeculo-

472 5531 606 5569 rum.
640 5515 701 5569 Et
726 5515 997 5568 dominatio
1023 5524 1108 5566 tua
1127 5513 1180 5566 in
1203 5512 1339 5579 omni
1358 5512 1670 5582 generatione
1690 5523 1741 5585 et
1762 5515 2039 5582 generatio-

471 5619 550 5664 ne.
586 5604 708 5658 ιιωο
745 5614 827 5659 est
864 5604 946 5659 illa
981 5605 1258 5672 repetitio,
1290 5603 1370 5656 vel
1402 5617 1613 5656 onmem
1643 5605 2034 5671 generationem

533 5714 548 5753 l
586 5721 716 5775 ιω,
733 5712 927 5771 uirentis
956 5728 970 5764 :
994 5715 1392 5769 dissentientibus
1405 5711 1523 5767 Edd.
1539 5712 1646 5767 aliis
1670 5718 1721 5766 et
1748 5722 1849 5764 Mss.

1706 297 1761 352 S.
1805 289 2160 352 AUCUSTINI
2194 297 2490 355 EPISCOPI

3591 308 3724 366 9880

2155 411 2475 478 signiﬁcans,
2501 413 2579 466 vel
2604 415 2995 482 generationem
3020 417 3161 472 illam
3185 434 3302 489 qua:
3320 423 3423 475 erit
3441 433 3560 491 post
3582 431 3725 479 hanc

2152 505 2568 570 generationem.
3191 504 3198 511 ’

2227 593 2310 645 t7.
2353 591 2545 648 Fidelis
2572 593 2816 649 Dominus
2838 613 2889 650 ut
2913 598 3070 652 verbis
3095 600 3216 661 suis,
3246 609 3292 653 et
3309 612 3511 656 sanctus
3530 605 3586 657 in
3603 621 3724 659 ons-

2152 683 2295 735 nilrus
2314 683 2544 752 aperilms
2563 685 2686 738 suis.
2712 685 2903 740 Fidelis
2922 687 3167 743 Dominus
3186 690 3238 743 in
3261 690 3417 746 verbis
3434 694 3539 747 suis
3557 709 3578 748 :
3590 695 3724 764 quid

2152 774 2292 828 enim
2322 777 2578 844 promisit,
2610 786 2662 830 et
2684 793 2786 832 nou
2807 777 2987 832 dedit?
3012 779 3202 835 Fidelis
3225 780 3469 839 Dominus
3486 788 3538 839 in
3557 786 3725 843 verbis

2149 865 2271 917 suis.
2317 864 2499 920 Adhuc
2534 867 2772 934 quaedam
2802 869 3038 934 promisit
3065 880 3118 924 et
3144 885 3246 925 non
3275 871 3452 938 dedit;
3477 874 3571 929 sed
3596 890 3723 931 cre-

2149 954 2305 1010 datur
2332 956 2401 1008 illi
2439 970 2503 1010 es
2537 956 2618 1012 his
2647 974 2764 1025 qua:
2793 959 2957 1012 dedit.
2988 958 3175 1015 Fidelis
3204 960 3452 1017 Dominus
3479 964 3532 1017 iu
3555 968 3720 1020 verbis

2147 1050 2271 1100 suis.
2306 1047 2587 1113 Possemus
2616 1048 2686 1102 illi
2714 1050 2934 1105 credere
2963 1053 3322 1107 mutumtnodo
3349 1053 3544 1110 dicenti
3575 1073 3589 1109 :
3614 1073 3720 1113 uo—

2149 1135 2244 1189 luit
2285 1137 2385 1193 sibi
2422 1139 2567 1193 credi
2607 1140 2803 1197 dicenti
2830 1180 2846 1205 ,
2878 1140 2968 1195 sed
3000 1140 3162 1196 voluit
3192 1134 3358 1199 teneri
3385 1144 3718 1215 Scripturam

2146 1240 2294 1281 suam
2317 1245 2331 1289 ;
2359 1229 2625 1299 quomodo
2650 1231 2691 1285 si
2718 1230 2924 1285 diceres
2947 1232 3099 1285 alieni
3130 1234 3350 1300 homini,
3371 1251 3492 1290 cuin
3514 1239 3717 1308 aliquid

2149 1318 2499 1387 promitteres,
2523 1318 2635 1373 Non
2658 1320 2782 1373 mihi
2805 1320 3146 1387 credis,‘eece
3166 1324 3344 1379 scribo
3365 1326 3478 1380 tibi.
3504 1328 3714 1383 Etenim

2147 1410 2267 1476 quia
2296 1412 2572 1479 generatio
2600 1410 2759 1478 vadit,
2787 1420 2841 1464 et
2866 1413 3138 1481 generatio
3164 1414 3326 1476 venit,
3355 1424 3411 1470 et
3434 1417 3512 1470 sic
3539 1428 3714 1474 trans-

2145 1502 2366 1554 currunt
2395 1501 2490 1554 ista
2509 1501 2699 1556 saecula
2725 1501 3029 1557 cedentibus
3043 1504 3547 1578 succedentibusque
3566 1525 3713 1566 mor-

2147 1592 2372 1655 talibus;
2419 1592 2686 1662 Scriptura
2723 1595 2811 1647 Dei
2848 1610 3061 1650 manere
3097 1595 3315 1667 debuit,
3350 1608 3405 1654 et
3441 1602 3708 1671 quoddam

2144 1681 2548 1752 chirographum
2575 1684 2688 1748 Dei,
2719 1684 2857 1753 quod
2882 1701 3068 1740 omnes
3096 1694 3429 1745 transeuntes
3450 1691 3708 1760 legerent,

2144 1781 2198 1827 et
2226 1773 2361 1835 viam
2401 1775 2416 1805 ¹
2446 1774 2807 1840 promissionis
2836 1775 2953 1844 ejus
2982 1784 3242 1832 tenerent.
3272 1778 3338 1833 Et
3363 1792 3559 1850 quanta
3583 1797 3714 1841 sunt

2142 1877 2261 1930 quae
2288 1861 2515 1916 reddidit
2546 1877 2609 1917 ex
2648 1863 2750 1917 isto
2773 1865 3160 1935 chirographo?
3189 1868 3437 1924 Dubitant
3462 1872 3711 1931 homines

2142 1953 2363 2008 credere
2391 1953 2563 2029 illi‘de
2589 1955 2974 2011 resurrectione
3004 1966 3329 2014 mortuorum
3359 1971 3412 2016 et
3435 1963 3502 2018 de
3527 1964 3709 2023 futuro

2141 2041 2355 2106 saeculo,
2382 2041 2522 2112 quod
2549 2043 2720 2098 solum
2739 2044 2851 2114 jam
2875 2043 3199 2119 reddendum
3231 2032 3425 2117 réstat;
3452 2055 3666 2122 quando
3684 2099 3704 2123 ,

2139 2132 2186 2186 si
2210 2132 2365 2188 faciat
2396 2135 2653 2189 rationem
2678 2149 2797 2189 cum
2828 2136 3146 2201 infidelibus,
3175 2130 3490 2205 erubescunt
3517 2146 3706 2202 inlide-

2141 2222 2260 2276 les?
2289 2221 2345 2278 Si
2371 2221 2512 2277 dicat
2531 2223 2623 2277 tibi
2654 2224 2793 2280 Deus
2821 2242 2835 2280 :
2862 2225 3279 2297 Chirographunt
3310 2248 3481 2287 meum
3512 2244 3701 2303 tenes;

2135 2313 2387 2382 judicium
2418 2316 2652 2383 promisi,
2680 2316 3084 2387 diremptionem
3114 2325 3134 2354 ¹
3166 2324 3418 2378 bonorum
3447 2336 3502 2381 et
3531 2330 3703 2385 malo-

2140 2419 2254 2458 rum
2277 2444 2292 2469 ,
2327 2418 2543 2474 regnum
2568 2406 2944 2474 sempiternum
2965 2408 3237 2475 fidelibus,
3265 2421 3319 2467 et
3348 2429 3450 2468 non
3481 2417 3564 2471 vis
3586 2434 3704 2475 cre-

2139 2498 2298 2554 dere?
2319 2498 2393 2554 lbi
2415 2499 2466 2553 in
2486 2498 2835 2570 chirographo
2854 2516 2974 2556 meo
2995 2502 3109 2573 lege
3129 2506 3302 2561 omnia
3321 2523 3439 2577 qua).
3459 2512 3711 2582 promisi,

2137 2590 2310 2646 deduc
2338 2607 2544 2647 meeum
2573 2594 2831 2647 rationem
2868 2610 2881 2646 :
2920 2606 3062 2650 certe
3091 2596 3175 2653 vel
3202 2602 3557 2669 computando
3582 2619 3703 2674 qua

2137 2680 2341 2736 reddidi
2366 2722 2381 2749 ,
2412 2692 2565 2754 potes
2589 2699 2673 2738 me
2697 2684 2915 2741 credere
2943 2683 3266 2744 redditurum
3295 2707 3414 2748 esse
3440 2696 3581 2764 quod
3603 2696 3704 2752 de-

2112 2766 2259 2826 ‘beo.
2285 2771 2341 2826 in
2383 2774 2497 2843 ipso
2520 2772 2873 2845 chirograpr
2915 2775 3079 2833 habes
3124 2783 3438 2848 promissum
3489 2787 3702 2843 unicum

2137 2860 2179 2919 F
2182 2862 2348 2928 ilium,
2364 2861 2456 2919 cui
2477 2880 2581 2919 non
2605 2865 2833 2934 peperci,
2859 2865 2951 2925 sed
2979 2883 3074 2937 pro
3097 2870 3245 2924 vobis
3259 2874 3505 2929 omnibus
3533 2878 3695 2931 tradi-

2136 2952 2189 3008 di
2205 2968 2324 3009 eum
2343 2953 2513 3027 (Rom.
2537 2970 2648 3021 vut,
2672 2955 2761 3026 ὅδὲ)
2786 2974 2799 3010 :
2819 2958 2928 3025 jam
2949 2969 3190 3030 computa
3218 2962 3268 3016 in
3290 2962 3530 3021 redditis.
3554 2967 3700 3039 Lege

2136 3043 2540 3115 chirographum
2565 3062 2580 3110 ;
2613 3047 2826 3115 promisi
2853 3048 2921 3102 ibi
2951 3049 3135 3118 pignus
3156 3050 3384 3120 Spiritus
3415 3059 3587 3112 sancti
3614 3075 3704 3116 me

2138 3135 2382 3190 daturum
2412 3152 2504 3205 per
2529 3136 2718 3191 Filium
2751 3153 2923 3193 meum
2948 3156 2963 3193 :
2987 3147 3230 3210 computa
3258 3144 3520 3201 redditum
3547 3148 3704 3218 (Act.

2138 3240 2153 3278 ι
2180 3267 2193 3289 ,
2224 3224 2294 3288 8;
2324 3236 2369 3278 et
2394 3241 2429 3280 ιι
2455 3267 2468 3291 ,
2497 3226 2600 3281 2-4
2619 3225 2662 3297 ).
2706 3227 2924 3282 Promisi
2964 3229 3033 3285 ibi
3072 3233 3383 3302 sanguinem
3402 3247 3457 3292 et
3479 3252 3708 3296 coronas

2139 3324 2426 3385 martyrum
2452 3316 2951 3386 gloriosissimormn
2977 3338 2990 3374 :
3012 3333 3256 3392 computa
3285 3325 3582 3393 redditum;
3606 3333 3711 3386 ad.

2138 3416 2353 3461 tnoneat
2378 3419 2428 3464 te
2453 3409 2619 3464 Massa
2653 3411 2727 3483 (α)
2759 3410 2948 3467 redditi
2981 3412 3000 3444 ³
3031 3413 3192 3470 debiti
3223 3417 3349 3475 mei.
3376 3418 3481 3476 Sed
3508 3431 3564 3477 et
3586 3422 3709 3479 luce

2136 3498 2301 3567 gloria
2335 3499 2617 3572 Martyrum
2647 3509 2703 3555 ut
2730 3503 3036 3558 redderetur
3056 3546 3070 3568 ,
3100 3507 3189 3559 tibi
3221 3511 3475 3576 promise
3502 3513 3554 3566 iu
3578 3515 3699 3568 cbi-

2140 3590 2399 3660 rographo
2422 3632 2437 3654 ,
2476 3592 2561 3646 ubi
2592 3594 2840 3661 scriptmn
2875 3604 2987 3661 est,
3019 3596 3233 3668 Propter
3261 3611 3308 3656 te
3336 3605 3701 3671 mortiﬁcamur

2138 3693 2241 3736 tota
2262 3685 2341 3737 die
2354 3684 2371 3754 (
2383 3685 2520 3739 Psal.
2537 3702 2681 3751 XLIII,
2695 3686 2815 3756 22);
2837 3699 2890 3741 ut
2909 3688 3005 3743 hoc
3020 3690 3344 3747 redderetur.
3366 3694 3702 3751 (“numerant

2137 3787 2304 3845 gentes
2322 3818 2338 3841 ,
2368 3788 2413 3830 et
2445 3778 2617 3845 pepuli
2641 3779 2861 3832 meditati
2887 3790 3001 3833 sunt
3027 3782 3236 3846 inania;
3266 3787 3526 3840 astiterunt
3551 3805 3694 3859 rcges

2122 3862 2303 3933 ἰειτω,
2334 3877 2378 3921 et
2408 3869 2655 3938 principes
2680 3882 3007 3925 convenerunt
3034 3874 3086 3926 in
3112 3891 3266 3927 unum
3289 3917 3303 3939 ,
3332 3878 3574 3932 adversus
3601 3880 3709 3934 Do-

2139 3959 2348 4023 minum,
2376 3969 2420 4011 et
2446 3959 2681 4014 adversus
2704 3960 2956 4015 Christum
2979 3964 3086 4029 eius
3107 3962 3273 4034 (Psal.
3296 3982 3351 4031 tt,
3378 3968 3427 4033 l,
3449 3967 3529 4036 2).
3553 3970 3675 4024 Prin

2139 4048 2284 4115 cipes
2319 4060 2678 4104 convenerunt
2718 4051 2769 4104 in
2808 4066 2967 4106 unum
2994 4093 3009 4116 ,
3036 4054 3400 4123 conspirantes
3438 4058 3701 4115 adversus

2086 4190 2099 4193 _
2138 4138 2485 4195 Christianos.
2529 4142 2709 4209 Quid?
2739 4143 2968 4211 ipsorum
3006 4160 3197 4215 regum.
3218 4146 3375 4203 ﬁdem
3401 4189 3416 4213 ,
3447 4166 3623 4206 nonne
3651 4161 3706 4207 et

2142 4230 2358 4298 promisi
2389 4231 2440 4284 in
2467 4230 2835 4302 chirographo,
2860 4243 2913 4288 et
2938 4235 3136 4290 reddidi
3159 4237 3210 4291 in
3231 4238 3457 4293 ell‘eetu?
3478 4243 3709 4295 Attende

2142 4319 2227 4374 ubi
2255 4321 2470 4389 promisi
2503 4339 2516 4374 :
2544 4321 2831 4378 Adorubunt
2861 4341 2973 4379 eum
2993 4343 3161 4381 omnes
3181 4344 3319 4400 reges
3339 4340 3512 4397 terra;
3533 4326 3709 4389 onmes

2140 4419 2306 4479 gentes
2324 4412 2532 4464 servient
2552 4412 2627 4465 illi
2648 4411 2815 4484 (Pasl.
2844 4430 2986 4480 Lm,
3010 4416 3122 4485 ll).
3150 4417 3371 4488 lngrate,
3398 4422 3524 4490 legis
3544 4423 3702 4477 debi-

2143 4503 2449 4565 tum,cernis
2467 4503 2856 4569 redditum,nou
2872 4508 3044 4562 credis
3059 4510 3398 4576 promissum?
3411 4512 3548 4581 Lege
3560 4514 3706 4569 aliud

2141 4592 2191 4645 in
2210 4592 2560 4662 chirographo
2584 4610 2701 4648 meo
2722 4614 2734 4648 :
2756 4597 3010 4661 Quoniam
3031 4600 3335 4666 fremuerunt
3349 4616 3516 4671 gentes
3531 4622 3550 4657 :
3564 4605 3709 4672 Quo-

2140 4685 2279 4738 niam
2310 4686 2497 4738 inimici
2526 4687 2620 4740 mei
2643 4688 2875 4741 dixerunt
2902 4690 3036 4744 mala
3063 4692 3202 4752 mihi,
3235 4692 3333 4747 hoc
3360 4706 3441 4748 eet
3457 4694 3670 4750 Christo
3689 4714 3703 4726 ·

2146 4759 2358 4842 quando
2404 4779 2641 4831 morietur
2680 4789 2724 4831 et
2750 4781 2925 4848 peribit
2964 4756 3140 4834 nomen
3162 4784 3270 4851 ejus
3293 4784 3464 4854 (Psal.
3500 4801 3586 4849 xc,
3614 4789 3708 4845 6}?

2140 4868 2396 4936 Quoniam
2415 4868 2525 4923 lucc
2542 4871 2719 4925 omnia
2732 4871 3133 4942 fecer-nutatque
3145 4872 3409 4941 dixerunt,
3429 4876 3543 4946 lege
3560 4878 3703 4948 quod

2204 5065 2221 5097 ι
2257 5071 2357 5113 nuo
2380 5072 2504 5119 uss...
2528 5059 2640 5115 vim.

2203 5128 2228 5196 ξ
2254 5130 2328 5196 sit;
2364 5125 2527 5185 plures
2564 5132 2669 5174 uss.
2695 5132 2890 5184 AtAm.,
2933 5125 3263 5188 direncptione.
3302 5132 3376 5174 Fr.
3417 5135 3469 5176 et
3491 5133 3624 5187 ιλιι,
3647 5128 3711 5179 de

2382 5200 2405 5222 ρ

2272 5187 2281 5196 .
2310 5187 2318 5194 .
2382 5200 2405 5222 ρ
3094 5187 3097 5188 ν

2140 5187 2438 5321 reqtftli'i’figld.
2463 5248 2687 5298 omissum
2712 5255 2833 5306 erat,
2857 5245 3040 5297 redditi
3060 5259 3079 5297 :
3098 5247 3225 5311 quod
3250 5260 3316 5298 ex
3336 5247 3579 5298 nonnullis
3600 5256 3708 5299 uss.

2138 5318 2449 5358 restittnznus.

2203 5390 2276 5450 (η)
2300 5390 2380 5438 Hie
2403 5397 2636 5452 martyres
2672 5388 2816 5452 vulgo
2857 5397 3011 5439 Massa
3048 5388 3276 5452 candida,
3302 5388 3570 5452 laudantur,
3593 5401 3713 5452 quo-

2140 5464 2248 5501 rum
2272 5454 2320 5498 in
2343 5450 2552 5507 basilica,
2577 5451 2703 5511 apud
2723 5451 2917 5505 Uticam,
2944 5462 3220 5499 sermonem
3256 5451 3472 5499 habitent
3506 5450 3625 5500 esse
3644 5462 3708 5501 ex

2142 5513 2423 5561 t-‘loriaseusi
2451 5520 2528 5581 γε.
2547 5512 2974 5581 deprehendimus.
2999 5519 3065 5560 De
3102 5512 3590 5581 iisdem_n3rtyrihtts
3614 5512 3710 5581 jam

2139 5588 2281 5634 supra
2308 5587 2354 5620 tn
2376 5571 2489 5632 mal.
2518 5585 2648 5630 XLIX,
2674 5586 2721 5619 ιι.
2755 5572 2803 5621 9.
2821 5574 2948 5621 Com'.
2975 5586 3248 5622 sermonem
3270 5571 3441 5622 506dé
3466 5572 3672 5634 Diversis
3690 5606 3706 5632 ,

2141 5632 2326 5744 mena"
2350 5646 2495 5681 sarm.
2513 5636 2565 5683 5t
2580 5635 2622 5692 l,
2646 5634 2781 5696 cujus
2794 5648 2898 5696 cap.
2926 5635 2994 5683 to.
3023 5636 3287 5684 st'tieensis
3306 5640 3451 5685 Massa
3462 5632 3658 5687 eamihi;
3678 5644 3702 5683 ι

2142 5708 2262 5744 amc
2303 5702 2426 5744 ator.

2142 5702 2426 5761 qipctlatm‘.
