4082 6204
351 339 479 396 1881

347 455 585 524 promisi,
597 452 678 507 cui
694 467 776 506 me
789 449 1038 505 solvendo
1051 446 1302 502 obstrinxi
1324 465 1334 498 :
1354 445 1646 499 Pt‘atvalebit
1660 443 1903 496 Dominus

345 547 581 598 adversus
592 560 692 602 eos.
708 556 751 595 et
763 539 1100 594 exterminabit
1119 553 1286 590 omnes
1299 537 1415 589 deos
1431 535 1562 603 genti
1567 550 1649 586 um
1669 542 1842 598 terrm;
1859 540 1902 584 et

343 635 620 687 adorabunt
633 648 763 696 eum,
782 630 1113 698 unusquisque
1127 629 1187 680 de
1203 627 1310 680 loco
1329 642 1418 678 suo
1435 625 1686 691 (Soplton.
1705 639 1758 686 Il,
1777 623 1798 676 1
1812 623 1862 690 1)
1877 622 1900 674 ?

342 724 544 792 Nempe
567 723 674 792 jam
699 720 1000 793 praevaluit;
1029 717 1395 772 exterminavit
1419 728 1606 768 omnes
1626 712 1753 766 deos
1773 726 1900 781 gen-

341 817 471 878 tium
506 825 677 868 terrm.
703 813 887 866 Nonne
912 818 966 864 et
1002 809 1104 863 hoc
1131 807 1290 872 facit,
1319 813 1372 860 et
1397 804 1498 858 hoc
1526 802 1739 858 reddit?
1765 802 1900 856 Ante

342 905 524 961 oculos
550 903 781 956 omnium
813 900 960 969 ponit
984 898 1298 952 solutionem
1323 895 1618 949 debitorum
1645 905 1896 947 suorum:

341 997 578 1068 qua-dam
607 993 829 1049 reddidit
854 993 952 1047 sub
977 990 1260 1059 majoribus
1287 988 1499 1052 nostris,
1527 1001 1643 1055 quae
1674 999 1769 1038 nos
1796 998 1898 1038 non

341 1091 602 1153 vidimus;
631 1086 872 1156 quaedam
921 1083 1147 1139 reddidit
1176 1079 1496 1150 temporibus
1523 1077 1716 1131 nostris
1737 1116 1751 1140 ,
1784 1089 1900 1145 quae

341 1179 412 1234 illi
460 1193 562 1232 non
608 1176 850 1230 viderunt
880 1191 892 1226 :
927 1189 1020 1242 per
1057 1185 1241 1227 omnes
1281 1168 1646 1240 generationes
1674 1165 1902 1220 reddidit

339 1286 457 1338 qua:
496 1269 691 1338 scripta
720 1275 861 1321 sunt.
905 1265 970 1319 Et
995 1263 1118 1332 quid
1159 1262 1359 1316 restat?
1388 1260 1504 1314 Non
1544 1258 1591 1312 ei
1629 1257 1898 1324 creditur,

339 1361 421 1415 bis
451 1360 697 1414 omnibus
725 1356 984 1412 redditis?
1007 1353 1141 1422 Quid
1168 1352 1371 1408 restat?
1395 1351 1529 1405 Ecce
1555 1349 1719 1404 fecisti
1742 1348 1900 1401 ratio-

339 1469 459 1508 nem
484 1470 499 1517 ;
528 1459 667 1506 tanta
693 1447 921 1503 reddidit
947 1464 958 1498 :
985 1444 1231 1514 ntttnquid
1258 1439 1474 1513 propter
1500 1455 1662 1511 pauca
1689 1437 1899 1492 residua

337 1542 565 1596 infidelis
588 1549 669 1595 est
696 1537 900 1593 factus?
926 1537 1094 1590 Absit.
1121 1519 1336 1600 Qua‘re?
1366 1532 1495 1598 Quia
1520 1570 1536 1597 ,
1573 1528 1764 1582 Fidelis
1791 1526 1900 1579 Do-

336 1633 502 1686 minus
525 1632 576 1684 in
601 1629 757 1683 verbis
782 1628 903 1689 suis,
927 1636 971 1679 et
991 1635 1192 1678 sanctas
1209 1624 1262 1676 in
1281 1621 1506 1676 omnibus
1525 1619 1753 1688 operibus
1773 1618 1895 1670 suis.

407 1725 497 1779 18.
531 1721 543 1794 ι
565 1737 688 1775 vers.
725 1717 846 1791 14.]
868 1717 1141 1785 Conﬁrmat
1156 1714 1402 1767 Dominus
1419 1727 1587 1764 omnes
1602 1709 1898 1762 decidentes.

337 1817 442 1873 Sed
470 1829 600 1885 quos
629 1797 796 1867 omnes
825 1807 1148 1863 decidentes?
1173 1806 1374 1860 Omnes
1417 1803 1632 1856 omnino
1657 1799 1902 1875 deciden-

337 1919 437 1973 tes,
470 1906 562 1960 sed
594 1904 750 1958 modo
787 1899 1012 1971 quodam
1037 1898 1361 1952 decidentes.
1393 1894 1600 1948 Etenim
1630 1892 1776 1945 multi
1804 1890 1900 1945 de-

335 2000 521 2054 cidunt
561 1996 626 2050 ab
653 2010 751 2058 eo;
796 1991 942 2045 multi
969 1998 1146 2043 autem
1171 1987 1421 2041 decidunt
1444 2001 1472 2039 a
1505 1982 1903 2053 cogitationibus

335 2091 447 2143 suis
474 2091 489 2154 (
531 2085 670 2139 Psal.
699 2101 751 2149 v,
783 2084 840 2137 ll
873 2082 912 2152 ).
939 2080 994 2134 Si
1039 2078 1302 2132 habebant
1331 2076 1496 2129 malas
1517 2072 1859 2143 cogitationes
1884 2111 1898 2134 ,

336 2179 586 2234 tlecidunt
601 2176 664 2230 ab
686 2177 782 2240 eis,
805 2184 856 2228 et
877 2189 967 2225 con
973 2171 1139 2240 ﬁrmat
1158 2167 1402 2221 Dominus
1419 2181 1585 2219 omnes
1601 2163 1900 2219 decidentes.

336 2271 437 2338 Qui
478 2267 671 2337 aliquid
698 2265 943 2318 amittunt
985 2263 1036 2316 in
1080 2261 1182 2315 isto
1219 2258 1414 2314 saeculo
1450 2268 1509 2311 et
1534 2255 1702 2309 sancti
1731 2263 1851 2309 sunt
1881 2293 1898 2319 ,

339 2361 507 2416 veluti
533 2359 926 2414 exbonornntutr
952 2355 1002 2407 in
1031 2353 1130 2405 isto
1156 2350 1383 2410 saeculo;
1417 2364 1479 2401 ex
1501 2347 1748 2402 divitibus
1773 2345 1906 2398 ﬁunt

337 2464 618 2521 pauperes,
646 2463 708 2502 cx
741 2444 1010 2500 honoratis
1048 2442 1176 2494 fiunt
1202 2438 1424 2507 abjccti,
1455 2447 1507 2491 et
1536 2446 1708 2491 tamen
1738 2436 1903 2488 sancti

340 2544 437 2598 Dei
492 2550 646 2603 sunt;
689 2546 933 2605 tanquam
970 2523 1274 2586 decidentes
1318 2539 1460 2583 sunt.
1489 2528 1591 2582 Sed
1645 2527 1904 2592 conﬁrmat

339 2632 590 2686 Dominus
618 2644 786 2680 omnes
815 2624 1110 2677 decidentes.
1157 2621 1364 2690 Septies
1401 2619 1540 2673 enim
1572 2617 1711 2670 cadit
1735 2615 1904 2682 justus

339 2733 396 2776 et
423 2719 680 2789 resurgit;
700 2716 842 2784 impii
865 2721 1038 2768 autem
1061 2711 1464 2765 infirmabuntur
1481 2709 1531 2762 in
1558 2691 1709 2760 malis
1725 2702 1902 2774 (Prov.

339 2829 486 2878 xxiv,
521 2812 586 2866 l6
607 2812 645 2880 ).
673 2807 894 2874 Quando
923 2805 1058 2859 mala
1083 2802 1328 2857 accidunt
1348 2799 1542 2870 impiis,
1574 2798 1906 2850 inlirmantur

340 2907 413 2960 ibi
452 2922 465 2957 :
500 2900 713 2972 quando
739 2897 874 2952 mala
901 2895 1146 2950 accidunt
1167 2892 1342 2963 justis,
1368 2890 1630 2956 conﬁrmat
1663 2884 1906 2938 Dominus

339 3012 512 3050 omnes
533 2991 826 3045 decidentes.
859 2986 1130 3042 Deciderat
1148 2983 1248 3038 Job
1276 2997 1304 3034 ιι
1328 2980 1493 3051 gloria
1517 2977 1747 3048 pristina:
1777 2974 1907 3027 lucis

341 3083 713 3155 temporalium
743 3094 942 3144 rerum,
968 3076 1158 3146 quibus
1184 3073 1379 3127 nitebat
1407 3069 1473 3124 ad
1507 3079 1728 3137 tempus,
1755 3065 1902 3119 deci-

339 3175 496 3230 derat
521 3189 549 3226 a
579 3171 740 3239 gloria
767 3169 954 3224 domus
983 3180 1112 3220 suae.
1146 3162 1314 3216 Vultis
1356 3174 1510 3214 nosse
1531 3167 1781 3227 quantum
1811 3155 1906 3210 dc-

337 3263 583 3321 ciderat?
611 3261 667 3315 In
695 3269 930 3316 stercore
949 3256 1166 3318 sedebat
1194 3271 1206 3306 :
1231 3262 1284 3308 et
1305 3249 1633 3306 conﬁrmavit
1654 3247 1907 3300 Dominus

335 3354 696 3410 decidentem:
711 3349 972 3416 Quantum
991 3342 1354 3404 confirmavit?
1377 3340 1444 3394 Ut
1473 3349 1528 3394 et
1553 3339 1602 3392 in
1629 3338 1745 3406 ipso
1761 3325 1908 3406 gravi

338 3449 562 3501 vt-duere
582 3460 687 3512 quo
715 3457 809 3510 per
837 3448 1001 3492 totum
1023 3450 1212 3504 corpus
1235 3446 1510 3503 percussus
1529 3439 1666 3494 erat,
1688 3441 1908 3496 respon-

336 3540 490 3594 deret
513 3535 660 3591 uxori
692 3531 932 3595 tentanti,
952 3543 1106 3598 quam
1124 3527 1289 3581 solam
1308 3524 1403 3577 sibi
1420 3520 1661 3576 diabolus
1677 3519 1905 3586 relique-

336 3640 415 3685 rat
448 3628 760 3698 adiutricem
790 3642 802 3676 :
831 3623 1017 3675 Locuta
1042 3637 1092 3672 es
1113 3629 1347 3686 tanquam
1371 3631 1471 3667 una
1491 3629 1551 3666 ea:
1567 3609 1907 3680 insipientibus

337 3717 632 3773 mulieribus
656 3732 673 3767 :
701 3715 743 3765 si
769 3713 894 3764 bona
918 3709 1226 3778 percepimus
1261 3706 1321 3756 de
1335 3719 1486 3754 manu
1505 3699 1707 3752 Domini
1728 3739 1742 3762 ,
1771 3698 1906 3751 mala

335 3827 439 3863 non
471 3805 820 3860 sustinebimus
851 3798 965 3869 (Job
989 3813 1043 3858 ll,
1068 3795 1253 3863 7-10)?
1274 3791 1546 3860 Quomodo
1567 3788 1909 3841 conﬁrmave-

335 3892 804 3955 ratdccidenteml
833 3889 1107 3958 Conﬁrmat
1133 3884 1377 3939 Dominus
1406 3895 1576 3936 omnes
1606 3875 1906 3930 decidentes.

337 3991 467 4045 Cum
491 3987 738 4044 ceciderit.
759 3982 943 4052 inquit,
957 3981 1126 4050 justus
1149 3994 1246 4030 non
1272 3972 1659 4037 conturbabitur,
1676 3972 1910 4042 quoniam

337 4081 594 4135 Dominus
621 4076 885 4143 conﬁrmat
916 4087 1120 4124 manum
1139 4069 1247 4138 ejus
1275 4065 1455 4137 (Psal.
1486 4080 1663 4128 xxx",
1688 4063 1758 4116 24
1782 4062 1819 4131 ).
1845 4059 1913 4113 Ει

340 4171 489 4240 erigit
536 4183 704 4221 omnes
747 4165 892 4218 elisos
922 4179 940 4215 :
982 4174 1168 4215 onmes
1197 4156 1262 4210 ad
1292 4173 1349 4210 se
1394 4157 1736 4224 pertinentes.
1775 4152 1910 4207 Nam

340 4265 486 4319 Deus
513 4260 756 4329 superbis
781 4257 977 4312 resistit
999 4256 1018 4327 (
1043 4254 1222 4307 Jacobi
1253 4267 1325 4316 tv,
1359 4252 1390 4306 6
1414 4250 1452 4321 ).

414 4355 507 4409 19.
549 4353 710 4425 [πη.
752 4347 880 4422 15.]
921 4347 1068 4402 Oculi
1115 4345 1335 4399 omnium
1376 4344 1427 4396 in
1457 4351 1502 4395 te
1525 4348 1754 4410 sperant,
1783 4348 1830 4392 et
1859 4348 1912 4391 tu

343 4449 438 4503 das
463 4461 630 4501 escam
649 4444 752 4497 illis
777 4443 834 4495 in
856 4439 1244 4512 opportunitate.
1273 4438 1494 4491 Prorsus
1525 4444 1769 4501 tanquam
1793 4432 1914 4484 refi-

342 4543 494 4596 ciens
525 4545 782 4606 aegrotum
808 4534 860 4588 in
891 4532 1278 4603 opportunitate
1307 4570 1322 4593 ,
1362 4526 1571 4597 quando
1595 4524 1751 4578 debet
1777 4522 1915 4576 acci-

342 4646 470 4699 pere
493 4669 510 4693 ,
537 4638 663 4681 tunc
691 4625 812 4689 das;
853 4633 906 4678 et
933 4623 1070 4692 quod
1113 4620 1270 4676 debet
1294 4659 1307 4681 ,
1339 4620 1437 4670 hoc
1461 4616 1574 4670 das.
1619 4613 1796 4682 Itaque
1815 4611 1913 4664 ali-

342 4719 563 4790 quando
595 4715 926 4771 desideratur
950 4712 1144 4774 abillo,
1174 4717 1227 4763 et
1253 4723 1356 4762 non
1386 4706 1476 4760 dat
1504 4722 1516 4756 :
1541 4703 1686 4758 novit
1716 4703 1914 4755 'horam

343 4813 504 4867 dandi
536 4852 552 4874 ,
585 4810 671 4879 qui
700 4815 864 4861 curat.
897 4805 1071 4870 Quare
1120 4804 1214 4856 ista
1245 4799 1363 4854 dico
1386 4839 1401 4864 ,
1430 4795 1652 4851 fratres?
1699 4795 1773 4848 Nc
1799 4794 1916 4863 quis

343 4901 562 4972 quando
596 4899 730 4953 forte
757 4913 858 4951 non
886 4896 1040 4948 fuerit
1080 4892 1360 4947 exauditus.
1379 4887 1572 4957 aliquid
1595 4887 1791 4955 justum
1822 4899 1915 4954 pc-

345 5007 465 5050 tens
492 5013 521 5049 a
559 4995 669 5048 Deo
703 5010 716 5046 :
745 5006 863 5045 nam
908 4987 1116 5058 quando
1145 4985 1394 5052 iniustum
1423 4981 1618 5050 aliquid
1663 4979 1789 5047 petit
1821 5019 1836 5042 ,
1866 4978 1916 5030 in

348 5102 565 5158 pmnam
610 5098 757 5138 suam
803 5079 1110 5140 exauditur;
1141 5075 1232 5130 sed
1279 5073 1470 5142 aliquid
1513 5087 1620 5125 non
1667 5070 1915 5137 iniustum

347 5190 536 5248 petens
568 5216 582 5239 ,
613 5175 656 5228 si
689 5172 820 5226 forte
870 5185 973 5223 non
1003 5166 1155 5221 fuerit
1185 5161 1460 5218 exauditus
1480 5201 1495 5226 ,
1522 5175 1627 5221 non
1656 5159 1920 5212 minuatur

347 5247 532 5321 animo
555 5306 570 5327 ,
601 5277 706 5316 non
737 5259 977 5322 deficiat;
1000 5263 1304 5324 exspectent
1333 5251 1467 5305 oculi
1492 5250 1605 5319 ejus
1631 5247 1694 5301 ad
1722 5261 1913 5308 escam,

347 5373 510 5427 quam
535 5355 626 5408 ille
652 5352 741 5406 dat
768 5351 816 5403 in
845 5346 1251 5417 opportunitate.
1279 5339 1500 5408 Quando
1529 5353 1632 5392 non
1662 5337 1772 5402 dat,
1801 5335 1919 5389 ideo

347 5465 454 5502 non
486 5447 577 5502 dat
602 5458 668 5497 ne
691 5441 828 5494 obsit
850 5438 987 5508 quod
1016 5437 1124 5490 dat.
1166 5434 1345 5502 Neque
1388 5431 1524 5485 enim
1557 5427 1754 5497 aliquid
1783 5427 1919 5494 inju-

347 5535 494 5593 stutu‘
515 5535 729 5604 petebat
754 5524 1279 5599 Apostolus,quando
1311 5521 1521 5591 rogabat
1544 5528 1601 5573 ut
1620 5518 1919 5572 auferretur

348 5631 415 5687 ab
443 5643 510 5681 eo
535 5623 780 5680 stimulus
806 5620 1000 5682 carnis,
1032 5616 1248 5686 angelus
1276 5621 1473 5667 satana:
1502 5627 1528 5662 a
1560 5624 1663 5678 quo
1684 5608 1920 5677 colaphi-

351 5721 569 5780 zabatur
601 5725 698 5768 :et.
712 5725 884 5767 tamen
908 5707 1126 5778 rogavit,
1155 5715 1204 5762 et
1246 5719 1346 5758 nou
1371 5701 1604 5775 accepit;
1636 5701 1754 5770 quia
1783 5709 1911 5752 tem-

1401 329 1790 386 ENARRATIO
1828 328 1891 383 1N
1933 328 2246 386 PSALML‘M
2287 333 2507 388 CXLIV.

3432 341 3569 398 188‘!

2007 459 2103 541 pus
2131 446 2440 541 adltueerat
2465 451 2774 507 exercendae
2800 453 3138 522 infirmitatis,
3165 471 3271 512 non
3301 467 3438 513 escae
3466 473 3565 528 op-

2008 537 2367 604 portunitatis.
2414 539 2604 610 Sufﬁcit
2628 584 2642 608 ,
2693 543 2860 613 inquit
2889 585 2903 606 ,
2943 546 3028 598 tibi
3054 547 3216 616 gratia
3242 563 3352 599 mea
3396 562 3415 600 :
3444 563 3561 599 nam

2002 625 2158 678 virtus
2182 627 2234 679 in
2258 628 2545 696 inﬁrmitate
2569 631 2824 699 perﬁcitur
2852 632 2871 702 (
2897 632 2934 684 ΙΙ
2963 632 3077 686 Cor.
3104 649 3194 697 xtl,
3226 633 3322 688 7-9
3345 634 3382 701 ).
3413 634 3566 688 Petiit

2001 715 2101 770 Job
2129 719 2432 772 tentandum
2458 719 2729 784 diabolus,
2757 723 3197 792 etaccepit(.lob
3225 738 3275 784 ι,
3323 722 3472 785 9-12ς
3519 735 3564 776 et
3617 739 3624 748 ν

2002 823 2070 870 ιι,
2091 808 2186 863 4-6
2204 807 2246 879 ).
2274 809 2564 874 Attendite,
2593 810 2780 866 fratres
2804 813 2904 867 mei
2928 855 2942 875 ,
2961 829 3204 884 magnum
3228 815 3558 884 mysterium,

2003 896 2334 961 discendum,
2362 901 2725 969 repetendum,
2759 902 3040 956 tenendum
3069 904 3266 968 animo,
3295 919 3558 972 nunquam

2002 988 2415 1044 obliviscendum
2435 1031 2450 1051 ,
2493 1000 2704 1061 propter
2729 992 3101 1048 abundantiam
3129 997 3472 1050 tentationum
3505 996 3556 1049 in

2003 1078 2104 1132 isto
2129 1079 2343 1134 saeculo.
2374 1080 2508 1146 Quid
2533 1082 2746 1136 dicam?
2773 1083 2970 1137 Revera
2999 1085 3382 1152 comparandus
3421 1087 3556 1152 Apo-

2002 1169 2170 1223 stolus
2199 1168 2444 1224 diabolo?
2471 1172 2753 1240 Apostolus
2780 1182 2946 1242 rogat,
2977 1181 3033 1227 et
3071 1189 3174 1227 non
3201 1174 3420 1243 arcipit;
3449 1175 3561 1229 dia-

2003 1257 2156 1312 bolus
2195 1260 2356 1327 petit,
2409 1268 2461 1313 et
2515 1261 2724 1329 accipit.
2775 1261 2877 1316 Sed
2920 1247 3022 1316 non
3051 1263 3255 1332 accepit
3281 1264 3562 1330 Apostolus

2003 1356 2219 1419 propter
2248 1347 2624 1418 perfectionem
2654 1366 2800 1405 suam
2830 1368 2845 1417 ;
2893 1352 3097 1423 accepit
3122 1352 3362 1407 diabolus
3380 1353 3444 1406 ad
3471 1353 3561 1406 (iu-

2003 1441 2323 1493 mnationem
2355 1453 2524 1494 suam.
2552 1441 2784 1511 Denique
2806 1443 2916 1511 ipse
2945 1443 3045 1498 Job
3068 1444 3267 1512 accepit
3287 1443 3558 1496 sanitatem

2004 1529 2057 1583 in
2082 1532 2492 1598 Opportunitate.
2520 1531 2717 1584 Dilatus
2741 1542 2935 1594 tamen,
2960 1540 3015 1585 ut
3043 1533 3371 1600 probaretur,
3395 1540 3447 1586 et
3471 1532 3560 1584 ditt

2004 1619 2140 1674 sedit
2166 1621 2218 1673 in
2241 1621 2457 1675 vulnere
2482 1623 2520 1685 ¹,
2543 1632 2595 1674 et
2623 1622 2785 1675 multa
2813 1622 2975 1687 dixit;
3002 1631 3056 1677 et
3085 1623 3296 1692 rogabat
3318 1623 3480 1677 Deum
3503 1631 3560 1676 ut

2003 1709 2335 1764 auferrentur
2352 1710 2420 1765 ab
2438 1725 2502 1764 eo
2525 1711 2642 1776 ista,
2669 1721 2722 1766 et
2755 1713 2890 1766 Deus
2920 1727 3021 1764 non
3071 1713 3358 1766 auferebat.
3386 1712 3554 1765 Citius

2003 1802 2268 1857 diabolum
2295 1804 2560 1858 exaudivit
2589 1803 2653 1858 ad
2683 1819 2801 1858 eum
2835 1803 3136 1857 tentandum
3165 1844 3178 1866 ,
3206 1819 3362 1872 quam
3390 1804 3557 1872 ipsum

2003 1893 2103 1950 Job
2127 1894 2192 1947 ad
2221 1893 2530 1948 sanandum.
2576 1895 2769 1950 Discite
2818 1909 2943 1963 ergo
2972 1909 3075 1948 non
3104 1908 3431 1958 murmurare
3469 1891 3560 1946 ad-

2005 2001 2189 2043 versus
2211 1986 2396 2050 Deum,
2427 1997 2480 2041 et
2508 1987 2715 2056 quando
2744 2001 2848 2040 non
2873 1984 3222 2049 exaudimiui,
3252 2001 3318 2038 ne
3346 1984 3558 2038 deﬁciat

2004 2081 2057 2135 in
2076 2080 2226 2134 vobis
2245 2078 2385 2149 quod
2407 2094 2562 2149 supra
2587 2081 2835 2149 scriptum
2857 2088 2956 2143 est,
2983 2076 3082 2132 Per
3109 2076 3332 2146 singulos
3355 2076 3458 2128 dies
3475 2074 3560 2128 be-

2004 2171 2230 2225 nedicam
2259 2179 2323 2223 te.
2349 2169 2469 2239 Ipse
2516 2170 2681 2224 Filius
2705 2211 2720 2234 ,
2765 2170 2876 2239 ipse
2905 2168 3104 2223 Unicus
3126 2209 3140 2232 ,
3172 2167 3275 2236 pati
3319 2166 3340 2196 ³
3385 2166 3561 2235 utique

2003 2274 2252 2327 venerat,
2282 2264 2491 2318 solvere
2514 2263 2652 2331 quod
2675 2277 2778 2316 non
2797 2261 3052 2323 debebat,
3083 2261 3213 2313 mori
3241 2258 3292 2311 in
3323 2257 3562 2311 manibus

2005 2365 2360 2423 peccatorum,
2379 2352 2632 2422 sanguine
2650 2365 2746 2406 suo
2765 2351 2943 2405 delere
2958 2333 3360 2418 chirographum
3378 2346 3562 2400 mortis

2006 2454 2200 2497 nostrze
2225 2459 2238 2508 ;
2265 2443 2328 2496 ad
2359 2443 2458 2496 hoc
2482 2451 2697 2496 venerat
2725 2459 2738 2494 :
2768 2449 2823 2494 et
2851 2449 3024 2494 tamen
3065 2447 3120 2492 ut
3147 2437 3237 2492 tibi
3263 2436 3562 2491 ostenderet

2006 2537 2303 2604 exemplum
2332 2533 2616 2602 patientim,
2638 2531 3020 2600 transfiguravit
3041 2543 3233 2596 corpus
3261 2525 3562 2580 humilitatis

2007 2637 2203 2684 nostra!
2225 2625 2498 2680 conforme
2516 2623 2726 2694 corpori
2745 2621 2924 2691 gloria-
2943 2635 3051 2674 sum
3072 2618 3322 2688 (Philipp.
3347 2632 3422 2676 tu,
3445 2615 3506 2668 2|
3521 2617 3561 2684 ).

2008 2717 2182 2785 Pater,
2211 2717 2412 2786 inquit,
2456 2716 2501 2768 si
2537 2714 2646 2782 ﬁeri
2673 2719 2864 2782 potest,
2888 2718 3103 2764 transeat
3131 2709 3262 2762 calix
3289 2708 3378 2760 iste
3403 2722 3435 2758 a
3463 2721 3562 2759 me.

2010 2811 2078 2864 Et
2105 2819 2164 2864 ut
2189 2809 2468 2878 impleret,
2496 2805 2734 2876 quamvis
2774 2819 2878 2857 non
2911 2803 3173 2870 acciperet
3211 2798 3348 2868 quod
3387 2805 3565 2866 petere
3633 2845 3640 2856 ,

2007 2901 2300 2966 videbatur,
2330 2898 2430 2952 Per
2455 2896 2675 2968 singulos
2709 2895 2812 2949 dies
2839 2892 3120 2947 benedicens
3151 2899 3198 2943 te
3221 2905 3239 2942 :
3271 2887 3450 2942 Verum
3466 2903 3566 2939 non

2009 2992 2142 3059 quod
2177 3007 2266 3061 ego
2303 2989 2448 3053 volo,
2479 2988 2584 3050 ait,
2636 2985 2722 3039 sed
2762 2986 2894 3052 quod
2921 2992 2974 3036 tu
2999 2983 3109 3052 vis,
3143 2978 3296 3033 Pater
3333 2979 3349 3046 (
3379 2975 3562 3030 Matth.

2010 3087 2152 3144 xxvl',
2184 3081 2251 3135 59
2270 3081 2308 3149 ).
2335 3078 2484 3132 Oculi
2509 3076 2729 3130 omnium
2751 3075 2801 3127 in
2824 3082 2868 3127 te
2891 3081 3112 3143 sperant,
3144 3078 3188 3123 et
3213 3077 3266 3121 tu
3289 3067 3380 3120 das
3405 3080 3565 3118 escam

2008 3173 2110 3226 illis
2135 3173 2185 3224 in
2213 3171 2599 3240 opportunitate.

2079 3263 2168 3320 ΞΟ.
2220 3261 2378 3335 [vers.
2411 3259 2542 3332 16.]
2588 3258 2765 3328 Aperis
2791 3266 2843 3310 tu
2873 3271 3076 3310 manum
3109 3261 3245 3306 tuam
3266 3291 3282 3316 ,
3322 3259 3368 3302 et
3392 3247 3569 3317 imples

2010 3371 2156 3409 omne
2184 3352 2372 3405 animal
2396 3350 2744 3404 benedictione.
2774 3347 2887 3400 Etsi
2912 3361 3016 3400 non
3037 3343 3132 3398 das
3154 3339 3451 3410 aliquando,
3474 3337 3568 3390 das

2012 3457 2187 3499 tamen
2216 3444 2266 3498 in
2295 3441 2686 3512 opportunitate
2719 3454 2733 3493 :
2762 3437 2942 3493 differs
2965 3477 2980 3502 ,
3010 3451 3115 3489 non
3139 3432 3318 3487 aufers
3341 3469 3358 3497 ,
3387 3438 3439 3482 et
3468 3429 3569 3482 hoc

2013 3538 2064 3591 in
2095 3536 2513 3606 Opportunitate.

2079 3630 2169 3682 21.
2199 3627 2364 3700 [vers.
2397 3627 2483 3678 l7.
2503 3623 2523 3695 ]
2543 3622 2722 3676 Justus
2735 3619 2984 3673 Dominus
3001 3616 3054 3670 in
3082 3615 3307 3669 omnibus
3330 3612 3420 3665 viis
3444 3609 3567 3662 suis.

2011 3719 2080 3774 Et
2105 3699 2315 3786 quando
2339 3714 2514 3775 caedit,
2539 3721 2593 3767 et
2617 3709 2827 3780 quando
2847 3713 3014 3771 curat,
3036 3705 3210 3773 justus
3236 3711 3334 3764 est,
3359 3712 3410 3754 et
3429 3699 3566 3769 apud

2011 3823 2131 3863 eum
2165 3805 2411 3874 iniquitas
2437 3817 2541 3856 non
2573 3809 2671 3855 est.
2705 3798 2936 3866 Denique
2987 3808 3171 3848 omnes
3206 3791 3371 3844 sancti
3401 3789 3450 3841 in
3479 3788 3571 3840 tri-

2013 3897 2364 3955 bulationibus
2390 3892 2658 3948 constituti
2685 3934 2699 3954 ,
2726 3890 2870 3958 prius
2893 3886 3148 3956 justitiam
3178 3882 3292 3951 ejus
3321 3879 3569 3933 laudave-

2013 3998 2154 4053 runt,
2187 3997 2239 4045 et
2265 3987 2340 4042 sic
2361 3983 2616 4039 beneﬁcia
2638 3980 2953 4050 petiverunt.
2979 3975 3132 4029 Prius
3152 3974 3398 4027 dixerunt
3421 3987 3433 4023 :
3473 3969 3568 4023 luo

2013 4088 2150 4133 stum
2173 4085 2254 4132 est
2273 4075 2411 4145 quod
2437 4073 2584 4128 facis.
2607 4071 2694 4127 Sic
2715 4069 2914 4139 rogavit
2937 4063 3138 4129 Daniel,
3161 4063 3237 4116 sic
3257 4062 3342 4115 alii
3366 4058 3529 4113 sancti
3557 4075 3570 4111 :

2011 4169 2160 4224 Iusta
2191 4175 2314 4221 sunt
2335 4163 2528 4232 judicia
2558 4172 2664 4222 tua,
2692 4160 2823 4214 bene
2854 4155 2990 4226 passi
3020 4166 3203 4210 sumus
3225 4193 3239 4214 ,
3267 4157 3408 4205 recte
3435 4149 3570 4217 passi

2014 4271 2196 4313 sumus
2233 4255 2253 4327 ζ
2273 4254 2405 4306 Dan.
2437 4269 2489 4306 ιιι
2511 4293 2526 4315 ,
2555 4251 2749 4312 27υ51;
2781 4257 2826 4300 et
2855 4262 2929 4311 tx,
2961 4244 3088 4298 5-19
3112 4244 3150 4315 ).
3175 4241 3288 4294 Non
3317 4239 3574 4293 dederunt

2015 4349 2125 4402 Deo
2156 4344 2481 4413 iniustitiam,
2518 4356 2620 4394 non
2647 4339 2696 4394 ei
2721 4337 2979 4393 dederunt
3008 4332 3332 4402 iniquitatem
3361 4338 3415 4382 ct
3443 4330 3573 4381 insi-'-

2015 4439 2282 4510 picntiam.
2334 4433 2703 4489 Laudaverunt
2742 4431 2911 4500 primo
2957 4426 3306 4496 ﬂagellantem
3335 4463 3352 4488 ,
3399 4431 3452 4476 et
3497 4420 3576 4474 sic

2017 4537 2292 4585 senserunt
2337 4526 2596 4581 cibantem
2640 4542 2653 4578 :
2682 4522 2858 4576 Justus
2889 4518 3130 4573 Dominus
3158 4515 3210 4569 in
3239 4511 3462 4568 omnibus
3486 4511 3578 4565 viis

2017 4621 2139 4675 suis.
2163 4619 2327 4674 Nemo
2347 4624 2499 4688 putet
2527 4615 2668 4667 illum
2697 4611 2967 4680 iniustum,
2995 4604 3206 4676 quando
3231 4604 3354 4657 mali
3381 4600 3576 4669 aliquid

2019 4712 2152 4766 forte
2177 4711 2402 4778 patitur;
2437 4704 2528 4760 sed
2557 4703 2720 4771 ipsius
2737 4700 2992 4770 justitiam
3015 4694 3210 4756 laudet,
3237 4703 3292 4746 et
3317 4705 3464 4744 suam
3498 4689 3577 4740 itt-

2016 4803 2272 4874 justitiam
2295 4805 2508 4853 accuset
2531 4814 2542 4848 :
2565 4793 2740 4846 Justus
2767 4789 3007 4842 Dominus
3026 4787 3077 4838 in
3099 4783 3320 4838 omnibus
3346 4781 3433 4834 viis
3452 4779 3575 4840 suis,

2021 4907 2066 4952 et
2093 4904 2291 4950 sanctus
2320 4893 2371 4944 in
2397 4887 2620 4942 omnibus
2642 4883 2870 4954 operibus
2893 4880 3016 4932 suis.

2088 4986 2159 5038 29.
2201 4983 2348 5054 [rem
2371 4977 2481 5049 18.]
2511 4975 2676 5044 Prope
2701 4981 2771 5024 est
2813 4969 3059 5022 Dominus
3086 4962 3313 5018 omnibus
3340 4961 3578 5012 invocans

2020 5079 2148 5131 tibus
2176 5049 2304 5128 cuin.
2335 5071 2402 5124 Et
2425 5069 2511 5123 ubi
2540 5077 2621 5120 est
2647 5063 2770 5119 illttd
2801 5103 2815 5125 ,
2848 5059 2957 5114 Erit
2986 5057 3116 5111 enim
3139 5070 3250 5107 cum
3284 5049 3581 5105 invocabant

2021 5186 2100 5222 me
2125 5208 2138 5228 ,
2168 5175 2213 5220 et
2247 5179 2348 5216 non
2387 5159 2648 5213 exaudiam
2688 5172 2770 5208 eos
2796 5154 2812 5221 (
2841 5150 2994 5204 Prov.
3024 5165 3062 5214 ι,
3091 5148 3160 5202 28
3184 5147 3247 5217 )?
3277 5145 3414 5212 Ergo
3463 5139 3583 5194 vide

2022 5255 2162 5328 quod
2191 5253 2428 5321 sequitur
2460 5267 2472 5300 :
2505 5246 2748 5300 Omnibus
2773 5243 2856 5313 qui
2882 5242 3109 5293 invocant
3137 5253 3248 5290 eum
3270 5236 3321 5287 in
3362 5233 3581 5287 veritate.

2022 5321 2152 5402 Nam
2183 5343 2325 5397 multi
2349 5355 2466 5394 eum
2489 5338 2732 5391 invocant
2754 5349 2856 5386 non
2887 5333 2937 5383 in
2957 5330 3195 5384 veritate.
3216 5324 3367 5379 Aliud
3390 5324 3455 5377 ab
3481 5321 3572 5375 illa

2023 5442 2298 5508 qua-runt,
2317 5441 2370 5486 ct
2392 5429 2563 5500 ipsum
2596 5440 2697 5479 non
2731 5429 2990 5494 quierunt.
3015 5421 3185 5485 Quare
3212 5430 3358 5469 amas
3385 5415 3587 5468 Deum?

2087 5577 2104 5604 ι
2140 5571 2211 5618 sic
2229 5574 2333 5615 Mss.
2358 5571 2414 5613 Αι
2431 5560 2562 5620 Edd.,
2586 5555 2762 5609 dilatus
2782 5560 2850 5606 est
2873 5551 3015 5610 enim,
3039 5555 3089 5599 ut
3113 5550 3410 5612 probaretur,
3433 5553 3478 5596 et
3501 5542 3587 5596 diu

2022 5632 2143 5687 sedit
2160 5631 2210 5680 in
2234 5627 2441 5690 ιηιιυενε·
2600 5688 2626 5690 _
2647 5681 2657 5690 .
2679 5681 2689 5690 .
2833 5688 2842 5690 _
2898 5672 2993 5690 ,μη
3207 5668 3331 5690 Mm-

2085 5675 2208 5744 Tua
2228 5675 2446 5754 [uerique
2469 5692 2573 5734 uss.
2599 5681 2709 5730 add.
2736 5688 2869 5736 vero,
2894 5675 2994 5737 ipse
3013 5675 3176 5724 unicus
3200 5675 3371 5732 Patris,
3398 5675 3491 5727 εις.
3529 5707 3532 5712 .
