4042 6202
454 317 612 377 1883

454 439 586 505 Quia
604 435 745 493 dedit
768 432 894 491 mihi
910 429 1209 487 sanitatem.
1228 425 1369 481 istud
1391 421 1725 478 manifestum
1752 428 1834 475 est
1859 459 1875 482 ,
1907 406 2020 483 ipse

454 526 602 583 dedit
628 543 643 581 :
675 542 780 580 non
806 524 949 579 enim
977 521 1044 585 ab
1068 520 1176 574 ullo
1201 527 1283 573 est
1306 517 1408 570 ulla
1445 514 1621 579 salus,
1660 511 1761 566 nisi
1800 509 1867 562 ab
1907 506 2019 559 illo.

455 619 587 686 Quia
613 616 755 670 dedit
782 613 908 668 mihi
938 652 953 674 ,
980 611 1150 680 inquit
1181 649 1197 676 ,
1226 620 1443 661 uxorem
1469 603 1686 658 divitem
1716 642 1731 665 ,
1762 598 1847 668 qui
1894 592 2022 649 nihil

460 707 738 768 habebam,
762 713 814 758 et
838 702 1155 757 servientem
1182 698 1330 752 mihi.
1358 696 1423 750 Et
1453 695 1554 747 hoc
1580 688 1691 761 ipse
1719 688 1901 750 dedit;
1934 699 2025 739 ve-

457 811 576 850 runt
602 794 752 847 dicis.
786 791 970 853 Dedit,
1003 789 1208 859 inquit,
1233 787 1366 840 tilios
1393 825 1408 850 ,
1441 792 1493 837 et
1523 782 1716 835 multos
1735 787 1788 832 et
1812 777 1979 829 bonos
2004 812 2021 839 ,

459 885 605 939 dedit
648 882 897 936 familiam
923 920 939 946 ,
969 878 1114 934 dedit
1140 877 1315 932 omnia
1357 874 1511 927 bona.
1542 870 1665 925 Ideo
1692 865 1876 921 amas?
1903 863 2025 917 Ideo

458 974 587 1030 nihil
613 973 835 1042 amplius
861 968 1092 1040 quaeris?
1122 968 1247 1021 Esto
1274 963 1530 1025 esuriens,
1559 960 1731 1014 adhuc
1772 956 1922 1026 pulsa
1959 953 2024 1008 ad

454 1068 668 1135 januam
702 1061 1130 1133 patrisfamilias;
1158 1056 1314 1110 habet
1329 1053 1497 1107 adhuc
1517 1050 1656 1121 quod
1673 1050 1776 1103 det.
1804 1046 1859 1100 ln
1881 1060 2029 1099 men-

380 1196 381 1201 η
459 1158 675 1213 dicitate
699 1171 756 1210 es
777 1169 896 1208 cum
918 1150 1164 1205 omnibus
1193 1148 1274 1201 his
1297 1161 1412 1215 quae
1442 1142 1688 1212 accepisti
1714 1182 1728 1204 ,
1751 1148 1804 1193 et
1833 1136 2023 1192 nescis.

461 1253 757 1307 Pannosam
787 1232 1000 1301 carnem
1030 1239 1366 1295 mortalitatis
1405 1236 1577 1291 adhuc
1602 1243 1809 1305 portas;
1840 1230 2026 1284 stolam

461 1346 604 1398 illam
658 1340 839 1411 gloriae
886 1326 1293 1391 immortalitatis
1344 1327 1595 1396 numquid
1640 1322 1924 1393 accepisti,
1975 1330 2029 1375 et

461 1433 609 1501 quasi
653 1432 758 1496 jam
791 1429 1010 1483 satiatus
1042 1440 1144 1477 non
1175 1420 1371 1492 rogas?
1397 1420 1539 1473 Beati
1575 1418 1661 1486 qui
1711 1414 1955 1470 esuriuut
1978 1421 2030 1464 et

464 1519 937 1588 sitiuutjustitiam,
967 1515 1083 1581 quia
1116 1513 1211 1582 ipsi
1238 1509 1611 1564 saturabuntur
1635 1504 1844 1577 (Matth.
1869 1518 1920 1567 v,
1952 1501 2028 1570 6).

464 1614 609 1684 Ergo
647 1612 688 1663 si
718 1610 887 1663 bonus
912 1616 993 1660 est
1033 1605 1171 1659 Deus
1191 1643 1204 1664 ,
1237 1602 1357 1670 quia
1395 1600 1493 1653 ista
1518 1597 1608 1651 tibi
1637 1595 1808 1659 dedit;
1835 1601 2033 1662 quanto

466 1703 673 1758 beatior
700 1701 836 1761 eris.
870 1714 987 1752 eum
1018 1696 1248 1764 seipsum
1289 1692 1381 1746 tibi
1426 1687 1673 1745 dederit?
1714 1683 2032 1741 Desiderasti

466 1804 608 1850 tanta
637 1793 703 1846 ab
733 1792 856 1857 illo;
885 1802 1013 1859 rogo
1041 1798 1109 1850 te,
1128 1784 1367 1840 desidera
1397 1792 1449 1836 et
1476 1782 1667 1859 ipsum.
1686 1777 1866 1847 Neque
1893 1779 2033 1829 enim

467 1900 594 1939 vere
615 1883 849 1938 dulciora
882 1888 1004 1933 sunt
1029 1879 1147 1940 ista,
1179 1890 1337 1945 quam
1363 1874 1472 1937 ille,
1495 1851 1584 1926 alit
1606 1885 1672 1925 ex
1694 1869 1862 1938 aliqua
1890 1875 2036 1935 parte

469 1970 823 2042 comparanda
842 1978 963 2023 sunt
981 1966 1074 2021 illi.
1097 1966 1235 2034 Ergo
1261 1963 1352 2033 qui
1373 1963 1535 2017 Deum
1554 1961 1745 2029 ipsum,
1768 1972 1798 2010 a
1822 1971 1926 2025 quo
1944 1970 2045 2009 ac-r

468 2066 611 2135 cepit
636 2063 700 2116 de
724 2061 913 2131 quibus
940 2055 1130 2127 gaudet
1155 2097 1170 2120 ,
1202 2052 1463 2123 praeponit
1488 2050 1570 2104 his
1594 2048 1836 2103 omnibus
1880 2045 2047 2099 rebus

470 2168 603 2225 quas
628 2151 864 2219 accepit,
897 2149 1008 2216 ipse
1039 2147 1246 2199 invocat
1275 2144 1436 2196 Deum
1466 2141 1516 2193 in
1546 2139 1790 2194 veritate.
1818 2135 1948 2189 Nam
1983 2142 2040 2188 ut

472 2242 746 2302 noveritis,
777 2241 819 2293 si
845 2238 1034 2292 talibus
1057 2233 1357 2289 hominibus
1385 2238 1713 2299 proponatur
1733 2236 1786 2280 et
1810 2225 2036 2293 dicatur.

473 2336 631 2404 Quid,
655 2335 696 2387 si
723 2333 818 2386 ista
845 2329 1018 2384 omnia
1041 2328 1105 2380 de
1126 2326 1315 2397 quibus
1337 2322 1550 2395 gaudes,
1574 2322 1698 2375 velit
1722 2319 1810 2373 tibi
1833 2319 2040 2373 auferre

478 2425 654 2480 Deus?
676 2422 782 2492 jam
813 2436 918 2475 non
942 2419 1202 2472 amabitur
1222 2434 1235 2480 ;
1255 2431 1356 2468 non
1384 2414 1484 2468 erit
1508 2413 1595 2482 qui
1622 2411 1778 2473 dicat,
1800 2410 2049 2465 Dominus.

477 2516 646 2581 dedit,
678 2513 917 2568 Dominus
953 2510 1194 2572 abstulit;
1221 2508 1347 2562 sicut
1376 2505 1589 2557 Domino
1619 2502 1837 2572 placuit,
1865 2501 1933 2553 ita
1959 2498 2041 2567 fa-

477 2619 612 2662 ctum
642 2616 714 2660 est
739 2622 759 2658 :
788 2605 849 2658 sit
876 2619 1052 2656 nomen
1082 2600 1283 2654 Domini
1330 2596 1635 2651 benedictum
1683 2595 1701 2663 (
1728 2593 1826 2647 Job
1849 2608 1889 2658 t,
1918 2592 1981 2646 21

480 2698 586 2753 Sed
627 2697 761 2751 forte
787 2695 868 2749 cui
898 2692 1142 2756 abstulit,
1172 2689 1294 2759 quid
1342 2687 1473 2743 dicit
1513 2685 1568 2739 ‘?
1596 2686 1732 2738 Deus
1753 2724 1769 2749 ,
1800 2682 1921 2752 quid
1950 2680 2043 2737 tibi

479 2789 621 2843 feci?
667 2786 844 2852 Quare
880 2783 1006 2837 mihi
1034 2780 1293 2836 abstulisti
1319 2820 1333 2841 ,
1365 2786 1419 2833 et
1446 2776 1549 2831 illis
1574 2774 1807 2830 dedisti?
1847 2772 2043 2841 lniquis

481 2878 577 2933 das
599 2919 613 2942 ,
632 2887 685 2931 et
727 2875 829 2931 tuis
857 2874 1018 2928 tollis.
1049 2874 1277 2925 Accusas
1307 2870 1467 2923 Deum
1497 2867 1644 2937 quasi
1670 2866 1918 2934 injustam
1944 2905 1958 2927 ,
1991 2871 2046 2917 et

480 2980 534 3026 te.
561 2968 738 3023 laudas
763 2966 910 3037 quasi
934 2965 1155 3039 justum.
1194 2961 1550 3023 Convertere;
1580 2972 1768 3012 accusa
1790 2965 1860 3021 te,
1890 2953 2044 3008 lauda

479 3063 648 3117 illum.
672 3060 817 3114 Tunc
838 3059 944 3112 eris
975 3065 1147 3111 rectus
1169 3095 1184 3121 ,
1219 3069 1340 3107 cum
1381 3052 1430 3105 in
1474 3050 1717 3104 erunibus
1746 3047 1897 3101 bouis
1926 3060 2045 3114 qua:

480 3153 608 3209 facit
633 3153 675 3215 ',
707 3153 843 3204 Deus
874 3148 1194 3217 tibi'placet;
1225 3147 1276 3199 in
1307 3143 1550 3197 omnibus
1576 3140 1726 3195 malis
1752 3154 1869 3209 qtue
1896 3145 2044 3206 pate-

481 3246 579 3309 ris,
611 3244 749 3296 Deus
772 3240 861 3293 tibi
890 3254 995 3293 non
1021 3238 1280 3306 displicet.
1311 3235 1420 3288 Hoc
1440 3243 1521 3288 est
1543 3233 1786 3285 invocare
1809 3230 1970 3283 Deum
1994 3228 2046 3281 in
2070 3269 2077 3276 .

483 3335 739 3408 veritate.
772 3330 871 3398 Qui
899 3329 977 3382 sic
1001 3329 1244 3381 invocant
1275 3324 1560 3378 Dominum
1589 3362 1604 3385 ,
1636 3318 1867 3374 exaudit
1890 3331 2044 3402 608‘:

486 3384 644 3498 prope
671 3384 843 3485 δέ,ἷά
879 3428 960 3474 est
985 3419 1026 3481 ³,
1060 3418 1291 3471 nondbtn
1313 3415 1459 3469 dedit
1487 3412 1625 3482 quod
1652 3413 1750 3476 vis,
1774 3411 1842 3464 ibi
1864 3420 1945 3464 est
1975 3384 2051 3463 d-

486 3532 629 3571 men.
653 3512 929 3581 Quomodo
958 3509 1192 3564 medicus
1230 3508 1274 3562 si
1324 3507 1456 3560 forte
1479 3503 1677 3572 aliquid
1705 3507 1941 3570 imponat
1969 3501 2049 3555 vel

466 3606 641 3661 'oculo
665 3647 679 3668 ,
719 3603 802 3657 vel
847 3601 1133 3656 visceribus
1156 3640 1171 3665 ,
1203 3597 1344 3670 quod
1391 3594 1594 3650 urendo
1628 3602 1810 3655 sanet;
1834 3593 1876 3646 si
1904 3599 2053 3661 roget

488 3710 630 3767 a‘ger
658 3703 715 3748 ut
739 3693 951 3746 tollatur
976 3691 1084 3755 illi,
1113 3689 1349 3744 medicus
1374 3692 1643 3756 exspectat
1671 3692 1879 3752 tempus
1901 3724 1916 3749 ,
1948 3697 2051 3736 non

490 3790 615 3844 facit
643 3786 781 3858 quod
824 3793 972 3854 rogat
996 3798 1163 3853 aeger;
1200 3797 1304 3836 non
1335 3791 1509 3834 tamen
1554 3777 1769 3833 recedit.
1802 3777 1867 3831 Et
1893 3790 2054 3845 prope

490 3890 574 3937 est
592 3921 607 3943 ,
637 3887 691 3933 et
714 3892 815 3930 non
844 3876 994 3937 iacit;
1022 3884 1076 3929 et
1106 3873 1226 3927 ideo
1251 3872 1417 3940 magis
1443 3885 1547 3924 non
1573 3867 1717 3933 facit,
1749 3867 1868 3937 quia
1892 3880 2054 3936 prope

488 3980 603 4039 est._
641 3967 887 4023 Curando
910 3966 1052 4020 enim
1093 3963 1341 4032 imposuit
1379 3959 1520 4029 quod
1551 3959 1839 4027 imposuit,
1870 3965 1923 4010 et
1959 3970 2055 4009 cu-

489 4059 658 4115 rando
680 4074 783 4112 non
807 4058 927 4112 facit
953 4054 1095 4126 quod
1118 4062 1352 4123 rogatur.
1380 4051 1494 4105 Non
1524 4060 1571 4104 te
1592 4048 1805 4103 exaudit
1823 4046 1889 4101 ad
1919 4062 2055 4115 pra:-

490 4160 692 4205 sentent
734 4149 1055 4201 voluntatem
1081 4185 1097 4209 ,
1125 4142 1461 4198 exaudiendo
1484 4140 1551 4194 ad
1595 4139 1822 4192 futuram
1860 4136 2057 4190 sanita-

491 4248 598 4295 tem
622 4256 637 4304 ;
674 4247 727 4293 et
754 4239 851 4291 hoc
875 4236 1056 4305 utique
1076 4235 1140 4287 ad
1164 4234 1520 4287 voluntatem:
1551 4244 1671 4284 nam
1694 4227 1873 4298 utique
1897 4240 2059 4282 sanus

491 4345 611 4384 esse
638 4329 768 4394 vult,
796 4329 955 4381 etiam
987 4325 1075 4395 qui
1100 4325 1175 4377 uri
1210 4339 1313 4396 non
1343 4322 1471 4376 vult.
1503 4320 1671 4391 PrOpe
1697 4329 1769 4372 est
1796 4332 1922 4387 ergo
1950 4315 2057 4368 Do-

494 4424 660 4476 minus
684 4419 911 4474 omnibus
935 4416 1277 4471 invocantibus
1300 4431 1433 4468 eum.
1454 4412 1558 4468 Sed
1583 4410 1773 4482 quibus
1797 4406 2061 4463 omnibus?

499 4512 740 4567 Omnibus
780 4510 866 4580 qui
914 4509 1143 4561 invocant
1170 4521 1304 4585 ‘eum
1349 4506 1401 4557 in
1446 4505 1666 4558 veritate.
1695 4502 1851 4555 Tales
1877 4512 2063 4554 omnes

497 4603 775 4659 conﬁrmat
800 4598 1106 4653 decidentes
1134 4596 1219 4665 qui
1247 4595 1477 4648 invocant
1506 4609 1618 4645 eum
1642 4592 1696 4645 in
1716 4592 1938 4644 veritate.

565 4692 652 4746 ‘25.
685 4688 831 4761 [vcrs.
867 4687 976 4760 l9.]
1014 4686 1328 4741 Voluntatem
1354 4684 1626 4738 timentium
1662 4698 1714 4735 se
1743 4682 1908 4752 faciet.
1959 4679 2064 4734 Fa-

498 4783 635 4846 ciet,
668 4779 857 4833 faciet:
889 4779 986 4832 etsi
1014 4793 1119 4830 non
1155 4774 1311 4831 faciat
1330 4773 1397 4829 ad
1429 4774 1614 4826 horam
1640 4813 1656 4837 ,
1678 4770 1838 4825 faciet
1867 4778 2063 4824 tamen.

501 4873 680 4938 Certe,
712 4870 758 4923 si
797 4869 917 4924 ideo
946 4870 1098 4923 times
1128 4869 1313 4931 Deum,
1341 4876 1397 4920 ut
1424 4873 1477 4918 tu
1501 4864 1659 4917 facias
1685 4861 1851 4931 ipsius
1871 4859 2065 4913 volun-

486 4962 662 5018 tatem
689 5004 704 5025 ,
733 4976 857 5016 ecce
895 4968 949 5015 et
981 4960 1093 5030 ipse
1120 4956 1511 5028 quodammodo
1543 4954 1811 5009 ministrat
1830 4950 1925 5005 tibi
1948 4991 1964 5016 ,
1992 4949 2071 5003 fa-

504 5055 578 5108 cit
605 5053 928 5107 voluntatem
962 5059 1123 5104 tuam.
1147 5047 1216 5102 Et
1237 5063 1405 5118 preces
1427 5061 1596 5100 eorum
1622 5041 1873 5105 exaudiet,
1901 5049 1946 5093 et
1965 5038 2069 5093 sal-

500 5162 585 5199 vos
616 5144 765 5213 faciet
809 5158 910 5196 eos.
945 5140 1106 5203 Vides
1143 5139 1209 5193 ad
1251 5139 1350 5191 hoc
1385 5136 1636 5193 exaudire
1677 5133 1944 5189 medicum
1969 5172 1984 5194 ,
2016 5138 2073 5183 ut

502 5236 680 5297 salvos
708 5233 882 5288 faciat.
913 5230 1135 5297 Quando
1187 5230 1321 5284 hoc?
1362 5230 1496 5283 Audi
1536 5227 1843 5297 Apostolum
1887 5224 2072 5279 dicen-

506 5336 611 5380 tem
645 5343 657 5379 :
687 5325 793 5393 Spe
812 5324 941 5377 enim
966 5320 1094 5376 salvi
1128 5322 1243 5392 [acti
1269 5337 1461 5373 sumus.
1504 5319 1633 5384 Spes
1670 5327 1832 5370 autem
1861 5329 1974 5382 qua:
2001 5312 2075 5365 vi-

505 5416 667 5481 detur,
700 5431 800 5468 non
829 5422 903 5468 est
931 5428 1042 5484 spes
1067 5427 1086 5466 :
1111 5411 1155 5464 si
1184 5419 1345 5464 autem
1365 5410 1498 5478 quod
1522 5425 1621 5462 non
1646 5407 1870 5461 videmus
1894 5419 2072 5474 spera-

507 5545 730 5654 1ίᾶςῖξῇ
747 5550 799 5593 el
824 5554 972 5606 prope
993 5550 1163 5591 omnes
1185 5547 1287 5591 Mss.
1309 5553 1322 5589 :
1342 5537 1431 5589 sed
1453 5538 1574 5601 forte
1594 5534 1705 5600 quia
1726 5531 1932 5592 abstulit,
1957 5529 2073 5594 quid

569 5632 842 5727 Liudici-ique
862 5671 990 5722 uss,
1014 5660 1143 5727 bonis
1159 5674 1267 5725 quae
1287 5660 1640 5727 facis._negius,
1664 5632 1795 5709 Mitis
1819 5653 1975 5723 factis.

572 5725 595 5758 ³
626 5734 723 5775 stu.
844 5734 896 5776 et
916 5720 1088 5776 omnes
1103 5720 1208 5775 fere
1223 5720 1350 5784 uss,
1374 5720 1441 5772 ibi
1458 5720 1541 5771 esti

1675 312 1733 370 S.
1775 302 2134 366 AUGUSTINI
2174 298 2470 358 El’lSCOPl

3554 285 3701 344 1835

2129 427 2259 475 ntus,
2293 424 2378 477 per
2408 404 2695 475 patientiam
2718 411 3051 473 exspectamus
3071 399 3090 471 (
3113 400 3260 454 Rom.
3282 415 3398 461 vui,
3427 398 3521 461 ΞΑ,
3541 399 3653 455 ΞΒι
3680 406 3697 450 :’

2126 503 2348 556 salutem
2379 499 2611 562 scilicet,
2646 512 2801 567 quam
2827 496 2955 549 dicit
2992 495 3181 549 Petrus
3220 502 3447 563 paratam
3485 493 3701 544 revelare

2081 646 2090 655 ,
2126 595 2178 648 in
2206 603 2425 663 tempore
2448 591 2713 645 novissimo
2741 589 2759 657 (
2785 588 2802 642 l
2837 586 3005 641 Petr.t
3033 628 3047 651 ,
3076 587 3109 641 5
3126 586 3169 656 ).
3196 622 3203 629 -

2203 686 2292 740 ⁵24.
2318 684 2466 759 [_vers.
2494 684 2578 738 Ξ).ολ
2609 681 2630 755 ]
2671 680 2893 736 Custodit
2933 670 3180 733 Dominus
3215 692 3386 731 omnes
3427 675 3697 743 diligentes

2093 764 2100 772 ’
2128 794 2200 840 se,
2222 786 2269 829 et
2298 792 2468 829 omnes
2498 784 2778 843 peccatores
2794 770 3063 840 disperdat.
3086 767 3288 822 Videtis
3309 767 3431 836 quia
3452 775 3535 820 est
3553 762 3703 834 apud

2130 882 2249 921 eum
2276 867 2549 929 severitas,
2582 863 2719 934 apud
2749 877 2906 932 quem
2942 868 3084 914 tanta
3107 859 3360 913 suavitas.
3389 856 3581 912 Salvos
3614 855 3702 909 fa-

2130 957 2236 1011 eiet
2262 972 2446 1010 omnes
2474 964 2746 1024 sperantes
2770 953 2822 1006 in
2844 967 2923 1017 se,
2956 966 3140 1005 omnes
3171 949 3383 1010 ﬁdeles,
3413 961 3602 1001 omnes
3635 947 3707 999 ti-

2134 1056 2341 1101 mentes
2365 1062 2441 1107 se,
2462 1061 2646 1099 omnes
2674 1046 2982 1098 invocantes
3006 1056 3065 1096 se
3093 1041 3143 1095 in
3173 1041 3433 1103 veritate;
3460 1048 3510 1092 et
3530 1054 3707 1092 omnes

2133 1148 2415 1207 peccatores
2440 1135 2711 1205 disperdat.
2733 1135 2877 1201 Quos
2905 1150 3076 1188 omnes
3116 1141 3394 1202 peccatores
3412 1172 3427 1194 ,
3450 1130 3549 1184 nisi
3582 1145 3710 1199 per—

2134 1239 2444 1283 severantes
2474 1230 2526 1282 in
2567 1228 2823 1297 peccatis;
2853 1228 3039 1288 Deum,
3067 1240 3171 1279 nou
3201 1239 3281 1288 se,
3310 1222 3710 1292 reprehendere

2133 1320 2429 1385 audentes;
2458 1329 2641 1374 contra
2670 1320 2835 1373 Deum
2860 1317 3096 1389 quotidie
3111 1316 3439 1383 disputantes
3458 1332 3472 1377 ;
3492 1314 3705 1368 veniam

2133 1412 2443 1467 delictorum
2475 1410 2817 1483 desperantes
2840 1452 2854 1474 ,
2895 1418 2949 1464 et
2977 1424 3041 1463 ex
3075 1409 3187 1477 ipsa
3219 1405 3598 1475 desperatione
3612 1403 3709 1458 de-

2135 1505 2256 1560 licta
2275 1504 2606 1559 cumulantes
2629 1519 2643 1563 ;
2666 1511 2756 1556 aut
2781 1502 2986 1556 veniam
3005 1501 3102 1555 sibi
3125 1513 3372 1568 perverse
3393 1496 3711 1568 promitten—

2137 1606 2236 1658 tes.
2278 1606 2330 1652 et
2375 1612 2440 1651 ex
2487 1597 2598 1665 ipsa
2629 1594 2975 1663 promissione
3008 1607 3035 1645 a
3073 1589 3300 1661 peccatis
3339 1597 3394 1644 et
3431 1588 3710 1656 impietate

2139 1701 2242 1740 non
2300 1685 2648 1742 recedentes?
2700 1685 2883 1740 Veniet
2929 1693 3136 1753 tempus
3173 1690 3231 1735 ut
3270 1688 3582 1749 separentur
3621 1677 3709 1731 isti

2138 1792 2324 1843 omnes
2351 1816 2366 1842 ,
2397 1786 2449 1829 et
2480 1775 2606 1829 fiant
2630 1774 2733 1829 illa:
2774 1774 2892 1828 dua:
2921 1782 3095 1841 partes
3121 1813 3136 1836 ,
3167 1784 3267 1824 una
3295 1768 3362 1823 ad
3391 1768 3663 1823 dexteram
3693 1808 3712 1829 ,

2142 1860 2309 1923 altera
2340 1868 2403 1923 ad
2424 1868 2730 1930 sinistram;
2759 1862 3164 1935 accipiantjusti
3185 1876 3401 1932 regnum
3426 1868 3709 1919 internum,

2140 1969 2262 2014 eant
2287 1959 2360 2013 illi
2387 1959 2437 2013 in
2470 1960 2642 2029 ignem
2673 1967 2929 2013 aeternum
2960 1954 2980 2025 (
3011 1953 3199 2007 Matth.
3225 1967 3347 2017 xxv,
3372 1951 3463 2018 '52,
3482 1951 3570 2015 33,
3594 1950 3711 2017 46):

2141 2048 2206 2103 Et
2229 2066 2395 2103 omnes
2419 2059 2704 2119 peccatores
2731 2046 3003 2118 disperdet.
3238 2036 3308 2085 δ’

2211 2141 2301 2195 25.
2332 2139 2478 2211 [vers
2509 2136 2624 2210 2L]
2650 2138 2908 2205 Quoniam
2935 2136 3048 2190 haec
3075 2134 3143 2188 ita
3171 2142 3314 2197 sunt,
3335 2141 3388 2186 et
3414 2130 3717 2185 audivimus

2144 2230 2564 2289 benedictionem
2600 2228 2831 2293 Dotniai,
2863 2241 3023 2296 opera
3053 2223 3282 2287 Domini,
3313 2221 3574 2276 mirabilia
3600 2221 3707 2273 Do—
3780 2230 3783 2237 '

2143 2321 2294 2386 mini,
2318 2319 2705 2379 misericordias
2730 2318 2962 2382 Domini,
2986 2316 3325 2372 severitatem
3344 2313 3573 2373 Domini,
3596 2327 3721 2380 pro-

2143 2413 2430 2468 videntiam
2461 2413 2513 2484 in
2557 2411 2802 2466 omnibus
2837 2410 3089 2478 operibus
3127 2408 3277 2477 ejus,
3319 2403 3715 2477 confessionem

2145 2506 2379 2561 omnium
2423 2521 2640 2575 operum
2667 2504 2813 2572 ejus;
2841 2502 2966 2570 quid
2995 2502 3045 2555 in
3088 2499 3241 2554 laude
3284 2499 3400 2567 ejus
3428 2495 3719 2549 concludat

2145 2594 2400 2650 attendite
2422 2611 2437 2672 ξ
2473 2594 2697 2647 Laudem
2721 2592 2926 2646 Dolnini
2947 2591 3174 2659 loquetur
3201 2606 3257 2645 os
3284 2604 3472 2653 meum,
3494 2596 3543 2641 et
3569 2586 3729 2640 bette-

2145 2687 2283 2740 dicat
2311 2687 2473 2740 omnis
2500 2701 2619 2738 caro
2642 2700 2821 2739 nomen
2847 2693 3075 2737 sanctum
3100 2682 3210 2751 ejus
3235 2680 3288 2734 in
3316 2677 3580 2743 arculum,
3603 2676 3729 2729 etin

2150 2777 2390 2832 saeculum
2417 2775 2610 2831 saeculi.

2156 2899 3719 2926 ,___________—._________—

2538 2981 2619 3042 IN
2661 2977 3031 3040 PSAL‘MUM
3072 2974 3291 3037 CXLV

2743 3099 3152 3157 ENARRATIO.
3200 3148 3209 3153 .

2682 3228 2851 3268 SERIO
2876 3228 2941 3266 AD
2968 3224 3191 3265 ΡιεΒειί.

2225 3333 2276 3386 l.
2309 3330 2523 3386 Deliciae
2546 3326 2762 3398 spiritus
2791 3323 2958 3379 nostri
2985 3323 3163 3376 divina
3188 3320 3414 3382 cantica,
3438 3318 3526 3371 ubi
3548 3325 3604 3371 et
3628 3316 3725 3369 lle-

2155 3432 2241 3478 tns
2268 3424 2383 3477 sine
2412 3420 2604 3490 gaudio
2633 3433 2735 3471 non
2769 3426 2870 3470 est.
2902 3413 3073 3468 Fideli
3119 3411 3321 3466 homini
3367 3420 3423 3464 ct
3452 3409 3730 3478 peregrino

2154 3514 2206 3568 in
2235 3511 2430 3566 saeculo
2453 3550 2469 3577 ,
2499 3509 2641 3562 nulla
2667 3518 2750 3563 est
2783 3505 3071 3576 jucundior
3096 3501 3430 3566 recordatio,
3459 3515 3618 3569 quam
3655 3498 3731 3551 ci-

2153 3605 2330 3660 vitatis
2355 3604 2492 3658 illius
2516 3600 2656 3658 unde
2682 3599 3045 3671 peregrinatur
3075 3615 3088 3651 :
3133 3594 3225 3651 sed
3265 3592 3563 3649 recordatio
3596 3590 3725 3643 civi-

2155 3696 2279 3750 tatis
2299 3695 2351 3748 in
2381 3692 2820 3765 peregrinatione,
2844 3704 2948 3743 non
2973 3687 3189 3743 estsine
3213 3685 3399 3741 dolore
3443 3693 3601 3753 atque
3636 3696 3728 3734 su-

2156 3786 2341 3856 Spirio.
2364 3785 2497 3855 Spes
2516 3793 2688 3837 tamen
2709 3791 2849 3836 certa
2876 3780 3077 3834 reditus
3106 3778 3292 3839 nostri,
3313 3775 3474 3829 etiam
3502 3773 3729 3843 pcregri-

2158 3877 2335 3935 nando
2366 3877 2545 3931 tristes
2571 3873 2874 3929 consolatur
2894 3882 2946 3926 et
2986 3869 3317 3925 exhortatur.
3350 3866 3580 3934 Rapiant
3601 3864 3614 3894 ¹
3637 3878 3730 3916 cor

2157 3979 2391 4025 vestrum
2417 3967 2575 4021 verba
2607 3965 2732 4028 Dei,
2761 3972 2816 4019 et
2849 3976 3127 4033 possessor
3150 3970 3334 4013 vester
3364 3956 3599 4011 vindicet
3634 3954 3731 4007 sibi

2160 4059 2549 4131 possessionem
2577 4070 2723 4109 suam
2742 4095 2758 4119 ,
2780 4054 2831 4108 id
2856 4063 2937 4108 est
2978 4062 3181 4107 mentes
3216 4059 3445 4114 vestras,
3475 4063 3541 4101 ne
3566 4061 3731 4099 aver-

2163 4161 2341 4205 tantur
2367 4148 2421 4202 in
2464 4146 2625 4201 aliud.
2659 4144 3032 4213 Unusquisque
3073 4153 3306 4196 veStrum
3348 4147 3490 4192 totus
3514 4135 3601 4190 hic
3629 4134 3734 4200 sit,

2162 4250 2219 4294 ut
2251 4240 2334 4294 hic
2378 4255 2482 4292 non
2522 4238 2590 4292 sit
2619 4255 2633 4292 :
2658 4236 2707 4291 id
2739 4244 2861 4301 est,
2892 4244 3035 4288 totus
3074 4232 3142 4286 sit
3166 4232 3217 4285 in
3244 4227 3411 4285 verbo
3438 4228 3529 4281 Dei
3556 4268 3569 4288 ,
3596 4224 3740 4295 quod

2163 4340 2318 4386 sonat
2338 4330 2391 4384 in
2416 4338 2556 4384 terra
2597 4338 2654 4381 ut
2683 4326 2749 4380 ab
2773 4341 2839 4380 eo
2868 4326 3148 4389 exaltetur,
3180 4330 3232 4376 et
3252 4327 3361 4374 non
3398 4319 3539 4373 sitin
3574 4326 3737 4370 terra.

2165 4423 2289 4478 ldeo
2319 4423 2461 4478 enim
2494 4421 2631 4474 Deus
2675 4419 2951 4473 nobiscum
2977 4456 2992 4481 ,
3022 4426 3078 4469 ut
3119 4424 3173 4469 et
3217 4428 3316 4467 nos
3352 4427 3472 4466 cum
3501 4408 3610 4463 illo.
3638 4406 3740 4476 Qui

2167 4515 2307 4569 enim
2339 4522 2395 4567 ut
2424 4511 2694 4565 nobiscum
2726 4516 2888 4573 esset,
2916 4505 3190 4561 descendit
3218 4503 3283 4557 ad
3311 4517 3409 4556 nos
3430 4540 3450 4568 ,
3481 4499 3610 4554 facit
3637 4539 3655 4564 ,
3684 4510 3743 4552 ut

2167 4626 2286 4666 cum
2318 4609 2407 4685 illo
2432 4609 2617 4671 simus,
2647 4602 2933 4659 ascendere
2958 4601 3022 4655 ad
3044 4617 3103 4653 se
3135 4602 3177 4650 ².
3205 4597 3415 4651 Interim
3447 4596 3561 4665 ipse
3614 4608 3739 4662 per-

2168 4702 2550 4771 egrinationem
2584 4706 2818 4750 ucstram
2846 4695 2964 4747 'non
3012 4690 3297 4753 fastidivit;
3322 4686 3442 4758 quia
3480 4697 3742 4753 nusquam

2172 4806 2256 4854 est
2283 4794 2619 4866 peregrinus,
2646 4791 2735 4860 qui
2759 4786 2995 4843 condidit
3014 4784 3214 4838 omnia.

2232 4890 2288 4943 2.
2332 4887 2480 4961 [vers.
2503 4883 2663 4955 2.5.]
2689 4884 2823 4937 Ecce
2846 4879 3090 4935 Psaltnus
3120 4883 3273 4930 sonat
3300 4890 3333 4927 ε’
3350 4870 3625 4940 cujusdam
3642 4881 3749 4922 vox

2174 4993 2292 5049 est,
2320 4978 2439 5051 qtue
2469 4979 2514 5033 si
2560 4977 2720 5031 vultis
2757 4983 2938 5030 vestra
2986 4981 3068 5025 est
3091 5012 3106 5034 ,
3155 4964 3487 5022 exhortantis
3515 4962 3750 5016 animam

2176 5091 2326 5132 suam
2344 5050 2421 5127 ad
2461 5068 2779 5125 laudandum
2808 5066 2970 5118 Deum
2996 5104 3010 5128 ,
3037 5070 3093 5116 et
3118 5058 3342 5114 dicentis
3372 5054 3472 5109 sibi
3497 5092 3513 5115 ,
3541 5050 3748 5112 Lauda,

2174 5171 2344 5224 anima
2372 5183 2502 5229 mea,
2536 5163 2821 5217 Dominum.
2873 5153 3168 5226 Aliquando
3193 5152 3334 5206 enim
3361 5148 3413 5202 in
3444 5145 3751 5201 tribulatio-

2178 5260 2333 5315 nibus
2358 5267 2516 5326 atque
2541 5255 2592 5308 in
2620 5248 2994 5307 tentatiouibus
3020 5241 3297 5315 prirsentis
3319 5239 3441 5294 vita:
3464 5279 3481 5302 ,
3509 5235 3643 5289 velis
3666 5249 3755 5287 no-

2178 5353 2269 5416 lis,
2292 5346 2637 5405 eonturbatur
2662 5343 2835 5397 anima
2864 5357 2876 5392 :
2908 5338 3056 5409 cujus
3087 5329 3540 5405 perturbationem
3565 5328 3618 5380 in
3647 5324 3754 5378 alio

2179 5445 2382 5514 psalmo
2442 5436 2744 5507 alloquitur,
2793 5432 2974 5487 dicens
3003 5469 3018 5491 ,
3068 5427 3235 5492 Quare
3276 5422 3429 5475 tristis
3485 5418 3749 5475 exsaniata

2180 5512 2316 5590 inea?
2345 5542 2390 5587 et
2416 5546 2569 5602 quare
2597 5526 2861 5595 conturbas
2880 5522 2984 5576 me?
3009 5519 3080 5577 Ut
3098 5529 3276 5574 autem
3305 5513 3512 5568 auferat
3530 5512 3580 5565 ei
3605 5525 3753 5564 eatu-

2243 5649 2258 5678 ¹
2299 5651 2394 5693 Am.
2423 5649 2474 5690 et
2495 5648 2621 5697 3135.,
2645 5635 2819 5701 rapiat.

2242 5710 2262 5742 ³
2295 5679 2818 5758 §i3"u‘.~;."”ii"du.';iu"
2831 5707 2941 5746 vim
2958 5691 3042 5745 illo
3063 5689 3295 5757 possimus
3316 5683 3576 5737 ascendere
3592 5679 3659 5728 ad
3682 5691 3755 5733 se.
