4082 6204
383 373 521 431 1835

382 490 500 546 dem
542 485 1021 559 perturbationem,
1068 478 1299 551 suggerit
1336 477 1583 548 gaudium
1617 471 1846 526 nondum
1876 466 1943 520 de

391 598 468 641 re.
509 557 601 633 sed
630 578 695 632 de
721 593 845 646 spe,
868 585 920 628 et
953 573 1024 625 ait
1050 571 1121 624 illi
1151 568 1468 640 perturbatio
1499 577 1552 619 et
1579 564 1748 617 anxite
1773 602 1788 627 ,
1812 557 1947 613 tristi

383 669 710 736 et‘mu‘renli
747 687 759 722 :
803 667 964 733 Spera
984 665 1035 717 in
1064 663 1330 716 Dominum
1356 703 1369 727 ,
1392 660 1626 729 quoniam
1649 657 1812 709 adhuc
1832 670 1951 708 con—

391 763 558 832 (itebor
587 762 664 814 illi
703 760 720 829 (
754 757 894 811 Psal.
927 773 1053 822 sui,
1084 756 1115 809 5
1136 753 1176 825 ).
1208 754 1365 822 Spem
1398 767 1498 821 qua
1544 766 1604 804 se
1643 749 1850 832 erexit,
1898 746 1951 800 in

388 852 723 909 confessione
757 850 1027 905 constituit
1050 848 1252 917 ,~qnasi
1282 845 1483 899 diceret
1523 843 1569 896 ei
1604 842 1776 895 anima
1806 819 1947 904 "sua,

388 963 504 1018 qua!
535 946 679 998 illum
701 943 905 996 tristitia
927 938 1291 1002 eontnrbabat,
1308 934 1449 1004 Quid
1467 933 1594 988 mihi
1619 933 1770 994 dicis,
1794 935 1955 1001 Spera

390 1039 441 1093 in
474 1035 795 1090 Dominum?
819 1035 1052 1088 Revocat
1097 1046 1180 1084 me
1227 1024 1546 1083 conscientia
1579 1012 1953 1095 peccatorum;

393 1145 491 1200 ego
518 1126 639 1182 novi
667 1142 783 1195 quae
826 1122 1088 1185 commisi,
1110 1130 1165 1175 et
1191 1120 1339 1182 dicis,
1373 1118 1537 1189 Spera
1562 1117 1613 1169 in
1640 1114 1908 1169 Dominum
1931 1113 1959 1168 7

391 1217 711 1275 Connuisisu
734 1258 748 1281 ,
778 1231 959 1270 verum
989 1221 1105 1266 est:
1158 1210 1295 1265 unde
1340 1219 1512 1264 tamen
1570 1208 1788 1276 speras?
1818 1207 1957 1274 Quo-

393 1312 528 1364 niam
566 1305 840 1375 conﬁtebor
868 1304 962 1357 illi.
995 1288 1142 1356 Sicut
1169 1300 1280 1354 odit
1306 1300 1444 1353 Deus
1487 1307 1700 1367 peccata
1732 1312 1824 1350 sua
1852 1295 1951 1348 de-

392 1400 719 1463 fendentem,
767 1397 844 1449 sic
882 1393 1119 1449 sublevat
1148 1391 1512 1446 conﬁtentem.
1539 1388 1648 1442 Hac
1693 1403 1819 1456 ergo
1863 1401 1959 1455 spe

393 1476 641 1559 accepta,
700 1503 815 1556 qua:
857 1500 976 1554 spes
1030 1499 1132 1536 non
1179 1480 1349 1551 potest
1390 1495 1509 1534 esse
1547 1478 1661 1532 sine
1711 1477 1903 1547 gaudio
1939 1492 1954 1541 ;

396 1583 635 1654 quamvis
661 1581 716 1633 in
751 1579 912 1633 rebus
942 1576 1106 1630 simus
1137 1573 1443 1629 difficilibus
1485 1571 1773 1626 secundum
1804 1570 1958 1623 istam

401 1676 554 1728 vitam
586 1714 600 1738 ,
645 1681 699 1726 et
726 1670 894 1741 plenis
943 1667 1288 1738 procellarum
1317 1678 1369 1720 et
1410 1674 1817 1733 tempestatum:
1866 1662 1964 1715 hac

399 1777 575 1821 tamen
607 1778 700 1833 spe
737 1769 915 1816 erecta
959 1759 1167 1823 anima,
1211 1758 1331 1827 quia
1368 1756 1559 1827 gaudet
1604 1756 1653 1808 in
1684 1771 1797 1824 spe.
1828 1746 1966 1807 sicut

396 1859 522 1912 dicit
552 1854 854 1927 Apostolus,
874 1851 978 1922 Spe
1001 1850 1288 1923 gaudentes,
1316 1850 1366 1901 in
1382 1848 1694 1901 tribulatione
1723 1846 1962 1913 patientes

400 1948 572 2023 (Rom.
595 1963 687 2014 xu,
715 1943 822 2015 lii);
841 1944 1041 2012 accepit
1060 1942 1382 1997 erectionem
1399 1939 1679 2010 quamdam
1702 1939 1752 1991 in
1772 1938 1960 2001 Deum,
2006 1932 2009 1939 “

400 2048 456 2092 ιιι
484 2037 655 2091 laudet
688 2036 850 2090 Deum
875 2050 891 2101 ;
918 2043 971 2087 et
994 2033 1182 2087 dicitur
1211 2030 1279 2098 ei,
1312 2030 1507 2095 Lauda,
1526 2030 1695 2082 anima
1715 2045 1842 2093 mea,
1861 2027 1965 2080 Do-

399 2133 608 2186 minam.

473 2225 526 2278 5.
559 2221 663 2277 Sed
688 2220 804 2291 quis
834 2206 980 2281 dicit,
1014 2226 1067 2272 et
1106 2216 1188 2272 cui
1217 2214 1384 2269 dicit?
1412 2212 1545 2281 Quid
1572 2211 1793 2267 dicimus
1814 2252 1828 2275 ,
1858 2209 1965 2265 fra-

404 2316 556 2371 tres?
582 2314 717 2368 Caro
740 2312 887 2375 dicit,
918 2310 1098 2363 Lauda
1123 2351 1137 2373 ,
1171 2310 1338 2361 anima
1385 2323 1493 2360 mea
1512 2347 1527 2370 ,
1565 2304 1852 2358 Dominum.
1902 2302 1968 2357 Et

404 2416 575 2477 potest
602 2419 725 2460 caro
752 2405 944 2458 bonum
975 2401 1251 2456 consilium
1302 2401 1491 2453 animae
1539 2394 1868 2467 suggerere?
1899 2394 1968 2449 Ut

411 2497 631 2551 multum
656 2496 722 2549 sit
747 2494 971 2548 edomita
1000 2507 1123 2546 caro
1151 2532 1167 2556 ,
1194 2498 1246 2543 ct
1275 2506 1304 2542 a
1336 2489 1558 2542 Domino
1587 2486 1865 2555 impertitis
1885 2484 1967 2538 vi-

376 2592 557 2646 ‘ribus
587 2598 779 2642 nostra:
825 2584 1065 2640 servituti
1111 2582 1345 2650 subjecta
1370 2622 1385 2642 ,
1418 2589 1474 2634 ut
1513 2579 1728 2633 omnino
1758 2577 1826 2630 ita
1853 2592 1969 2630 ser-

411 2683 520 2735 viat
549 2679 699 2733 nobis
743 2679 876 2733 sicut
905 2674 1259 2729 conditionale
1300 2669 1651 2739 mancipium;
1696 2666 1888 2721 suflicit
1912 2674 1968 2720 ιιι

408 2790 512 2829 non
553 2769 819 2841 impediat.
853 2768 1055 2824 Deinde
1078 2808 1093 2833 ,
1121 2764 1413 2839 cbarissimi
1438 2805 1452 2829 ,
1484 2762 1663 2828 utique
1694 2758 1911 2813 consilia
1937 2772 1968 2812 a

408 2863 714 2918 melioribus
742 2870 1005 2930 petuntur.
1030 2858 1095 2912 Et
1123 2859 1165 2912 si
1191 2858 1386 2912 bonum
1415 2853 1663 2924 quiddam
1685 2862 1765 2906 est
1788 2850 1966 2904 anima

412 2965 586 3011 nostra
625 2996 639 3018 ,
669 2964 722 3008 et
749 2954 945 3008 bonum
994 2949 1242 3023 quiddam
1291 2956 1373 3002 est
1412 2960 1536 3000 caro
1583 2952 1762 2998 nostra
1786 2984 1800 3007 ,
1846 2942 1969 3011 quia

414 3054 696 3112 utrumque
742 3042 830 3096 ille
860 3043 1058 3095 creavit
1105 3039 1191 3109 qui
1239 3036 1364 3092 fecit
1409 3035 1583 3088 omnia
1636 3033 1769 3087 bona
1818 3030 1971 3085 valde

415 3135 583 3207 (Gen.
616 3152 656 3202 ι,
693 3134 821 3203 51);
865 3131 1104 3203 quamvis
1151 3144 1278 3199 ergo
1326 3128 1375 3181 in
1419 3125 1702 3197 generibus
1750 3124 1972 3194 propriis
2010 3145 2015 3149 ο

412 3240 693 3294 utrumque
718 3228 779 3279 sit
812 3227 1007 3281 bonum
1033 3265 1046 3287 ,
1081 3233 1254 3277 tamen
1279 3221 1405 3274 dicit
1440 3217 1721 3287 Apostolus
1745 3234 1759 3270 :
1781 3216 1972 3286 Corpus

410 3321 608 3391 quidem
637 3329 887 3373 mortuum
917 3326 987 3370 est
1029 3325 1229 3385 propter
1256 3322 1529 3383 percolunt.
1576 3309 1673 3364 Est
1715 3309 1895 3377 utique
1920 3316 1973 3361 et

411 3412 537 3466 illud
571 3426 798 3480 corpus,
851 3409 1004 3478 quale
1044 3406 1195 3460 nobis
1234 3402 1586 3472 promittitur,
1639 3407 1693 3454 et
1740 3398 1971 3452 nondum

417 3502 674 3558 habemus
698 3543 713 3567 ,
746 3500 797 3554 in
826 3500 976 3567 cujus
1007 3495 1365 3563 redemptione
1404 3509 1498 3563 spe
1543 3494 1863 3561 gaudemus,
1893 3488 1975 3541 di-

411 3604 564 3649 cente
613 3592 864 3660 Apostolo
893 3608 906 3644 :
936 3588 999 3642 In
1040 3587 1400 3654 nobismetipsis
1442 3584 1828 3653 ingrmiscimus,
1877 3581 1973 3633 ad—

410 3687 657 3755 eptionem
673 3690 1028 3750 exspectantes,
1044 3679 1426 3747 redemptionem
1439 3675 1663 3743 Corporis
1676 3673 1850 3726 nostri.
1870 3671 1975 3738 Spe

411 3777 545 3830 enim
569 3773 691 3828 salvi
719 3774 837 3841 farti
863 3787 1051 3824 smnus.
1100 3770 1229 3837 Spes
1273 3779 1438 3820 autem
1481 3781 1594 3833 qua!
1639 3766 1849 3825 videtur,
1874 3779 1975 3815 non

413 3879 484 3923 est
509 3882 655 3936 spes:
681 3864 812 3932 quod
835 3864 963 3916 enim
989 3860 1121 3914 videt
1146 3860 1254 3930 quis
1275 3901 1289 3924 ,
1312 3857 1433 3927 quid
1475 3857 1682 3924 sperat?
1723 3855 1782 3908 Si
1810 3864 1974 3907 autem

411 3958 546 4026 quod
583 3973 681 4009 non
709 3954 929 4007 videmus
953 3966 1230 4021 speramus,
1262 3965 1349 4017 per
1387 3948 1682 4016 patientiam
1715 3955 1975 4014 exspecta-

412 4067 525 4104 mus
560 4047 580 4121 (
614 4048 760 4101 Rom.
787 4060 899 4107 vin,
930 4044 1016 4107 l0,
1042 4041 1131 4106 2'5,
1159 4040 1250 4103 21,
1277 4037 1347 4092 ‘25
1373 4038 1415 4104 ).
1439 4036 1687 4105 Quamvis
1725 4051 1849 4105 ergo
1880 4034 1975 4088 bo-

413 4157 538 4195 num
569 4135 781 4207 aliquod
829 4135 897 4189 sit
923 4148 1114 4202 corpus
1170 4142 1443 4191 nostrum;
1502 4127 1682 4180 tamen
1728 4124 1975 4193 quamdiu

414 4230 637 4285 mortale
659 4236 871 4299 propter
900 4231 1199 4294 peceatum,
1222 4218 1467 4289 quamdiu
1498 4215 1758 4285 indigens,
1785 4230 1971 4283 quam-

413 4320 503 4375 diu
528 4316 891 4388 corruptibile,
925 4310 1176 4384 quamdiu
1202 4310 1271 4363 ita
1297 4307 1571 4368 mutabile,
1608 4312 1663 4357 ut
1690 4319 1755 4357 ne
1782 4312 1976 4374 puncto

414 4411 623 4480 quidem
653 4407 906 4476 temporis
941 4403 1196 4460 consistat
1224 4401 1276 4453 in
1305 4414 1364 4453 se
1387 4439 1401 4463 ,
1437 4395 1614 4465 procul
1664 4393 1825 4448 dubio
1874 4392 1977 4446 tale

415 4514 530 4568 est,
562 4511 618 4556 ut
667 4512 910 4571 optemus
966 4494 1386 4562 redemptionem
1418 4489 1587 4553 illius,
1621 4502 1723 4557 qua
1778 4487 1846 4539 sit
1876 4485 1976 4538 ali-

413 4593 625 4666 quando
671 4608 776 4646 non
811 4591 931 4644 tale.
966 4585 1070 4642 Sed
1101 4584 1254 4655 quale
1295 4586 1396 4636 erit
1443 4577 1766 4648 aliquando?
1805 4575 1974 4644 Quale

415 4688 552 4743 idem
580 4684 850 4756 apostolus
888 4681 1013 4735 dicit
1051 4677 1157 4732 alio
1193 4677 1344 4730 loco:
1395 4671 1603 4740 Oportet
1649 4668 1972 4738 corruptibile

415 4782 507 4833 hoc
536 4778 744 4830 induere
770 4772 1215 4842 incorruptionem,
1238 4775 1283 4819 et
1310 4763 1519 4817 mortale
1544 4762 1636 4813 hoc
1665 4759 1870 4813 induere
1892 4759 1978 4811 im-

414 4867 766 4923 mortalitatem
795 4862 855 4936 (l
883 4862 998 4917 Cor.
1027 4876 1116 4923 xv,
1148 4858 1215 4912 55
1238 4861 1278 4927 ).
1308 4852 1415 4911 Sed
1460 4853 1616 4905 etiam
1661 4866 1779 4904 cum
1824 4848 1981 4903 fuerit

413 4962 517 5016 tale
545 4972 736 5031 corpus
765 4966 1023 5017 nostrum,
1043 4964 1231 5019 corpus
1244 4949 1349 5017 jam
1372 4946 1587 5000 emleste
1607 4954 1660 4996 et
1683 4940 1973 5012 Spirituale.

412 5067 603 5122 corpus
646 5047 939 5117 angelicum
983 5044 1033 5096 in
1066 5040 1318 5094 societate
1349 5035 1703 5105 Angelorum,
1755 5047 1851 5086 nec
1900 5034 1978 5087 sic

411 5145 552 5201 dabit
581 5140 855 5198 consilium
892 5136 1101 5193 animae.
1132 5132 1353 5200 Semper
1386 5128 1527 5183 enim
1577 5140 1770 5195 corpus
1796 5166 1810 5189 ,
1840 5137 1973 5191 quo-

411 5237 550 5290 niam
579 5245 771 5301 corpus
798 5239 900 5293 est,
931 5225 1066 5281 infra
1096 5223 1325 5279 animam
1357 5228 1460 5283 est,
1492 5225 1547 5270 et
1570 5216 1773 5285 quatvis
1801 5216 1974 5269 anima

410 5327 527 5381 vilis
548 5318 994 5379 excellentissimo
1026 5328 1243 5382 corpore
1272 5308 1615 5364 excellentior
1645 5306 1935 5360 invenitur.

479 5416 533 5469 4.
559 5412 667 5467 Nec
704 5408 852 5463 vobis
882 5406 980 5459 hoc
1004 5402 1154 5473 quasi
1197 5398 1436 5454 mirabile
1480 5395 1738 5473 videatur,
1767 5394 1890 5463 quia
1920 5403 1974 5446 et

411 5508 530 5561 vilis
572 5503 748 5558 anima
779 5496 1022 5569 quaelibet
1069 5490 1332 5560 peccatrix
1376 5486 1567 5542 melior
1613 5494 1696 5539 est
1736 5482 1974 5552 quolibet

411 5611 604 5666 magno
649 5602 704 5649 et
758 5585 1195 5660 praestantissimo
1241 5595 1483 5649 corpore.
1513 5576 1627 5631 Non
1665 5585 1744 5629 est
1788 5572 1974 5626 melior

411 5683 660 5753 meritis,
713 5682 806 5738 sed
863 5688 1073 5733 natura.
1127 5673 1219 5726 Est
1276 5669 1488 5739 quidem
1548 5666 1721 5720 anima
1781 5678 1972 5732 pecca-

414 5781 517 5842 trix
542 5822 556 5845 ,
585 5788 665 5834 est
694 5772 1008 5846 quibusdam
1037 5762 1585 5833 concupiscentiarum
1617 5755 1863 5812 sordibus
1893 5753 1972 5811 in-

1433 340 1828 419 ENAtinmo
1863 350 1928 408 IN
1971 348 2291 408 rssLntat
2329 350 2530 411 CXLV.

3483 349 3624 410 1836

2056 472 2308 542 quinata:
2362 483 2535 528 tamen
2585 472 2773 527 melius
2794 480 2913 539 est,
2944 470 3041 526 etsi
3090 470 3381 537 sordidum,
3411 485 3597 525 aurum

2056 587 2211 643 quam
2245 567 2670 640 purgatissimum
2719 565 3014 635 plumbum.
3071 563 3144 618 Ita
3186 572 3365 617 currat
3412 563 3622 616 animus

2057 680 2233 725 vester
2258 682 2349 736 per
2369 670 2588 717 cunctas
2612 671 2881 715 creaturas
2903 661 2945 726 ¹,
2973 667 3026 713 et
3055 657 3298 712 videbitis
3323 655 3460 727 quod
3492 655 3623 708 dicié

2060 777 2175 815 mns
2202 774 2306 814 non
2339 772 2457 811 ossis
2488 754 2833 815 incredibile;
2866 762 2922 805 ut
2951 751 3188 822 quamvis
3215 748 3388 800 anima
3419 748 3626 814 vitupe-

2062 851 2241 908 rabilis
2266 890 2279 913 ,
2304 847 2619 903 laudabilior
2646 846 2712 899 sit
2739 832 2912 898 tamen
2941 842 3187 897 laudabili
3224 855 3465 908 corpore.
3511 839 3623 892 Duo

2057 942 2296 1015 quaedam
2329 949 2471 1004 sunt,
2496 940 2669 991 anima
2710 944 2763 991 et
2809 924 3021 1005 corpus.
3065 934 3306 988 Animam
3349 931 3623 999 vitupero,

2060 1048 2252 1103 corpus
2298 1031 2455 1085 laudo
2484 1048 2496 1083 :
2552 1030 2781 1083 animam
2831 1028 3074 1094 vitupero
3102 1067 3116 1091 ,
3148 1024 3267 1093 quia
3302 1023 3476 1091 iniqua
3504 1030 3623 1083 est;

2060 1125 2434 1197 corpuslaudo
2455 1166 2469 1191 ,
2498 1124 2617 1193 quia
2645 1137 2828 1176 sanum
2866 1132 2966 1175 cst.
2990 1118 3186 1173 Tamen
3217 1119 3266 1171 in
3308 1131 3404 1172 suo
3433 1128 3628 1185 genere

2060 1220 2288 1273 animam
2324 1218 2498 1280 laudo,
2530 1217 2610 1270 vel
2642 1217 2691 1269 in
2733 1230 2830 1269 suo
2855 1226 3051 1284 genere
3088 1210 3314 1264 animam
3342 1208 3508 1285 [culpo
3534 1223 3548 1270 ;
3575 1211 3628 1259 et

2062 1313 2113 1367 in
2145 1327 2241 1365 suo
2291 1326 2486 1382 genere
2523 1325 2715 1378 corpus
2755 1309 2910 1361 laudo
2938 1349 2952 1371 ,
2984 1306 3067 1359 vel
3121 1304 3300 1373 culpo.
3329 1303 3382 1357 Si
3411 1317 3496 1355 me
3545 1299 3629 1352 in-

2066 1414 2300 1471 terroges
2342 1402 2465 1470 quid
2496 1402 2563 1455 sit
2590 1401 2777 1454 melius
2796 1442 2809 1463 ,
2843 1409 3017 1452 utrum
3046 1396 3186 1466 qubd
3214 1394 3498 1463 vituperavi
3524 1434 3539 1458 ,
3562 1408 3627 1446 an

2063 1496 2201 1566 quod
2247 1493 2495 1554 laudavi;
2546 1492 2841 1546 mirabilem
2880 1489 3282 1559 responsionem
3324 1498 3632 1555 recepturus

2066 1603 2144 1643 es.
2170 1587 2278 1654 Ego
2306 1595 2450 1639 certe
2475 1584 2600 1639 illud
2622 1583 2935 1652 vituperari,
2964 1590 3017 1635 ct
3038 1595 3137 1651 ego
3161 1580 3263 1633 hoc
3282 1578 3485 1632 laudavi
3516 1596 3528 1634 :
3553 1577 3633 1630 in-

2068 1686 2362 1746 terrogatus
2395 1684 2567 1728 tamen
2611 1673 2734 1742 quid
2778 1673 2847 1727 sit
2886 1671 3114 1735 melius,
3161 1670 3456 1737 respondeo
3513 1682 3633 1722 csse

2067 1767 2256 1822 tnelius
2284 1764 2426 1836 quod
2453 1764 2763 1834 vituperavi,
2788 1779 2853 1817 eo
2892 1761 3032 1832 quod
3082 1761 3306 1815 laudavi.
3340 1759 3393 1814 Si
3425 1759 3634 1812 miraris

2068 1863 2118 1915 in
2149 1861 2230 1914 bis
2264 1859 2507 1925 duobus,
2538 1857 2751 1912 attende
2796 1856 2884 1911 illa
2913 1855 3018 1910 duo
3061 1856 3111 1907 iu
3144 1860 3391 1923 promptu
3422 1852 3590 1920 posita
3617 1891 3631 1913 ,

2068 1970 2185 2024 quae
2214 1952 2627 2007 commemoravi
2673 1950 2741 2006 de
2784 1965 2915 2004 auro
2959 1958 3012 2003 et
3042 1947 3277 2018 plumbo.
3313 1947 3449 2000 Ecce
3494 1948 3634 1999 vitu-

2069 2046 2245 2116 peravi
2282 2061 2492 2099 aurum.
2535 2045 2648 2098 Non
2707 2043 2903 2098 bonum
2947 2057 3168 2107 aurum,
3212 2039 3481 2094 sordidum
3510 2038 3589 2092 est
3618 2078 3634 2103 ,

2068 2153 2175 2192 non
2206 2138 2273 2190 ita
2306 2135 2465 2204 fulget
2494 2176 2508 2201 ,
2536 2151 2639 2189 non
2667 2134 2736 2188 ita
2767 2143 3066 2203 purgatum.
3097 2131 3209 2185 lloc
3239 2128 3510 2199 plumbum
3539 2145 3635 2196 op-

2070 2230 2276 2293 timum,
2312 2227 2438 2280 nihil
2471 2226 2758 2296 purgatius.
2782 2224 2913 2279 Illud
2942 2223 3252 2292 vituperavi,
3278 2221 3378 2276 hoc
3403 2219 3635 2285 laudavi;

2068 2328 2124 2373 et
2153 2320 2301 2388 posui
2344 2327 2487 2373 ante.
2509 2327 2559 2373 te
2591 2328 2869 2385 utrumque
2893 2357 2907 2378 ,
2944 2316 3252 2385 vituperans
3280 2329 3437 2366 unum
3469 2354 3483 2378 ,
3528 2312 3639 2365 lau-

2069 2413 2201 2466 dans
2225 2411 2387 2464 aliud.
2408 2410 2531 2464 Post
2559 2409 2696 2463 hanc
2716 2408 3154 2476 vituperationem
3178 2403 3637 2474 laudationemque

2069 2518 2277 2568 meam,
2312 2504 2573 2571 interroga
2622 2516 2708 2555 me
2752 2498 2872 2569 quid
2918 2500 3103 2553 horum
3152 2499 3222 2551 sit
3270 2496 3497 2559 melius;
3547 2510 3639 2550 re-

2040 2597 2363 2667 ‘spondebo,
2395 2596 2593 2650 Aurum
2622 2594 2809 2649 melius
2839 2602 2920 2647 est
2944 2592 3102 2646 etiam
3130 2588 3403 2644 sordidum
3422 2629 3437 2654 ,
3478 2603 3635 2658 quam

2073 2689 2346 2759 plumbum
2379 2698 2675 2758 purgatum.
2711 2686 2861 2742 Unde
2891 2684 3119 2739 melius?
3146 2693 3199 2739 et
3237 2696 3402 2754 quare
3431 2682 3638 2752 vitupe-

2073 2783 2246 2863 ra'sti?
2289 2778 2464 2850 Quare
2513 2781 2839 2850 vituperari?
2882 2780 3013 2847 Quia
3054 2778 3288 2832 nondmn
3333 2786 3413 2831 est
3444 2790 3637 2831 aurum

2071 2874 2209 2944 quod
2236 2883 2411 2944 potest
2435 2887 2574 2928 esse.
2603 2872 2737 2940 Quid
2761 2881 2932 2941 potest
2960 2872 3115 2926 esse?
3144 2870 3427 2938 Purgatum
3451 2878 3505 2922 et
3524 2882 3636 2921 me-

2074 2966 2195 3020 lius.
2229 2966 2361 3033 Quia
2414 2963 2648 3019 nondum
2699 2971 2977 3033 purgatum
3012 2970 3096 3015 est
3118 3002 3132 3025 ,
3159 2961 3511 3029 vituperatnm
3536 2965 3637 3011 est.

2073 3055 2353 3113 Plumbum
2381 3070 2546 3126 quare
2597 3054 2864 3109 laudatum
2899 3052 3024 3106 est?
3050 3051 3182 3117 Quia
3211 3050 3314 3119 iam
3348 3050 3419 3103 ita
3445 3062 3639 3117 purga-

2074 3161 2183 3205 tum
2206 3159 2306 3215 est,
2329 3158 2388 3204 ut
2415 3149 2603 3203 melius
2629 3163 2749 3203 esse
2778 3163 2881 3201 non
2911 3146 3098 3216 possit.
3132 3144 3257 3198 Item
3288 3143 3423 3197 dicis
3447 3158 3640 3212 equum

2074 3243 2328 3312 optimum
2358 3281 2372 3306 ,
2403 3251 2458 3295 et
2486 3238 2753 3293 hominem
2785 3238 3108 3308 pessimum;
3135 3245 3313 3303 tamen
3351 3249 3488 3304 equo
3525 3234 3641 3287 lau-

2074 3334 2199 3389 dato
2243 3331 2508 3402 praeponis
2532 3329 2801 3384 hominem
2830 3331 3205 3397 vituperatum.
3233 3326 3285 3381 Si
3313 3326 3453 3381 enim
3478 3325 3641 3378 inter-

2076 3428 2275 3498 rogeris
2303 3443 2367 3482 ex
2396 3424 2479 3480 bis
2524 3423 2731 3478 duobus
2757 3422 2882 3492 quid
2912 3422 2982 3476 sit
3017 3420 3206 3475 melius
3230 3461 3245 3482 ,
3285 3432 3637 3488 responsurus

2075 3536 2153 3586 es,
2185 3520 2383 3574 Homo:
2418 3532 2525 3573 non
2571 3516 2809 3578 meritis,
2840 3512 2933 3567 sed
2965 3522 3170 3566 natura.
3208 3510 3262 3565 ln
3288 3510 3488 3565 artibus
3512 3508 3643 3564 dicis

2076 3611 2329 3678 optimum
2361 3618 2594 3661 sutorem
2622 3647 2637 3669 ,
2665 3604 2810 3659 verbi
2854 3604 3021 3673 gratia
3049 3643 3064 3666 ,
3094 3612 3147 3656 et
3173 3599 3519 3671 reprehendis
3544 3599 3642 3652 ali-

2076 3718 2230 3770 quem
2253 3700 2638 3768 jnrisperitum,
2671 3695 2814 3767 quod
2842 3695 3035 3749 multas
3054 3695 3195 3763 leges
3224 3694 3463 3761 ignoret;
3493 3699 3642 3745 suto-

2077 3806 2187 3844 rem
2215 3788 2438 3842 landasti
2467 3827 2484 3852 ,
2511 3786 2875 3855 jnrisperitum
2907 3780 3290 3851 reprehendisti
3318 3798 3331 3834 :
3360 3795 3423 3834 cx
3454 3779 3535 3833 bis
3560 3788 3642 3833 ta-

2077 3874 2196 3937 men
2227 3880 2433 3935 duobus
2472 3893 2651 3949 qu:cre
2673 3877 2793 3948 quis
2821 3876 2890 3931 sit
2915 3874 3128 3939 melior;
3157 3872 3449 3941 imperitior
3482 3871 3642 3941 juris-

2079 3975 2277 4044 peritus
2311 3970 2546 4041 perfecto
2566 3970 2731 4024 sutori
2767 3967 3111 4038 praeponitur.
3132 3962 3376 4017 lntcndat
3399 3962 3678 4041 Charitas_

2080 4078 2274 4121 vestra.
2305 4064 2379 4120 lla
2411 4064 2591 4118 multis
2620 4062 2776 4116 rebus
2808 4058 3051 4123 laudatis,
3071 4057 3294 4125 aliisque
3311 4055 3638 4124 vituperatis,

2079 4157 2389 4228 interrogati
2439 4157 2749 4226 plerumque
2796 4167 2884 4207 res
2918 4152 3245 4219 vituperatas
3288 4147 3644 4217 pneponimus

2078 4255 2235 4308 rebus
2264 4251 2504 4307 laudatis.
2534 4248 2725 4303 Natura
2775 4244 2964 4299 animze
3009 4240 3345 4313 praestantior
3380 4248 3462 4294 est
3487 4253 3641 4306 quam

2079 4355 2262 4399 natura
2289 4340 2529 4409 corporis
2554 4380 2570 4406 ,
2598 4337 2808 4393 excellit
2834 4335 3056 4389 multum
3077 4349 3091 4397 ;
3111 4347 3199 4386 res
3225 4329 3512 4399 spiritualis
3539 4336 3639 4394 est,

2080 4452 2169 4490 res
2194 4435 2505 4501 incorporea
2536 4438 2637 4495 est,
2663 4427 2836 4482 vicina
2858 4435 2940 4480 est
2972 4422 3278 4480 substantiae
3307 4420 3422 4475 Dei.
3451 4418 3642 4472 Invisi-

2078 4525 2184 4579 bile
2213 4521 2462 4592 quiddam
2487 4530 2591 4585 est,
2620 4519 2754 4588 regit
2785 4531 2978 4585 corpus
3006 4555 3019 4575 ,
3065 4521 3243 4567 movet
3270 4509 3501 4564 membra
3526 4550 3538 4567 ,
3568 4506 3646 4559 di-

2082 4614 2203 4683 rigit
2232 4627 2443 4671 sensus.
2470 4619 2734 4680 prti'pll‘at
2763 4606 3133 4676 cogitationes,
3161 4600 3363 4656 exserit
3387 4598 3643 4663 actiones,

2078 4705 2218 4775 capit
2257 4720 2433 4758 rerum
2463 4700 2788 4755 infinitarum
2820 4698 3108 4765 imagines;
3157 4703 3209 4748 et
3245 4693 3360 4762 quis
3404 4699 3485 4745 est
3531 4697 3647 4742 tan-

2078 4798 2230 4863 dem,
2262 4796 2449 4850 fratres
2487 4790 2786 4848 cbarissimi
2820 4831 2834 4852 ,
2865 4789 2952 4857 qui
2998 4786 3227 4840 sufficiat
3265 4781 3505 4837 laudilms
3530 4778 3644 4832 ani-

2081 4890 2223 4943 mae?
2270 4887 2335 4941 Et
2359 4885 2475 4940 siin
2501 4884 2691 4936 animae
2724 4880 2964 4934 laudibus
2985 4876 3247 4938 deﬁcitur,
3279 4890 3394 4942 qum
3422 4873 3535 4925 laus
3563 4878 3646 4923 est

2080 4981 2193 5049 ejus
2220 4979 2307 5048 qui
2348 4976 2575 5029 animam
2602 4970 2878 5026 condidit?
2906 4969 2971 5023 Et
3007 4979 3177 5021 unnen
3213 4973 3353 5018 tanta
3408 4972 3491 5016 e.-.t
3529 4961 3645 5028 ejus

2078 5074 2268 5145 gratia,
2300 5079 2359 5124 ut
2386 5069 2529 5122 dicat
2559 5067 2719 5119 homo
2745 5064 2865 5125 istc,
2890 5053 3087 5123 Lauda,
3111 5058 3276 5111 animo
3305 5071 3435 5117 mea,
3469 5053 3645 5105 Domi-
3689 5106 3692 5109 ,

2080 5141 2219 5216 nam.
2251 5160 2380 5225 Quis
2413 5164 2589 5228 potest
2648 5152 2862 5207 laudare
2910 5144 3115 5203 liéum?
3166 5148 3219 5200 Si
3260 5145 3493 5207 diceret,
3536 5141 3643 5197 Teo

2079 5258 2244 5325 ipsam
2270 5251 2441 5314 lauda,
2465 5249 2686 5303 fortasse
2712 5246 2959 5299 deﬁceret
2990 5259 3004 5294 :
3027 5239 3222 5301 Lauda,
3249 5236 3435 5305 inquit,
3460 5233 3639 5287 Deum.

2078 5324 2286 5401 Conarc
2317 5342 2528 5413 pietatis
2546 5330 3001 5400 amictu,detieies
3032 5332 3082 5384 in
3112 5328 3354 5383 laudibus
3374 5326 3510 5411 ejus.
3535 5324 3643 5378 Ex-

2079 5436 2225 5507 pedit
2266 5435 2356 5488 tibi
2388 5431 2620 5487 delicere
2665 5424 2928 5481 laudando
2963 5422 3125 5476 Deum
3153 5460 3168 5481 ,
3199 5431 3355 5507 quam
3385 5414 3643 5486 proficere

2079 5504 2341 5583 laudando
2369 5533 2438 5579 te.
2462 5522 2592 5577 Cum
2617 5519 2757 5575 enim
2780 5514 2959 5571 laudas
2989 5512 3176 5578 Deum,
3206 5505 3259 5565 'et
3286 5520 3392 5563 non
3409 5504 3644 5578 explicas

2144 5732 2159 5787 ι
2194 5735 2321 5787 Mss,
2345 5736 2431 5788 per
2453 5697 2622 5778 citucta
2639 5721 2891 5769 creaturae.
