4082 6204
441 319 572 379 1887
685 267 703 285 χ
1645 314 1703 371 S.
1743 313 1999 373 AUGUS’I

2104 318 2107 368 ζ
2146 312 2449 371 EPISCOPI
3541 305 3671 364 ιεεκ

433 433 574 504 quod
602 430 698 496 vis,
722 429 1025 486 extenditur
1051 429 1101 483 in
1145 427 1394 483 interiora
1415 428 1430 459 ί
1459 426 1708 498 cogitatio
1734 438 1857 493 tua;
1885 429 1999 498 ipsa

437 525 679 578 extensio
705 523 1032 591 capaciorem
1064 528 1115 574 te
1144 520 1258 573 facit
1288 518 1403 589 ejus
1431 534 1586 589 quem
1618 518 1820 573 laudas.

506 616 562 671 5.
601 615 727 681 Quis
764 627 891 679 ergo
927 621 1036 677 cst,
1079 620 1132 664 ut
1170 611 1347 665 dicere
1383 625 1681 680 «cperam,
1722 611 1809 680 qui
1848 611 1995 674 dicit,

434 705 645 769 Lauda,
673 706 844 758 anima
871 721 1013 769 mea,
1060 704 1376 757 Dominum?
1418 703 1554 757 Caro
1586 720 1688 756 non
1728 701 1872 756 dicit.
1922 702 2002 756 Sit

434 798 556 852 licet
599 812 792 866 corpus
834 798 1164 866 angelicum,
1211 796 1430 849 inferius
1469 805 1547 849 est
1589 810 1742 863 quam
1786 795 1999 859 anima;

434 888 710 942 consilium
754 888 1011 957 superiori
1042 888 1171 941 dare
1198 902 1301 940 non
1331 897 1526 957 potest.
1573 885 1754 939 Infelix
1784 894 1864 938 est
1890 884 1999 953 ipsa

434 980 608 1034 anima
629 1021 643 1042 ,
675 981 717 1034 si
749 997 775 1032 a
806 995 1029 1049 corpore
1068 988 1336 1047 cxslicctat
1374 977 1671 1032 consilium.
1705 975 1839 1029 Caro
1870 976 2003 1031 bene

434 1070 713 1136 obedious,
748 1070 941 1125 famula
969 1082 1046 1125 est
1074 1071 1300 1135 animm;
1335 1069 1420 1124 illa
1449 1068 1599 1138 regit,
1632 1067 1745 1120 hrrc
1769 1067 2000 1136 regitur;

434 1162 524 1214 illa
554 1162 797 1230 imperat,
823 1162 919 1215 ista
950 1160 1232 1214 famulatur
1257 1178 1269 1213 :
1293 1158 1502 1230 quando
1529 1165 1700 1226 potest
1727 1172 1849 1211 caro
1873 1155 2001 1210 dare

436 1249 539 1305 hoc
559 1251 835 1305 consilium
859 1252 1047 1305 anima:
1069 1251 1091 1305 ?
1118 1250 1243 1318 Quis
1269 1259 1348 1304 est
1372 1265 1497 1319 ergo
1517 1250 1604 1319 qui
1628 1249 1773 1313 dicit,
1798 1247 2003 1317 Lauda,

435 1346 603 1398 anima
630 1362 772 1409 mea,
817 1344 1136 1398 Dominum?
1179 1343 1313 1398 Nihil
1362 1343 1656 1396 invenimus
1692 1341 1916 1409 amplius
1947 1341 2002 1395 in

436 1432 680 1502 homine,
713 1451 872 1505 quam
899 1451 1110 1490 carnem
1155 1444 1207 1489 et
1235 1434 1465 1486 animam
1503 1451 1515 1485 :
1550 1442 1690 1487 totus
1717 1431 1875 1484 homo
1905 1430 2005 1485 hoc

437 1533 551 1591 est,
582 1526 796 1594 spiritus
823 1535 876 1580 et
904 1541 1046 1579 caro.
1080 1527 1157 1579 An
1191 1525 1323 1579 forte
1364 1525 1474 1595 ipsa
1505 1524 1678 1578 anima
1727 1524 1825 1578 sibi
1855 1523 2003 1588 dicit,

437 1622 492 1667 et
520 1613 617 1668 sibi
647 1615 871 1684 quodam
901 1614 1058 1668 modo
1084 1619 1325 1682 imperat,
1357 1622 1411 1667 ct
1434 1629 1492 1667 se
1515 1614 1823 1667 exhortatur
1849 1623 2005 1682 atque

437 1704 669 1758 excitat?
715 1704 1037 1771 Quibusdam
1077 1705 1217 1758 enim
1260 1704 1739 1773 perturbationibus
1778 1719 1841 1757 ex
1873 1718 2004 1773 qua-

435 1792 556 1846 dam
584 1795 662 1847 sui
692 1804 838 1863 parte
859 1794 1124 1860 ﬂuitabat;
1154 1810 1220 1849 ex
1251 1794 1473 1863 quadam
1496 1810 1621 1848 vero
1648 1802 1816 1863 parte,
1846 1808 2003 1862 quam

438 1894 627 1937 vocant
658 1894 889 1939 mentem
910 1885 1242 1949 rationalem,
1275 1885 1414 1939 illam
1442 1899 1543 1953 qua
1570 1884 1766 1954 cogitat
1793 1883 2008 1952 sapien—

436 1974 602 2039 tiam,
635 1974 903 2029 inhaerens
931 1974 1152 2028 Domino
1190 1974 1299 2043 jam
1343 1982 1398 2027 et
1438 1974 1711 2042 suspirans
1751 1972 1802 2025 in
1834 1972 2002 2037 illum,

435 2063 807 2118 animadvertit
835 2064 1087 2133 quasdam
1116 2078 1239 2117 suas
1269 2063 1548 2119 inferiores
1590 2073 1764 2132 partes
1795 2070 2005 2132 pertur-

436 2154 551 2208 bari
582 2156 811 2210 motibus
848 2155 1190 2209 saecularibus
1210 2196 1222 2217 ,
1252 2163 1307 2209 et
1332 2154 1618 2224 cupiditate
1643 2153 1865 2222 quadam
1894 2161 2003 2208 ter-

435 2258 684 2298 renorum
724 2243 1109 2299 desideriorum
1151 2243 1226 2299 ire
1268 2244 1320 2298 in
1364 2244 1661 2305 exteriora,
1706 2243 2004 2312 relinquere

435 2335 742 2392 interiorem
773 2336 936 2392 Deum
974 2353 988 2390 :
1023 2348 1229 2391 revocat
1260 2350 1317 2391 se
1349 2335 1416 2390 ab
1445 2336 1795 2391 exterioribus
1823 2334 1887 2388 ad
1919 2335 2003 2388 in-

437 2428 655 2490 teriora.
686 2429 754 2483 ab
783 2427 1115 2482 inferioribus
1141 2427 1205 2481 ad
1236 2426 1528 2496 superiora,
1549 2436 1606 2489 et
1629 2425 1777 2489 dicit,
1801 2423 2001 2491 Lauda,

433 2520 606 2572 auium
634 2535 774 2577 mea.
803 2518 1098 2575 Dominum.
1140 2516 1277 2585 Quid
1319 2517 1410 2571 tibi
1452 2519 1624 2585 placet
1666 2516 1718 2569 in
1767 2514 2005 2569 saeculo?

435 2609 572 2680 Quid
604 2618 686 2664 est
711 2609 851 2678 quod
873 2609 952 2664 vis
981 2608 1240 2663 laudare?
1267 2607 1391 2677 quid
1417 2616 1498 2661 est
1525 2605 1664 2676 quod
1687 2606 1765 2659 vis
1788 2605 2004 2659 amare?

370 2766 375 2771 .
434 2702 777 2770 Quacumque
802 2700 1074 2770 corporeis
1099 2699 1342 2753 sensibus
1373 2708 1422 2752 te
1447 2696 1794 2761 converteris,
1822 2710 2006 2750 occur-

434 2792 505 2845 rit
546 2790 641 2844 tibi
685 2790 910 2854 malum,
950 2790 1179 2845 occurrit
1222 2788 1316 2843 tibi
1360 2798 1544 2843 terra:
1576 2786 1716 2857 quod
1759 2802 1907 2842 amas
1950 2788 2000 2841 in

435 2889 601 2947 terra,
635 2889 899 2934 terrenam
930 2890 1044 2945 est;
1078 2878 1330 2950 quidquid
1359 2893 1506 2933 amas
1531 2878 1660 2933 etin
1689 2878 1845 2943 ctelo,
1878 2894 2002 2933 eor-

436 2989 655 3041 poreum
683 2983 782 3027 est.
831 2972 1034 3042 Ubique
1062 2986 1209 3025 amas
1232 3014 1247 3037 ,
1276 2979 1330 3025 ct
1378 2969 1570 3041 ubique
1614 2970 1795 3025 laudas
1825 2988 1838 3024 :
1869 2986 2002 3040 quo-

436 3064 596 3119 niodo
622 3064 916 3119 laudandus
957 3073 1039 3118 est
1079 3063 1164 3117 ille
1192 3063 1279 3132 qui
1310 3062 1430 3116 fecit
1476 3063 1572 3116 ista
1616 3078 1735 3131 quae
1780 3060 2003 3115 laudas?

436 3156 553 3211 Jam
581 3172 706 3227 ergo
730 3157 818 3212 diu
842 3165 1094 3226 occupata
1118 3155 1313 3219 vixisti,
1337 3162 1390 3208 ct
1414 3153 1800 3209 desideriorum
1829 3153 2003 3209 diver-

433 3251 597 3305 sitate
624 3251 896 3304 verberata
922 3291 937 3313 ,
973 3257 1149 3318 portas
1193 3248 1370 3317 plagas
1390 3287 1405 3311 ,
1445 3246 1689 3311 saucia',
1717 3245 1877 3299 divisa
1908 3260 2002 3313 per

434 3355 644 3395 amores
674 3326 865 3394 multos
887 3382 903 3406 ,
936 3339 1127 3408 ubique
1171 3338 1402 3407 inquieta
1423 3377 1438 3400 ,
1482 3351 1736 3404 nusquam
1778 3349 1995 3400 secura;

432 3431 681 3500 colligere
710 3430 773 3482 ad
804 3440 854 3483 te
895 3430 1059 3498 ipsam
1084 3428 1143 3480 δε
1176 3426 1426 3498 quidquid
1459 3426 1549 3480 tibi
1583 3424 1709 3479 foris
1738 3423 1994 3493 placebat,

432 3539 611 3591 qmrre
640 3538 794 3593 quem
828 3522 1017 3576 habeat
1043 3530 1334 3574 auctorem.
1368 3517 1506 3573 Nihil
1537 3516 1723 3571 melius
1752 3518 1803 3570 in
1833 3523 1995 3581 terra,

432 3614 579 3667 verbi
619 3613 783 3684 gratia
805 3654 819 3676 ,
849 3629 1001 3681 quam
1035 3609 1135 3665 hoc
1165 3622 1218 3665 et
1249 3609 1374 3663 illud
1405 3627 1421 3663 :
1454 3623 1669 3668 aurum,
1702 3618 1994 3676 argentum,

430 3707 698 3764 animalia.
730 3704 969 3781 artiores,
998 3703 1351 3766 arumnitatcs,
1378 3711 1538 3755 telam
1573 3709 1764 3753 terram
1806 3699 1994 3767 cogita.

429 3799 562 3865 Quid
594 3797 780 3853 melius
826 3797 875 3851 in
916 3798 1053 3852 cmlo
1078 3795 1188 3850 sole
1208 3836 1223 3860 ,
1268 3793 1389 3846 luna
1412 3834 1426 3855 ,
1460 3789 1762 3845 sideribus?
1806 3789 1995 3843 Totum

428 3891 621 3946 cu:lum
655 3892 850 3960 cogita.
898 3888 1083 3944 Omnia
1132 3887 1228 3939 ista
1280 3883 1438 3939 simul
1481 3882 1616 3935 bona
1661 3880 1831 3943 valde,
1875 3880 1996 3949 quia

378 4000 383 4007 ·
429 3981 553 4037 fecit
585 3983 719 4036 Deus
763 3981 938 4034 omnia
990 3979 1125 4031 bona
1157 3975 1325 4029 valde.
1377 3972 1618 4041 Undique
1663 3969 1998 4039 pulchritudo

429 4074 605 4144 operis
628 4114 643 4139 ,
670 4089 787 4143 quae
814 4072 905 4125 tibi
935 4066 1270 4124 commendat
1295 4064 1572 4119 artiﬁcem.
1599 4062 1805 4115 Miraris
1833 4062 1994 4114 labri.

427 4180 544 4221 cam
570 4205 584 4228 ,
618 4172 734 4217 a‘ma
783 4162 1169 4216 fabricatorem.
1221 4154 1333 4211 Non
1380 4153 1654 4222 occuperis
1684 4152 1732 4203 in
1762 4165 1827 4205 eo
1856 4150 1995 4219 quod

429 4258 623 4311 factum
656 4264 757 4319 cst,
804 4262 858 4307 et
902 4250 1117 4306 recedas
1156 4247 1224 4302 ab
1254 4246 1343 4300 illo
1384 4243 1472 4313 qui
1511 4240 1653 4294 fecit.
1705 4239 1826 4293 Haec
1855 4240 1995 4292 enim

429 4347 620 4415 quibus
640 4342 936 4412 occuparis.
962 4340 1059 4394 sub
1082 4350 1130 4392 te
1157 4337 1299 4397 fecit,
1322 4333 1441 4403 quia
1465 4331 1563 4384 sub
1582 4329 1757 4398 seipse
1779 4337 1828 4382 te
1850 4325 1992 4381 fecit.

428 4437 485 4492 Si
532 4435 756 4489 bazrcbis
805 4431 1083 4501 superiori,
1127 4425 1353 4481 calcabis
1399 4423 1686 4489 inferiora;
1733 4421 1775 4474 si
1818 4431 1994 4473 autem

430 4529 649 4584 recedas
676 4543 703 4579 a
737 4524 1031 4594 superiori,
1068 4523 1160 4573 ista
1206 4518 1295 4571 tibi
1329 4513 1732 4594 itt_sum)liciuni
1763 4525 1993 4565 convcr—

430 4630 627 4685 tentur.
679 4619 765 4672 Sic
806 4592 952 4670 enim
1004 4613 1193 4667 facttnn
1232 4592 1581 4674 est,lﬂatres
1618 4604 1718 4658 mei
1750 4621 1762 4655 :
1793 4604 1995 4670 accepit

430 4711 588 4766 homo
628 4722 817 4778 corpus
861 4716 1105 4774 tanquam
1152 4703 1204 4755 in
1249 4698 1595 4760 famulatum,
1629 4696 1790 4748 Deum
1820 4702 1992 4748 autem

428 4803 709 4859 limuinnm
742 4801 937 4854 habens
959 4837 973 4861 ,
1016 4812 1223 4850 servum
1250 4805 1477 4871 corpus;
1523 4788 1720 4842 habens
1748 4801 1903 4854 supra
1936 4801 1995 4839 se

429 4894 789 4955 Conditorem,
815 4889 945 4943 inl‘ra
971 4904 1029 4943 se
1055 4886 1192 4957 quod
1232 4884 1331 4940 sub
1360 4884 1447 4936 illo
1479 4879 1749 4936 conditum
1777 4887 1858 4931 est
1882 4893 1895 4941 ;
1943 4878 2019 4931 in-

431 4988 605 5042 tnedio
646 4984 872 5055 quodam
915 4981 1030 5035 loco
1060 4978 1329 5033 rationalis
1358 4975 1530 5029 anima
1576 4971 1889 5033 constituta,
1921 4968 1996 5022 le-

429 5096 545 5150 gem
592 5078 812 5147 accepit.
862 5075 1063 5129 hzerere
1109 5069 1401 5141 superiori,
1449 5080 1631 5134 regere
1672 5063 1991 5117 inferiorem.

434 5170 636 5240 llrgere
663 5186 765 5224 non
791 5173 970 5237 potest
992 5165 1311 5219 inferiorem,
1338 5159 1435 5214 nisi
1463 5164 1675 5225 regatur
1697 5170 1727 5208 a
1754 5152 1992 5206 meliore.

431 5260 683 5315 Trahitur
712 5258 778 5311 ab
819 5256 1096 5315 inferiore,
1125 5251 1357 5306 deseruit
1384 5263 1511 5317 ergo
1559 5245 1853 5299 meliorem.
1881 5240 1995 5297 Non

433 5362 604 5421 potest
648 5365 829 5417 regere
869 5347 1008 5417 quod
1046 5344 1296 5415 regebat,
1336 5341 1455 5410 quia
1496 5337 1601 5407 regi
1645 5334 1862 5388 noluita
1893 5347 1997 5400 quo

429 5444 727 5512 regebatur.
759 5439 915 5494 Modo
949 5453 1075 5508 ergo
1106 5434 1288 5490 redeat
1309 5474 1323 5497 ,
1354 5429 1550 5485 laudet.
1579 5424 1868 5481 Consilium
1895 5422 1997 5476 sibi

496 5577 510 5608 ¹
548 5584 647 5625 Am.
675 5581 725 5623 et
742 5573 922 5635 aliquot
939 5579 1061 5629 Mss»
1083 5567 1134 5635 ῗη
1154 5564 1416 5635 ἐῖῖηθΓίοΓα*
1465 5619 1476 5635 ι
1618 5611 1745 5635 ——----'

496 5637 517 5668 ³
548 5618 691 5698 titing
710 5618 1038 5698 ’ξῖὶιῖξξᾷιὸνιιιθ
1052 5618 1411 5698 desideriorum
1429 5618 1962 5698 ριςθιιξοξλξιξξίᾲςῐιξξςξιιέε

496 5699 516 5731 ³
868 5672 1221 5742 illogical?!
1428 5672 1728 5757 fadutciuscft
1762 5672 1997 5757 quidquid

441 5759 511 5821 ιιι
535 5745 906 5818 forisplucebat.
933 5766 1091 5815 quam
1112 5764 1248 5814 quem
1272 5745 1437 5799 habret
1461 5749 1716 5793 (amtorem.
1788 5745 1839 5783 si.

2114 445 2177 483 cx
2205 429 2321 483 luce
2351 428 2442 483 Dei
2471 426 2557 479 dat
2596 426 2704 495 ipsa
2736 427 2903 480 anima
2948 441 3042 494 per
3078 424 3385 480 rationalem
3411 435 3670 488 mentem,

2108 521 2247 573 unde
2276 520 2506 587 concipit
2534 519 2808 572 consilium
2840 522 2997 572 lixum
3030 520 3081 572 in
3113 519 3408 573 atternitate
3434 519 3672 573 auctoris

2108 609 2216 662 sui.
2269 608 2417 677 Legit
2478 607 2545 661 ibi
2603 608 2848 677 quiddam
2904 607 3266 672 tremendum,
3320 606 3668 671 laudandum,

2108 699 2423 760 amandum,
2463 697 2864 753 desiderandum
2912 707 2967 752 et
3007 698 3359 769 appetendum
3393 697 3670 753 :uondum

2110 798 2272 853 tenet,
2306 789 2538 842 nondum
2564 789 2735 857 capit;
2770 789 3130 843 eoruscatione
3156 788 3381 858 quadam
3413 788 3672 856 perstrin-

2106 880 2275 950 gitur,
2305 895 2409 933 non
2438 888 2520 933 est
2550 888 2653 932 tam
2683 878 2851 933 valida
2880 889 2936 932 ut
2974 889 3182 932 maneat
3220 878 3314 933 ibi.
3344 879 3525 947 Itaque
3552 877 3672 933 col-

2110 972 2224 1042 ligit
2268 986 2326 1026 se
2366 970 2431 1025 ad
2479 971 2757 1025 sanitatem
2802 971 3119 1041 quamdam,
3164 980 3217 1026 et
3261 970 3422 1034 dicit,
3466 969 3673 1036 Lauda,

2108 1064 2278 1116 anima
2306 1060 2437 1128 m'ea,
2465 1060 2756 1118 Dominum.
3428 1064 3435 1075 '
3542 1046 3545 1051 i

2180 1151 2234 1206 6.
2276 1153 2340 1206 Et
2377 1152 2500 1222 quid
2539 1161 2650 1217 est,
2692 1150 2927 1207 fratres?
2963 1150 3147 1208 Nonne
3183 1150 3456 1207 laudamus
3496 1150 3676 1206 Domi-

2109 1244 2281 1297 num?
2337 1258 2513 1297 nonne
2561 1242 2794 1313 quotidie
2846 1241 3097 1313 hymnum
3145 1256 3245 1297 nos
3298 1251 3574 1296 cantamus
3602 1240 3675 1296 ⁸2

2109 1351 2286 1390 nonne
2314 1336 2550 1406 quotidie
2570 1352 2666 1405 pro
2692 1335 2903 1389 modulo
2933 1343 3115 1388 nostro
3139 1342 3292 1389 sonat
3318 1350 3379 1388 os
3407 1345 3672 1400 nostrum,

2109 1427 2333 1497 parturit
2359 1443 2454 1482 cor
2496 1438 2734 1481 nostrum
2783 1426 2962 1481 laudes
2992 1426 3134 1481 Dei?
3180 1426 3245 1481 Et
3272 1425 3399 1496 quid
3422 1427 3672 1496 estquod

2109 1519 2425 1574 laudamus?
2474 1518 2715 1589 Magnum
2761 1517 3009 1587 estquod
3050 1516 3362 1583 laudamus;
3409 1517 3502 1573 sed
3531 1516 3675 1587 quod

2107 1610 2385 1664 laudamus
2432 1609 2605 1664 adhuc
2652 1610 2918 1663 infirmum
2949 1619 3051 1663 est.
3094 1608 3316 1676 Quando
3349 1608 3533 1678 implet
3561 1610 3675 1663 lau-

2109 1702 2261 1753 dator
2289 1696 2649 1755 eaeellentiam
2692 1698 2933 1754 laudati?
2976 1700 3112 1754 Ecce
3148 1698 3308 1754 homo
3336 1709 3468 1763 stat,
3496 1709 3677 1754 canut

2114 1792 2227 1847 Deo
2254 1794 2539 1862 aliquanto,
2568 1793 2817 1861 prolixius
2836 1833 2852 1858 ,
2879 1802 2933 1847 et
2959 1807 3099 1860 saepe
3138 1792 3271 1847 labia
3305 1803 3585 1849 moventur
3606 1795 3675 1848 ad

2108 1892 2349 1945 Cautum,
2398 1882 2642 1952 cogitatio
2683 1893 2857 1936 autem
2890 1897 2983 1951 per
3023 1882 3202 1937 nescio
3234 1898 3369 1953 qua:
3411 1880 3675 1938 desideria

2107 1974 2267 2027 volat.
2323 1961 2505 2029 Stabat
2548 1988 2675 2043 ergo
2716 1987 2868 2027 mens
2914 1980 3092 2027 nostra
3136 1971 3365 2041 quodam
3411 1971 3571 2025 modo
3608 1972 3675 2028 ad

2109 2064 2317 2119 laudem
2342 2065 2457 2129 Dei,
2488 2073 2541 2118 et
2565 2065 2738 2118 anima
2770 2073 2944 2117 nostra
2979 2078 3072 2132 per
3098 2062 3332 2118 diversas
3359 2063 3677 2133 cupiditates

2108 2157 2191 2212 vel
2219 2171 2373 2209 curas
2402 2156 2726 2224 negotiorum
2758 2152 2856 2207 hac
2884 2162 3042 2223 atque
3072 2153 3200 2207 illac
3228 2153 3484 2207 ﬂuitabat.
3513 2153 3675 2221 Quasi

2108 2250 2334 2319 desuper
2371 2247 2594 2301 attendit
2635 2247 2746 2315 ipsa
2792 2262 2941 2300 mens
2983 2244 3046 2300 ad
3074 2245 3365 2300 lluitantem
3395 2247 3490 2300 lac
3518 2257 3676 2316 atque

2106 2339 2260 2405 illac,
2292 2347 2345 2394 ct
2369 2337 2482 2408 ejus
2510 2337 2922 2407 inquietudinem
2952 2336 3314 2391 molestiarum
3355 2339 3503 2407 quasi
3542 2352 3675 2391 con-

2107 2445 2261 2484 versa
2286 2429 2570 2499 alloquitur
2597 2446 2609 2481 :
2641 2425 2837 2492 Lauda,
2862 2427 3030 2480 animo
3054 2443 3182 2491 mea,
3217 2425 3508 2479 Dominum.
3538 2424 3675 2495 Quid

2108 2530 2185 2576 est
2229 2520 2368 2590 quod
2413 2520 2479 2574 de
2505 2516 2635 2573 aliis
2678 2518 2835 2581 rebus
2873 2517 3113 2585 satagis?
3156 2517 3279 2587 quid
3324 2527 3405 2571 est
3439 2517 3583 2587 quod
3625 2529 3676 2573 te

2107 2619 2331 2680 occupat
2374 2622 2498 2664 cura
2531 2623 2704 2663 rerum
2755 2617 3080 2662 terrenarum
3127 2616 3282 2675 atque
3328 2607 3675 2661 mortalium?

2108 2701 2199 2757 Sta
2244 2712 2483 2767 mecum,
2517 2699 2669 2756 lauda
2705 2700 3003 2754 Dominum.
3050 2698 3118 2753 Et
3157 2699 3306 2767 quasi
3352 2700 3464 2768 ipsa
3498 2703 3672 2755 anitna

2108 2804 2466 2867 prtegravata,
2503 2802 2683 2848 etnon
2713 2793 2891 2847 valens
2933 2793 3002 2847 ita
3044 2793 3335 2847 consistere
3370 2803 3426 2846 ut
3456 2793 3669 2862 dignum

2107 2900 2208 2951 est,
2238 2887 2522 2959 respondet
2546 2886 2706 2941 menti
2739 2883 3018 2940 :Landabo
3042 2883 3317 2939 Dominum
3342 2885 3395 2937 in
3415 2885 3514 2937 vita
3541 2902 3667 2939 mea.

2109 2981 2243 3049 Quid
2266 2990 2368 3047 est,
2390 2981 2443 3034 in
2469 2980 2568 3034 vita
2591 2978 2742 3032 mea?
2770 2978 2901 3046 Quia
2924 2976 3082 3031 modo
3112 2977 3161 3030 in
3191 2986 3359 3042 morte
3387 2993 3505 3032 mea
3529 2994 3669 3032 sum.

2108 3071 2250 3141 Ergo
2276 3070 2419 3138 prius
2449 3069 2730 3124 exhortare
2761 3076 2811 3122 te
2828 3108 2843 3132 ,
2874 3074 2929 3121 et
2956 3066 3071 3133 dic,
3096 3064 3277 3119 Lauda
3296 3106 3311 3132 ,
3340 3067 3512 3120 anima
3538 3084 3670 3132 mea,

2108 3161 2401 3217 Dominum.
2433 3158 2739 3229 ReSpotidet
2784 3157 2873 3211 tibi
2916 3157 3089 3211 anima
3130 3164 3213 3210 tua
3246 3175 3259 3211 :
3289 3156 3472 3212 Laudo
3500 3173 3669 3227 quan-

2107 3263 2215 3307 tum
2247 3266 2459 3322 possum
2485 3292 2499 3316 ,
2533 3249 2793 3316 tenuiter,
2821 3247 3062 3314 exiliter,
3102 3247 3404 3302 inlirmiter.
3453 3247 3672 3313 Quare?

2105 3343 2236 3412 Quia
2282 3340 2530 3410 quamdiu
2575 3354 2757 3392 smnus
2804 3338 2855 3391 in
2898 3352 3157 3406 corpore,
3200 3337 3602 3406 peregrinantur
3639 3352 3671 3391 :t

2106 3434 2329 3488 Domino
2357 3430 2437 3504 (ll
2461 3430 2578 3484 Cor.
2605 3446 2666 3488 ν,
2694 3428 2784 3495 6).
2816 3428 2989 3494 Quare
3025 3427 3103 3481 sic
3145 3426 3328 3480 laudas
3368 3427 3669 3492 Dominum,

2105 3541 2209 3580 non
2241 3523 2493 3594 perfecte,
2536 3537 2639 3574 non
2665 3519 2967 3573 stabiliter?
3012 3517 3273 3586 Interroga
3302 3516 3667 3584 Scriptumn:

2052 3598 2055 3599 ν
2103 3616 2234 3684 Quia
2278 3630 2457 3685 corpus
2485 3611 2619 3681 quod
2658 3610 3030 3680 corrumpitur,
3058 3617 3295 3678 aggrarat
3334 3608 3552 3659 animant
3577 3649 3590 3670 ,
3621 3618 3671 3660 ει

2102 3707 2558 3777 άεμνὺηιιιειτειια
2599 3700 2890 3755 inliabitatio
2933 3716 3132 3753 sensum
3168 3699 3326 3751 multa
3367 3701 3668 3768 cogitandam

2102 3797 2253 3870 (Sap.
2284 3812 2333 3850 Ix
2353 3837 2368 3859 ,
2395 3795 2517 3864 l5).
2548 3793 2695 3847 Tolle
2726 3792 2851 3846 mihi
2883 3804 3074 3859 corpus
3111 3789 3250 3858 quod
3281 3800 3528 3858 aggravat
3556 3790 3664 3841 ani-

2101 3905 2262 3951 mam,
2295 3898 2348 3942 et
2377 3885 2533 3939 laudo
2565 3884 2840 3939 Dominum
2872 3897 2887 3945 ;
2918 3881 3042 3936 tolle
3071 3880 3195 3933 mihi
3227 3888 3492 3933 terrenam
3521 3879 3668 3931 habi-

2103 3982 2354 4037 tationem
2383 3977 2767 4047 deprimentem
2794 3987 3007 4028 sensum
3039 3970 3582 4040 multa~cogitantem,
3612 3979 3671 4024 ut

2099 4091 2129 4128 a
2167 4074 2346 4128 multis
2395 4070 2449 4126 in
2497 4083 2657 4127 unum
2708 4065 2992 4130 conﬂuam,
3038 4072 3093 4117 et
3136 4063 3293 4117 laudo
3336 4062 3615 4116 Dominum
3650 4082 3666 4115 ;

2099 4166 2346 4239 quamdiu
2390 4173 2565 4218 autem
2608 4162 2678 4215 ita
2720 4174 2871 4223 sum,
2905 4172 3010 4210 non
3053 4142 3301 4225 possunt,
3343 4168 3665 4223 prmgravor.

2099 4259 2234 4327 Quid
2263 4256 2436 4327 ergo?
2481 4253 2663 4307 silebis
2683 4292 2698 4316 ,
2728 4259 2781 4305 et
2810 4264 2915 4305 non
2956 4246 3193 4302 laudabis
3223 4245 3453 4316 perfecte
3481 4245 3667 4299 Domi-

2098 4351 2268 4405 num?
2291 4345 2531 4402 Laudabo
2561 4343 2832 4397 Dominum
2857 4342 2910 4393 in
2935 4340 3036 4393 vita
3062 4354 3193 4392 mea.

2171 4443 2220 4495 7.
2263 4439 2398 4509 Quid
2427 4448 2529 4504 est,
2559 4436 2611 4489 in
2640 4436 2739 4489 vita
2768 4434 2920 4487 mea?
2947 4432 3077 4501 Spes
3106 4446 3216 4484 mea
3242 4438 3295 4481 tu
3321 4445 3373 4482 es
3399 4427 3503 4481 hic.
3534 4428 3670 4497 Spes

2100 4550 2208 4587 mea
2238 4549 2288 4586 es
2318 4541 2369 4583 tu
2399 4528 2485 4582 hic
2506 4569 2519 4589 ,
2551 4526 2775 4580 dicimus
2802 4542 2816 4575 :
2846 4523 3006 4591 portio
3034 4528 3210 4573 autem
3256 4534 3366 4571 mea
3408 4532 3511 4570 non
3557 4515 3666 4582 hic,

2099 4624 2190 4681 sed
2220 4624 2275 4677 in
2300 4631 2430 4675 terra
2459 4617 2721 4673 viventium
2749 4612 2917 4682 (Paul.
2946 4628 3092 4675 cxu,
3118 4607 3215 4681 6).,
3237 4609 3365 4662 Nam
3393 4608 3488 4661 ista
3523 4614 3667 4661 terra

2100 4713 2431 4771 morientium
2477 4718 2560 4763 est
2589 4723 2602 4758 :
2634 4707 2757 4760 hinc
2794 4704 3114 4759 transimus:
3147 4700 3240 4755 sed
3280 4700 3499 4753 interest
3535 4715 3666 4767 quo.

2100 4805 2358 4874 Quoniam
2390 4811 2444 4856 et
2472 4798 2641 4853 malus
2682 4796 2839 4848 homo
2869 4790 3232 4861 peregrinatur
3269 4787 3352 4840 hic
3371 4827 3386 4852 ,
3415 4794 3471 4840 et
3495 4786 3667 4841 bonus

2103 4900 2261 4953 homo
2290 4892 2653 4965 peregrinatur
2682 4888 2786 4941 hic.
2834 4885 2946 4939 Non
2989 4883 3129 4938 enim
3158 4881 3326 4935 bonus
3366 4878 3583 4945 transit,
3613 4888 3669 4935 et

2102 4990 2269 5044 malus
2297 4986 2383 5040 hic
2410 4987 2715 5054 permanet;
2747 4974 3031 5033 aut_malus
3056 4970 3243 5025 transit
3261 5013 3277 5035 ,
3302 4977 3357 5024 et
3382 4967 3552 5022 bonus
3580 4968 3669 5023 hic

2102 5087 2377 5151 permanet
2405 5095 2416 5129 :
2446 5074 2602 5129 ambo
2627 5079 2923 5128 tranSeuut,
2952 5065 3043 5119 sed
3069 5080 3171 5117 non
3200 5064 3357 5116 ambo
3387 5061 3451 5115 ad
3479 5074 3666 5114 anum.

2104 5149 2217 5226 Duo
2244 5177 2396 5224 erant
2421 5182 2437 5230 ;
2477 5152 2674 5234 pauper
2704 5160 2969 5213 ulcerosus
2992 5155 3057 5207 ad
3090 5153 3301 5224 ianuam
3324 5152 3509 5218 jacens
3532 5149 3664 5202 diri-

2104 5264 2191 5329 tis,
2214 5271 2270 5317 et
2291 5261 2438 5314 dives
2470 5255 2680 5310 indutus
2709 5264 2938 5320 purpura
2966 5254 3018 5301 ct
3047 5246 3225 5315 bysso,
3256 5243 3305 5296 in
3333 5241 3504 5310 epulis
3529 5244 3668 5308 quo-

2105 5356 2229 5411 tidie
2255 5350 2545 5422 splendidis
2572 5366 2585 5400 :
2613 5346 2768 5400 ambo
2815 5342 2901 5396 hic
2943 5346 3119 5398 erant,
3149 5335 3312 5389 ambo
3339 5334 3460 5387 hinc
3486 5341 3668 5385 trans-

2103 5421 2306 5508 ierunt,
2333 5440 2426 5496 sed
2474 5454 2576 5493 non
2604 5437 2669 5490 ad
2695 5449 2855 5489 unum
2880 5433 3050 5486 locum
3077 5446 3091 5491 ;
3122 5427 3330 5481 diversa
3362 5425 3472 5477 loca
3499 5421 3670 5476 susci-

2104 5539 2274 5610 piunt,
2296 5533 2419 5604 quia
2442 5531 2642 5585 diversa
2667 5526 2850 5581 merita
2875 5516 3182 5593 perducunt.
3209 5515 3440 5571 Transiit
3465 5526 3666 5581 pauper

2168 5672 2184 5701 ί
2220 5663 2434 5717 sonnulli
2473 5668 2598 5716 Mss,
2638 5653 2845 5720 quotidie
2879 5664 2964 5702 nos
2993 5655 3263 5700 continuus.
3292 5645 3399 5706 Alii,
3442 5642 3672 5707 hymnum

2107 5739 2367 5784 cantemus.
2400 5733 2449 5774 Et
2470 5723 2678 5786 quidam,
2703 5719 2896 5780 hymnos
2913 5722 3172 5766 cantamus.
