4042 6202
339 339 473 394 1889

337 450 387 501 in
419 453 590 502 simini
622 450 843 503 Abrahae
867 492 880 510 ,
916 459 967 501 e-t
1010 447 1213 501 trinisiit
1250 447 1396 498 divcs
1428 447 1476 499 in
1511 456 1771 499 tormenta
1811 446 1895 497 in-

337 540 592 592 ferorum.
632 541 792 594 Vicini
825 555 1046 608 corpore
1087 539 1136 590 in
1172 549 1308 591 terra
1335 553 1348 598 ;
1381 537 1470 591 ille
1501 539 1549 588 in
1581 536 1740 588 domo
1765 577 1778 600 ,
1812 534 1898 588 ille

334 633 459 684 ante
481 631 695 699 januani
726 649 740 684 :
770 639 886 699 post
920 639 1146 682 mortem
1177 637 1374 681 tantum
1400 625 1647 695 separati,
1679 635 1733 678 ut
1762 624 1902 677 dicat

335 720 626 786 Abraham,
657 719 796 774 Inter
837 735 927 771 nos
967 730 1011 771 et
1053 735 1136 770 eos
1177 721 1329 770 chaos
1369 733 1602 786 magnum
1646 715 1901 782 ﬁrmatum

336 821 405 861 est
435 808 580 877 (Luc.
613 825 718 874 xvi,
753 809 969 878 lii-‘26).
1013 808 1186 878 Ergo,
1227 808 1449 870 fratres,
1491 806 1738 875 quoniam
1779 820 1901 872 spes

337 899 422 953 hic
455 902 638 970 pascit,
677 902 777 952 vita
821 912 996 954 autem
1038 911 1217 953 nostra
1247 899 1475 968 perlecta
1519 914 1620 952 non
1662 908 1761 963 est,
1803 899 1902 950 nisi

338 992 424 1046 illa
462 1009 578 1062 qum
619 994 978 1062 promittitur;
1027 993 1110 1047 hic
1139 994 1384 1062 gemitus,
1433 991 1518 1045 hic
1564 992 1896 1053 tentationes,

341 1083 425 1138 hic
465 1083 740 1154 angustiar,
769 1084 852 1138 hic
898 1099 1186 1148 maerores,
1235 1084 1317 1137 hic
1359 1084 1592 1153 pericula
1624 1101 1636 1137 :
1669 1082 1901 1136 laudabit

336 1175 509 1229 anima
547 1185 727 1230 nostra
754 1176 1031 1230 Dominum
1067 1176 1333 1245 quomodo
1360 1176 1651 1230 laudandus
1677 1185 1787 1240 est,
1817 1191 1903 1229 se-

335 1266 564 1320 cundum
587 1267 724 1338 quod
749 1268 941 1322 dicitur
964 1269 1014 1322 in
1041 1269 1142 1321 alio
1167 1271 1388 1338 psalmo,
1411 1268 1554 1322 Beati
1573 1271 1656 1337 qui
1681 1269 1905 1322 habitant

336 1357 388 1408 in
418 1357 568 1410 domo
597 1367 713 1423 tua,
741 1358 793 1411 in
830 1360 1013 1412 sa’cula
1039 1360 1334 1412 saeculorum
1359 1359 1635 1412 laudabunt
1663 1370 1708 1412 te
1734 1359 1902 1430 (I’sal.

344 1461 561 1509 uuln,
588 1447 697 1516 5);
745 1448 954 1517 quando
996 1457 1158 1500 totum
1207 1449 1470 1518 negotium
1513 1458 1749 1502 nostrum
1794 1451 1902 1517 ipsa

339 1536 452 1590 laus
480 1539 600 1592 erit.
631 1533 732 1593 Sed
776 1540 988 1608 quando
1027 1540 1167 1595 hoc?
1195 1539 1260 1594 In
1289 1543 1388 1594 vita
1413 1558 1541 1594 mea.
1573 1542 1726 1595 Modo
1765 1543 1903 1594 cnim

337 1629 462 1698 quid
491 1631 618 1683 est?
666 1631 850 1686 Posset
877 1633 968 1686 tibi
998 1632 1194 1697 dicere,
1235 1633 1372 1686 Mors
1407 1648 1542 1688 mea.
1589 1633 1736 1688 Unde
1762 1649 1905 1687 mors

341 1727 428 1771 tua
449 1719 472 1772 ἲ
497 1718 630 1784 Quia
660 1723 970 1792 peregrinor
997 1738 1026 1776 a
1056 1723 1295 1777 Domino.
1321 1722 1376 1778 Si
1404 1725 1543 1778 enim
1573 1723 1776 1780 haarere
1806 1726 1902 1789 illi,

301 1830 304 1834 ·
341 1811 441 1864 vita
468 1820 584 1877 est;
613 1813 860 1867 recedere
884 1814 951 1868 ab
975 1814 1092 1877 illo,
1122 1829 1263 1869 mors
1285 1824 1384 1869 est.
1412 1815 1514 1870 Sed
1541 1815 1665 1885 quid
1703 1825 1752 1869 tc
1779 1831 1908 1870 con-

343 1904 578 1958 solatur?
604 1904 754 1973 Spes.
784 1905 898 1960 Jam
926 1907 1056 1960 vivis
1084 1907 1136 1960 in
1161 1921 1254 1976 spe
1277 1921 1293 1972 ;
1321 1907 1388 1962 de
1411 1923 1503 1977 spe
1524 1909 1696 1972 lauda,
1722 1908 1788 1963 de
1812 1923 1906 1976 Spe

339 2005 510 2050 canta.
541 1995 692 2051 Unde
730 2013 874 2070 mors
917 2007 1002 2066 tua
1044 2007 1127 2052 est
1169 2014 1272 2052 non
1314 2008 1528 2064 cantes;
1578 2000 1716 2054 unde
1752 2002 1903 2066 vivis,

339 2095 515 2142 canta.
545 2087 685 2142 Mors
711 2097 795 2142 tua
824 2098 907 2144 est
932 2071 999 2145 de
1024 2105 1252 2145 maerore
1282 2089 1439 2160 hujus
1464 2092 1665 2156 saeculi,
1691 2093 1820 2148 vivis
1853 2094 1903 2146 in

341 2192 434 2246 spe
464 2179 643 2233 ὅπουιί
673 2181 852 2234 futuri.
884 2180 1124 2236 Laudabo
1148 2223 1162 2247 ,
1193 2183 1395 2252 inquit,
1423 2181 1694 2237 Dominum
1731 2185 1781 2238 in
1810 2185 1908 2238 vita

340 2283 388 2319 υι
393 2283 450 2320 ea
456 2307 469 2321 .

411 2362 466 2416 8.
509 2363 574 2417 Et
603 2366 864 2433 quomodo
890 2366 1128 2422 laudabis
1157 2368 1430 2423 Dominum
1461 2370 1644 2424 tuum?
1682 2370 1908 2426 Psallam

341 2449 450 2504 Deo
475 2468 583 2506 meo
619 2455 860 2522 quamdiu
884 2473 1014 2509 sum.
1061 2456 1242 2522 Qualis
1282 2458 1368 2511 illa
1399 2459 1647 2524 laudatio,
1681 2460 1907 2515 Psallam

344 2539 450 2593 Deo
486 2557 596 2596 meo
625 2545 864 2613 quamdiu
893 2546 1050 2598 sum?
1097 2545 1298 2612 Videte,
1346 2548 1558 2604 Fratres
1593 2551 1716 2617 mei,
1755 2553 1908 2621 quale

342 2629 444 2681 erit
472 2629 596 2684 illud
623 2645 762 2686 esse.
801 2632 898 2688 Ubi
938 2634 1266 2703 sempiterna
1299 2637 1526 2691 laudatio
1555 2639 1686 2704 erit,
1711 2642 1907 2711 sempi-

345 2725 551 2788 ternum
574 2734 692 2775 esse
713 2721 832 2776 erit.
863 2722 999 2778 Ecce
1019 2724 1177 2780 modo
1200 2740 1290 2790 es;
1317 2729 1567 2797 numquid
1598 2731 1773 2799 psallis
1803 2734 1910 2787 Deo

345 2816 436 2861 tuo
461 2811 708 2879 quamdiu
732 2813 834 2867 es?
864 2814 1000 2868 Ecce
1028 2815 1322 2885 psallebas;
1363 2820 1598 2880 avertisti
1636 2830 1686 2876 te
1714 2822 1780 2876 ad
1807 2823 1907 2877 ali-

341 2901 798 2974 quodnegotium,
841 2906 949 2976 jam
996 2923 1099 2963 non
1130 2911 1324 2979 psaltis,
1369 2922 1423 2966 et
1458 2927 1517 2967 es
1543 2931 1556 2968 :
1584 2929 1708 2970 ecce
1733 2931 1823 2979 es,
1856 2925 1909 2971 et

343 3010 445 3048 non
483 2997 690 3065 psallis.
717 2998 981 3055 Fortassis
1016 3001 1177 3056 etiam
1216 3003 1500 3072 cupiditate
1536 3006 1817 3062 inclinatus
1841 3008 1908 3062 ad

342 3085 538 3156 aliquid
557 3128 572 3152 ,
598 3104 702 3142 non
729 3089 900 3144 solum
940 3106 1043 3144 non
1085 3093 1286 3161 psallis,
1315 3095 1406 3149 sed
1432 3104 1486 3149 et
1509 3079 1732 3152 offendis
1756 3098 1905 3152 audi-

343 3184 451 3228 tum
485 3177 638 3245 ejus;
671 3189 725 3234 et
752 3195 810 3234 es
840 3190 1036 3235 tamen.
1079 3182 1206 3250 Qua:
1249 3187 1349 3238 erit
1391 3186 1475 3239 illa
1523 3188 1752 3243 laudatio
1774 3231 1786 3253 ,
1820 3189 1906 3243 ubi

341 3268 590 3334 quamdiu
630 3283 688 3324 es
733 3269 957 3328 laudes?
1002 3271 1106 3328 Sed
1151 3273 1274 3343 quid
1320 3275 1422 3342 ait,
1470 3279 1711 3347 quamdiu
1753 3279 1909 3334 sum?

341 3357 640 3427 Aliquando
679 3359 817 3416 forte
857 3377 959 3416 non
999 3364 1144 3418 erit?
1187 3363 1295 3420 lmo
1320 3376 1572 3422 aeternum
1610 3369 1710 3423 erit
1737 3371 1905 3438 ipsum

346 3449 456 3514 diu,
491 3459 544 3504 et
573 3449 691 3504 ideo
716 3467 838 3506 vere
862 3452 951 3506 diu
979 3455 1098 3508 erit.
1142 3454 1270 3509 Nam
1293 3457 1542 3527 quidquid
1568 3458 1722 3512 tinem
1750 3459 1906 3516 habet

344 3542 395 3594 in
427 3550 687 3611 tempore.
713 3544 1005 3612 quamlibet
1029 3546 1240 3617 longum
1262 3549 1350 3614 sit,
1373 3550 1464 3604 diu
1495 3561 1724 3606 nonest.
1754 3551 1906 3606 Psal-

343 3633 440 3686 lam
472 3633 576 3687 Deo
607 3651 714 3689 meo
741 3636 979 3700 quamdiu
1005 3655 1136 3690 sum.
1632 3643 1649 3658 ‘

411 3724 466 3778 9.
509 3724 721 3778 Interim
767 3727 924 3789 bene,
969 3726 1206 3781 laudabis
1234 3728 1510 3781 Dominum
1554 3730 1605 3783 in
1642 3731 1745 3783 vita
1794 3742 1900 3796 tua,

343 3814 521 3883 psallis
562 3815 630 3869 de
673 3814 848 3869 futuro
876 3817 982 3870 Deo
1023 3827 1114 3872 tuo
1148 3819 1396 3888 quamdiu
1421 3835 1500 3874 es.
1545 3821 1727 3876 Bene:
1756 3823 1906 3892 quid-

339 3905 464 3975 quid
509 3905 594 3960 hic
621 3907 1044 3975 praesumendum
1073 3919 1172 3975 est,
1214 3909 1280 3964 de
1319 3911 1405 3964 illo
1436 3926 1612 3980 spera.
1653 3913 1768 3966 Non
1809 3927 1904 3967 nos

341 3996 554 4050 deserat
577 4010 700 4064 spes
728 3997 780 4050 in
807 3997 906 4050 ista
947 4001 1364 4069 peregrinatione
1404 4009 1458 4058 et
1496 4004 1804 4070 tentatione,
1852 4005 1903 4060 in

340 4088 456 4141 istis
477 4088 900 4157 improbitatibus
920 4100 975 4143 et
994 4091 1194 4146 insidiis
1217 4092 1438 4156 inimici,
1463 4095 1904 4164 circumstrepen-

343 4181 480 4238 tibus
506 4179 738 4249 undique
768 4181 1146 4237 tentationibus
1169 4184 1378 4250 smculi,
1406 4185 1636 4254 undique
1675 4189 1726 4240 in
1756 4187 1902 4243 labo-

340 4266 489 4324 rib'us
517 4279 569 4324 et
597 4270 882 4340 angoribus
921 4273 1252 4328 constitutos.
1285 4273 1418 4341 Quid
1450 4290 1576 4344 ergo
1614 4275 1904 4332 faciemus?

341 4360 476 4415 Audi
513 4361 636 4430 quid
681 4369 930 4431 sequatur
973 4380 985 4416 :
1029 4361 1202 4418 Nolite
1242 4365 1493 4432 conﬁdere
1534 4366 1588 4419 in
1632 4367 1900 4438 principes.

345 4449 587 4517 Fratres,
633 4467 879 4521 magnum
928 4455 1190 4522 negotium
1237 4453 1321 4508 hic
1357 4456 1683 4524 accipimus;
1727 4456 1901 4512 divina

343 4558 440 4597 vox
467 4551 582 4608 est,
609 4553 662 4597 et
697 4545 925 4614 desuper
964 4555 1118 4598 sonat
1154 4546 1324 4600 nobis.
1365 4547 1519 4602 Modo
1546 4549 1684 4602 enim
1727 4552 1903 4606 nescio

347 4650 440 4704 qua
469 4635 778 4711 infirmitate
803 4637 976 4690 anima
1017 4636 1243 4691 humana
1264 4680 1279 4704 ,
1307 4639 1518 4707 quando
1547 4639 1704 4694 fuerit
1736 4642 1914 4695 tribn-.

340 4727 478 4789 lata,
506 4725 593 4782 hic
629 4725 875 4796 desperat
911 4728 978 4783 de
1009 4728 1248 4793 Domino,
1278 4738 1332 4783 et
1356 4731 1464 4784 vult
1494 4746 1813 4800 praesumere
1837 4734 1904 4789 de

341 4819 573 4876 homine.
617 4819 832 4874 Dicatur
858 4819 1057 4874 homini
1094 4822 1145 4875 in
1175 4820 1458 4878 afﬂictione
1496 4825 1668 4894 aliqua
1702 4827 1900 4881 consti-

340 4919 474 4976 tuto,
518 4911 613 4966 Est
654 4911 866 4980 quidam
910 4911 1068 4966 homo
1109 4928 1357 4981 magnus,
1397 4929 1496 4984 per
1535 4931 1690 4984 quem
1734 4917 1903 4986 possis

339 5002 587 5057 liberari:
611 5001 831 5067 arridet,
848 5002 1060 5071 gaudet,
1083 5004 1320 5073 erigitur.
1339 5005 1487 5071 Quod
1512 5006 1552 5058 si
1575 5007 1778 5060 dicatur
1801 5007 1897 5073 illi,

320 5093 550 5148 'l.iberat
571 5104 620 5148 te
643 5093 784 5151 Deus
809 5113 822 5148 :
845 5096 993 5165 quasi
1015 5095 1382 5165 desperatione
1403 5083 1654 5166 frigescit.
1679 5092 1902 5153 Promit-

340 5188 462 5240 titur
480 5187 732 5242 auxilium
757 5187 1011 5251 mortalis,
1034 5197 1086 5241 et
1105 5187 1334 5258 gaudes:
1357 5190 1681 5257 promittitur
1698 5192 1903 5246 immor-

339 5278 487 5338 talis,
519 5285 574 5330 et
610 5278 774 5331 tristis
813 5280 908 5333 es!
953 5278 1282 5333 Promittitur
1327 5280 1417 5333 tibi
1447 5280 1584 5350 quod
1625 5281 1815 5336 liberet
1852 5293 1901 5338 te

337 5377 508 5421 tecum
544 5367 878 5433 liberandus,
909 5379 960 5422 et
1002 5378 1248 5437 tanquam
1287 5370 1465 5439 aliqua
1493 5387 1681 5441 magno
1706 5373 1902 5428 auxilio

335 5459 572 5514 exsultas
599 5476 610 5510 :
637 5459 955 5527 promittitur
978 5460 1063 5513 ille
1090 5459 1338 5514 liberator
1363 5463 1449 5530 qui
1486 5461 1772 5517 liberatore
1794 5479 1898 5519 non

335 5551 570 5620 indiget,
599 5560 652 5604 et
679 5551 824 5620 quasi
868 5550 934 5605 ad
977 5552 1220 5606 tabellam
1263 5552 1534 5623 desperas.
1585 5555 1674 5609 Va:
1712 5557 1909 5612 talibus

335 5635 772 5714 cogitationibus;
817 5643 969 5714 longe
1013 5645 1410 5716 peregrinantur
1437 5649 1494 5702 ιε
1538 5663 1663 5703 vere
1705 5650 1896 5705 misera

396 5759 414 5791 ⁸
448 5756 611 5808 Plures
627 5764 755 5820 Mss,
778 5758 1120 5821 peregrinatur.

1429 336 1816 390 ET’QARRATIU
1859 336 1918 388 1N
1961 335 2271 390 PSALMUM
2314 337 2511 390 CXLV.

3438 343 3576 401 £891)

2011 454 2064 496 ct
2091 461 2273 514 magna
2306 462 2448 500 mors
2471 449 2520 501 in
2547 451 2642 502 eis.
2673 452 3079 521 Appropinqua,
3111 437 3281 524 incipe
3305 454 3577 510 desidera-

2014 550 2071 588 re
2094 576 2108 598 ,
2139 537 2309 604 incipe
2333 554 2572 604 quaerere
2601 549 2651 592 ct
2678 555 2962 609 agnoscere
2984 560 3101 595 eum
3125 559 3152 596 a
3181 561 3284 614 quo
3309 547 3474 600 factus
3499 561 3577 600 es.

2009 624 2123 678 Non
2154 628 2295 680 enim
2325 627 2535 681 deseret
2560 645 2691 697 opus
2722 646 2870 685 suum
2897 674 2912 696 ,
2958 634 3000 686 si
3037 634 3103 687 ab
3145 651 3305 704 opere
3339 653 3436 692 suo
3475 655 3583 693 non

2010 713 2301 768 deseratur.
2331 715 2593 771 Converte
2619 734 2747 789 ergo
2775 731 2825 775 te
2851 722 2914 774 ad
2946 723 3090 776 illum
3121 725 3203 778 cui
3231 727 3360 780 dicis
3384 767 3399 790 ,
3444 727 3583 780 Lau-
3647 725 3650 732 ’

2010 804 2138 858 dabo
2167 805 2436 859 Dominum
2462 809 2510 860 in
2535 809 2633 860 vita
2655 827 2764 863 mea
2787 853 2801 874 ,
2830 813 3044 881 psallam
3070 814 3176 868 Deo
3207 833 3312 868 meo
3341 820 3584 884 quamdiu

2011 911 2141 948 sum.
2175 895 2349 949 Monet
2376 899 2516 950 enim
2545 914 2640 951 nos
2665 900 2772 967 jam
2800 902 3041 970 impletus
3072 913 3214 958 tanto
3237 908 3419 972 spiritu
3449 909 3546 962 iste
3569 949 3584 974 ,

2011 995 2064 1040 et
2089 986 2216 1040 dicit
2243 988 2389 1056 quasi
2421 990 2572 1058 longe
2601 993 2814 1044 remotis
2842 1035 2855 1056 ,
2904 1003 2956 1046 et
2999 995 3151 1063 longe
3198 1000 3580 1065 peregrinanti-

2011 1077 2147 1142 bus,
2177 1089 2357 1132 etnon
2399 1081 2566 1133 solum
2618 1082 2779 1135 Deum
2828 1099 2930 1137 non
2977 1087 3272 1141 volentibus
3323 1089 3576 1156 laudare,

2009 1169 2101 1222 sed
2134 1170 2363 1223 nondum
2392 1172 2472 1224 vel
2498 1171 2565 1227 de
2588 1175 2692 1227 Deo
2713 1177 3044 1243 sperantibus
3069 1195 3082 1231 :
3119 1177 3292 1232 Nolite
3330 1182 3582 1249 conﬁdere

2009 1259 2061 1310 in
2089 1259 2374 1328 principes,
2414 1272 2462 1314 et
2494 1263 2546 1315 in
2586 1263 2718 1330 ﬁlios
2761 1266 3016 1318 hominum
3040 1309 3053 1331 ,
3101 1269 3274 1337 quibus
3307 1271 3321 1300 ²
3367 1287 3467 1323 ηυη
3511 1281 3588 1324 est

2007 1348 2165 1402 salus.
2199 1347 2252 1401 In
2286 1366 2388 1404 uno
2416 1352 2522 1404 filio
2552 1353 2780 1408 hominis
2806 1358 2982 1423 salus;
3011 1368 3064 1412 et
3090 1359 3139 1412 in
3163 1360 3277 1428 ipso
3319 1377 3424 1415 non
3462 1364 3586 1432 quia

2013 1439 2150 1492 lilius
2180 1440 2410 1503 hominis
2433 1483 2448 1508 ,
2478 1445 2570 1497 sed
2599 1447 2715 1514 quia
2749 1446 2910 1502 Filius
2955 1447 3045 1503 Dei
3073 1468 3086 1514 ;
3129 1466 3232 1516 non
3273 1463 3488 1521 pr0pter
3522 1454 3589 1510 ‘id

2011 1531 2150 1599 quod
2182 1534 2416 1600 suscepit
2443 1551 2505 1588 ex
2535 1543 2585 1589 te
2610 1577 2623 1597 ,
2655 1537 2746 1591 scd
2774 1549 2990 1606 propter
3019 1539 3067 1593 id
3098 1541 3235 1610 quod
3265 1545 3492 1596 servavit
3535 1545 3591 1600 in

2012 1635 2092 1674 se.
2128 1621 2263 1691 Ergo
2293 1623 2342 1676 in
2375 1625 2520 1678 nullo
2548 1627 2760 1681 homine
2788 1630 2932 1683 salus
2963 1631 3118 1699 :quia
3159 1641 3212 1686 et
3244 1634 3293 1685 in
3345 1635 3432 1687 illo
3471 1635 3588 1688 ideo

2011 1711 2151 1764 salus
2177 1751 2190 1775 ,
2225 1713 2345 1780 quia
2377 1714 2512 1768 Deus
2538 1757 2552 1780 ,
2576 1718 2662 1785 qui
2691 1728 2762 1770 est
2786 1735 2937 1784 super
2960 1723 3127 1773 omnia
3147 1721 3284 1775 Deus
3305 1723 3590 1780 benedictus

2013 1801 2064 1854 in
2088 1803 2292 1856 saecula.
2327 1805 2400 1860 De
2421 1807 2633 1862 Christo
2658 1809 2855 1864 dictum
2882 1819 2962 1865 est
2991 1831 3003 1865 :
3037 1812 3118 1866 Ex
3149 1815 3328 1884 quibus
3362 1816 3590 1872 Christus

2010 1895 2284 1947 secundant
2337 1911 2550 1962 carnem;
2587 1899 2778 1969 (Rom.
2825 1917 2912 1963 ιχ,
2959 1903 3053 1972 5).
3110 1905 3186 1958 Ex
3232 1907 3466 1975 quibus?
3515 1909 3590 1963 Ex

2009 1982 2207 2039 Juda'is
2231 2026 2245 2052 ,
2278 2001 2340 2040 ex
2372 1989 2605 2056 patribus
2630 1991 2859 2046 Christus
2900 1996 3174 2048 secundum
3213 2013 3455 2052 carnem:
3495 2001 3588 2055 sed

2012 2079 2262 2146 numquid
2293 2083 2393 2135 hoc
2424 2091 2586 2136 totum
2614 2083 2856 2138 Christus
2879 2126 2894 2149 ,
2945 2087 3084 2156 quod
3113 2090 3415 2142 secundum
3465 2107 3587 2144 car-

2011 2170 2178 2222 nem?
2209 2170 2319 2224 Non
2351 2189 2365 2225 :
2395 2189 2565 2243 neque
2594 2176 2732 2228 enim
2765 2178 3051 2232 secundum
3094 2193 3310 2235 carnem
3363 2182 3412 2236 id
3467 2192 3547 2236 est
3571 2224 3586 2248 ,

2009 2273 2159 2326 super
2186 2263 2354 2314 omnia
2380 2261 2520 2318 Deus
2538 2263 2822 2318 benedictus
2846 2267 2898 2319 in
2921 2269 3125 2321 swcula.
3158 2269 3279 2326 Ideo
3306 2272 3355 2324 in
3389 2272 3477 2324 illo
3503 2288 3586 2325 sa-

2011 2349 2092 2403 lus
2115 2394 2126 2414 ,
2161 2353 2279 2420 quia
2311 2352 2512 2407 Domini
2540 2366 2610 2409 est
2636 2358 2792 2410 salus.
2827 2358 2962 2414 Dicit
2982 2361 3122 2413 enim
3150 2363 3283 2414 alius
3313 2367 3576 2430 psalmus:

2009 2439 2217 2495 Domini
2244 2453 2314 2496 est
2354 2445 2527 2508 salus,
2574 2456 2620 2501 et
2661 2465 2812 2518 super
2856 2451 3096 2519 papulum
3134 2462 3272 2505 tuum
3315 2454 3587 2510 benedictio

2011 2542 2096 2586 tua
2126 2535 2142 2602 (
2168 2533 2310 2588 Psal.
2339 2552 2394 2590 tu
2414 2580 2429 2602 ,
2463 2538 2496 2592 9
2522 2540 2561 2609 ).
2593 2541 2657 2593 Et
2685 2541 2800 2596 sine
2829 2556 2984 2596 causa
3013 2545 3110 2598 sibi
3137 2555 3386 2616 arrogant
3412 2548 3585 2602 homi-
3662 2617 3663 2620 η

2012 2639 2106 2678 nes
2131 2626 2252 2695 quia
2284 2627 2411 2682 dant
2431 2629 2678 2684 salutem.
2711 2630 2821 2686 Sibi
2862 2633 3006 2687 dent.
3044 2635 3322 2705 Responde
3359 2639 3589 2706 superbo

2011 2717 2211 2773 homini
2243 2739 2255 2773 :
2283 2720 2539 2777 Gloriaris
2563 2764 2578 2788 ,
2609 2723 2729 2793 quia
2760 2725 2892 2779 dicis
2920 2737 2969 2780 te
2996 2727 3121 2782 dare
3156 2729 3282 2782 mihi
3324 2730 3542 2784 salutem
3570 2747 3586 2797 ;

2013 2809 2106 2863 tibi
2137 2811 2222 2864 da.
2253 2811 2386 2867 Vide
2412 2813 2456 2892 si
2485 2814 2646 2870 habes
2673 2832 2812 2870 eam.
2844 2815 3202 2873 Considerans
3231 2821 3366 2875 bene
3394 2809 3591 2892 fragili-4

2011 2908 2343 2982 tatem‘tuam
2369 2945 2382 2968 ,
2422 2889 2571 2959 vides
2615 2906 2734 2976 quia
2781 2909 3010 2963 nondum
3061 2911 3246 2966 habes.
3295 2913 3436 2982 Ergo
3479 2889 3589 2970 noli

2009 2978 2228 3047 monere
2255 3002 2311 3046 ut
2338 3007 2639 3064 exspectem
2663 3014 2690 3052 a
2716 3008 2765 3054 te
2788 3040 2804 3065 ,
2831 3001 2922 3054 sed
2944 3012 3190 3071 exspecta
3219 3020 3446 3059 mecum.
3476 2993 3588 3059 Νοο

2010 3079 2097 3135 lite
2119 3083 2368 3152 conﬁdere
2392 3085 2443 3139 in
2472 3088 2740 3158 principes,
2768 3100 2814 3142 et
2838 3092 2891 3144 in
2921 3093 3053 3159 ﬁlios
3087 3093 3372 3160 hominum,
3406 3097 3587 3165 quibus

2009 3189 2109 3226 non
2143 3184 2213 3228 est
2237 3176 2394 3230 salus.
2426 3178 2559 3232 Ecce
2589 3181 2770 3234 nescio
2810 3181 2898 3250 qui
2949 3183 3212 3252 principes
3259 3186 3584 3254 procedunt,

2010 3264 2190 3317 nescio
2213 3264 2387 3331 unde,
2416 3275 2468 3320 et
2507 3267 2724 3322 dicunt:
2769 3269 2879 3339 Ego
2918 3270 3160 3339 baptizo.
3209 3283 3262 3328 et
3301 3290 3399 3343 ego
3444 3277 3586 3346 quod

2007 3353 2206 3409 dedero
2230 3396 2245 3422 ,
2277 3354 2376 3410 hoc
2413 3365 2496 3411 est
2533 3367 2811 3412 sanctum:
2850 3369 2902 3414 et
2940 3362 2983 3414 si
3027 3362 3094 3416 ah
3127 3363 3232 3416 alio
3275 3369 3544 3435 acceperis
3568 3408 3584 3430 ,

2008 3445 2136 3499 nihil
2170 3447 2450 3517 accepisti;
2478 3449 2519 3502 si
2549 3464 2579 3504 a
2608 3465 2694 3505 me
2723 3453 2989 3522 acceperis
3011 3494 3024 3518 ,
3073 3455 3268 3525 aliquid
3312 3460 3581 3529 accepisti.

2007 3535 2050 3590 Ο
2081 3537 2239 3589 homo
2263 3577 2278 3601 ,
2310 3553 2342 3590 ο
2373 3539 2614 3607 princeps
2639 3581 2652 3602 ,
2688 3542 2828 3595 inter
2856 3542 2991 3596 ﬁlios
3020 3544 3290 3598 hominum
3322 3538 3398 3600 vis
3426 3565 3545 3603 esse
3565 3590 3581 3616 ,

2007 3635 2061 3680 et
2092 3627 2228 3680 inter
2258 3629 2522 3698 principes
2559 3632 2748 3699 quibus
2797 3649 2901 3686 non
2936 3645 3018 3688 est
3062 3637 3248 3690 salus?
3292 3638 3414 3693 ideo
3458 3658 3587 3711 ergo
3683 3662 3686 3668 ι

2009 3717 2178 3771 habeo
2207 3718 2473 3784 salutem,
2504 3721 2626 3790 quia
2656 3731 2709 3776 tu
2751 3723 2876 3776 mihi
2917 3725 3057 3778 das?
3099 3726 3270 3780 Tuum
3313 3739 3393 3783 est
3443 3732 3583 3786 enim

2007 3807 2144 3877 quod
2171 3808 2302 3863 das?
2330 3812 2431 3863 Aut
2460 3827 2586 3865 vero
2612 3814 2770 3866 etiam
2801 3823 2852 3866 tu
2883 3814 3019 3869 das?
3061 3824 3143 3872 vel
3177 3818 3277 3873 hoc
3300 3819 3582 3878 dicendum

2007 3907 2126 3960 est,
2155 3900 2276 3968 quia
2309 3910 2360 3954 tu
2388 3901 2522 3955 das?
2568 3903 2714 3958 Dicat
2761 3914 2812 3960 et
2857 3906 3029 3962 fistula
3077 3912 3197 3979 quia
3243 3921 3295 3967 et
3339 3913 3448 3980 ipsa
3492 3915 3585 3970 dat

2005 4006 2235 4061 aquam;
2281 3993 2418 4048 dicat
2445 4005 2498 4048 et
2538 3997 2737 4050 canalis
2768 3999 2886 4066 quia
2933 3999 3044 4069 ipse
3088 4015 3303 4067 manat;
3332 4005 3473 4060 dicat
3524 4017 3581 4063 et

2007 4097 2180 4150 praeco
2209 4084 2327 4153 quia
2353 4092 2405 4138 et
2431 4085 2542 4156 ipse
2567 4087 2776 4143 liberat.
2803 4089 2916 4159 Ego
2945 4091 2993 4144 in
3036 4107 3167 4162 aqua
3203 4097 3417 4151 attendo
3458 4098 3578 4153 fon-

2007 4182 2110 4226 tem
2136 4215 2152 4239 ,
2205 4173 2255 4228 in
2289 4191 2416 4230 voce
2456 4180 2712 4246 praeconis
2748 4194 2978 4250 agnosco
3009 4182 3260 4251 judicem.
3304 4186 3417 4241 Non
3467 4191 3584 4246 eris

2006 4271 2061 4317 tu
2091 4263 2242 4332 plane
2267 4275 2450 4320 auctor
2474 4268 2655 4322 salutis
2685 4285 2816 4325 mea:
2842 4289 2855 4320 τ
2886 4271 2972 4326 ille
2999 4274 3100 4326 erit
3128 4274 3196 4329 de
3225 4290 3329 4345 quo
3358 4293 3584 4336 securus

2005 4369 2119 4406 sum
2148 4371 2162 4419 ;
2191 4355 2259 4409 de
2286 4363 2335 4409 te
2365 4357 2593 4412 incertus
2621 4374 2757 4413 sum.
2790 4361 2843 4416 Si
2891 4379 2994 4417 non
3034 4365 3108 4418 sis
3154 4382 3408 4438 arrogans
3433 4411 3445 4434 ,
3473 4386 3579 4427 non

2005 4460 2104 4514 ego
2129 4446 2276 4500 Solus
2303 4447 2369 4501 de
2401 4457 2452 4502 te
2478 4452 2709 4505 incertus
2739 4466 2852 4506 sum
2881 4496 2893 4518 ,
2922 4455 3014 4509 sed
3044 4465 3096 4511 et
3123 4467 3177 4512 tu
3201 4458 3267 4513 de
3290 4467 3358 4513 te.
3389 4461 3469 4516 Ab
3492 4463 3587 4517 illo

2004 4552 2131 4606 ergo
2159 4538 2284 4591 mihi
2315 4539 2499 4604 salus,
2534 4541 2618 4609 qui
2653 4552 2724 4594 est
2766 4560 2916 4610 super
2957 4549 3166 4611 omnia;
3208 4550 3326 4620 quia
3371 4550 3588 4608 Domini

2003 4636 2073 4682 est
2099 4628 2256 4681 salus.
2287 4628 2364 4682 Tu
2391 4629 2528 4684 inter
2555 4630 2689 4685 lilios
2735 4633 3005 4690 hominum
3031 4679 3046 4702 ,
3093 4648 3147 4693 tu
3191 4641 3328 4695 inter
3374 4643 3575 4711 princi-

2003 4733 2140 4787 pes:
2175 4719 2266 4773 sed
2309 4720 2467 4774 audio
2511 4737 2693 4776 vocem
2737 4724 2926 4779 Psalmi
2953 4768 2967 4792 ,
3013 4727 3188 4782 Nolite
3231 4733 3481 4800 conﬁdere
3525 4735 3584 4789 in

2004 4810 2254 4881 principes
2277 4850 2292 4874 ,
2321 4820 2366 4863 et
2391 4811 2442 4864 in
2462 4811 2596 4879 ﬁlios
2616 4813 2874 4868 hominum
2896 4857 2910 4880 ,
2935 4834 2966 4868 u
2987 4819 3163 4887 quibus
3184 4837 3282 4873 non
3311 4832 3382 4875 est
3409 4825 3570 4878 salus.

2075 4902 2161 4956 ll).
2205 4901 2223 4973 [
2249 4919 2372 4955 vers.
2403 4901 2500 4974 4.]
2539 4904 2839 4963 Secundum
2869 4908 3072 4964 turbam
3101 4911 3372 4968 hominum
3397 4954 3412 4976 ,
3444 4916 3582 4984 quid-

2003 5005 2124 5050 sunt
2155 4997 2238 5050 isti
2269 4996 2358 5050 lilii
2400 4997 2714 5051 hominuin?
2752 4999 2884 5065 Quid
2927 5012 3049 5056 sunt
3089 5007 3165 5058 vis
3207 5006 3384 5060 scire?
3428 5007 3582 5061 Exiet

2002 5088 2206 5154 spiritus
2234 5089 2372 5157 ejus,
2403 5099 2448 5141 et
2473 5099 2738 5142 revertetur
2762 5093 2812 5144 in
2841 5100 3021 5145 terram
3061 5111 3223 5148 suam.
3245 5097 3380 5151 Ecce
3407 5106 3586 5154 totum

2003 5176 2142 5246 quod
2171 5178 2397 5246 loquitur
2421 5220 2434 5239 .
2469 5179 2712 5233 nesciens
2736 5181 2983 5248 quamdiu
3006 5184 3246 5253 loquatur
3269 5202 3284 5248 ;
3310 5187 3536 5242 minatur
3553 5227 3572 5256 ,

2006 5269 2246 5324 nesciens
2273 5263 2522 5338 quamdiu
2549 5272 2710 5325 vivat.
2739 5271 2924 5327 Subito
2945 5275 3085 5329 cxiet
3108 5277 3323 5344 spiritus
3344 5279 3460 5347 ejus
3479 5322 3493 5344 ,
3516 5290 3573 5336 et

2003 5372 2301 5416 revertetur
2328 5361 2380 5415 in
2409 5371 2598 5415 terram
2645 5377 2814 5418 suam.
2857 5363 3117 5434 Numquid
3161 5368 3370 5434 quando
3410 5369 3561 5436 vult,

2003 5453 2144 5508 exiet
2179 5453 2391 5522 Spiritus
2412 5453 2568 5521 ejus?
2614 5453 2768 5508 Exiet
2790 5495 2806 5522 ,
2829 5465 2882 5508 et
2900 5457 3110 5525 quando
3131 5475 3232 5511 non
3256 5459 3365 5512 vult
3385 5462 3525 5515 exiet
3547 5503 3568 5528 ,

2003 5554 2057 5600 et
2081 5544 2290 5614 quando
2314 5545 2482 5600 nescit
2509 5555 2799 5600 revertetur
2823 5546 3095 5601 interr-am
3125 5563 3296 5602 suam.
3318 5549 3568 5609 Exeunte

2069 5707 2082 5734 ι
2103 5704 2234 5775 Hdt]...
2256 5704 2304 5772 in
2327 5702 2508 5775 quibus.
2525 5703 2777 5775 particula,
2795 5704 2862 5762 in,
2887 5705 3026 5775 abest
3046 5713 3201 5775 a_Lxx
3228 5715 3323 5775 etna
3341 5714 3466 5768 Mss,
3485 5708 3572 5772 qui

2010 5774 2170 5813 tamen
2195 5765 2502 5822 ini’ra,’tertio
2525 5765 2646 5826 loco,
2670 5767 2848 5816 habent
2871 5781 2978 5815 cum
3002 5769 3131 5826 liud,
3153 5781 3182 5816 α
3202 5768 3379 5829 τίς-ἐιηιδ.
