4082 6204
464 320 597 379 1891

463 435 650 507 spiritu
673 475 689 500 ,
718 440 843 488 caro
868 437 1166 487 revertetur
1181 430 1236 486 in
1260 439 1477 483 terram.
1505 423 1611 480 Sed
1631 425 1751 495 quia
1771 438 1896 478 caro
1915 431 2031 478 erat

462 542 581 594 qua:
610 525 686 579 sic
713 522 1024 593 loquebatur
1048 520 1065 590 (
1089 520 1164 574 De
1189 534 1274 572 me
1308 518 1448 572 enim
1492 529 1788 585 praesume,
1835 521 1890 567 et
1930 527 2029 582 ego

463 616 554 670 tibi
580 615 650 670 do
674 656 687 676 ,
717 630 822 668 non
848 612 1086 666 dicereut
1112 609 1209 663 uisi
1245 609 1317 662 illi
1342 607 1409 662 de
1440 606 1631 676 quibus
1673 604 1869 659 dictum
1905 613 2025 668 est,

465 706 596 772 Quia
621 719 740 757 caro
762 712 877 756 sunt
904 700 923 773 [
946 699 1071 755 Gen.
1107 715 1157 754 v1
1178 742 1191 763 ,
1222 696 1295 770 5]
1324 700 1367 770 ),
1402 696 1547 750 Exiet
1572 695 1777 765 spiritus
1802 693 1911 761 ejus
1935 732 1950 755 ,
1979 700 2029 746 et

459 804 727 848 revertetur
753 794 804 847 in
834 804 1013 847 terram
1041 808 1184 844 suam
1222 807 1239 843 :
1274 790 1326 842 in
1368 787 1458 842 illa
1490 787 1569 840 die
1600 784 1825 856 peribunt
1860 799 2028 838 omnes

460 885 783 953 cogitationes
811 886 920 954 ejus
948 885 985 938 ⁸.
1019 883 1115 939 Ubi
1144 891 1225 935 est
1253 879 1484 953 typlms?
1524 879 1611 932 ubi
1638 886 1719 932 est
1742 874 2027 954 superbia?

462 974 550 1028 ubi
577 984 658 1029 est
677 975 968 1044 jactantia?
993 973 1096 1029 Sed
1124 972 1258 1026 forte
1282 970 1347 1024 ad
1378 970 1551 1024 locum
1586 968 1778 1022 bonum
1808 965 2029 1020 transie-

460 1044 568 1128 rit‘,
595 1064 662 1119 ad
684 1066 856 1134 justos
887 1083 898 1118 :
928 1064 970 1117 si
1000 1073 1171 1122 tamen
1203 1062 1426 1116 transiit.
1458 1058 1587 1113 Nam
1614 1057 1703 1133 qui
1732 1057 1808 1111 sic
1836 1056 2024 1125 loque-

458 1154 612 1209 batur
634 1197 648 1218 ,
686 1156 864 1210 nescio
883 1171 989 1225 quo
1011 1153 1293 1208 transierit.
1320 1151 1656 1221 Loquebatur
1676 1149 1814 1203 enim
1843 1162 2027 1216 supcr-

458 1244 542 1298 bia
568 1262 582 1311 ;
614 1256 666 1301 et
694 1247 870 1300 nescio
895 1262 998 1316 quo
1025 1252 1293 1298 transeant
1320 1243 1449 1297 tales
1475 1240 1714 1294 homines
1740 1281 1751 1303 ,
1782 1238 1880 1292 nisi
1904 1238 2024 1305 quia

390 1346 393 1353 ’
460 1335 681 1404 inspicio
708 1337 932 1392 alterum
966 1336 1223 1405 psalmum
1251 1374 1264 1397 ,
1307 1342 1363 1387 et
1401 1332 1557 1386 video
1602 1330 1798 1383 malum
1842 1342 2024 1383 eorum

456 1440 577 1482 esse
609 1428 906 1483 transitum.
947 1426 1060 1479 Vidi
1089 1425 1299 1494 impium
1324 1422 1533 1477 exaltari
1561 1437 1710 1504 super
1735 1418 1907 1472 cedros
1932 1417 2025 1471 Li-

457 1520 573 1574 bani
595 1559 612 1586 ,
645 1529 692 1572 et
721 1519 965 1584 transivi,
996 1527 1040 1571 et
1066 1534 1177 1572 ecce
1201 1534 1300 1569 non
1327 1526 1432 1569 erat
1456 1530 1476 1579 ;
1500 1524 1545 1567 et
1569 1514 1771 1584 quaesivi
1799 1528 1910 1565 eum
1936 1554 1951 1577 ,
1979 1521 2027 1565 et

456 1628 556 1664 non
585 1621 657 1665 est
695 1613 923 1665 inventus
963 1610 1101 1664 locus
1136 1610 1242 1678 ejus
1288 1606 1307 1680 (
1333 1606 1473 1661 Psal.
1508 1621 1675 1660 xxxw
1704 1646 1719 1671 ,
1752 1604 1820 1659 55
1842 1645 1858 1670 ,
1888 1604 1957 1659 36
1984 1603 2022 1674 ).

367 1733 378 1742 -
456 1702 561 1759 Iste
591 1704 706 1774 pius
738 1694 833 1772 qui
876 1702 1085 1758 transiit
1124 1711 1179 1759 et
1217 1717 1321 1755 non
1365 1699 1563 1755 invenit
1605 1698 1820 1768 impium
1845 1740 1860 1761 ,
1904 1698 2026 1752 illuc

458 1794 702 1863 pervenit
732 1793 818 1847 ubi
851 1810 954 1847 non
985 1803 1068 1848 est
1096 1794 1306 1862 impius.
1349 1792 1487 1861 Ergo
1512 1832 1527 1856 ,
1567 1788 1754 1844 fratres
1775 1830 1792 1853 ,
1839 1803 2023 1843 omnes

455 1885 765 1950 audiamus;
796 1885 986 1940 fratres
1010 1886 1183 1940 dilecti
1213 1886 1318 1938 Deo
1342 1924 1357 1948 ,
1398 1898 1584 1956 omnes
1620 1880 1931 1936 audiamus:
1969 1880 2023 1933 in

452 1978 687 2049 qualibet
715 1977 1052 2032 tribulatione
1075 2018 1090 2041 ,
1124 1976 1175 2030 in
1213 1974 1446 2045 quolibet
1481 1972 1745 2029 desiderio
1790 1970 2024 2025 muneris

453 2072 619 2126 divini
644 2112 660 2134 ,
689 2087 796 2125 non
823 2070 1045 2138 fidamus
1071 2071 1122 2122 lu
1154 2069 1423 2138 principes
1447 2107 1462 2129 ,
1493 2081 1593 2120 nec
1622 2065 1672 2118 in
1697 2064 1830 2117 filios
1856 2062 2025 2116 homi-

454 2174 579 2213 num
604 2200 620 2224 ,
655 2160 706 2212 in
736 2158 926 2228 quibus
956 2173 1059 2212 non
1090 2165 1173 2211 est
1197 2157 1360 2212 salus.
1391 2155 1581 2219 Totum
1626 2153 1727 2206 hoc
1762 2150 1981 2206 mortale
2004 2190 2021 2215 ,

453 2250 811 2306 transitorium
855 2258 909 2303 et
947 2248 1201 2303 caducum
1243 2256 1344 2302 est.
1384 2245 1531 2300 Exiet
1567 2244 1775 2315 spiritus
1799 2243 1907 2313 ejus
1929 2258 1947 2306 ,'
1977 2249 2024 2293 et

451 2349 718 2395 revertetur
737 2340 787 2393 in
815 2350 998 2393 terram
1024 2355 1169 2394 suam
1193 2353 1211 2392 :
1234 2338 1285 2391 in
1333 2337 1423 2391 illa
1462 2336 1543 2389 die
1588 2333 1815 2404 peribunt
1855 2350 2034 2388 omnes-

451 2434 773 2506 cOgitqtiones
801 2434 930 2507 ejus.

522 2528 608 2581 Il.
651 2523 817 2597 [vers.
854 2525 906 2580 5.
933 2522 954 2595 ]
993 2522 1127 2589 Quid
1158 2537 1286 2592 ergo
1315 2521 1536 2575 facimus
1560 2560 1575 2584 ,
1606 2519 1651 2573 si
1680 2519 1731 2573 in
1759 2517 1896 2573 filios
1924 2516 2024 2572 ho-

452 2620 652 2675 tnimun
677 2659 691 2682 ,
732 2619 777 2672 si
818 2618 870 2671 in
914 2617 1179 2687 principes
1225 2629 1329 2668 non
1381 2623 1460 2668 est
1504 2610 1867 2681 sperandum?
1895 2610 2023 2681 quid

453 2707 923 2763 facintus?Beatus
961 2707 1106 2776 cujus
1148 2704 1286 2758 Deus
1329 2702 1489 2757 Iacob
1533 2701 1738 2772 adjutor
1776 2709 1847 2755 est
1891 2701 2021 2770 ejus.

452 2800 566 2856 Non
595 2798 681 2854 ille
709 2800 869 2853 homo
908 2808 998 2852 aut
1040 2797 1127 2850 ille
1169 2798 1327 2850 homo
1351 2839 1367 2861 ,
1409 2809 1512 2848 non
1554 2794 1644 2849 ille
1690 2792 1908 2863 angelus
1934 2804 2027 2848 aut

452 2892 541 2946 ille
567 2890 820 2961 angelus;
842 2888 933 2944 scd
950 2930 966 2955 ,
989 2888 1173 2944 Beatus
1196 2889 1338 2957 cujus
1366 2887 1497 2942 Deus
1518 2884 1677 2941 Iacob
1700 2886 1904 2957 adjutor
1921 2895 2025 2940 est:

454 2982 574 3052 quia
596 2990 654 3037 et
682 2981 778 3050 ipsi
804 2979 969 3035 Iacob
992 2980 1069 3034 sic
1095 2978 1192 3033 fuit
1212 2978 1425 3046 adjutor
1450 3019 1463 3041 ,
1490 2985 1550 3032 ut
1576 2975 1644 3033 de
1676 2976 1841 3032 Iacob
1880 2975 2027 3032 face-

455 3084 536 3132 ret
575 3075 735 3130 Israel
771 3073 789 3144 (
818 3072 949 3129 Gen.
978 3083 1131 3128 xxxu
1152 3114 1167 3136 ,
1198 3071 1270 3126 28
1291 3071 1332 3141 ).
1376 3071 1620 3141 Magnum
1665 3069 1981 3140 adjutorium
2004 3108 2022 3136 ,

455 3168 614 3225 Israel
631 3168 740 3237 jam
772 3167 957 3221 videns
982 3167 1167 3221 Deum.
1199 3164 1293 3220 llic
1319 3178 1445 3234 ergo
1483 3163 1686 3231 positus
1710 3170 1763 3216 et
1789 3160 2025 3230 pcregri-

456 3275 556 3315 uus
591 3259 826 3314 nondum
872 3257 1057 3312 videns
1108 3258 1269 3311 Deum
1294 3295 1309 3319 ,
1350 3255 1397 3307 si
1440 3254 1689 3310 habueris
1730 3252 2026 3321 adjutorem

456 3350 617 3403 Deum
642 3347 807 3402 Iacob
829 3388 845 3410 ,
882 3362 947 3400 ex
997 3344 1161 3399 Iacob
1207 3342 1314 3397 eris
1360 3341 1563 3406 Israel,
1604 3354 1658 3395 et
1694 3340 1801 3394 eris
1839 3340 2027 3394 videns

457 3438 656 3505 Deum;
684 3446 741 3493 et
764 3438 925 3506 periet
947 3436 1125 3506 omnis
1146 3434 1294 3488 labor
1310 3441 1364 3488 et
1382 3430 1559 3486 omnis
1581 3430 1828 3500 gemitus,
1854 3437 2029 3483 trans-

458 3533 568 3588 ient
595 3536 736 3585 cura:
774 3528 1050 3583 mordaces
1072 3569 1088 3593 ,
1115 3505 1413 3581 succedent
1442 3523 1624 3579 laudes
1654 3523 1853 3579 felices.
1893 3522 2027 3577 Bea-

458 3634 534 3680 tus
560 3624 702 3695 cujus
734 3621 867 3675 Deus
907 3618 1067 3674 Iacob
1106 3619 1307 3701 adjutor
1344 3624 1416 3672 est
1458 3610 1606 3685 ejus:
1647 3614 1799 3683 hujus
1840 3613 2023 3677 Iacob.

458 3719 630 3784 Quare
656 3717 754 3771 iste
774 3715 959 3770 beatus
978 3755 993 3780 ,
1015 3714 1223 3768 interim
1251 3711 1423 3766 adhuc
1449 3711 1500 3765 in
1528 3711 1627 3765 bac
1642 3711 1748 3763 vita
1772 3708 2025 3779 gemens?

458 3809 589 3877 Spes
634 3807 774 3862 illius
811 3807 863 3859 in
907 3804 1179 3859 Dominum
1217 3801 1380 3856 Deum
1427 3801 1603 3872 ipsius.
1640 3800 1763 3855 Ideo
1802 3800 1985 3855 beatus
2008 3841 2024 3865 ,

459 3902 577 3971 quia
604 3916 716 3970 spes
742 3898 899 3966 ipsius
929 3898 981 3951 in
1010 3896 1279 3950 Dominum
1308 3892 1473 3948 Deum
1494 3893 1671 3963 ipsius.
1701 3891 1758 3947 In
1802 3907 1908 3962 quo
1947 3900 2030 3946 est

462 4009 585 4064 spes
612 3992 775 4062 ipsius
798 4032 813 4059 ,
846 3993 957 4059 ipse
981 3990 1084 4044 erit
1115 4002 1201 4042 res
1250 3987 1435 4056 ipsius.
1479 3984 1695 4040 Fratres
1717 4026 1732 4052 ,
1777 4000 1845 4038 an
1892 3983 2029 4037 forte

460 4090 628 4147 erravi
654 4125 669 4145 ,
700 4084 818 4154 quia
845 4082 951 4136 dixi
981 4096 1094 4136 rem
1122 4091 1355 4134 nostram
1386 4077 1615 4131 futurum
1646 4076 1854 4131 Deum?
1891 4075 2029 4141 Quid

461 4178 507 4232 si
536 4176 766 4231 dicerem
797 4174 1160 4239 hrcreditatem
1191 4179 1421 4224 uestram
1453 4170 1724 4223 futurum?
1759 4168 1888 4239 Spes
1922 4185 2031 4221 mea

461 4285 515 4327 es
543 4278 596 4320 tu
618 4309 634 4333 ,
669 4266 829 4336 portio
859 4281 967 4318 mea
992 4264 1041 4317 in
1068 4275 1201 4318 terra
1235 4262 1499 4316 viventium
1538 4262 1555 4329 (
1584 4259 1725 4313 Psat.
1755 4275 1871 4314 cxu
1889 4302 1903 4325 ,
1932 4260 1965 4313 6
1986 4258 2028 4331 ).

464 4359 542 4414 Tu
566 4358 670 4413 eris
698 4350 870 4427 portio
894 4371 1032 4411 mea.
1065 4354 1184 4409 Eris
1214 4362 1265 4407 tu
1294 4353 1561 4422 possessio
1583 4394 1598 4419 ,
1627 4360 1679 4406 et
1702 4349 2027 4420 possidebis;

462 4448 732 4521 possessio
767 4447 861 4501 Dei
896 4446 1039 4512 eris,
1080 4456 1134 4499 et
1177 4443 1441 4513 possessio
1479 4453 1567 4497 tua
1601 4442 1704 4497 erit
1748 4442 1926 4495 Deus:
1975 4448 2031 4495 tu

464 4541 572 4595 eris
600 4536 868 4608 possessio
892 4535 1048 4604 ejus,
1092 4543 1150 4587 ut
1186 4533 1378 4588 colaris
1424 4532 1490 4586 ab
1531 4548 1636 4596 eo;
1683 4541 1738 4587 et
1777 4533 1890 4602 ipse
1932 4532 2034 4586 erit

464 4628 732 4701 possessio
761 4636 848 4680 tua
873 4668 886 4688 ,
930 4633 988 4679 ut
1012 4626 1154 4678 colas
1179 4638 1323 4678 eum.
1350 4622 1480 4676 Nam
1509 4632 1562 4676 et
1591 4633 1643 4677 tu
1670 4623 1801 4677 colis
1828 4623 1988 4677 Deum
2012 4662 2028 4687 ,

464 4729 522 4779 et
543 4719 736 4775 coleris
764 4735 793 4772 ει
826 4720 951 4773 Deo.
983 4717 1146 4773 Recte
1170 4716 1364 4769 dicitur
1388 4758 1402 4780 ,
1426 4716 1556 4771 Colo
1578 4715 1741 4769 Deum
1771 4734 1785 4769 :
1809 4731 2033 4785 quomo-

465 4814 537 4868 do
563 4820 740 4866 autem
766 4811 914 4864 color
942 4826 972 4865 a
1006 4810 1154 4863 Deo?
1179 4807 1481 4863 Invenimus
1509 4807 1649 4876 apud
1679 4808 1987 4876 Apostolum
2018 4825 2030 4861 :

470 4903 565 4960 Dei
584 4945 599 4969 ,
630 4901 799 4972 inquit
820 4942 836 4965 ,
862 4901 1174 4971 agricultura
1198 4940 1212 4963 ,
1241 4897 1339 4952 Dei
1378 4898 1648 4968 azdi/icatio
1684 4898 1800 4952 estis
1826 4899 1843 4966 (
1867 4897 1885 4951 I
1914 4896 2032 4952 Cor.

469 5012 561 5059 ιιι,
587 4994 685 5050 9).
729 4994 796 5048 Et
832 4991 1087 5047 Dominus
1110 5032 1125 5056 ,
1172 4988 1283 5058 Ego
1312 5006 1423 5044 sum
1449 5032 1464 5054 ,
1512 4988 1717 5059 inquit,
1761 4988 1874 5041 vitis
1897 5029 1912 5053 ,
1951 5002 2038 5042 vos

466 5086 582 5143 estis
608 5093 859 5142 sarmenta
881 5123 897 5148 ,
924 5092 970 5136 et
1002 5080 1156 5135 Pater
1184 5096 1321 5134 meus
1364 5079 1587 5151 agricola
1616 5078 1808 5151 (Ioan.
1843 5093 1944 5143 xv,
1972 5078 2036 5142 1,

475 5178 568 5245 5).
596 5176 809 5232 Colitte
832 5188 960 5244 ergo
990 5173 1130 5227 Deus
1156 5212 1170 5233 ,
1221 5180 1278 5225 ut
1318 5171 1392 5225 sis
1431 5172 1772 5236 fructuosus;
1814 5179 1868 5225 et
1909 5169 2039 5225 colis

472 5271 637 5326 Demu
663 5310 678 5335 ,
709 5279 767 5323 ut
794 5268 868 5322 sis
907 5264 1228 5321 fructuosus.
1277 5263 1394 5318 Tibi
1442 5264 1639 5319 bonum
1683 5271 1766 5318 est
1802 5260 1943 5332 quod
1990 5268 2042 5314 te

471 5362 600 5417 colit
623 5362 806 5425 Deus;
839 5356 933 5415 tibi
958 5358 1152 5413 bonum
1179 5355 1426 5424 estquod
1467 5354 1600 5410 colis
1639 5354 1824 5408 Deum.
1859 5351 2037 5407 Cultor

477 5453 617 5517 Deus
641 5454 684 5507 si
710 5450 925 5507 recedat
947 5450 1015 5505 ab
1036 5447 1250 5504 hemine
1274 5491 1289 5512 .
1310 5447 1553 5503 desertus
1572 5445 1627 5500 fit
1649 5445 1808 5500 homo
1828 5462 1844 5511 ;
1869 5444 2045 5499 cultor

477 5545 636 5600 homo
664 5546 708 5599 si
737 5542 948 5600 recedat
973 5558 1004 5597 a
1030 5543 1139 5597 Deo
1162 5582 1177 5609 ,
1216 5540 1458 5596 desertus
1484 5538 1540 5593 fit
1570 5539 1683 5609 ipse
1708 5537 1888 5592 homo.
1935 5535 2045 5591 Nec

469 5633 665 5691 crescit
693 5634 831 5687 Deus
856 5631 1140 5687 accedente
1169 5639 1255 5696 te,
1295 5645 1391 5687 nec
1433 5627 1695 5686 decrescit
1737 5626 2045 5684 discedente

537 5744 557 5777 ⁸
590 5743 806 5793 Nonnulli
827 5750 952 5804 Mss,
991 5755 1169 5795 eorum.

1678 309 1731 367 S.
1774 306 2132 365 AUGUSTI?"
2174 303 2471 362 EPISCOPI

3566 309 3701 366 189!

2138 430 2211 476 te.
2243 420 2383 491 Ergo
2414 420 2511 473 erit
2542 419 2651 486 ipse
2678 422 2946 487 possessio
2970 432 3151 481 nostra
3171 462 3186 487 ,
3215 431 3271 476 ut
3296 436 3393 478 nos
3417 436 3620 493 pascat;
3647 435 3704 480 et

2134 513 2333 567 erimus
2362 510 2626 579 possessio
2653 511 2768 580 ejus
2788 552 2802 571 .
2831 521 2886 573 ut
2912 528 3010 568 nos
3038 523 3209 583 regat.

2205 603 2290 657 12.
2334 600 2501 674 [vers.
2526 602 2577 657 6.
2602 600 2627 675 Ι
2661 602 2790 672 Spes
2809 603 2942 657 illius
2962 604 3011 657 in
3035 600 3308 658 Dominum
3335 604 3495 658 Deum
3522 606 3702 675 ipsius.

2132 693 2260 762 Quis
2279 704 2359 748 cst
2386 695 2484 750 iste
2507 694 2757 749 Dominus
2777 695 2912 748 Deus
2934 697 3132 765 ipsius?
3152 696 3423 751 Attendite
3445 739 3460 761 ,
3483 697 3696 753 fratres.

2134 784 2278 839 Multi
2304 785 2445 840 enim
2474 784 2673 839 habent
2700 786 2894 840 multos
2920 786 3045 840 deos
3069 828 3082 846 .
3109 797 3162 840 et
3185 786 3371 841 dicunt
3398 802 3491 841 eos
3523 789 3704 842 dumi-

2133 890 2232 930 nos
2255 890 2381 931 suos
2418 884 2475 931 et
2519 876 2649 932 deos
2696 890 2841 931 suos.
2891 876 2993 931 Sed
3041 877 3171 931 dicit
3218 880 3541 947 Apostolus,
3595 879 3706 936 Etsi

2131 976 2247 1021 sunt
2295 968 2377 1036 qui
2420 968 2655 1021 dicuntur
2700 969 2808 1031 dii,
2853 969 2954 1022 sive
2996 970 3049 1022 in
3090 970 3243 1033 caelo,
3288 970 3389 1024 sive
3431 972 3484 1025 in
3533 982 3705 1036 terra;

2132 1058 2547 1128 quemadmodum
2576 1070 2692 1114 sunt
2720 1061 2791 1113 dii
2817 1061 2960 1114 multi
2980 1102 2996 1127 ,
3044 1072 3090 1114 et
3127 1062 3316 1117 domini
3341 1065 3485 1119 multi
3512 1081 3531 1118 :
3561 1069 3703 1121 nobis

2133 1160 2296 1205 tamen
2321 1168 2450 1206 unus
2476 1151 2613 1208 Deus
2635 1193 2651 1217 ,
2686 1153 2837 1208 Pater
2860 1196 2874 1218 ,
2904 1171 2967 1208 ea:
2992 1172 3091 1223 quo
3120 1156 3288 1211 omnia
3313 1198 3325 1220 ,
3357 1168 3403 1211 et
3430 1166 3560 1213 imus
3591 1159 3700 1214 Do-

2131 1244 2297 1296 minus
2317 1241 2469 1297 Iesus
2499 1243 2725 1309 Christus
2747 1286 2762 1307 ,
2796 1263 2882 1315 per
2920 1262 3065 1315 quem
3110 1249 3280 1300 omnia
3321 1251 3337 1315 (
3364 1248 3382 1302 1
3412 1249 3529 1303 Car.
3566 1267 3657 1306 vut
3683 1293 3700 1317 ,

2132 1334 2166 1387 5
2186 1344 2231 1386 et
2261 1332 2349 1404 6).
2383 1334 2524 1403 Ergo
2548 1335 2617 1388 sit
2647 1335 2758 1404 ipse
2784 1351 2906 1405 spes
2933 1347 3049 1401 tua,
3085 1336 3338 1392 Dominus
3365 1339 3504 1394 Deus
3541 1350 3698 1405 tuus;

2133 1426 2182 1479 in
2214 1427 2301 1478 illo
2330 1426 2398 1479 sit
2421 1442 2545 1495 spes
2576 1437 2681 1481 tua.
2716 1428 2772 1481 lu
2802 1428 3018 1483 domino
3042 1429 3144 1484 deo
3162 1445 3260 1484 suo
3284 1441 3369 1486 est
3395 1447 3517 1501 spes
3538 1426 3701 1491 etiam

2132 1517 2266 1570 illius
2291 1517 2378 1587 qui
2408 1518 2536 1572 colit
2559 1518 2844 1574 Saturnum
2869 1536 2883 1584 ;
2912 1521 2965 1573 in
3005 1522 3220 1576 domino
3265 1522 3367 1578 deo
3414 1523 3577 1593 ipsius
3617 1534 3701 1582 est

2128 1622 2250 1675 spes
2274 1649 2290 1674 ,
2332 1609 2420 1677 qui
2468 1609 2597 1663 colit
2635 1609 2896 1674 Martem,
2939 1611 3027 1679 qui
3070 1612 3194 1666 colit
3227 1612 3525 1682 Neptunum
3555 1657 3570 1680 ,
3609 1617 3701 1686 qui

2128 1700 2253 1753 coiit
2277 1699 2630 1755 Mercurium:
2670 1700 2788 1770 plus
2823 1701 3001 1767 addo,
3043 1703 3130 1773 qui
3168 1704 3292 1785 colit
3325 1715 3601 1771 ventrem,
3630 1708 3703 1763 de

2129 1790 2319 1859 quibus
2344 1791 2543 1846 dictum
2572 1800 2655 1845 est
2678 1832 2693 1857 ,
2727 1792 2949 1855 Quorum
2978 1793 3100 1846 deus
3127 1805 3292 1847 venter
3318 1806 3388 1847 est
3416 1800 3431 1861 (
3463 1795 3699 1865 Philipp.
3734 1804 3743 1812 ‘

2130 1898 2184 1937 ιιι
2208 1924 2223 1947 ,
2257 1883 2322 1938 I9
2346 1881 2385 1953 ).
2418 1884 2555 1953 Ergo
2582 1884 2667 1938 ille
2692 1884 2828 1938 illius
2853 1884 2984 1939 deus
3007 1925 3022 1950 ,
3053 1895 3211 1954 atque
3247 1887 3334 1939 ille
3378 1887 3537 1943 illius.
3569 1889 3702 1957 Quis

2129 1971 2285 2039 hujus
2310 1973 2645 2041 beati?Quia
2674 1991 2787 2043 spes
2822 1974 2981 2042 ipsius
3019 1975 3071 2027 in
3108 1973 3326 2027 Domino
3370 1973 3478 2029 Deo
3517 1977 3698 2045 ipsius.
3732 1962 3737 1967 ἡ

2126 2062 2230 2117 Sed
2259 2063 2377 2131 quis
2404 2072 2488 2117 est
2513 2063 2654 2116 iste?
2693 2062 2792 2128 Qui
2823 2062 2935 2131 fecit
2958 2064 3137 2116 caelum
3166 2073 3211 2116 et
3238 2074 3454 2128 terram,
3488 2081 3627 2119 mare
3653 2048 3719 2119 et.

2127 2153 2298 2207 omnia
2321 2169 2434 2222 quae
2457 2156 2508 2207 in
2533 2154 2603 2207 eis
2627 2163 2763 2206 sunt.
2801 2154 3016 2209 Fratres
3052 2154 3194 2216 mei,
3233 2170 3478 2224 maguum
3528 2156 3700 2210 Deum

2129 2245 2420 2299 habemus!
2462 2244 2836 2300 benedicamus
2880 2260 3069 2300 nomen
3111 2253 3349 2300 sanctum
3390 2246 3545 2315 ejus,
3576 2248 3699 2316 quia

2126 2335 2369 2405 dignatus
2396 2346 2478 2391 est
2505 2336 2677 2391 facere
2705 2352 2799 2390 nos
2829 2326 3220 2405 possessionem
3248 2352 3420 2391 suam.
3450 2336 3694 2391 Nondum

2127 2428 2276 2482 vides
2302 2428 2468 2482 Deum
2494 2468 2508 2493 ,
2541 2443 2646 2481 non
2677 2438 2825 2496 potes
2865 2441 3045 2481 amare
3086 2428 3241 2496 plene
3277 2426 3416 2497 quod
3463 2428 3700 2482 nondum

2127 2521 2295 2576 vides.
2322 2522 2452 2588 Qua:
2477 2522 2624 2576 vides
2648 2561 2663 2586 ,
2688 2522 2802 2591 ipse
2827 2519 2970 2574 fecit.
2996 2520 3197 2574 Miraris
3219 2520 3469 2575 nmndum
3498 2560 3514 2585 ,
3535 2535 3702 2591 quare

2128 2628 2235 2667 non
2261 2612 2515 2667 artificem
2546 2613 2726 2666 mundi
2754 2614 2819 2665 ιζ)
2853 2612 3090 2682 Suspicis
3131 2612 3323 2667 cretum
3349 2652 3365 2677 ,
3412 2621 3466 2666 et
3501 2611 3703 2667 exhor-

2129 2704 2295 2759 rescis
2318 2721 2333 2767 ;
2360 2705 2561 2775 cogitas
2587 2704 2890 2759 universam
2927 2713 3122 2759 terram
3148 2746 3165 2771 ,
3196 2713 3250 2759 et
3290 2705 3699 2769 contremiscis;

2131 2797 2293 2851 maris
2337 2796 2750 2866 magnitudinem
2789 2796 3001 2865 quando
3037 2797 3355 2867 cogitatione
3379 2798 3400 2828 ⁸
3427 2793 3701 2866 occupas?

2128 2887 2353 2957 Respice
2394 2886 2924 2949 innumerabilitatem
2960 2888 3266 2951 stellarum;
3310 2889 3516 2957 respice
3558 2897 3703 2942 tanta

2128 2992 2322 3045 genera
2372 2977 2674 3044 seminum,
2733 2987 2905 3032 tantas
2963 2977 3298 3034 diversitates
3353 2981 3700 3049 animalium,

2130 3066 2382 3139 quidquid
2415 3063 2559 3122 natait
2589 3069 2641 3122 in
2680 3068 2871 3137 aquis,
2920 3070 3057 3139 repit
3105 3070 3156 3124 in
3198 3077 3372 3136 terra,
3424 3073 3607 3145 volitat
3646 3073 3704 3129 in

2129 3176 2254 3216 acre
2279 3202 2292 3226 ,
2316 3160 2504 3216 circuit
2543 3161 2594 3216 in
2638 3161 2811 3217 cmlo:
2862 3162 3041 3215 omnia
3076 3161 3174 3216 ista
3198 3201 3215 3226 ,
3260 3179 3418 3233 quam
3470 3181 3658 3237 magna
3683 3207 3700 3232 ,

2130 3267 2286 3319 quam
2350 3250 2642 3319 praeclara,
2692 3256 2852 3320 quam
2906 3251 3158 3321 pulchra,
3203 3269 3358 3324 quam
3401 3258 3701 3325 stupenda!

2131 3340 2268 3394 Ecce
2300 3339 2386 3409 qui
2415 3338 2536 3393 fecit
2568 3340 2683 3393 hzee
2712 3341 2888 3394 omnia
2914 3381 2929 3406 ,
2964 3342 3103 3395 Deus
3131 3351 3252 3397 tuus
3284 3354 3386 3399 est.
3438 3345 3583 3401 Pone
3628 3347 3703 3402 ibi

2130 3446 2277 3500 spem
2324 3440 2501 3497 tuam,
2547 3439 2604 3485 ut
2647 3432 2722 3486 sis
2762 3432 2989 3489 beatus:
3030 3432 3326 3504 Spesillius
3352 3436 3403 3489 in
3431 3435 3705 3492 Dominum

2130 3521 2294 3576 Deum
2321 3523 2496 3592 ipsius.
2524 3522 2738 3591 Quem?
2770 3523 2871 3588 Qui
2897 3525 3013 3595 fecit
3038 3524 3215 3579 cretum
3243 3536 3290 3579 et
3313 3537 3496 3581 terram
3520 3570 3536 3595 ,
3565 3545 3708 3585 mare

2130 3624 2175 3668 et
2203 3616 2370 3668 omnia
2397 3631 2507 3684 qua:
2531 3617 2583 3669 in
2610 3616 2681 3669 eis
2705 3626 2841 3670 sunt.
2862 3616 3106 3687 Magnum
3137 3617 3394 3674 habemus
3420 3621 3615 3675 Deum!

2202 3708 2287 3761 t3.
2332 3706 2599 3762 Attt'ndite
2619 3749 2634 3772 ,
2670 3708 2860 3763 fratres
2881 3747 2898 3775 ,
2939 3724 3187 3778 magnum
3227 3710 3392 3764 Deum
3419 3753 3434 3776 ,
3463 3712 3658 3767 bonum
3683 3754 3701 3779 ,

2135 3796 2421 3853 facientem
2459 3798 2602 3851 talia.
2640 3798 2775 3865 Quid
2820 3813 2947 3867 ergo
2982 3798 3106 3854 hinc
3142 3801 3391 3868 cogitavit
3433 3801 3573 3856 Deus
3598 3841 3613 3865 ,
3647 3812 3709 3857 ut

2134 3889 2333 3945 faceret
2360 3890 2443 3960 (si
2471 3899 2647 3946 tamen
2670 3886 2951 3945 dicendum
2974 3901 3057 3946 est
3091 3891 3159 3946 de
3205 3892 3351 3960 Deo,
3397 3893 3706 3967 Cogitavit)

2132 3982 2311 4035 caelum
2331 4021 2346 4048 ,
2375 3990 2557 4035 terram
2583 4022 2595 4044 ,
2619 3998 2759 4036 mare
2782 4023 2796 4047 ,
2824 3992 2871 4036 et
2890 3983 3058 4037 omnia
3077 3999 3189 4054 qua:
3207 3984 3259 4037 in
3280 3985 3350 4038 eis
3371 3986 3526 4038 sunt?
3548 3984 3711 4041 Forte

2132 4073 2369 4128 dicturus
2398 4082 2511 4127 erat
2541 4072 2700 4127 homo
2724 4073 2856 4129 iste:
2886 4073 3048 4129 Video
3072 4075 3286 4143 quidem
3317 4076 3493 4130 omnia
3517 4091 3712 4146 magna

2134 4164 2271 4221 ista:
2303 4164 2495 4219 coelum
2544 4174 2599 4220 et
2626 4174 2857 4230 terram,
2901 4180 3048 4221 mare
3093 4165 3214 4221 fecit
3258 4168 3395 4222 Deus
3436 4185 3452 4222 :
3492 4168 3712 4239 quando

2135 4273 2220 4312 me
2244 4267 2513 4327 computat
2538 4258 2684 4312 Deus
2713 4258 2853 4312 inter
2875 4273 2937 4313 ea
2987 4274 3105 4329 qua:
3140 4258 3306 4313 fecit?
3351 4269 3406 4314 et
3442 4275 3567 4314 vere
3608 4274 3713 4329 ego

2134 4349 2374 4418 pertineo
2404 4348 2469 4403 ad
2497 4364 2676 4403 curam
2718 4349 2886 4418 ipsius
2912 4391 2927 4415 ,
2973 4360 3027 4404 ct
3072 4350 3233 4405 modo
3280 4350 3346 4406 de
3388 4366 3472 4405 me
3512 4352 3715 4421 cogitat

2136 4440 2276 4494 Deus
2301 4481 2316 4505 ,
2346 4448 2435 4493 aut
2456 4439 2556 4493 scit
2578 4454 2647 4493 an
2676 4441 2888 4494 vivam?
2912 4440 3049 4507 Quid
3091 4451 3172 4496 est
3216 4441 3318 4496 hoc
3356 4441 3494 4510 quod
3537 4443 3668 4497 dicis
3687 4442 3715 4497 2

2135 4532 2250 4586 Non
2277 4532 2530 4600 subrepat
2552 4531 2644 4585 tibi
2671 4532 2808 4585 mala
2829 4533 3078 4602 cogitatio
3105 4534 3155 4587 iu
3191 4549 3324 4601 cor;
3367 4534 3434 4590 de
3474 4533 3559 4589 his
3592 4544 3716 4590 esto

2136 4623 2204 4679 de
2231 4624 2420 4693 quibus
2442 4622 2599 4692 paqu
2618 4632 2741 4678 ante
2761 4624 3109 4694 loquebamur
3133 4666 3149 4691 ,
3174 4625 3418 4680 Laudabo
3444 4625 3715 4680 Dominum

2137 4716 2191 4769 in
2216 4716 2314 4769 vita
2350 4732 2459 4768 mea
2483 4755 2498 4779 ,
2527 4715 2739 4791 psallam
2768 4713 2875 4770 Deo
2900 4732 3008 4769 meo
3042 4716 3281 4785 quamdiu
3304 4733 3435 4770 sum.
3470 4715 3573 4771 Sed
3604 4717 3707 4771 iste

2139 4808 2271 4861 alios
2291 4807 2574 4877 alloquitur
2597 4848 2613 4874 ,
2637 4808 2820 4862 nescio
2840 4823 2975 4878 quos
3002 4808 3211 4877 tepidos
3227 4850 3242 4874 ,
3285 4824 3418 4879 quos
3456 4810 3715 4863 exhorta-

2141 4908 2228 4953 tur
2253 4938 2267 4962 ,
2298 4906 2351 4953 et
2370 4898 2519 4968 quasi
2548 4909 2763 4953 veretur
2788 4914 2853 4953 ne
2895 4898 3179 4968 desperent
3219 4900 3286 4955 de
3327 4900 3560 4970 se,quia
3587 4916 3720 4958 vere

2143 5008 2248 5046 non
2277 4992 2473 5046 suntin
2496 5001 2748 5060 computo
2770 4992 2884 5045 Dei.
2916 4991 3193 5046 Multorum
3238 4993 3379 5047 enim
3422 4994 3553 5049 tales
3591 5002 3718 5050 sunt

2145 5084 2512 5153 cogitationes.
2545 5083 2650 5139 Sed
2699 5083 2819 5139 ideo
2859 5084 3112 5139 deserunt
3158 5085 3322 5139 Deum
3346 5126 3361 5152 ,
3400 5096 3455 5141 et
3492 5094 3720 5156 pergunt
3762 5152 3767 5157 η

2143 5190 2239 5246 per
2264 5175 2511 5245 quaelibet
2538 5183 2752 5244 peccata
2770 5217 2785 5237 ,
2812 5175 2935 5245 quia
2966 5190 3068 5230 non
3091 5175 3316 5231 credunt
3339 5191 3526 5232 curare
3548 5178 3719 5234 Deum

2145 5267 2268 5337 quid
2290 5278 2466 5337 agant.
2497 5266 2629 5320 Audi
2657 5266 2862 5336 eloquia
2885 5266 3061 5322 divina
3087 5305 3101 5331 ,
3126 5266 3231 5321 noli
3254 5266 3320 5322 de
3342 5274 3395 5321 te
3413 5266 3719 5337 desperare.

2145 5358 2246 5429 Qui
2272 5358 2477 5413 curavit
2505 5357 2681 5415 facere
2708 5369 2760 5417 te
2787 5398 2801 5422 ,
2827 5372 2930 5411 non
2972 5367 3121 5413 curat
3152 5358 3383 5413 reticere
3416 5367 3468 5414 te
3487 5358 3513 5400 ν
3533 5358 3725 5415 Nonne

2148 5450 2287 5511 Deus
2312 5458 2435 5504 tuus
2466 5459 2545 5503 est
2568 5450 2653 5518 qui
2683 5450 2813 5505 fecit
2839 5449 3029 5505 malum
3059 5491 3075 5516 ,
3112 5459 3167 5504 et
3194 5462 3388 5504 terram
3412 5492 3427 5518 ,
3457 5460 3511 5506 et
3535 5452 3722 5507 mare?

2148 5541 2204 5599 Si
2248 5541 2348 5596 ista
2400 5541 2511 5595 sola
2559 5540 2790 5607 diceret,
2833 5542 2969 5596 torte
3010 5541 3365 5613 reSponderes
3409 5553 3463 5597 tu
3506 5561 3519 5596 :
3580 5542 3722 5598 Deus

2214 5675 2231 5707 ι
2266 5672 2433 5738 Plures
2455 5679 2544 5738 Mss
2564 5707 2580 5731 ,
2604 5671 3034 5738 emerent-tiliam
3056 5670 3238 5738 mundi.

2216 5738 2238 5767 ¹
2270 5735 2399 5797 Edd.,
2426 5730 2751 5799 cogitationem
2774 5734 2798 5785 1’
2822 5730 2924 5785 Mss.
2950 5748 3087 5797 vero,
3115 5730 3411 5800 cogitatione.
