4082 6204
387 319 419 374 Ι
432 317 535 372 893

388 433 488 499 qui
536 430 656 483 fecit
715 429 946 491 cuzlum,
999 436 1053 480 ct.
1095 437 1328 487 terram,
1392 433 1442 478 ct
1501 438 1684 486 mare,
1735 436 1957 490 tuagnus

393 521 580 583 Deus;
622 517 714 573 sed
760 516 1007 585 numquid
1077 515 1271 582 cogitat
1337 514 1403 566 de
1458 513 1584 566 me?
1627 512 1740 579 Ipse
1789 521 1837 565 te
1881 510 1958 562 fe-

390 611 506 676 cit,
547 610 816 664 diceretur
857 608 968 662 tibi.
1015 605 1331 674 Quomodo?
1383 604 1633 674 numquid
1692 620 1788 672 ego
1841 618 1956 654 smn

389 701 588 754 caelum
616 741 630 764 ,
673 709 762 752 aut
809 714 906 768 ego
946 713 1061 752 smn
1111 706 1287 759 terra,
1335 704 1426 747 aut
1465 709 1562 763 ego
1605 709 1719 747 διιηῖ
1767 691 1958 745 mare?

389 789 465 843 Et
523 790 732 859 quidem
771 786 1129 841 'manifestmn
1199 796 1311 849 est,
1383 800 1480 839 nec
1547 784 1737 840 ccelum
1795 799 1954 848 smn,

387 895 493 933 nec
551 888 688 932 terra
751 888 946 941 sum,-
987 891 1083 931 nec
1141 891 1288 930 mare
1345 890 1500 939 sum;
1562 874 1654 927 sed
1711 874 1763 927 in
1818 881 1956 927 terra

383 984 528 1022 sum.
557 967 647 1022 Vel
673 967 776 1028 hoc
801 967 1048 1021 concedis
1079 967 1205 1020 mihi
1227 1007 1242 1030 ,
1274 965 1393 1033 quia
1435 966 1486 1018 in
1531 975 1670 1020 terra
1711 979 1788 1018 es.
1818 964 1954 1017 Audi

383 1059 510 1126 quia
541 1075 642 1111 non
685 1068 887 1112 tantum
912 1059 1102 1112 coelum
1133 1067 1186 1111 et
1215 1067 1408 1110 terram
1438 1067 1492 1111 et
1522 1072 1668 1110 mare
1696 1057 1831 1110 Deus
1873 1055 1924 1110 fe
1943 1084 1955 1092 -

379 1151 459 1206 cit
481 1167 494 1202 :
527 1149 668 1204 Fecit
693 1153 832 1206 enim
850 1150 1048 1216 emtum,
1068 1161 1112 1204 et
1139 1160 1341 1215 terram,
1363 1160 1406 1202 et
1420 1166 1574 1215 mare,
1591 1159 1635 1202 et
1657 1149 1825 1202 omnia
1845 1163 1955 1216 quas

377 1243 433 1294 in
461 1243 533 1295 eis
553 1253 687 1296 sunt.
707 1243 761 1297 Si
791 1259 915 1312 ergo
933 1243 1099 1296 omnia
1126 1258 1238 1310 qua:
1259 1245 1309 1294 in
1330 1243 1400 1295 eis
1425 1252 1560 1306 sunt,
1584 1251 1637 1294 et
1664 1251 1732 1295 te.
1762 1241 1952 1294 Parum

375 1332 524 1399 dico,
555 1343 608 1389 te
641 1352 654 1388 :
689 1349 978 1403 passerem,
999 1335 1272 1398 locustam,
1300 1333 1680 1395 vermiculum;
1709 1332 1833 1384 nihil
1859 1332 1953 1384 ho-

375 1439 502 1477 rum
532 1440 635 1477 non
658 1425 747 1480 ille
773 1424 914 1491 fecit,
935 1435 1124 1479 etcura
1147 1433 1228 1479 est
1258 1425 1330 1477 illi
1361 1423 1428 1478 de
1453 1424 1717 1477 onmibns.
1744 1422 1856 1476 Non
1885 1423 1951 1475 ad

374 1527 704 1585 praeceptum
745 1533 870 1571 cura
913 1527 1033 1584 est;
1077 1535 1196 1571 nam
1247 1525 1566 1586 prmeeptum
1611 1517 1712 1570 soli
1751 1516 1948 1569 homini

375 1609 548 1663 dedit.
574 1609 710 1663 Dicit
735 1611 874 1664 enim
905 1609 1162 1679 psalmus:
1193 1608 1428 1662 Homines
1469 1618 1515 1670 et
1531 1609 1764 1676 jumenta
1789 1607 1951 1660 salvos

375 1702 569 1770 facies.
597 1699 841 1763 Domine;
870 1701 1140 1754 secundum
1187 1699 1557 1753 multitudinem
1598 1699 1951 1753 misericordia:

375 1801 485 1844 tute
503 1832 516 1854 ,
545 1788 684 1844 Deus
717 1789 885 1862 (Psal.
914 1807 1052 1844 xxxv
1073 1833 1087 1855 ,
1111 1791 1142 1843 7
1167 1832 1181 1856 ,
1205 1789 1280 1859 8).
1311 1788 1682 1842 Multitudiuem
1703 1831 1716 1852 ,
1750 1789 1943 1858 inquit,

373 1885 738 1939 misericordia:
759 1895 857 1938 tua:
871 1901 889 1949 ,'
913 1884 1186 1938 secundum
1209 1883 1342 1936 hanc
1368 1882 1530 1936 salvos
1554 1883 1705 1952 [acies
1726 1881 1949 1935 homines

374 1989 424 2032 et
446 1981 698 2050 jumenta.
729 1981 794 2034 Et
823 1981 1107 2050 Apostolus
1139 1998 1153 2032 :
1189 1979 1454 2049 Numquid
1479 1980 1540 2033 de
1559 1977 1712 2033 bobus
1733 1997 1855 2033 cura
1877 1990 1949 2034 est

373 2069 526 2124 Deo?
554 2070 683 2138 Hac,
708 2071 787 2125 De
819 2071 969 2125 bobus
996 2087 1118 2124 cura
1149 2087 1250 2124 non
1274 2080 1346 2123 est
1367 2070 1510 2136 Deo;
1540 2070 1638 2126 hac
1660 2112 1675 2136 ,
1706 2070 1948 2124 Homines

372 2171 423 2214 et
455 2161 687 2230 jumenta
720 2162 884 2217 salvos
913 2163 1088 2232 facies,
1122 2161 1372 2215 Domine:
1401 2162 1654 2231 numquid
1684 2162 1944 2216 Contraria

371 2265 502 2306 sunt
529 2253 670 2307 ista?
699 2255 832 2320 Quid
857 2259 996 2308 enim
1029 2256 1102 2307 ait
1131 2254 1450 2323 Apostolus?
1477 2251 1742 2325 Numquid
1766 2253 1826 2306 de
1855 2253 1945 2305 bo-

373 2346 468 2398 bus
498 2347 706 2414 pertinet
736 2347 804 2405 ad
827 2345 1028 2399 Deum?
1059 2345 1156 2400 Ubi
1187 2354 1268 2399 est
1310 2353 1626 2414 praeceptum
1647 2386 1662 2410 ,
1695 2343 1816 2397 Bovi
1851 2345 1942 2396 tri.

373 2437 569 2488 turauti
597 2452 652 2488 os
683 2445 781 2490 non
807 2435 1085 2506 infrenabis
1107 2434 1152 2502 (l
1182 2435 1298 2487 Cor.
1330 2451 1401 2499 ts,
1429 2435 1495 2498 9;
1527 2433 1676 2486 Deut.
1701 2450 1823 2499 xxv,
1847 2432 1901 2504 4)
1926 2451 1939 2496 ;

371 2526 445 2578 ibi
471 2525 538 2580 de
566 2516 732 2580 bobus
762 2543 865 2580 non
885 2527 1134 2596 cogitavit
1164 2526 1338 2580 Deus?
1371 2525 1548 2595 Itaque
1574 2526 1827 2595 quosdam
1853 2528 1946 2580 bo-

367 2631 466 2671 ves
494 2619 657 2672 voluit
694 2617 1002 2688 significari.
1030 2617 1144 2671 Non
1173 2619 1310 2671 enim
1353 2617 1452 2672 hoc
1481 2627 1629 2671 curat
1662 2618 1798 2670 Deus
1828 2633 1943 2669 mo-

369 2725 501 2762 uere
531 2710 652 2778 quid
686 2725 809 2777 agas
848 2724 967 2764 cum
1009 2708 1211 2771 bobus;
1259 2709 1416 2763 habet
1461 2708 1559 2763 hoc
1605 2717 1789 2762 natura
1830 2709 1938 2778 ipsa

367 2799 619 2854 humana.
654 2803 741 2854 Sic
777 2803 942 2855 factus
971 2810 1054 2856 est
1085 2801 1244 2854 homo
1267 2842 1280 2866 ,
1314 2810 1370 2855 ut
1401 2801 1539 2854 norit
1562 2801 1942 2870 consulet-eju-

367 2890 566 2947 meritis
590 2895 702 2948 suis
731 2911 743 2945 :
776 2911 874 2948 nec
904 2894 1025 2949 inde
1057 2905 1316 2964 pra-cepta
1356 2911 1384 2948 a
1425 2894 1534 2948 Deo
1579 2897 1814 2964 accepit,
1845 2895 1940 2950 sed

366 2986 688 3038 insinuatum
713 2995 794 3039 est
819 2985 892 3038 illi
913 2985 964 3037 in
985 2994 1212 3039 mentem
1244 2999 1274 3038 a
1309 2985 1434 3049 Deo,
1467 2993 1522 3038 ut
1556 2987 1720 3054 possit
1750 2996 1803 3040 et
1826 2987 1940 3040 sine

367 3087 639 3146 praecepto
659 3075 860 3140 facere;
890 3075 1010 3130 fecit
1034 3076 1178 3129 illum
1210 3076 1368 3130 talem
1405 3077 1562 3130 Deus.
1593 3076 1696 3131 Sed
1719 3093 1941 3147 quomo-

363 3169 436 3220 do
470 3167 600 3233 regit
625 3182 806 3236 pecus,
836 3165 1099 3237 regendus
1125 3175 1207 3219 est
1226 3165 1292 3220 ab
1314 3166 1417 3220 alio
1443 3183 1455 3230 ;
1483 3167 1548 3221 ab
1573 3181 1643 3221 eo
1669 3183 1696 3220 a
1727 3182 1830 3236 quo
1850 3183 1937 3222 re-

361 3259 525 3327 gitur,
557 3265 879 3325 pra-ceptum
906 3257 1129 3324 accepit.
1159 3256 1236 3310 Ad
1257 3259 1503 3326 praecepti
1527 3273 1653 3327 ergo
1679 3267 1934 3346 tenorem,

363 3365 472 3402 non
503 3358 572 3402 est
598 3349 658 3401 de
681 3347 834 3402 bobus
862 3365 982 3402 cura
1012 3348 1120 3402 Deo
1152 3349 1248 3403 :ad
1274 3349 1655 3419 providentiam
1678 3352 1939 3406 universi-

363 3445 506 3506 tatis,
531 3459 631 3512 qua
661 3443 859 3498 creavit
883 3443 1056 3496 omnia
1080 3453 1131 3497 et
1159 3443 1410 3497 mundum
1445 3443 1598 3514 regit,
1622 3443 1862 3499 Homines
1890 3453 1936 3500 et

360 3538 587 3606 iumenta
607 3536 770 3590 salvos
796 3535 967 3605 facies,
996 3534 1231 3588 Domine.

435 3627 521 3681 Li.
572 3625 810 3679 lntendat
837 3624 1077 3678 Charitas
1108 3635 1306 3678 vestra.
1351 3623 1445 3677 Hic
1475 3625 1605 3678 forte
1633 3625 1821 3693 aliquis
1850 3625 1933 3679 di-

359 3729 444 3770 cat
469 3717 592 3770 mihi
630 3717 703 3786 (a)
740 3733 753 3768 :
780 3716 854 3769 De
877 3714 1023 3768 Novo
1057 3714 1391 3768 Testamento
1411 3725 1509 3776 est,
1536 3715 1655 3783 quia
1689 3715 1763 3767 De
1783 3715 1935 3770 bobus

361 3823 466 3858 non
497 3805 702 3873 pertinet
725 3804 790 3856 ad
820 3804 976 3856 Deum
1003 3820 1021 3856 :
1052 3803 1294 3856 Homines
1337 3813 1380 3855 et
1398 3805 1629 3871 jumenta
1657 3805 1819 3858 salvos
1857 3809 1934 3875 fa-

359 3901 483 3959 cies,
515 3895 746 3960 Domine,
772 3895 837 3949 de
866 3895 1041 3948 Veteri
1067 3894 1405 3948 Testamento
1433 3904 1529 3948 est.
1575 3894 1705 3948 Sunt
1729 3896 1815 3964 qui
1839 3910 1931 3948 ca-

291 3997 294 4000 ’
357 3989 701 4054 lmnnicntur,
731 3999 783 4042 et
812 3989 989 4056 dicant
1018 4002 1121 4041 non
1147 3986 1244 4040 sibi
1267 4001 1558 4041 consonare
1585 3987 1681 4040 ista
1703 3987 1806 4042 duo
1826 3987 1931 4042 Te-

358 4090 638 4134 stamenta.
693 4078 769 4134 Ne
819 4079 954 4132 forte
993 4077 1136 4131 aliud
1175 4077 1316 4131 dicat
1358 4079 1406 4130 in
1439 4077 1651 4140 Vetere,
1698 4079 1839 4132 aliud
1877 4080 1934 4132 in

356 4170 525 4235 Novo,
568 4180 619 4224 et
663 4169 857 4238 flagitet
896 4168 961 4222 de
1002 4184 1084 4222 me
1125 4169 1439 4222 sententiam
1484 4167 1551 4222 de
1593 4168 1740 4223 Novo
1774 4170 1930 4226 talem

356 4265 526 4332 qualis
555 4262 666 4316 hzec
697 4271 796 4327 est,
829 4261 1071 4315 Homines
1106 4272 1150 4314 et
1167 4263 1398 4332 jumenta
1424 4263 1588 4314 salvos
1617 4262 1792 4330 facies,
1820 4261 1929 4317 Do-

355 4357 530 4421 mine;
574 4355 697 4425 quid
737 4355 913 4409 facio?
946 4355 1086 4419 Nihil
1125 4363 1227 4408 tam
1276 4354 1326 4407 in
1371 4355 1542 4425 capite
1577 4355 1704 4408 Novi
1745 4356 1935 4410 Testa-

356 4448 546 4512 menti,
578 4463 732 4517 quam
764 4448 1130 4516 Evangelium.
1175 4446 1227 4498 lu
1259 4447 1541 4515 Evangelio
1565 4446 1774 4500 invenio
1809 4451 1929 4516 quia

356 4539 533 4592 omnia
557 4539 653 4592 ista
677 4541 938 4607 pertinent
959 4539 1022 4592 ad
1047 4539 1233 4601 Deum,
1261 4526 1416 4590 nemo
1442 4539 1543 4590 erit
1563 4537 1672 4606 jam
1701 4538 1784 4606 qui
1806 4554 1928 4593 cou-

357 4629 602 4682 tradicat.
635 4628 893 4698 Numquid
924 4631 1064 4683 cuitu
1090 4628 1369 4697 Apostolus
1399 4627 1685 4698 Evangelia
1715 4640 1928 4683 contra-

362 4723 470 4776 rius
507 4722 646 4775 erit?
687 4722 976 4776 Audiamus
1007 4723 1174 4789 ipsum
1210 4721 1506 4784 Dominum,
1547 4722 1832 4789 principem
1877 4730 1928 4774 et

358 4813 667 4882 magistrum
691 4813 1085 4882 Apostolorum.
1111 4811 1376 4881 Respicite,
1401 4812 1586 4881 inquit,
1605 4813 1823 4865 volatilia
1841 4829 1932 4864 εω-

357 4906 412 4964 li,
436 4906 553 4975 quia
570 4921 670 4957 non
687 4905 951 4970 seminum,
981 4921 1134 4975 neque
1152 4915 1360 4967 metunt,
1382 4921 1537 4972 neque
1554 4915 1853 4974 congregant
1879 4905 1930 4957 in

355 5001 532 5049 horrea
557 5012 574 5056 ;
603 5007 648 5048 et
680 4994 836 5048 Pater
876 5006 1030 5050 vester
1058 4997 1265 5049 caelestis
1303 4997 1460 5064 pascit
1494 4996 1581 5048 illa
1619 4994 1825 5064 (Matth.
1857 5013 1924 5058 vt,

354 5086 467 5155 ΞΒ).
499 5087 639 5156 Ergo
664 5096 717 5140 et
739 5088 1234 5156 [.tl‘lBlCl‘lIttﬂllthlll,
1267 5087 1513 5140 animalia
1538 5087 1634 5140 ista
1660 5089 1930 5156 pertinent

353 5179 416 5232 ad
447 5191 625 5234 curam
650 5179 764 5244 Dei,
799 5190 851 5233 ut
879 5190 1180 5249 pascantur,
1213 5194 1316 5232 non
1363 5187 1414 5229 ut
1450 5178 1614 5248 legem
1647 5179 1924 5246 accipiant.

352 5270 501 5335 Quod
539 5286 664 5340 ergo
691 5271 756 5324 ad
797 5270 1020 5324 dandam
1057 5270 1223 5337 legem
1263 5269 1469 5333 attinet,
1501 5267 1569 5322 de
1610 5268 1776 5321 bobus
1801 5283 1926 5322 cura

357 5365 462 5414 Deo
507 5379 610 5415 non
665 5373 778 5424 est;
833 5362 972 5431 quod
1021 5371 1196 5415 autem
1245 5362 1309 5414 ad
1347 5361 1596 5424 ereanda,
1644 5360 1924 5430 pascenda,

351 5451 688 5519 gubernanda
720 5461 773 5506 et
811 5453 1057 5520 regenda,
1097 5455 1273 5505 omnia
1317 5453 1381 5504 ad
1429 5452 1592 5505 Deum
1639 5452 1924 5520 pertinent.

354 5543 538 5598 Nonne
553 5545 652 5596 duo
685 5561 906 5612 passeres
935 5561 1046 5598 asse
1075 5555 1282 5597 veneunt
1307 5544 1592 5614 (Dominus
1607 5544 1758 5599 Jesus
1774 5544 1926 5597 Chri-

351 5647 461 5688 stus
484 5635 666 5705 dicit),
700 5645 742 5688 et
772 5652 900 5687 unus
933 5653 995 5688 ea:
1033 5637 1100 5687 eis
1130 5652 1229 5688 non
1261 5635 1402 5688 cadet
1428 5637 1478 5689 in
1506 5645 1688 5690 ten-am
1711 5637 1815 5691 sine
1845 5651 1929 5690 vo-

415 5747 484 5809 (α)
513 5749 592 5797 ttic
615 5748 926 5812 designantur
953 5747 1206 5797 Manieluet.

1480 309 1867 364 ENARRATIO
1905 311 1970 362 ΙΝ
2010 309 2329 366 PSALMUM
2369 312 2570 369 CXLV.

3496 320 3515 376 l
3528 317 3631 375 89-5

2069 421 2258 476 (tmtate
2279 423 2445 479 Patris
2467 428 2648 481 vestri?
2675 427 2872 495 Quanto
2893 430 3049 500 magis
3071 446 3153 484 vos
3181 431 3341 498 pluris
3353 431 3469 487 estis
3490 431 3588 486 illis
3604 433 3632 488 7

2062 511 2106 565 Ν
2132 514 2178 567 ili
2207 532 2335 584 ergo
2372 517 2549 573 dicere
2581 537 2592 570 :
2633 519 2746 573 Non
2793 522 3028 589 pertineo
3061 520 3124 574 ad
3168 521 3350 575 Deum.
3396 521 3634 577 Pertinet

2061 606 2126 658 ad
2162 607 2319 660 Deum
2351 609 2524 662 anima
2553 618 2658 673 tua,
2695 612 2914 678 pertinet
2946 611 3011 665 ad
3035 612 3201 666 Deum
3227 626 3417 680 ctu-pus
3444 621 3625 677 tuum;

2060 695 2179 762 quia
2205 697 2340 750 Deus
2370 697 2490 752 fecit
2516 709 2568 753 et
2589 700 2816 752 animam
2849 711 2987 754 tuam
3018 709 3072 754 et
3107 716 3298 770 corpus
3324 711 3490 755 tuum.
3537 702 3631 756 Di-

2059 788 2135 842 cis
2169 790 2334 843 forte:
2381 791 2492 846 Non
2522 807 2605 845 me
2636 803 2876 846 numerat
2905 794 3042 848 Dens
3077 795 3128 847 in
3175 808 3360 863 magna
3391 793 3628 848 multitu-

2059 877 2200 932 dine.
2231 880 2450 935 Accedit
2482 881 2550 934 ibi
2585 883 2774 935 mirum
2799 883 2864 936 de
2891 885 3209 953 Evangelio:
3241 883 3427 953 Capilli
3451 883 3628 952 capitis

2059 971 2203 1022 vestri
2226 987 2393 1024 omnes
2423 973 2665 1025 numerati
2691 985 2804 1026 sunt
2829 973 3034 1044 (Matth.
3067 991 3117 1040 Χ,
3145 974 3356 1045 29-51).

2133 1059 2218 1113 15.
2253 1057 2400 1130 [υενδ.
2426 1061 2477 1125 7,
2506 1059 2584 1132 8.]
2610 1063 2744 1131 Ergo
2771 1063 2908 1117 Deus
2945 1079 3091 1118 meus
3113 1075 3212 1130 est,
3237 1078 3288 1119 et
3314 1064 3365 1117 in
3392 1065 3481 1117 illo
3501 1079 3626 1134 spes

2057 1165 2196 1213 mea,
2232 1153 2314 1220 qui
2341 1153 2455 1221 fecit
2484 1154 2658 1206 caelum
2685 1165 2730 1207 et
2769 1164 2970 1219 terram,
3011 1174 3149 1209 mare
3185 1166 3230 1210 et
3257 1157 3420 1210 omnia
3444 1172 3554 1226 qua:
3573 1156 3627 1209 in

2057 1242 2125 1293 eis
2149 1253 2281 1294 sunt.
2311 1243 2460 1310 Quod
2498 1254 2672 1298 autem
2715 1246 2778 1299 ad
2822 1263 2908 1301 me
2941 1248 3186 1317 pertinet,
3224 1248 3346 1318 quid
3375 1249 3482 1318 agit
3507 1263 3622 1302 me-

2055 1334 2214 1384 cum?
2242 1333 2340 1396 Qui
2373 1336 2586 1388 custodit
2607 1337 2856 1390 veritatem
2878 1339 2927 1390 in
2959 1349 3216 1392 teternum.
3248 1338 3624 1392 Etamandum

2057 1421 2219 1475 Deum
2247 1426 2656 1490 commendavit,
2688 1438 2740 1480 et
2769 1428 3077 1499 timendum.
3125 1429 3222 1493 Qui
3258 1430 3471 1483 custodit
3492 1429 3625 1484 veri-

2054 1523 2206 1567 tatem
2223 1516 2273 1567 in
2289 1526 2547 1570 attentum.
2579 1520 2742 1586 Quam
2767 1523 3038 1574 veritatem
3059 1522 3109 1574 in
3127 1532 3380 1575 mteruum
3399 1522 3421 1574 ?
3442 1537 3622 1592 quam,

2053 1617 2106 1660 et
2133 1607 2181 1661 in
2211 1624 2317 1678 quo
2340 1611 2569 1664 cusmdit
2603 1612 2914 1666 veritatem?
2947 1612 3232 1666 Facicntem
3258 1614 3508 1683 judicium
3539 1615 3624 1667 in-

2041 1701 2236 1768 juriam
2275 1702 2648 1770 accipientibus.
2701 1705 2940 1759 Vindicat
2999 1706 3241 1774 injuriam
3282 1707 3622 1774 accipientes,

2052 1787 2242 1844 fratres
2260 1792 2362 1845 mci
2383 1809 2396 1855 ;
2422 1793 2543 1859 facit
2564 1795 2666 1847 illis
2688 1794 2964 1864 judicium.
2983 1796 3218 1861 Quibus?
3239 1796 3339 1862 Qui
3357 1797 3624 1864 accipiunt

2051 1878 2317 1948 injuriam,
2348 1884 2569 1951 puniens
2609 1900 2795 1939 omnes
2832 1885 3135 1953 iujuriosos.
3171 1885 3225 1941 Si
3266 1901 3394 1956 ergo
3425 1885 3624 1940 favebit

2050 1968 2291 2038 injuriam
2318 1973 2696 2041 accipientibus
2717 1985 2769 2029 ct
2790 1976 2972 2045 puniet
2997 1976 3298 2045 iujuriosos,
3323 1977 3442 2032 vide
3463 1977 3624 2033 modo

2049 2060 2116 2114 de
2140 2078 2360 2132 quorum
2392 2080 2612 2120 numero
2657 2068 2897 2122 essc.vis.
2928 2068 3078 2134 Vide,
3117 2070 3329 2124 attende
3364 2080 3537 2124 utrum
3570 2072 3623 2125 in

2048 2153 2125 2206 eis
2154 2154 2285 2208 velis
2311 2170 2451 2221 esse,
2501 2157 2590 2226 qui
2621 2157 2864 2226 injuriam
2910 2161 3194 2229 accipiunt,
3241 2176 3308 2214 an
3347 2162 3398 2215 in
3430 2163 3508 2216 eis
3533 2162 3622 2230 qui

2047 2243 2292 2313 injuriam
2341 2247 2558 2302 faciunt.
2608 2249 2794 2304 Statim
2844 2251 2984 2305 enim
3036 2251 3102 2306 ad
3149 2263 3199 2307 te
3248 2254 3482 2322 procedit
3516 2270 3620 2310 vox

2047 2335 2351 2402 apostolica,
2375 2349 2429 2390 et
2453 2337 2582 2392 dicit
2610 2339 2721 2404 tibi,
2753 2339 2872 2391 Jam
2908 2342 3109 2409 quidem
3149 2345 3350 2396 omnino
3379 2343 3619 2398 delictum

2047 2437 2136 2492 est,
2169 2428 2284 2497 quia
2296 2428 2493 2497 judicia
2515 2429 2706 2485 habetis
2730 2433 2996 2486 vobiscum.
3034 2433 3201 2500 Quare
3235 2451 3334 2488 non
3358 2436 3516 2506 magis
3539 2437 3622 2492 in-

2041 2519 2230 2588 juriam
2273 2522 2501 2590 patimini
2549 2522 2604 2595 (l
2633 2522 2750 2589 Cor.
2796 2541 2872 2587 vr,
2923 2525 3031 2595 7)?
3076 2525 3312 2596 Corripit
3353 2526 3620 2595 homines.

2044 2611 2283 2678 quianon
2309 2611 2578 2680 patiuntur
2597 2612 2863 2683 injuriam.
2878 2614 2990 2669 Non
3011 2627 3065 2671 ut
3088 2619 3300 2685 patiaris
3322 2617 3621 2674 molestiam

2046 2708 2096 2754 te
2146 2700 2400 2770 hortatur,
2457 2704 2550 2760 sed
2602 2715 2656 2760 ut
2707 2707 2921 2775 patiaris
2969 2709 3265 2776 injuriam:
3316 2725 3419 2764 non
3471 2711 3618 2765 enim

2043 2793 2215 2846 cumis
2246 2795 2485 2849 molestia
2530 2797 2716 2866 injuria
2748 2808 2846 2852 est.
2879 2799 3139 2870 Quidquid
3166 2801 3307 2856 enim
3333 2802 3449 2870 jure
3475 2811 3621 2872 pate.

2043 2883 2136 2949 ris,
2168 2899 2272 2938 non
2306 2895 2385 2940 est
2414 2887 2622 2956 injuria.
2674 2888 2752 2943 Ne
2792 2891 2925 2944 forte
2961 2889 3168 2945 diceres
3200 2908 3214 2944 :
3259 2892 3324 2945 Et
3356 2909 3454 2963 ego
3481 2893 3620 2947 inter

2043 2975 2286 3044 injuriam
2315 2993 2499 3047 passos
2539 2997 2824 3045 πηλίκοι-οῖς
2869 2998 2988 3035 nam
3018 2977 3145 3037 illud
3191 2985 3242 3038 in
3279 2985 3373 3038 illo'
3398 2986 3532 3047 loco,
3561 2992 3616 3039 et

2039 3067 2168 3122 illud
2195 3084 2354 3124 causa
2387 3072 2471 3125 illa
2498 3088 2684 3142 passus
2713 3090 2848 3126 sum.
2901 3074 3028 3128 Vide
3061 3076 3106 3129 si
3151 3077 3393 3144 injuriam
3430 3094 3616 3147 passus

2038 3173 2116 3214 es.
2145 3159 2401 3217 Latrones
2426 3165 2586 3218 multa
2622 3167 2908 3233 patiuntur,
2933 3168 3024 3222 sed
3057 3184 3160 3221 non
3190 3169 3431 3237 injuriam
3455 3188 3466 3223 :
3493 3188 3614 3227 sce-

2038 3248 2211 3314 lerati,
2265 3251 2506 3320 malefici,
2570 3255 2895 3322 elfractores,
2946 3257 3200 3323 adulteri,
3255 3271 3612 3329 corruptores,

2037 3355 2222 3396 Otones
2258 3335 2528 3412 patiuntur
2569 3349 2730 3401 multa
2765 3349 2922 3415 mala,
2968 3350 3063 3404 sed
3104 3352 3242 3404 nulla
3283 3363 3365 3406 est
3403 3354 3611 3423 injuria.

2036 3435 2190 3489 Aliud
2218 3446 2296 3490 est
2325 3437 2428 3506 pati
2459 3437 2702 3506 injuriam
2727 3457 2740 3504 ;
2769 3441 2907 3496 aliud
2935 3442 3041 3511 pati
3074 3444 3483 3511 tribulationem,
3520 3455 3614 3501 aut

2038 3543 2269 3596 pinnam,
2309 3539 2401 3582 aut
2448 3530 2765 3596 molestiam,
2817 3541 2907 3585 aut
2941 3520 3276 3602 supplicium.
3322 3535 3610 3591 Considera

2037 3619 2122 3671 ubi
2153 3619 2246 3680 sis,
2288 3619 2411 3687 quid
2443 3621 2614 3688 egeris
2644 3623 2780 3685 vide,
2813 3639 2976 3689 quare
3009 3624 3400 3690 patiaris-vide;
3454 3635 3508 3679 et
3539 3627 3610 3680 ibi

2036 3708 2184 3760 vides
2209 3709 2330 3776 quid
2362 3710 2596 3776 patiaris.
2640 3711 2732 3766 Jns
2758 3723 2811 3765 et
2833 3712 3023 3780 injuria
3054 3716 3315 3767 contraria
3341 3723 3479 3767 sunt.
3509 3715 3608 3770 Jus

2037 3800 2174 3852 enim
2204 3807 2284 3852 est
2327 3801 2466 3869 quod
2509 3803 2699 3869 justum
2741 3813 2840 3856 est.
2890 3803 3068 3873 Neque
3109 3805 3246 3857 enim
3283 3821 3440 3859 omne
3464 3806 3607 3876 quod

2030 3891 2118 3961 jus
2157 3891 2370 3958 dicitur,
2409 3896 2496 3962 jus
2534 3905 2632 3949 est.
2681 3895 2812 3962 Quid
2854 3899 2893 3950 si
2935 3896 3122 3964 aliquis
3155 3897 3345 3950 condat
3375 3897 3461 3965 jus
3492 3898 3609 3952 ini-

2035 3984 2235 4053 quum?
2264 3983 2368 4037 Nec
2395 3985 2482 4052 jus
2507 3985 2788 4039 dicendum
2818 3995 2918 4049 est,
2962 3986 3005 4039 si
3048 3986 3296 4054 injustam
3337 3998 3436 4042 est.
3476 3988 3607 4044 Illud

2035 4090 2161 4144 ergo
2189 4075 2491 4143 verumjns,
2524 4075 2661 4144 quod
2692 4078 2849 4130 etiam
2871 4077 3066 4145 justum
3094 4086 3195 4132 est.
3227 4078 3353 4133 Vide
3378 4077 3500 4148 quid
3525 4079 3606 4134 fe-

2034 4166 2194 4228 ceris,
2225 4183 2328 4220 non
2361 4167 2488 4235 quid
2515 4167 2748 4235 patiaris.
2780 4168 2833 4222 Si
2858 4169 2945 4235 jus
2975 4168 3163 4230 fecisti,
3189 4169 3431 4244 injuriam
3462 4180 3608 4241 pate-

2035 4259 2106 4311 ris
2133 4273 2146 4310 :
2181 4258 2224 4310 si
2258 4257 2500 4326 injuriam
2532 4257 2721 4322 fecisti,
2749 4259 2831 4327 jus
2861 4259 3075 4328 pateris.

2108 4351 2190 4404 16.
2215 4349 2386 4417 Quare
2417 4350 2511 4402 ista
2534 4350 2662 4412 dixi,
2692 4351 2879 4404 fratres
2905 4351 2975 4422 (a)
2996 4351 3018 4401 ἰν
3044 4351 3110 4406 Ut
3136 4367 3239 4404 non
3265 4365 3322 4405 se
3351 4353 3604 4408 extollant

2035 4443 2288 4506 lueretici,
2315 4441 2523 4510 quando
2557 4444 2692 4496 forte
2726 4443 2922 4510 aliquid
2954 4444 3218 4511 patiuntur
3257 4460 3318 4498 ex
3346 4446 3602 4514 jussioui-

1973 4529 1978 4531 ’
2034 4532 2129 4586 bus
2171 4533 2460 4600 principum
2506 4543 2874 4594 terrenarum;
2917 4549 3019 4586 non
3068 4550 3125 4588 se
3167 4545 3444 4589 numerent
3468 4537 3606 4592 inter

2032 4639 2125 4674 eos
2163 4623 2248 4692 qui
2293 4623 2511 4690 injurias
2547 4624 2828 4693 accipiunt,
2860 4634 2912 4677 et
2939 4624 3113 4677 dieant
3140 4641 3152 4675 :
3200 4625 3335 4680 Ecce
3365 4626 3605 4683 Psalmus

2033 4715 2336 4768 consolatur
2367 4731 2487 4777 me;
2517 4731 2614 4784 ego
2635 4717 2770 4768 cnim
2800 4716 2960 4769 Deum
2991 4717 3124 4779 eolo,
3158 4719 3504 4787 quijudicium
3524 4721 3604 4788 [a-

2033 4805 2123 4856 ciet
2163 4805 2401 4875 injuriam
2435 4805 2809 4874 accipientibus.
2859 4808 3016 4860 liccte
3046 4822 3227 4875 qumro
3259 4822 3428 4862 tttrutn
3462 4810 3602 4878 inju-

2035 4896 2164 4950 riam
2189 4898 2435 4965 accipias.
2462 4897 2515 4950 Si
2540 4897 2627 4965 jus
2651 4896 2840 4960 fecisti,
2866 4897 3049 4965 injuria
3090 4909 3170 4952 est
3196 4915 3352 4968 quam
3383 4904 3604 4970 pateris.

2032 4987 2126 5041 Jus
2153 4999 2234 5042 est
2271 4987 2549 5042 exsufﬂare
2579 4986 2883 5040 Christum?
2910 4988 2996 5056 jus
3035 4999 3116 5044 est
3155 4991 3331 5044 rebelli
3359 4993 3602 5060 superbia

2033 5079 2236 5147 erigere
2265 5079 2468 5131 altare?
2502 5078 2587 5146 jus
2615 5087 2697 5133 est
2724 5079 2764 5143 ¹,
2813 5081 3147 5147 parcentihus
3179 5086 3604 5150 persecutoribus

2035 5172 2224 5225 tunica:
2271 5171 2462 5223 Christi
2519 5170 2693 5239 (Joan.
2750 5187 2858 5238 xix,
2906 5172 3016 5242 24),
3061 5174 3350 5229 Ecclesiam
3410 5176 3603 5231 Clu-isti

2034 5259 2416 5314 conscindere?
2463 5261 2625 5314 Porro
2659 5263 2700 5314 si
2729 5261 2827 5316 hoc
2848 5263 2935 5332 jus
2963 5279 3065 5317 non
3095 5275 3196 5329 est,
3229 5266 3479 5336 quidquid
3510 5283 3606 5336 pro

2034 5352 2133 5406 hoc
2156 5355 2368 5420 pateris,
2395 5353 2482 5421 jus
2509 5362 2608 5406 est.
2640 5353 2755 5408 Non
2781 5371 2837 5408 es
2868 5370 2993 5424 ergo
3013 5355 3080 5408 de
3111 5357 3191 5408 his
3219 5359 3304 5425 qui
3335 5359 3602 5426 patiuntur

2036 5442 2299 5510 injuriam.
2355 5442 2495 5512 Lego
2541 5444 2736 5513 aliquid
2787 5446 3117 5501 manifestius
3163 5463 3229 5501 ex
3279 5449 3599 5520 Evangelia:

2034 5534 2176 5588 Beati
2202 5576 2216 5597 ,
2249 5535 2435 5604 inquit,
2458 5536 2544 5604 qui
2567 5542 2960 5605 persecutionem
2984 5541 3257 5608 patiuntur.
3304 5541 3559 5612 Exspecta
3584 5561 3601 5601 :

2100 5629 2114 5698 ξ
2153 5625 2517 5698 tjleriquettss;
2534 5627 2594 5696 ..ςὶ
2607 5627 2692 5684 jus
2713 5634 2782 5698 est
2804 5627 3056 5698 exsuﬂlare
3073 5630 3314 5682 Christum
3336 5645 3364 5698 ;_
3381 5633 3424 5685 si
3436 5635 3520 5696 jus
3534 5641 3605 5688 est

2034 5685 2200 5758 rebelli
2225 5685 2447 5750 superbia
2471 5687 2656 5758 eripere
2677 5689 2829 5740 altare
2851 5685 3020 5755 :sij'us
3041 5699 3109 5744 est
3133 5685 3454 5758 ponentibus:
3474 5685 3570 5748 etc.

2100 5750 2172 5811 (a)
2197 5758 2362 5799 contra
2386 5754 2666 5800 Donatistas.
2935 5750 2950 5755 '
3133 5750 3144 5758 '
3380 5777 3387 5793 ι
