4042 6202
332 5788 352 5828 \

440 336 578 393 1895

438 439 566 522 quid
621 445 880 503 festinas?
928 441 1051 512 quid
1097 440 1265 505 dicis,
1329 438 1439 508 Ego
1493 435 1653 490 sum?
1717 435 2005 502 Exspecta,

443 540 688 610 inquam;
720 547 885 589 totum
926 534 1114 601 legam.
1159 528 1383 591 Audisti,
1414 525 1557 580 Beati
1589 525 1676 593 qui
1705 524 2007 593 persecutio-

442 647 555 684 nem
580 630 869 700 patiuntur;
886 624 993 692 jam
1023 623 1115 677 tibi
1138 621 1317 675 nesoio
1331 618 1455 688 quid
1475 631 1714 685 cteperas
1740 628 2006 684 art-ngare.

439 721 495 778 Si
526 718 804 790 permittis,
846 725 1013 769 totum
1040 713 1195 783 lego;
1246 710 1365 765 vide
1389 708 1513 778 quid
1543 716 1812 775 sequatur.
1859 703 2003 757 Beati

439 814 524 883 qui
561 809 949 880 persecutionem
989 806 1247 875 patiuntur
1276 810 1478 870 propter
1510 798 1760 869 justitiam
1798 794 2006 861 (Matth.

439 902 627 971 v,10).
679 899 831 954 Modo
881 897 987 962 dic,
1041 895 1328 969 Ego'snm.
1375 890 1430 946 Si
1471 890 1633 944 audes
1668 888 1866 953 dicere,
1900 886 2012 955 Ego

440 1009 556 1049 sum
581 1010 597 1059 ;
628 991 897 1062 superiora
943 1004 1062 1059 quae
1086 986 1191 1063 dixi
1222 992 1570 1040 retractemus
1598 998 1612 1034 :
1641 990 1749 1044 aut,
1794 994 1860 1034 ne
1890 979 2008 1032 lon-

440 1100 563 1155 gum
600 1082 689 1148 sit,
738 1081 836 1135 hoc
869 1095 1028 1133 unum
1071 1077 1379 1145 interrogo:
1421 1072 1477 1127 Si
1522 1071 1805 1125 damuares
1845 1083 2007 1122 unum

444 1174 729 1238 hominem,
769 1170 919 1239 cujus
950 1180 1158 1222 causam
1199 1162 1449 1227 nescires,
1490 1161 1715 1215 auderes
1745 1171 1794 1214 te
1830 1159 2010 1213 dicere

443 1276 624 1320 tenere
652 1259 950 1331 justitiam?
990 1265 1099 1322 aut,
1148 1256 1193 1309 si
1219 1253 1341 1323 quid
1371 1267 1466 1322 pro
1494 1250 1592 1305 hac
1621 1266 1680 1306 re
1711 1263 1893 1318 passus
1918 1264 2005 1302 es-

441 1368 546 1419 scs,
593 1352 832 1421 injuriam
882 1346 1220 1402 nominares?
1270 1344 1440 1412 Erigis
1474 1351 1525 1397 te
1569 1342 1619 1395 in
1671 1339 2008 1394 temerarium

444 1444 666 1498 tribunal
693 1440 867 1496 cordis
899 1438 991 1502 lui,
1024 1436 1162 1491 unde
1193 1433 1577 1506 praecipiteris;
1602 1432 1840 1505 claudes
1867 1431 2009 1485 ferre

446 1532 761 1590 sententiam
781 1530 847 1587 de
869 1529 1079 1584 homine
1105 1527 1255 1595 cujus
1269 1541 1482 1580 causam
1510 1523 1678 1578 nescis
1697 1524 1711 1577 ι
1732 1522 1842 1576 Hoc
1869 1522 1914 1577 si
1941 1521 2013 1576 de

443 1640 547 1680 uno
568 1624 779 1677 homine
807 1620 1027 1685 faceres,
1058 1632 1206 1673 esses
1236 1616 1498 1684 injustas:
1527 1614 1653 1668 facis
1675 1612 1776 1667 hoc
1801 1612 1865 1675 de
1896 1621 2011 1667 toto

441 1717 568 1772 orbe
610 1723 891 1778 terrarum,
940 1719 993 1765 et
1013 1710 1186 1779 justus
1212 1708 1305 1761 es?
1352 1706 1566 1761 Fratres
1591 1703 1908 1769 cbarissimi,
1953 1711 2010 1758 et

439 1802 558 1877 qum
593 1815 675 1860 cst
703 1819 820 1874 qua:
847 1802 1038 1872 patitur
1064 1800 1328 1870 iujuriam,
1358 1798 1457 1852 nisi
1487 1797 1720 1851 Ecclesia
1748 1796 2008 1849 catholica

437 1914 557 1968 quas
572 1906 719 1952 tanta
743 1896 838 1950 ista
865 1893 1193 1965 perpetitur?
1236 1891 1375 1945 inter
1401 1898 1477 1945 tot
1502 1890 1751 1945 scandala
1791 1888 2004 1941 lucreti-

440 2002 620 2042 corum
661 1987 853 2057 gemit;
898 1985 1037 2038 videt
1079 1998 1173 2052 per
1211 1982 1376 2036 malas
1403 1980 1675 2034 suasioncs
1703 1990 1758 2033 et
1797 1978 2008 2032 irattdes

439 2078 551 2147 rapi
590 2076 656 2131 de
687 2076 888 2146 gremio
927 2088 1024 2128 suo
1061 2074 1320 2138 inﬁrmos,
1363 2070 1611 2140 parvulos
1644 2068 1871 2138 pertrahi
1911 2083 2008 2138 per

440 2168 619 2223 nescio
646 2182 763 2237 qua:
789 2176 992 2221 secreta
1024 2165 1276 2219 malarum
1320 2162 1689 2233 speluncarum
1713 2200 1728 2222 ,
1773 2160 2007 2229 rcliaptio

439 2260 565 2324 tari,
603 2257 869 2314 exsufﬂari
907 2257 959 2311 iu
1004 2254 1084 2311 eis
1127 2254 1416 2318 Christum,
1466 2251 1635 2307 occidi
1686 2252 1736 2305 in
1779 2252 1857 2305 eis
1900 2266 2005 2305 non

439 2349 663 2407 mortale
696 2347 825 2404 illud
851 2362 1003 2403 suum
1040 2361 1146 2416 quo
1176 2345 1420 2401 homines
1444 2352 1587 2409 sunt,
1628 2342 1721 2397 sed
1749 2341 1881 2396 iltud
1902 2356 2008 2410 quo

437 2441 494 2498 in
515 2450 772 2497 tetanum
796 2439 982 2494 victuri
1002 2447 1145 2499 sunt.
1165 2434 1425 2492 Suadetur
1443 2434 1643 2489 homini
1664 2433 1860 2497 dicere,
1888 2431 2006 2487 Non

436 2549 557 2592 sum
596 2532 935 2595 christianos,
982 2540 1036 2585 et
1072 2529 1275 2600 justitia
1307 2537 1545 2582 vocatur.
1586 2528 1911 2579 Accessurus
1949 2538 2011 2578 es

437 2625 506 2681 ad
533 2625 858 2696 episcopum,
898 2623 973 2676 ait
998 2621 1094 2685 illi,
1129 2619 1252 2674 vide
1276 2634 1341 2673 ne
1360 2618 1507 2672 dicas
1531 2625 1583 2672 te
1608 2631 1728 2671 esse
1760 2615 2005 2669 christia-

439 2735 564 2775 num
595 2735 609 2772 :
640 2717 684 2772 si
704 2717 844 2772 enim
865 2714 1060 2770 dixeris
1080 2723 1131 2768 te
1156 2726 1275 2767 esse
1298 2710 1664 2793 christianum,
1694 2722 1799 2762 non
1823 2721 1883 2763 es
1911 2720 2010 2761 ac-

436 2818 725 2880 cepturus;
754 2815 813 2864 ut
836 2817 1013 2860 autem
1040 2803 1290 2873 accipias,
1321 2801 1407 2857 dic
1451 2809 1504 2855 te
1536 2814 1640 2854 non
1685 2813 1823 2854 esse.
1870 2796 2008 2863 Quid

404 2926 409 2932 ι
439 2914 646 2966 itiones,
676 2897 961 2955 christiano
978 2896 1003 2951 ?
1022 2894 1146 2966 quid
1173 2893 1369 2955 doces?
1398 2891 1556 2948 Certe
1582 2889 2006 2960 persecutionem

440 2991 638 3064 pateris
668 2991 718 3045 ιι
745 2996 943 3060 quanto
979 2996 1032 3041 tn
1065 2985 1242 3041 verior
1268 2982 1609 3054 persecutor!
1654 2978 1877 3049 Quando
1902 2978 2008 3034 hac

443 3092 710 3154 peratores
731 3079 1181 3152 persequebantur
1207 3075 1558 3155 Christianos,
1584 3070 1836 3128 minando
1855 3085 2006 3140 coge-

438 3175 585 3238 bant,
612 3172 751 3244 quod
779 3181 832 3227 tu
861 3170 1026 3226 eilicis
1061 3167 1350 3223 suadendo.
1379 3163 1675 3221 Persuades
1711 3163 2006 3219 christiano

443 3274 500 3319 ut
524 3275 678 3334 neget
700 3278 759 3319 se
779 3277 897 3317 esse
911 3259 1255 3314 christianum
1279 3275 1293 3311 :
1314 3255 1453 3326 quod
1481 3266 1532 3309 tu
1559 3253 1830 3310 suadendo
1852 3252 2003 3321 iacis,

440 3355 543 3409 hoc
558 3360 861 3423 persecutor
879 3347 1167 3404 occidendo
1186 3362 1289 3401 non
1308 3346 1446 3400 fecit.
1471 3345 1580 3400 Sub
1598 3353 1648 3398 te
1674 3343 1800 3397 vivit
1821 3342 2003 3409 homo,

440 3447 531 3518 qui
563 3454 717 3514 negat
752 3457 811 3497 se
836 3456 954 3496 esse
981 3438 1347 3494 christianum.
1376 3435 1558 3502 Negat,
1591 3444 1645 3489 et
1669 3432 1832 3488 vivit?
1878 3433 2008 3488 Per-

440 3537 575 3594 didit
593 3535 700 3605 jam
724 3534 882 3587 vitam
908 3548 923 3596 ;
950 3530 1173 3585 cadaver
1202 3521 1291 3583 tibi
1319 3527 1566 3597 loquitur.
1598 3525 1696 3593 Qui
1725 3538 2009 3596 percussus

441 3637 527 3684 est
544 3624 715 3697 gladio
735 3621 1105 3694 persecutoris,
1124 3618 1332 3684 cecidit,
1359 3626 1412 3672 et
1437 3617 1566 3672 vivit
1596 3635 1610 3672 :
1640 3616 1724 3672 cui
1750 3616 2004 3686 loqueris,

442 3727 567 3781 stat,
603 3721 658 3771 et
679 3712 891 3775 cecidit.
926 3712 1049 3766 H320
1073 3709 1290 3773 faciens,
1331 3705 1581 3777 quidquid
1607 3720 1793 3776 passus
1823 3704 2005 3771 fueris,

441 3810 630 3878 injuria
655 3807 797 3863 erit?
815 3805 948 3860 Nolo
968 3803 1058 3858 tibi
1082 3800 1367 3857 blandiaris
1396 3816 1410 3851 τ
1445 3798 1490 3853 si
1519 3798 1634 3852 hzcc
1665 3796 1855 3866 injusta
1883 3805 2013 3852 sunt.

437 3900 616 3956 Omnia
644 3913 762 3969 qua:
786 3896 935 3960 iacis,
974 3892 1226 3964 quidquid
1264 3889 1458 3960 pateris
1494 3889 1693 3958 justum
1739 3889 1860 3943 erit.
1909 3885 2008 3942 Cui

443 4002 618 4046 autem
662 3988 784 4043 facit
824 3986 1097 4057 judicium,
1126 3984 1212 4054 qui
1240 3981 1455 4035 custodit
1496 3980 1748 4035 ueritatem
1779 3980 1834 4032 in
1857 3989 2006 4033 teter-

439 4098 562 4137 nnnt
582 4082 607 4136 .7
626 4079 875 4149 Iniuriam
898 4074 1271 4144 accipientibus.
1918 4062 1924 4072 “

493 4173 579 4228 Π.
597 4166 884 4244 [uers.7,8.]
898 4167 1012 4222 Jam
1029 4175 1081 4220 tu
1102 4162 1344 4234 procede,
1357 4171 1411 4217 et
1428 4160 1513 4216 dic
1523 4157 2010 4213 ratiocinationibus

445 4262 667 4318 illistuis
689 4260 861 4322 bonis,
886 4268 939 4313 et
958 4255 1105 4326 quasi
1127 4255 1294 4308 acutis
1307 4261 1361 4307 et
1382 4251 1679 4315 subtilibus,
1704 4250 1823 4319 quia
1843 4257 1895 4301 tu
1915 4263 2008 4317 pa-

442 4353 551 4409 scis
568 4367 585 4417 ;
604 4361 660 4405 et
672 4349 756 4404 dic
771 4367 783 4402 :
801 4347 1091 4402 Famelicus
1110 4352 1278 4413 potest
1295 4342 1549 4411 pascere?
1570 4338 1623 4394 id
1639 4348 1737 4402 est,
1760 4349 2007 4408 peccator

444 4453 618 4516 potest
634 4444 762 4495 dare
786 4448 1024 4493 sanctum
1042 4437 1065 4489 ?
1086 4433 1380 4489 Famelicus
1409 4440 1582 4500 potest
1606 4428 1862 4499 pascere?
1891 4429 2008 4481 lan-

441 4533 632 4606 guidus
681 4538 855 4601 potest
894 4525 1117 4582 sanare?
1170 4523 1356 4591 ligatus
1401 4529 1575 4590 potest
1618 4519 1858 4574 solvere?
1906 4517 2005 4572 Ista

441 4632 571 4680 sunt
594 4621 755 4678 veluti
786 4632 972 4688 magna
999 4625 1053 4670 et
1078 4613 1309 4678 subtilia,
1336 4612 1527 4682 quilms
1549 4608 1816 4678 decipiunt
1836 4609 2007 4678 impe-

444 4716 594 4770 ritos.
622 4711 843 4767 Claudat
876 4709 980 4764 illis
1007 4722 1067 4762 os
1090 4705 1323 4773 psalmus
1350 4703 1449 4758 iste
1478 4720 1493 4757 :
1536 4700 1749 4755 Dantem
1782 4704 1803 4733 ³
1843 4718 2009 4756 escam

445 4802 793 4862 esurientibus.
827 4800 963 4855 Ecce
984 4797 1109 4853 nihil
1131 4812 1161 4850 ιι
1188 4805 1238 4850 te
1254 4804 1503 4863 exSpecto
1524 4809 1540 4857 ;
1574 4792 1713 4846 Deus
1730 4791 1822 4844 dat
1846 4808 2009 4846 escam

445 4895 791 4953 esurientibus.
821 4892 1018 4962 Quibus
1042 4885 1429 4945 esurientibus?
1452 4883 1727 4940 Omnibus.
1749 4882 1884 4951 Quid
1904 4892 2007 4948 est,

446 4985 730 5044 omnibus?
754 4977 1011 5039 Onmibus
1036 4978 1380 5042 animalibus,
1427 4974 1671 5030 omnibus
1711 4973 2010 5028 hominibus

390 5134 393 5143 ,
448 5081 561 5148 ipse
596 5079 688 5133 dat
710 5091 885 5132 escam
909 5090 925 5139 ;
951 5082 1005 5128 et
1022 5072 1217 5127 nullam
1240 5084 1414 5124 escam
1440 5077 1615 5122 servat
1636 5066 1845 5123 dilectis
1867 5067 2010 5121 suis?

447 5169 504 5225 Si
531 5169 724 5223 habent
751 5165 907 5220 aliam
937 5162 1149 5222 famem,
1174 5157 1614 5223 ltabcntetaliam
1640 5170 1836 5210 escam.
1856 5154 2012 5223 Qute-

450 5275 629 5315 ranms
667 5257 838 5328 primo
874 5254 1063 5308 famem
1104 5252 1356 5322 ipsorum,
1397 5238 1452 5303 et
1482 5247 1808 5303 inveniemus
1833 5261 2010 5301 escam

451 5349 684 5415 ipsorqu
714 5367 728 5400 :
762 5346 905 5401 Beati
933 5344 1018 5414 qui
1052 5346 1274 5397 esuriant
1315 5350 1362 5395 et
1388 5341 1559 5394 sitiunt
1575 5339 1848 5408 justitiam,
1891 5352 2016 5409 quo-

451 5444 587 5496 niam
625 5442 722 5512 ipsi
770 5437 1125 5494 saturabuntur
1150 5434 1332 5504 (Μήτι,
1361 5433 1439 5501 6).
1482 5432 1730 5487 Famelici
1769 5428 1864 5486 Dei
1894 5446 2015 5489 esse

450 5564 453 5569 ⁴
518 5570 534 5602 ⁸
569 5576 662 5630 Hoc
683 5569 784 5617 loco
806 5566 929 5630 apud
954 5572 1027 5613 Er.
1048 5571 1230 5630 ettov.
1254 5562 1458 5630 additur.
1485 5567 1612 5630 tanto
1641 5567 1692 5611 tu
1726 5560 1883 5611 verius
1902 5573 2013 5623 pcrn

455 5628 735 5681 mulionem
749 5625 936 5690 pateris
963 5639 981 5676 :
998 5625 1125 5690 quod
1146 5626 1208 5673 ab
1227 5632 1395 5690 Am._et
1413 5629 1517 5675 Mss.
1540 5627 1694 5672 abesz.

521 5692 551 5756 ξ
574 5690 703 5748 ωσι,
725 5682 904 5756 ditant
924 5682 1047 5756 ossi,
1074 5687 1266 5755 amitam
1293 5682 1798 5756 :“jupacrtecqctniq
1821 5694 2016 5733 concor-

459 5743 541 5804 ἀεί
560 5764 666 5801 eum
687 5743 936 5813 superiore
954 5743 1090 5811 parte
1112 5743 1357 5801 versiculi,
1379 5745 1630 5800 facientem
1640 5743 1898 5807 judicium,
1917 5753 2009 5795 etc.

1630 323 1687 378 S.
1728 321 2088 378 AUCUSTINI
2126 319 2427 376 EPISCOPI

3546 316 3683 371 1896

2112 432 2367 489 debemus
2397 448 2409 485 :
2439 439 2560 486 ante
2583 430 2795 501 januam
2832 438 3148 499 conspectus
3175 428 3314 483 illius
3342 426 3394 481 in
3424 429 3686 482 orationi—

2114 523 2211 576 bus
2249 521 2638 581 mendiccmus;
2687 522 2796 590 ipse
2842 522 2926 574 dat
2954 537 3117 575 escam
3155 520 3501 574 esurientibus.
3543 519 3686 587 Quid

2113 625 2195 670 est
2221 615 2362 683 quod
2391 624 2464 679 te,
2495 613 2761 677 haeretica,
2779 613 2947 683 jactas
2973 612 3091 682 quia
3124 621 3175 667 ιιι
3202 611 3382 675 solvis,
3414 622 3468 666 tu
3497 612 3685 680 erigis,

2116 712 2169 761 tu
2195 704 2490 760 illuminas?
2513 703 2773 760 Videlicet
2798 704 2919 772 quia
2947 714 3000 756 tu
3030 703 3279 757 liberatus
3302 704 3409 769 jam
3436 718 3517 765 es,
3546 714 3600 777 et
3628 715 3687 757 tu

2114 808 2240 860 stas,
2262 808 2313 851 et
2333 807 2385 850 tu
2404 797 2580 851 lumen
2608 796 2704 849 es?
2730 795 2898 849 Absit.
2926 795 3175 863 Superius
3194 794 3409 848 attende
3450 812 3465 846 :
3509 793 3688 849 Nolite

2114 887 2364 955 conﬁdere
2403 887 2454 940 in
2492 886 2757 956 principes,
2790 896 2834 939 et
2875 886 2926 938 in
2966 885 3096 951 ﬁlios
3126 886 3405 949 hominum,
3447 901 3479 937 a
3502 885 3687 955 quibus

2115 993 2214 1029 non
2259 988 2329 1029 est
2380 977 2540 1030 salus.
2591 975 2703 1031 Non
2757 975 2854 1044 ipsi
2897 974 3021 1028 dant
3072 975 3314 1028 salutem.
3359 975 3496 1045 Ergo
3534 990 3688 1029 recc-

2112 1067 2232 1119 tlant
2285 1068 2515 1122 haeretici
2560 1067 2628 1121 (le
2666 1067 2858 1121 medio.
2890 1065 3137 1119 Dominus
3164 1066 3310 1119 solrtt
3338 1068 3685 1137 compeditos;

2119 1157 2360 1211 Dominus
2394 1158 2541 1228 erigit
2567 1158 2754 1221 elisos;
2802 1156 3045 1215 Dominus
3071 1158 3318 1227 sapientes
3346 1158 3468 1228 facit
3493 1174 3686 1223 cacas;

2113 1250 2165 1303 id
2191 1260 2292 1315 est,
2323 1249 2534 1319 eos‘qui
2562 1250 2687 1304 caeci
2714 1258 2836 1303 sunt
2877 1250 2996 1303 facit
3021 1250 3305 1317 sapientes.
3346 1247 3557 1317 Optime
3588 1265 3689 1318 per

2115 1341 2248 1394 banc
2292 1340 2607 1395 sententiam
2647 1340 2895 1408 exposuit
2928 1340 3078 1394 nobis
3116 1353 3302 1394 omnes
3329 1341 3635 1408 superiores
3667 1357 3685 1392 :

2112 1448 2181 1487 ne
2209 1431 2342 1485 forte
2370 1443 2488 1485 cum
2518 1431 2758 1495 dixisset,
2799 1429 3044 1490 Dominus
3071 1429 3218 1483 solvit
3256 1430 3581 1497 compeditos.
3613 1430 3685 1482 ad

2112 1523 2232 1577 illos
2253 1521 2579 1593 compeditos
2603 1521 2941 1587 referremus,
2960 1521 3048 1591 qui
3067 1521 3199 1575 forte
3217 1532 3429 1590 propter
3451 1522 3687 1590 aliquam

2111 1606 2302 1667 noxam
2354 1613 2579 1682 ligantur
2628 1610 2766 1666 ferro
2805 1627 2836 1665 a
2879 1610 3106 1664 ιιοιιιίιιίει
3148 1612 3292 1673 suis;
3343 1614 3465 1680 quia
3504 1626 3691 1666 autem

2111 1704 2261 1765 dixit,
2298 1701 2456 1772 Erigit
2492 1701 2659 1767 elisos,
2699 1709 3001 1754 occurreret
3029 1700 3183 1753 nobis
3213 1700 3429 1769 aliquis,
3474 1712 3566 1754 aut
3607 1710 3690 1752 ot-

2111 1790 2332 1847 feudens
2358 1801 2413 1846 et
2443 1792 2660 1852 cadens,
2700 1802 2790 1844 aut
2817 1806 2954 1860 equo
2983 1792 3183 1858 lapsus.
3219 1791 3311 1844 E~t
3337 1792 3471 1846 alios
3500 1807 3691 1859 casu,

2111 1894 2234 1939 sunt
2270 1884 2387 1939 alite
2414 1883 2733 1953 compedes;
2775 1882 3041 1952 quomodo
3064 1890 3189 1935 sunt
3226 1883 3342 1936 alia:
3372 1885 3607 1938 tenebra:
3628 1895 3691 1939 cl.

2110 1974 2210 2028 alia
2238 1975 2346 2028 lux.
2386 1972 2445 2028 In
2469 1989 2536 2029 eo
2562 1973 2703 2043 quod
2728 1974 2879 2040 dixit,
2922 1972 3189 2043 Sapientes
3213 1975 3336 2044 facit
3358 1991 3551 2038 ctecos;
3582 1994 3687 2027 oo-

2109 2065 2203 2119 luit
2229 2065 2422 2130 dicere,
2456 2063 2718 2117 llluminat
2755 2077 2945 2126 caecos,
2975 2078 3040 2116 ne
3072 2072 3127 2117 et
3162 2063 3262 2117 hoc
3288 2064 3571 2118 carnaliter
3598 2066 3688 2118 ii.-

2112 2156 2407 2225 telligcres;
2437 2154 2917 2209 sicutilluminatus
2944 2161 3028 2208 est
3050 2169 3079 2207 a
3111 2153 3350 2218 Domino,
3377 2154 3529 2223 cujus
3554 2170 3689 2209 ocu-

2110 2246 2191 2301 los
2219 2247 2330 2301 luto
2364 2245 2430 2300 de
2471 2259 2628 2314 sputo
2663 2245 2800 2298 facto
2830 2245 3054 2308 inunxit,
3082 2252 3137 2297 et
3168 2244 3370 2298 salvum
3412 2261 3531 2299 eum
3559 2247 3689 2301 fecit.

2111 2337 2287 2408 (Joan.
2330 2352 2400 2401 Ix,
2428 2335 2482 2401 6,
2515 2333 2568 2406 7)
2600 2355 2614 2390 :
2663 2351 2732 2389 ne
2774 2335 2877 2389 tale
2917 2334 3117 2403 aliquid
3158 2349 3420 2404 sperares,
3467 2352 3588 2391 cum
3618 2339 3690 2393 de

2109 2428 2472 2497 Spiritualibus
2497 2428 2748 2498 loquitur,
2797 2427 3029 2481 ostendit
3072 2426 3354 2497 quamdam
3400 2427 3571 2483 lucem
3599 2444 3688 2482 sa-

2112 2520 2342 2590 pientiae,
2385 2533 2486 2589 qua
2515 2518 2877 2572 illuminantur
2902 2516 3052 2572 caeci.
3098 2517 3240 2588 Ergo
3265 2517 3531 2588 quomodo
3559 2518 3688 2572 illu-

2110 2612 2377 2666 minantur
2414 2612 2539 2665 οωοί
2566 2612 2684 2665 luce
2710 2610 3007 2679 sapientiae,
3050 2594 3128 2663 sic
3157 2588 3431 2664 solvuntur
3462 2625 3688 2680 conipc-

2110 2702 2235 2768 tliti,‘
2257 2703 2333 2756 sic
2356 2702 2630 2771 eriguntur
2653 2700 2789 2755 elisi.
2818 2698 2971 2755 Unde
2998 2714 3184 2754 sumus
3208 2714 3337 2770 ergo
3360 2699 3689 2770 compediti?

2110 2791 2249 2868 unde
2277 2792 2423 2848 elisi?
2461 2790 2666 2860 Corpus
2692 2800 2930 2845 nostrum
2957 2799 3327 2846 ornamentum
3358 2792 3511 2846 nobis
3536 2793 3635 2849 luit
3663 2807 3683 2847 :

2107 2885 2465 2957 peccavimus,
2494 2893 2548 2938 et
2574 2880 2857 2954 compedes
2895 2881 3020 2937 inde
3045 2881 3365 2951 accepimus.
3403 2882 3531 2949 Quae
3555 2893 3687 2941 sunt

2108 2977 2394 3047 compedes
2432 2976 2667 3031 nostra?
2709 2974 3003 3029 Mortalitas
3046 2974 3177 3044 ipsa.
3207 2974 3343 3029 Audi
3381 2976 3687 3044 apostolum

2108 3069 2351 3133 Paulum,
2406 3068 2527 3139 quia
2568 3074 2623 3122 et
2674 3067 2787 3137 ipse
2829 3065 3001 3120 adhuc
3040 3066 3091 3120 in
3122 3066 3219 3120 hac
3259 3066 3688 3136 peregrinatione

2108 3161 2442 3230 compeditos
2468 3167 2603 3239 erat.
2631 3157 2836 3237 Quanta
2866 3156 3164 3227 peragravit
3188 3157 3522 3226 compeditos
3542 3157 3684 3212 istc!

2108 3252 2223 3308 Non
2248 3251 2324 3308 illi
2352 3234 2562 3306 fuerunt
2585 3262 2776 3321 graves
2798 3234 3116 3317 Compedes;
3158 3262 3277 3302 cum
3306 3247 3431 3316 ipsis
3458 3260 3685 3317 corripe.

2108 3343 2264 3398 dibus
2311 3351 2422 3397 toto
2472 3340 2621 3396 orbi1
2669 3339 3013 3409 Evangelium
3061 3339 3365 3407 praedicavit
3401 3355 3415 3390 :
3462 3339 3685 3407 Spiritus

2109 3435 2381 3492 charitatis
2409 3432 2920 3509 rapuit‘compedes,
2963 3439 3017 3485 et
3040 3429 3280 3484 circuivit
3303 3439 3555 3499 quantum
3582 3444 3685 3499 po-

2111 3529 2225 3580 tuit.
2252 3526 2355 3581 Sed
2383 3534 2560 3579 tamen
2585 3521 2708 3594 quid
2732 3521 2842 3576 ait?
2872 3521 3331 3592 Concupiscentiam
3356 3521 3540 3574 habens
3566 3521 3682 3574 dis-

2108 3616 2255 3683 solvi,
2285 3627 2330 3670 et
2354 3631 2460 3670 esse
2486 3631 2609 3671 .cttm
2640 3613 2857 3667 Christo.
2889 3610 3024 3678 Quid
3062 3621 3164 3676 est,
3191 3609 3436 3665 dissolvi?
3462 3611 3503 3663 Α
3533 3624 3684 3664 com-

2109 3710 2329 3781 pedibus
2355 3706 2689 3764 mortalitatis
2712 3700 2755 3759 τ.
2807 3704 2876 3758 Ει
2905 3715 3080 3759 tamen
3119 3701 3481 3757 misericordia
3505 3700 3684 3756 adhuc

2108 3800 2322 3856 Volebat
2340 3813 2457 3854 esse
2477 3798 2528 3852 in
2552 3795 2917 3866 compedibus,
2947 3803 3160 3864 propter
3174 3793 3307 3847 alios
3326 3793 3681 3862 compeditos,

2109 3891 2298 3961 quibus
2324 3889 2648 3943 ministraret
2678 3904 2692 3939 :
2743 3884 2970 3950 Manere,
3004 3884 3192 3954 inquit,
3220 3884 3274 3937 in
3303 3900 3474 3947 carne,
3505 3899 3684 3937 neces-

2108 3983 2298 4036 sarium
2322 3989 2523 4051 propter
2546 3994 2632 4032 vos
2660 3975 2918 4047 (Philipp.
2946 3991 2984 4041 ι,
3012 3974 3103 4039 25,
3132 3973 3248 4042 2i).
3280 3970 3529 4027 Dominus
3552 3989 3685 4043 ergo

2108 4075 2252 4130 solvit
2293 4072 2617 4138 compeditos,
2662 4069 2714 4124 id
2748 4077 2858 4131 est,
2897 4083 2961 4121 ex
3000 4066 3311 4121 mortalibus
3352 4065 3684 4120 immortales

2110 4167 2252 4221 iacit.
2299 4164 2545 4219 Dominus
2584 4161 2729 4231 erigit
2769 4160 2936 4214 elisos.
2967 4158 3142 4224 Quare
3182 4155 3299 4211 elisi
3342 4154 3502 4209 sunt?
3544 4155 3685 4222 Quia

2109 4258 2270 4314 erecti
2295 4264 2465 4313 erant.
2519 4254 2693 4322 Quare
2719 4251 3030 4320 eriguntur?
3077 4250 3206 4316 Quia
3247 4247 3502 4301 lmmiliati
3532 4256 3682 4301 sunt.

2109 4349 2317 4406 Ccdidit
2344 4357 2501 4417 atque
2526 4346 2687 4401 elisus
2709 4350 2793 4398 est
2816 4342 2984 4396 Adam
3014 4360 3028 4395 :
3074 4341 3165 4395 ille
3190 4338 3402 4402 cecidit,
3434 4337 3685 4392 Christus

2109 4440 2401 4497 descendit.
2428 4439 2603 4505 Quare
2625 4433 2898 4491 descendit
2915 4434 3005 4502 qui
3028 4446 3132 4487 non
3158 4429 3368 4495 cecidit,
3395 4429 3496 4483 nisi
3524 4437 3579 4482 ιιι
3604 4428 3688 4482 lc—

2115 4545 2323 4590 raretur
2366 4533 2454 4602 qui
2484 4528 2713 4585 cecidit?
2758 4527 3005 4581 Dominus
3037 4525 3283 4592 sapientes
3319 4523 3440 4594 facit
3484 4537 3686 4585 oecos;

2116 4627 2355 4681 Dominus
2398 4623 2559 4692 diligit
2588 4623 2776 4693 justas.
2821 4617 2944 4673 Ideo
2974 4616 3097 4672 facit
3132 4614 3386 4685 judicium
3434 4612 3684 4682 injuriam

2110 4715 2506 4785 accipientibus.

2184 4808 2270 4862 l8.
2299 4804 2447 4878 [υθιέ.
2471 4800 2552 4874 9.]
2577 4801 2640 4855 Et
2659 4800 2748 4870 qui
2768 4808 2890 4852 sunt
2915 4797 3010 4866 ipsi
3036 4795 3204 4866 justi?
3234 4791 3391 4848 modo
3419 4801 3687 4861 quatenus

2107 4897 2272 4968 justi?
2299 4891 2748 4964 Quemadmodum
2797 4888 2980 4952 habes,
3016 4887 3260 4940 Dominus
3291 4883 3507 4938 custodi:
3556 4899 3686 4953 pro-

2111 4988 2317 5059 sclytos.
2367 4983 2646 5054 Proselyti,
2715 4981 2933 5034 advena:
2991 4986 3134 5033 sunt.
3198 4975 3380 5032 Oumis
3438 4972 3685 5029 Ecclesia

2113 5078 2378 5138 Cetitium,
2410 5074 2669 5145 proselyta
2712 5086 2816 5127 est.
2866 5069 3161 5125 Adventitia
3200 5068 3343 5122 enim
3380 5066 3553 5121 estad
3587 5082 3687 5136 pa-

2116 5181 2242 5229 tres,
2271 5183 2375 5221 nou
2399 5166 2466 5219 de
2491 5178 2649 5218 carne
2671 5177 2853 5217 eorum
2895 5156 3037 5225 nata,
3076 5158 3170 5214 sed
3215 5156 3467 5212 imitando
3510 5158 3617 5210 lilia
3636 5157 3683 5212 ³.

2118 5261 2370 5316 Dominus
2400 5268 2574 5311 tamen
2603 5254 2853 5319 custodit,
2882 5268 2986 5306 non
3023 5252 3214 5321 aliquis
3252 5250 3430 5305 homo.
3473 5247 3689 5318 Orpha-

2116 5368 2235 5405 num
2261 5360 2305 5403 et
2326 5348 2526 5402 viduam
2554 5346 2805 5415 suscipiet.
2839 5343 3003 5399 Nemo
3047 5351 3192 5413 putet
3230 5342 3379 5410 quasi
3425 5338 3689 5409 pupillum

2119 5452 2332 5514 propter
2395 5438 2773 5500 hmreditatem,
2837 5446 2927 5489 aut
2986 5433 3192 5488 tiduam
3238 5441 3455 5502 propter
3501 5430 3688 5485 nescio

2183 5620 2199 5651 ι
2237 5594 2684 5681 Αιίηυοιίιιξεηεοιρ
2708 5611 2836 5681 orbe.

2182 5682 2203 5712 ²
2236 5673 2341 5728 lov'.
2368 5679 2611 5741 adjiciunt,
2628 5673 2855 5741 ιιιιιιιιιιιὶ.⁵
2885 5678 2943 5741 nt:

2188 5743 2208 5774 ³
2240 5749 2311 5789 t-r.
2331 5732 2456 5803 Lugd
2495 5732 2631 5799 \'en.,
2654 5735 2883 5786 intituttdo
2904 5732 3066 5796 (idem.
3134 5739 3190 5783 δι.
