4082 6204
362 302 495 359 1897

357 409 497 479 quod
526 409 786 480 negotium
827 422 1000 463 suum.
1025 403 1272 476 Equidem
1294 413 1347 457 et
1375 403 1489 458 istis
1517 403 1654 458 Deus
1677 402 1899 472 opitula-

360 507 463 558 tur.
509 499 643 553 etin
689 497 931 552 omnibus
975 494 1160 550 ciliciis
1197 493 1406 562 generis
1449 490 1665 546 humani
1714 491 1906 544 bonum

358 602 492 657 opus
539 586 682 653 facit,
723 588 812 656 qui
852 584 1051 656 pupillo
1092 581 1378 647 consulit',
1422 581 1509 650 qui
1549 580 1760 634 viduam
1804 592 1910 633 non

355 675 554 732 deserit
596 694 610 730 :
647 677 741 732 sed
797 674 1081 731 secundum
1107 672 1412 745 'qncmdam
1467 671 1680 726 modum
1724 684 1910 725 omnes

358 767 538 835 pupilli
577 780 776 827 sumus,
816 765 1034 820 absente
1076 773 1242 833 patre,
1270 777 1373 816 non
1419 770 1645 816 mortuo.
1673 759 1910 828 Pupillus

354 857 496 910 enim
526 855 812 912 secundum
843 853 1102 919 homines,
1136 863 1343 908 mortuo
1367 859 1512 922 patre
1542 853 1620 905 lit.
1651 851 1716 904 Et
1743 851 1785 904 si
1815 863 1909 904 ve-

355 961 471 1000 rum
493 946 758 1015 quaeratis,
775 944 987 1012 fratres,
1003 944 1125 1015 quia
1147 943 1322 998 anima
1347 957 1450 998 non
1471 943 1709 1008 moritur,
1731 941 1910 996 vivunt

357 1049 600 1107 parentes
638 1037 831 1102 nostri;
862 1047 917 1093 et
958 1036 1123 1106 magis
1170 1034 1473 1092 absentibus
1518 1034 1752 1104 patribus
1787 1041 1911 1088 sunt

343 1127 558 1196 pupilli,
589 1127 677 1198 qui
723 1126 904 1197 pupilli
944 1134 1066 1179 sunt
1097 1142 1109 1176 :
1137 1124 1183 1178 si
1225 1123 1348 1178 mali
1389 1123 1602 1189 fuerint,
1653 1123 1704 1177 in
1740 1120 1910 1191 poenis

356 1217 604 1280 vivunt';
631 1216 674 1270 si
700 1215 822 1269 boni
847 1213 1058 1280 fuerint,
1077 1214 1128 1267 in
1153 1213 1337 1283 requie
1375 1213 1592 1267 vivunt:
1619 1210 1796 1266 omnia
1824 1209 1907 1265 in-

357 1316 500 1378 tegra
547 1317 671 1361 sunt
706 1306 960 1361 Creatori.
1001 1305 1196 1359 Tamen
1241 1319 1336 1358 nos
1361 1303 1607 1375 quamdiu
1647 1317 1829 1357 sumus
1855 1304 1909 1356 in

353 1411 577 1466 corpore
621 1395 750 1458 hoc,
796 1403 852 1450 et
904 1393 1335 1465 peregrinationis
1377 1393 1546 1448 locum
1594 1391 1906 1455 incolimus,

351 1486 546 1542 absens
572 1497 656 1542 est
679 1487 833 1541 Pater
869 1493 1066 1549 noster,
1093 1484 1161 1539 ad
1201 1499 1359 1554 quem
1393 1483 1702 1547 clamamus,
1752 1481 1910 1535 Pater

355 1586 540 1638 noster,
567 1567 652 1645 qui
687 1591 738 1629 es
761 1576 814 1628 in
851 1574 988 1629 caelis
1018 1573 1225 1645 (Matth.
1264 1587 1338 1634 Vl,
1376 1569 1454 1645 9).
1505 1571 1628 1626 Ideo
1673 1571 1907 1625 Ecclesia

354 1667 530 1731 vidua,
575 1667 723 1736 quasi
763 1665 981 1721 absente
1027 1679 1242 1736 sponso,
1283 1664 1500 1720 absente
1547 1663 1682 1719 viro.
1723 1663 1910 1718 Veniet

355 1756 467 1821 ille,
495 1757 584 1826 qui
629 1756 770 1810 illam
799 1755 958 1810 modo
991 1755 1238 1824 protegit,
1269 1769 1371 1808 non
1404 1754 1566 1818 visus,
1589 1753 1680 1808 sed
1705 1751 1911 1807 deside-

356 1857 519 1902 ratus.
547 1845 733 1914 Magno
761 1845 899 1898 enim
927 1843 1190 1899 desiderio
1214 1845 1466 1912 rapimur,
1495 1852 1549 1897 et
1574 1857 1755 1897 amore
1795 1841 1910 1910 ejus

355 1950 508 2005 quem
537 1951 640 1989 non
667 1934 961 2000 videmus‘,
987 1917 1366 1989 desideramus.
1390 1932 1764 1986 lnluerebimus
1790 1946 1906 1985 am-

347 2027 593 2096 plexibus
617 2027 734 2091 visi,
763 2027 807 2081 si
845 2025 1076 2080 nondum
1117 2024 1218 2079 visi
1261 2023 1363 2079 fide
1408 2024 1726 2078 detinemur.
1771 2023 1909 2092 Ergo

354 2127 400 2170 et
438 2116 686 2188 pupillum
730 2125 777 2170 et
815 2115 1014 2170 viduam
1057 2115 1180 2186 quid
1221 2113 1384 2168 voluit
1416 2112 1656 2182 intelligi,
1684 2109 1908 2167 fratres?

356 2209 645 2264 Destitutns
670 2208 812 2263 omni
859 2222 958 2277 ope
994 2215 1050 2263 et
1090 2205 1304 2260 auxilio.
1352 2203 1608 2258 Destituta
1644 2197 1818 2257 anima
1852 2201 1905 2256 in

353 2297 566 2362 sarculo,
596 2299 707 2367 ipsa
727 2297 824 2353 sibi
851 2306 1028 2366 speret
1052 2294 1368 2365 adjutorium
1395 2293 1511 2348 Dei.
1536 2293 1797 2362 Quidquid
1823 2293 1908 2347 hic

355 2387 620 2450 habueris,
639 2403 823 2442 aurum
840 2386 1036 2441 habeas
1049 2385 1091 2452 ’ς
1111 2385 1489 2454 praesumpsisti
1507 2384 1663 2440 inde?
1676 2384 1789 2439 Jam
1802 2399 1906 2440 non

353 2493 414 2532 es
438 2478 749 2548 proselytus,
782 2492 886 2532 non
913 2490 974 2532 es
1005 2475 1290 2546 orphanus,
1315 2490 1416 2528 non
1455 2474 1505 2528 in
1533 2474 1686 2528 vidua
1720 2489 1906 2528 nume-

356 2569 510 2624 raris.
553 2569 793 2623 Amicum
843 2567 1003 2622 babes
1034 2582 1048 2620 :
1079 2565 1124 2620 si
1151 2563 1217 2619 de
1264 2563 1355 2618 illo
1401 2563 1824 2632 praesumpseris,
1853 2572 1908 2618 et

357 2659 520 2713 Deum
546 2642 830 2724 dimiseris,
848 2670 955 2711 non
976 2654 1345 2710 esdestitutus.
1369 2652 1541 2709 Habes
1568 2651 1680 2707 haec
1695 2652 1902 2716 omnia;

355 2762 458 2802 non
487 2747 610 2801 inde
636 2745 931 2815 praesumis,
959 2759 1063 2799 non
1089 2742 1211 2798 inde
1239 2741 1516 2812 superbis?
1555 2740 1790 2810 Pupillus
1815 2739 1906 2796 Dei

353 2854 432 2899 es,
460 2834 523 2892 et'
540 2837 691 2890 vidua
715 2837 827 2890 Dei.
850 2835 1081 2904 Suscipit
1107 2848 1232 2904 ergo
1258 2832 1572 2898 destitutos;
1597 2831 1698 2887 hoc
1724 2830 1856 2887 dixit
1889 2847 1904 2885 :

354 2929 572 2997 suscipit
601 2929 876 2997 pupillum,
904 2927 1120 2998 suscipit
1147 2934 1200 2980 et
1226 2924 1456 2979 viduam.

425 3019 511 3074 I9.
544 3018 608 3072 Et
633 3021 761 3072 viam
802 3027 1114 3087 peccatorum
1148 3015 1509 3070 exterminabit.
1536 3016 1665 3082 Quae
1706 3025 1788 3070 est
1824 3015 1904 3069 via

359 3111 735 3181 peccatorum?
775 3109 999 3163 lrridere
1039 3108 1138 3174 ista
1165 3122 1282 3176 quae
1308 3107 1550 3162 dicimus.
1581 3106 1709 3174 Quis
1737 3106 1909 3175 pupil-

358 3204 476 3256 lus?
519 3218 634 3271 quae
678 3200 872 3254 vidua?
917 3199 1066 3262 Quod
1104 3213 1319 3267 regnum
1361 3197 1654 3253 caelorum?
1688 3206 1742 3252 et
1789 3211 1905 3265 quae

356 3308 509 3362 paena
551 3289 873 3344 inferorum?
917 3287 1144 3350 Fabellae
1182 3288 1293 3339 ista:
1315 3285 1730 3340 Christianorum
1761 3296 1901 3339 sunt.

356 3384 435 3438 Ad
461 3381 599 3451 quod
627 3380 796 3441 video,
824 3379 887 3431 ad
916 3378 1013 3432 Itnc
1040 3379 1206 3430 vivam
1240 3394 1253 3449 ς
1288 3375 1647 3428 Manducemus
1677 3383 1720 3427 et
1763 3375 1902 3427 biba-

355 3493 486 3537 mus,
515 3490 626 3526 cras
643 3473 774 3526 enim
808 3471 1088 3523 moriemur.
1114 3468 1243 3522 Vide
1279 3483 1344 3521 ne
1385 3467 1514 3520 mles
1561 3466 1754 3534 aliquid
1787 3480 1907 3534 per-

351 3566 608 3623 Suadeant
637 3581 651 3616 :
683 3577 746 3616 ne
787 3576 882 3629 per
922 3575 1100 3614 aurem
1128 3560 1180 3612 in
1218 3573 1312 3613 cor
1348 3558 1563 3619 intrent,
1610 3557 1788 3624 spinas
1827 3555 1908 3608 in-

353 3657 569 3710 veniant
611 3655 660 3706 in
707 3652 920 3704 auribus
965 3651 1105 3710 tuis;
1163 3648 1248 3716 qui
1297 3646 1515 3714 cmperit
1567 3646 1643 3697 sic
1687 3645 1903 3708 intrare,

356 3757 581 3814 punctus
641 3740 907 3795 abscedat.
958 3737 1288 3802 Corrumpunt
1334 3734 1474 3786 enim
1541 3747 1700 3784 mores
1754 3731 1905 3784 bonus

358 3834 605 3898 colloquia
634 3831 765 3884 mala
792 3828 835 3900 (l
863 3827 977 3882 Cor.
1000 3843 1088 3889 xv,
1110 3825 1178 3879 32
1197 3865 1209 3888 ,
1239 3824 1351 3892 '53).
1379 3822 1482 3877 Sed
1524 3819 1656 3874 forte
1702 3821 1787 3874 hic
1828 3819 1909 3873 di-

360 3935 538 3980 cturus
563 3937 621 3976 es
646 3939 659 3973 :
681 3919 855 3986 Quare
878 3933 1003 3986 ergo
1041 3915 1216 3968 felices
1259 3911 1414 3966 sunt?
1445 3911 1582 3974 Ecce
1619 3924 1716 3964 nec
1744 3909 1904 3962 Deum

359 4016 558 4076 colunt,
590 4020 642 4065 et
666 4009 844 4064 omnia
886 4007 1021 4060 mala
1061 4002 1292 4074 quotidie
1333 4000 1699 4061 committunt;
1739 3999 1904 4052 abun-

359 4107 487 4160 dant
510 4102 665 4157 rebus
691 4099 770 4152 bis
798 4097 986 4167 quibus
1013 4110 1110 4164 ego
1153 4107 1313 4162 egens
1354 4089 1552 4143 laboro.
1581 4087 1696 4141 Noli
1747 4087 1908 4141 zelari

361 4199 414 4251 in
443 4202 761 4265 peccatores.
809 4187 942 4256 Quid
971 4185 1246 4253 accipiant,
1275 4181 1450 4245 vides;
1479 4179 1602 4252 quid
1646 4179 1750 4233 illis
1791 4192 1906 4232 ser-

362 4297 530 4350 vetur,
563 4297 666 4337 non
699 4279 880 4334 vides?
908 4273 1155 4354 Etunde,
1185 4272 1370 4341 inquit,
1425 4269 1578 4323 video
1623 4267 1759 4338 quod
1804 4280 1906 4322 non

363 4376 600 4431 videtur?
658 4372 884 4427 Omnino
935 4368 1092 4422 habet
1129 4366 1310 4420 oculos
1373 4361 1537 4426 ﬁdes;
1587 4368 1639 4413 et
1679 4359 1908 4428 majores

363 4468 565 4527 oculos,
593 4473 645 4518 et
670 4460 993 4532 potentiores
1017 4466 1071 4512 et
1089 4455 1355 4509 fortiores.
1387 4450 1446 4504 lli
1475 4449 1611 4504 oculi
1643 4449 1907 4502 neminem

364 4557 713 4624 deceperunt;
743 4551 795 4604 bi
838 4548 974 4603 oculi
999 4547 1103 4600 sint
1138 4557 1346 4610 semper
1371 4540 1420 4593 in
1449 4539 1749 4600 Dominum,
1774 4546 1832 4590 ιιι
1859 4545 1912 4591 et

365 4649 479 4717 ipse
494 4645 682 4706 eveJIat
699 4641 766 4696 de
792 4641 872 4694 bis
894 4637 1093 4708 laqueis
1118 4633 1273 4704 pedes
1300 4641 1418 4686 tuos
1437 4630 1608 4700 (Psal.
1628 4645 1774 4693 xstv,
1796 4629 1907 4695 15).

368 4737 459 4790 \‘ia
502 4743 832 4804 peccatorum
875 4728 1044 4798 placet
1095 4724 1207 4784 tibi,
1258 4722 1376 4790 quia
1405 4721 1506 4774 lata
1534 4728 1633 4783 est,
1670 4728 1725 4772 et
1759 4717 1910 4771 multi

367 4843 461 4896 per
499 4825 640 4880 illam
682 4819 952 4876 ambulant
981 4832 996 4880 ;
1023 4812 1346 4869 latitudinem
1387 4810 1500 4878 ejus
1544 4808 1712 4870 vides,
1753 4806 1911 4860 linem

367 4917 480 4984 ejus
527 4929 630 4968 non
670 4911 832 4965 vides.
877 4907 1014 4968 Ecce
1055 4904 1142 4958 ubi
1175 4902 1370 4964 ﬁnitur,
1416 4898 1755 4967 praecipitium
1796 4904 1908 4957 est;

369 5007 456 5060 ubi
488 5004 683 5067 linitur,
718 4996 1045 5070 profunditas
1071 4992 1307 5064 quaedam
1331 4987 1561 5043 barathri
1594 4996 1706 5041 est:
1741 4985 1916 5039 laetan-

370 5109 471 5163 tes,
497 5093 846 5163 exspatiantes
870 5090 922 5143 in
949 5089 1045 5140 ista
1083 5085 1184 5147 via,
1214 5082 1302 5135 illo
1331 5079 1434 5133 ﬁne
1461 5083 1782 5147 merguntur.
1807 5074 1910 5129 Sed

430 5212 450 5242 ι
484 5210 556 5264 sic
573 5213 676 5255 Mss.
692 5203 798 5252 add.
814 5193 1199 5307 vero,(pupillum
1211 5189 1492 5263 consolatur.
1827 5243 1838 5254 υ
1884 5242 1896 5254 .

432 5273 453 5302 ι
486 5276 547 5307 na
566 5269 728 5307 intimi.
753 5272 807 5307 Αι
825 5275 871 5307 tn
894 5261 954 5307 Ed
991 5294 1022 5307 ..
1042 5255 1305 5304 absentibus
1319 5251 1531 5307 patribus
1549 5261 1707 5297 sumus
1722 5244 1893 5307 pupth

432 5273 453 5302 ι
485 5244 555 5317 iiii
566 5244 807 5317 ίῖωὲδῗὶἰ
825 5244 1022 5319 ixi—66¢.
1036 5244 1305 5319 ὶιυδεῖιιίὺξιδ
1319 5250 1531 5319 patri?”
1547 5261 1707 5319 βἰνηξιδ
1722 5244 1910 5319 Palliai:

371 5331 456 5400 qui
822 5303 871 5371 si
886 5303 1022 5368 5:313"
1035 5303 1228 5392 fuerint,
1251 5314 1299 5364 in
1319 5303 1479 5376 'parnis
1511 5308 1702 5368 vivunt;
1724 5303 1797 5359 ἐἰ
1809 5303 1916 5354 boni

370 5395 842 5506 Ῑιιίᾜᾨῖξιῗξιιὶᾳυοι
865 5448 986 5499 Mss,
1012 5448 1172 5505 amore
1192 5433 1452 5506 ejusqttlem
1473 5426 1802 5506 nona-attingis:

370 5513 422 5564 in
444 5492 886 5565 aiiﬁr'e'éjisﬁuem
907 5492 1000 5549 non
1019 5492 1243 5565 novimus.
1283 5492 1421 5565 Patrio
1451 5499 1572 5565 post,
1707 5494 1914 5565 etho-vv

375 5547 887 5642 Ziﬁiéﬁioifviligii
908 5547 1115 5610 nondum
1142 5557 1283 5607 visis:
1309 5555 1391 5602 ubi
1412 5547 1585 5601 melius
1606 5549 1682 5598 alii
1706 5547 1911 5606 codices,

377 5649 534 5741 ωέίιι
551 5696 619 5746 Β..
639 5686 794 5735 habes.
818 5690 889 5731 Er.
912 5680 1057 5742 Lugd.
1082 5687 1196 5727 \‘en.
1217 5682 1406 5735 αισι,
1432 5672 1619 5722 habeas.
1673 5677 1731 5718 tt.

629 5771 893 5831 PATROL.
939 5761 1244 5828 XXXVII.

1398 290 1784 352 ENABRATIO
1810 293 1876 348 IN
1916 292 2226 349 PSALNIUM
2254 293 2477 348 CXLVI.

3430 300 3562 355 I898

1991 402 2302 477 extendere.
2325 403 2505 458 oculos
2530 419 2634 459 non
2663 414 2830 475 potes,
2852 415 2907 461 ut
2929 407 3103 463 videas
3146 409 3312 479 Tpsnm
3363 409 3517 466 ﬁnem
3545 428 3558 464 :

2014 493 2169 558 crede
2183 494 2232 548 ci
2257 495 2343 564 qui
2361 491 2517 549 videt.
2546 495 2612 548 Et
2633 496 2748 565 quis
2772 506 2853 551 est
2882 498 3039 552 homo
3060 500 3147 570 qui
3175 501 3318 556 videt
3335 501 3444 555 ‘?F
3445 511 3562 558 orte

2014 598 2170 638 nemo
2195 583 2380 649 homo;
2411 584 2502 639 sed
2528 585 2776 641 Dominus
2805 597 2927 642 tuus
2954 588 3019 641 ad
3046 598 3097 642 te
3143 589 3306 656 venit,
3350 603 3407 644 ut
3443 600 3562 648 cre-

2015 671 2171 726 deres
2216 672 2341 726 Deo.
2391 672 2522 726 Num
2559 669 2699 728 enith
2746 683 2796 728 et
2837 676 3057 730 Domino
3109 677 3217 731 Deo
3254 687 3345 734 tuo
3373 696 3474 734 non
3503 695 3562 735 es

2010 762 2328 828 crediturus,
2359 764 2544 834 quiait
2574 781 2589 816 :
2614 763 2738 817 Lata
2764 775 2810 818 et
2834 767 3050 834 spatiosa
3066 775 3145 825 est
3164 767 3243 820 via
3271 784 3386 836 quoe
3418 771 3559 824 ducit

2014 853 2083 906 ad
2103 855 2373 920 interitum,
2396 863 2442 907 et
2467 855 2611 908 multi
2653 865 2767 909 sunt
2811 858 2895 927 qui
2924 858 3266 927 ingrediuntur
3300 876 3389 929 per
3422 861 3564 914 illam

2015 943 2226 1014 (Matth.
2257 961 2347 1009 vn,
2379 947 2671 1017 13)?Ilanc
2708 948 2842 1001 viam
2882 950 3251 1005 exterminabit
3274 951 3559 1016 Dominus;

2011 1036 2133 1106 quia
2159 1037 2267 1106 ipsa
2291 1046 2372 1092 est
2397 1039 2477 1091 via
2507 1048 2862 1108 peccatorum.

2079 1123 2170 1181 20.
2197 1123 2477 1200 [vers.10.]
2505 1128 2569 1182 Et
2595 1128 2718 1182 dum
2743 1130 3084 1184 exterminata
3120 1130 3278 1187 fuerit
3321 1136 3397 1187 via
3443 1151 3564 1203 pee-

2012 1223 2272 1282 catornm,
2298 1215 2419 1286 quid
2450 1217 2601 1271 nobis
2629 1217 2827 1271 restat?
2882 1217 3071 1286 Venite,
3114 1219 3352 1275 benedicti
3393 1223 3563 1277 Patris

2013 1306 2127 1368 mei,
2147 1307 2379 1375 percipite
2405 1323 2608 1376 regnum
2633 1309 2765 1378 quod
2784 1309 2918 1362 vobis
2941 1321 3170 1379 paratum
3193 1322 3264 1366 est
3291 1313 3351 1365 ab
3376 1315 3565 1382 origine

2012 1395 2188 1449 mundi
2215 1395 2325 1470 (Id.
2371 1413 2492 1465 xxv,
2691 1398 2770 1453 Ad
2818 1398 2919 1455 hoc
2965 1402 3230 1457 concludit
3274 1403 3558 1461 Psalmus:

2012 1484 2082 1539 Et
2106 1487 2236 1540 viam
2273 1497 2584 1558 peccatorum
2611 1489 2972 1544 exterminabit.
3003 1491 3068 1545 Et
3093 1493 3213 1561 quid
3244 1502 3298 1548 tu
3315 1494 3340 1548 ?
3360 1495 3562 1566 Regna-

1957 1651 1962 1657 .
2012 1574 2081 1630 bit
2107 1575 2354 1631 Dominus
2392 1577 2446 1630 in
2487 1587 2746 1633 (sternam.
2791 1579 2992 1644 Gaude,
3021 1581 3139 1650 quia
3167 1582 3259 1636 tibi
3289 1585 3559 1653 regnabit;

2011 1666 2196 1736 gaude,
2224 1668 2346 1737 quia
2388 1678 2440 1722 tu
2469 1668 2575 1722 eris
2616 1683 2833 1738 regnum
2876 1668 3010 1738 ejus.
3051 1669 3178 1727 Vide
3199 1671 3336 1725 enim
3361 1675 3560 1744 etquid

2011 1758 2265 1826 sequitur.
2296 1757 2369 1812 Es
2391 1767 2536 1812 certe
2577 1757 2708 1813 civis
2734 1758 2798 1812 de
2823 1759 2967 1821 Sion,
2997 1774 3099 1813 non
3139 1760 3204 1814 de
3241 1761 3558 1834 Babylonia;

2013 1847 2065 1902 id
2109 1857 2208 1912 est,
2249 1864 2353 1903 non
2398 1848 2465 1903 de
2484 1849 2694 1904 civitate
2717 1851 2945 1918 peritura
2974 1850 3128 1918 hujus
3154 1852 3352 1917 saeculi,
3375 1855 3467 1908 sed
3494 1856 3562 1911 de

2011 1936 2136 1992 Sion
2161 1938 2227 1992 ad
2271 1949 2476 2010 tempus
2518 1939 2791 1995 laborante
2819 1950 2870 1995 et
2894 1943 3281 2010 peregrinante,
3314 1943 3365 1998 in
3401 1956 3554 2000 aeter-

2012 2043 2135 2081 num
2157 2035 2330 2083 autem
2360 2037 2656 2099 regnatura.
2685 2029 2889 2102 Audisti
2929 2044 3054 2099 ergo
3096 2030 3287 2094 ﬁnem;
3330 2032 3451 2089 inde
3477 2050 3556 2090 es.

2011 2119 2254 2191 Regnabit
2303 2119 2547 2176 Dominus
2595 2123 2648 2175 in
2683 2132 2940 2184 wternum,
2984 2121 3120 2176 Deus
3171 2133 3302 2187 tuus,
3343 2124 3488 2179 Sion.
3517 2125 3561 2181 0

2009 2210 2156 2279 Sion,
2188 2212 2325 2267 Deus
2351 2221 2470 2267 tuus
2493 2211 2733 2282 regnabit
2757 2213 2807 2266 in
2834 2221 3087 2267 aeternum
3118 2229 3130 2265 :
3160 2213 3410 2284 numquid
3438 2215 3559 2271 sine

2011 2307 2066 2354 te
2109 2300 2349 2371 regnabit
2378 2301 2514 2356 Deus
2539 2301 2697 2356 tuus?
2732 2300 2798 2353 In
2826 2302 3189 2371 generationem
3215 2311 3260 2356 et
3285 2305 3562 2373 generatio-

2008 2403 2142 2443 nem.
2169 2390 2258 2444 Bis
2290 2390 2443 2456 dixit,
2483 2392 2605 2460 quia
2652 2406 2754 2443 non
2795 2391 2962 2458 potuit
2995 2405 3206 2460 semper
3231 2391 3424 2446 dicere.
3452 2393 3560 2448 Nec

2008 2487 2162 2548 putes
2204 2479 2322 2550 quia
2377 2480 2550 2534 verbis
2575 2480 2732 2533 ﬁnitis
2759 2479 2936 2534 ﬁnitur
2960 2481 3246 2534 aeternitas.
3269 2479 3560 2538 Eternitas

2010 2569 2062 2623 in
2091 2569 2251 2624 verbo
2274 2579 2496 2646 quatuor
2523 2569 2736 2641 syllabis
2759 2579 2981 2635 constat,
3014 2571 3064 2624 in
3091 2585 3151 2625 se
3174 2571 3289 2626 sine
3327 2572 3429 2626 line
3455 2584 3555 2628 est.

2008 2660 2125 2716 Non
2153 2661 2320 2730 potuit
2345 2660 2437 2714 tibi
2467 2660 2564 2713 nisi
2591 2660 2668 2714 sic
2691 2658 3066 2726 commendari,
3085 2659 3220 2715 Dens
3248 2671 3360 2716 tuus
3383 2679 3563 2732 regna.

2012 2754 2080 2808 bit
2129 2754 2182 2807 in
2233 2753 2600 2824 generationem
2639 2761 2686 2805 et
2725 2752 3108 2821 generationem.
3151 2751 3340 2806 Parum
3383 2752 3555 2807 dixit:

2010 2845 2054 2898 si
2083 2853 2189 2898 tota
2215 2843 2299 2898 die
2322 2843 2541 2908 diceret,
2580 2850 2857 2912 angustum
2897 2852 3067 2906 esset;
3091 2841 3136 2896 si
3169 2851 3278 2897 tota
3322 2843 3424 2908 vita
3466 2859 3557 2897 sua

2009 2939 2245 3003 diceret,
2265 2951 2440 2991 nonne
2462 2935 2742 3005 aliquando
2764 2935 3176 2989 conticesceret?
3195 2934 3324 2989 Ama
3351 2937 3561 2990 aeterm-

2012 3037 2201 3088 tatem;
2226 3025 2366 3079 nullo
2393 3025 2494 3079 ﬁne
2523 3024 2764 3094 regnabis
2781 3025 2822 3090 ’,
2849 3025 2892 3078 si
2920 3023 3038 3077 ﬁnis
3067 3023 3156 3076 tibi
3183 3024 3425 3079 Christus
3457 3032 3558 3080 est.

2011 3133 2128 3171 cum
2151 3132 2254 3187 quo
2281 3114 2522 3186 regnabis
2543 3115 2592 3168 in
2622 3114 2808 3168 sarcula
2830 3113 3166 3168 saeculorum.
3194 3114 3384 3169 Amen.

2404 3304 2480 3363 IN
2524 3301 2896 3363 PSALMUM
2927 3299 3172 3360 CXLVI

2586 3421 2850 3476 ENARRA
2860 3421 2990 3477 TIO.

2638 3550 2809 3591 sentio
2838 3533 2910 3618 (α)
2923 3572 2935 3584 .

2083 3658 2132 3710 1.
2167 3653 2312 3724 [rem
2339 3651 2418 3723 1.]
2443 3649 2624 3703 Intenti
2652 3646 3012 3710 audiebamus,
3038 3660 3155 3698 cum
3179 3645 3410 3712 psalmus
3432 3661 3562 3713 prac—

2011 3761 2134 3799 sens
2180 3750 2511 3804 cantaretnr;
2563 3750 2617 3792 et
2665 3754 2766 3815 non
2816 3750 3001 3790 omnes
3050 3735 3140 3804 qui
3192 3735 3559 3794 audiebamus,

2011 3839 2167 3892 etiam
2195 3834 2628 3902 intelligebamus.
2646 3830 2850 3897 Quanto
2870 3827 3033 3895 magis
3056 3841 3179 3896 ergo
3204 3826 3401 3881 intente
3427 3843 3560 3882 nunc

2011 3925 2446 3987 audiendusiest,
2500 3923 2850 3988 si,nt,5pero
2883 3926 2938 3989 et
2982 3916 3155 3984 cupio,
3199 3915 3564 3985 adjuvantibus

2013 4019 2245 4074 omnium
2297 4010 2616 4069 audientium
2657 4008 3003 4087 orationibus,
3049 4005 3092 4060 si
3132 4005 3256 4074 quid
3304 4005 3388 4060 hic
3429 4007 3563 4061 forte

2013 4112 2292 4166 obscurum
2333 4117 2429 4168 est,
2463 4106 2569 4158 Deo
2595 4101 2823 4155 donante
2851 4097 3196 4161 revelabitur;
3243 4106 3302 4150 ut
3339 4097 3407 4151 sit
3448 4096 3560 4150 frn-

2013 4203 2230 4249 ctuosus
2255 4189 2482 4252 auditus,
2513 4199 2611 4239 nec
2636 4183 2803 4236 inanis
2849 4180 3029 4234 redeat
3073 4178 3297 4243 auditor,
3346 4178 3434 4248 qui
3480 4179 3563 4232 in-

2016 4294 2189 4340 tentus
2204 4267 2360 4335 adfuit
2385 4292 2502 4332 cum
2523 4273 2763 4329 audiret?
2787 4270 2935 4327 Unde
2954 4269 3146 4337 etrapit?
3169 4268 3328 4322 Nobis
3343 4268 3560 4322 dicitur:

2014 4375 2241 4428 Laudate
2283 4369 2572 4423 Dominum.
2602 4360 2816 4417 Dicitur
2864 4360 2962 4414 hoc
3011 4358 3253 4413 omnibus
3294 4357 3560 4428 gentibus,

2017 4482 2120 4521 non
2159 4463 2285 4518 solis
2317 4459 2469 4515 nobis
2500 4475 2514 4512 :
2540 4464 2594 4511 et
2640 4455 2791 4508 istam
2829 4466 3012 4506 vocem
3064 4464 3159 4518 per
3196 4449 3309 4503 loca
3353 4447 3564 4518 quidem

2015 4554 2217 4624 singula
2257 4542 2587 4604 sonanteina
2631 4541 2958 4607 Lectoribns,
3003 4538 3305 4608 singillatim
3349 4537 3564 4592 audiunt

2017 4643 2294 4706 Ecclesiae;
2315 4653 2419 4693 una
2447 4651 2545 4691 vox
2573 4643 2747 4689 tamen
2774 4632 2864 4686 Dei
2889 4645 3047 4700 super
3069 4642 3253 4684 omnes
3280 4641 3383 4680 non
3407 4636 3558 4690 tacet,

2018 4747 2074 4791 ut
2096 4733 2366 4789 laudemus
2393 4743 2533 4784 eum.
2560 4726 2630 4780 Et
2676 4724 2822 4793 quasi
2848 4733 3203 4791 quaereremus
3239 4732 3402 4787 quare
3447 4719 3557 4772 lau-

2017 4826 2143 4879 dare
2167 4823 2329 4876 Deum
2353 4819 2657 4881 debeamus,
2703 4811 2875 4866 videte
2912 4824 3068 4878 quam
3110 4823 3324 4862 causam
3350 4809 3517 4861 attulit
3542 4823 3555 4856 :

2018 4913 2244 4967 Landate
2295 4907 2600 4969 Dominum,
2633 4901 2818 4969 inquit,
2867 4897 3099 4966 quoniam
3128 4895 3283 4949 bonus
3323 4895 3561 4964 psaltrias.

2019 5005 2141 5058 Ilaec
2183 5011 2264 5056 est
2296 5010 2499 5052 merces
2547 5001 2652 5047 tota
2680 4985 3039 5044 laudantium?
3066 4984 3362 5040 Laudemus
3386 4982 3563 5036 Domi-

2020 5112 2163 5152 num.
2211 5090 2414 5160 Quare?
2445 5085 2692 5152 Quoniam
2736 5082 2892 5134 bonus
2940 5076 3182 5147 psalmus.
3223 5075 3420 5128 Vellem
3445 5088 3562 5142 ego,

2020 5185 2187 5256 inquit
2234 5179 2442 5250 aliquis,
2493 5173 2707 5229 laudare
2751 5168 3029 5224 Dominum
3057 5207 3073 5232 ,
3103 5166 3156 5256 _si
3203 5163 3332 5256 mihi
3374 5161 3564 5256 aliquid

2022 5251 2116 5346 pro
2159 5275 2257 5327 ista
2307 5267 2460 5322 laude
2503 5264 2744 5318 donaret.
2771 5258 2898 5324 Quis
2936 5255 3074 5311 enim
3100 5251 3277 5307 laudet
3295 5251 3470 5346 gratis
3485 5251 3566 5304 vel

2021 5339 2325 5422 hominem?
2370 5357 2690 5426 Exspectant
2735 5364 2859 5419 ergo
2886 5346 3111 5416 aliquam
3135 5339 3428 5397 mercedem
3458 5339 3564 5393 lan-

2085 5475 2196 5524 “sic
2215 5481 2312 5520 Am.
2339 5475 2390 5518 et
2408 5473 2515 5541 uss.
2549 5470 2697 5541 Mer.
2722 5467 2776 5512 et
2801 5466 2932 5508 Lov.:
2966 5461 3022 5507 Et
3056 5453 3162 5517 quis
3199 5450 3371 5516 estqui
3404 5446 3559 5502 videt?

2021 5548 2185 5590 Homo.
2212 5538 2364 5588 Forte,
2389 5537 2501 5590 etc._
2646 5537 2686 5590 ’Δ
2913 5580 2924 5590 ¹
2943 5578 2954 5588 ,

2085 5580 2314 5656 {aliquot
2334 5580 2459 5656 nisa,
2482 5587 2534 5656 in
2554 5585 2636 5636 illo
2651 5580 2995 5656 regnabis.

2086 5634 2634 5720 (df'i'd'bbiiiitihf'tp'rte
2651 5634 3071 5704 '(‘artbagiuenscm
3086 5674 3100 5697 ,
3129 5648 3190 5685 es
3213 5648 3265 5684 η.
3292 5634 3366 5684 i7.

2901 5722 3293 5801 (Soirante.j
