4082 6204
377 334 498 387 I901

377 450 481 508 bis.
518 464 622 503 non
659 447 804 518 quasi
842 445 1033 516 aliquid
1061 443 1403 515 prmstaturis,
1435 442 1527 494 sed
1558 441 1716 494 multa
1747 439 1926 493 abillo

373 542 547 610 potius
566 539 876 606 accepturis.
903 535 1175 602 Quomodo
1195 548 1320 602 ergo
1343 532 1677 586 commendat
1697 545 1755 585 se
1778 530 1928 584 nobis

376 629 554 683 Deus?
584 629 775 682 Audite
799 626 1086 696 apostolum
1118 623 1336 692 Paulum
1363 641 1374 675 :
1411 641 1428 673 ‹
1461 621 1805 676 Counnendat
1833 635 1927 674 au-

375 731 504 782 tem,
532 741 549 772 ›
587 722 768 790 inquit,
820 738 838 771 ‹
868 719 1202 774 dilectionem
1236 732 1382 770 suam
1425 716 1559 768 Deus
1606 715 1658 769 in
1699 714 1870 768 nobis.
1903 733 1921 766 ι

372 810 646 878 Quomodo
689 808 1099 863 «commendat?
1129 827 1160 861 »κ
1200 807 1420 870 Audite;
1465 807 1574 873 ipse
1615 805 1754 858 dicat
1790 808 1923 873 Apr»

374 905 558 964 stolns,
601 911 657 956 ut
704 911 1036 969 comparetur
1079 908 1132 952 et
1181 899 1424 952 Psalmo:
1458 915 1476 947 ι
1507 896 1870 957 Commendat,
1902 914 1920 947 ι

373 994 552 1064 inquit,
581 1013 598 1044 ι
626 993 956 1046 dilectionem
978 1006 1122 1044 suam
1157 991 1293 1044 Deus
1323 989 1372 1042 in
1404 988 1575 1042 nobis.
1609 1007 1626 1040 ι
1652 986 1927 1055 Quomodo

377 1104 397 1137 ‹
423 1084 784 1140 commendat?
811 1083 1068 1150 Quoniam
1095 1099 1211 1136 cum
1250 1082 1421 1136 adhuc
1450 1090 1752 1150 peccatores
1778 1095 1925 1134 esse-

370 1190 505 1236 mus,
547 1173 786 1227 Christus
826 1188 921 1241 pro
961 1172 1110 1225 nobis
1146 1182 1382 1225 mortuus
1420 1179 1500 1225 est
1525 1190 1541 1222 ι
1576 1169 1748 1238 (Rom.
1788 1185 1842 1234 v,
1871 1169 1920 1234 8,

371 1264 448 1333 9).
472 1265 604 1331 Quid
631 1280 756 1334 ergo
777 1274 948 1318 servat
974 1263 1350 1326 laudatoribus,
1375 1263 1461 1332 qui
1487 1263 1563 1315 sic
1585 1277 1642 1315 se
1665 1276 1926 1315 commen-

369 1356 454 1408 dat
480 1350 885 1424 peccatoribus?
911 1355 1038 1420 Quia
1063 1371 1186 1423 ergo
1212 1356 1286 1410 sic
1305 1354 1436 1408 dixit
1465 1353 1750 1422 Apostolus
1778 1369 1924 1407 com-

370 1447 647 1500 mendasse
676 1447 839 1500 Deum
869 1447 1018 1500 nobis
1047 1446 1378 1502 dilectionem
1401 1462 1570 1512 suam,
1604 1456 1658 1499 ut
1686 1444 1924 1503 Christus

369 1545 669 1589 moreretur
700 1552 790 1603 pro
822 1536 1028 1602 impiis;
1058 1553 1159 1588 non
1191 1545 1246 1588 ut
1273 1536 1416 1604 impii
1457 1545 1806 1598 remanerent,
1832 1535 1925 1590 sed

369 1635 427 1678 ut
453 1633 618 1678 morte
638 1624 764 1693 justi
786 1625 851 1677 ab
872 1624 1119 1690 injustitia
1146 1634 1487 1680 sanarentur:
1509 1625 1591 1679 hic
1607 1625 1731 1695 quid
1752 1624 1922 1692 audis,

369 1730 487 1767 cum
518 1713 753 1776 dixisset,
783 1712 892 1766 Deo
919 1724 1085 1766 nostro
1104 1714 1334 1783 jucunda
1359 1716 1421 1768 sit
1457 1714 1609 1768 laus?
1643 1715 1926 1770 Videamus

366 1807 409 1859 s'i
438 1807 550 1875 ipsa
577 1815 658 1860 est
685 1806 1071 1860 commendatio
1106 1822 1259 1876 quam
1288 1806 1422 1861 dixit
1451 1808 1752 1878 Apostolus,
1794 1809 1924 1878 Quia

361 1894 604 1950 Christus
635 1911 728 1966 pro
749 1897 1115 1965 peccatoribus
1145 1905 1198 1950 et
1231 1913 1328 1966 pro
1358 1898 1532 1967 impiis
1557 1908 1794 1952 mortuus
1819 1908 1918 1954 est.

367 1987 675 2056 :Ediﬁcans,
708 1989 890 2057 inquit,
916 1987 1196 2042 Jerusalem
1227 1988 1491 2055 Dominus,
1522 1999 1568 2042 et
1593 1989 1926 2059 dispersione:

366 2077 528 2132 Israel
556 2079 813 2148 colligens.
846 2074 984 2132 Ecce
1019 2078 1288 2134 mdilicans
1324 2079 1616 2134 Jerusalem
1649 2080 1919 2145 Dominus,

365 2169 613 2238 colligens
651 2169 1007 2237 dispersiones
1051 2170 1227 2239 populi
1271 2170 1455 2239 ipsius.
1503 2170 1921 2240 Pupulusenim

361 2257 672 2320 Jerusalem,
719 2247 937 2328 populus
975 2258 1153 2316 Israel.
1186 2259 1280 2313 Est
1307 2259 1599 2315 Jerusalem
1641 2273 1834 2316 aeterna
1867 2262 1919 2316 in

359 2351 534 2414 ct‘elis,
577 2349 663 2402 ubi
706 2352 846 2404 cives
891 2353 1047 2403 etiam
1094 2352 1280 2420 Angeli
1323 2361 1464 2405 sunt.
1496 2351 1632 2417 Quid
1677 2367 1804 2423 ergo
1848 2354 1920 2408 ibi

365 2438 568 2494 Israel?
592 2439 644 2492 Si
669 2439 932 2492 hominem
961 2440 1104 2492 illum
1142 2451 1382 2508 nepotem
1414 2441 1637 2495 Abrahae
1674 2443 1919 2497 conside—

362 2544 470 2596 res,
501 2530 587 2600 qui
618 2530 787 2584 dictus
813 2539 894 2584 est
921 2541 973 2584 et
998 2530 1192 2595 Iacob;
1223 2531 1487 2602 quomodo
1512 2532 1742 2602 Angelos
1767 2533 1920 2588 intel-

365 2621 574 2692 ligimus
597 2621 787 2676 Israel?
816 2622 871 2676 Si
899 2623 1382 2690 interpretationem
1409 2625 1637 2678 nominis
1662 2623 1916 2678 discutia-

361 2727 502 2775 mus,
528 2710 662 2780 'quia
697 2718 750 2764 et
779 2712 888 2781 ipse
913 2710 1077 2765 Iacob
1114 2721 1314 2766 mutato
1354 2712 1564 2767 nomine
1593 2723 1808 2768 vocatus
1839 2724 1920 2768 est

360 2803 523 2858 Israel
569 2802 716 2876 (Gen.
749 2819 920 2868 xxxu,
947 2802 1070 2874 98);
1115 2804 1278 2873 magis
1317 2805 1382 2859 ibi
1417 2820 1606 2859 nomen
1637 2804 1796 2860 Israel
1823 2824 1837 2860 :
1866 2813 1920 2860 et

362 2896 560 2948 utinam
589 2905 644 2949 et
679 2908 773 2948 nos
799 2903 1078 2964 sequentes
1101 2895 1264 2949 simus
1290 2885 1465 2949 Israel.
1495 2894 1630 2963 Quid
1661 2897 1801 2951 enim
1831 2897 1915 2951 in-

365 2997 677 3057 terpretatur
706 2987 904 3042 Israel?
933 2986 1129 3041 Vidcns
1160 2987 1344 3041 Deum.
1383 2987 1579 3043 Omnes
1621 3003 1747 3059 ergo
1772 2989 1915 3044 cives

360 3080 501 3158 illius
530 3079 792 3142 civitatis,
823 3078 1047 3133 videndo
1079 3079 1241 3133 Deum
1279 3079 1510 3150 gaudent
1535 3081 1584 3134 in
1617 3081 1702 3134 illa
1730 3096 1916 3151 magna

356 3172 572 3224 civitate
613 3180 668 3223 et
706 3170 878 3240 ampla
908 3179 960 3224 et
996 3170 1229 3234 emlesti;
1267 3171 1622 3240 spectaculum
1665 3173 1743 3227 eis
1781 3173 1920 3228 Deus

361 3262 475 3330 ipse
500 3271 600 3314 est.
635 3260 738 3315 Sed
780 3275 875 3314 nos
914 3260 980 3313 ab
1007 3261 1091 3314 illa
1119 3261 1326 3315 civitate
1356 3264 1768 3332 percgrinamur,
1797 3279 1919 3333 pec-

359 3363 482 3406 cato
510 3351 730 3420 expulsi,
767 3367 831 3404 nc
860 3351 927 3404 ibi
957 3366 1321 3425 maneremus;
1353 3361 1406 3405 et
1435 3354 1750 3407 mortalitate
1779 3369 1916 3424 prae-

360 3442 578 3511 gravati,
613 3458 678 3494 ne
707 3442 796 3495 illo
823 3441 1134 3495 rediremus.
1165 3442 1412 3510 Respexit
1448 3443 1586 3514 Deus
1613 3446 1916 3513 peregrina-

360 3533 557 3586 tionem
587 3542 840 3599 nostram,
870 3543 922 3586 et
945 3533 1030 3587 ille
1058 3531 1147 3602 qui
1173 3532 1398 3586 mdilicat
1423 3532 1735 3597 Jerusalem,
1764 3539 1918 3588 resti-

360 3622 680 3691 tuitlapsam
723 3630 941 3690 partem.
984 3621 1136 3676 Unde
1179 3623 1408 3675 restituit
1445 3609 1644 3689 lapsam
1676 3623 1920 3690 partem?

362 3711 710 3782 Dispersiones
735 3711 898 3764 Israel
933 3711 1189 3780 colligens.
1220 3710 1424 3764 Cecidit
1463 3712 1600 3764 enim
1631 3726 1752 3778 pars
1779 3729 1921 3780 qna:-

359 3803 505 3867 dam,
541 3812 595 3856 et
617 3801 750 3856 facta
777 3816 859 3856 ess
883 3803 1157 3870 peregrina
1189 3819 1204 3855 :
1233 3801 1368 3855 hanc
1399 3803 1727 3870 peregrinam
1755 3803 1918 3856 mise-

361 3897 638 3952 ricorditer
663 3897 793 3950 vidit
834 3897 991 3962 Deus,
1017 3907 1072 3952 et
1110 3897 1348 3966 quaesivit
1387 3912 1490 3952 non
1519 3907 1813 3967 quarrentes
1838 3915 1916 3954 se.

359 3988 512 4043 Unde
533 3987 804 4054 qui-.esivit?
829 4003 982 4056 quem
1015 3987 1156 4041 misit
1175 3986 1240 4041 ad
1265 3988 1616 4056 captivitatem
1647 3990 1919 4045 nostram?

360 4081 500 4136 Misit
527 4080 952 4148 lietlemptorem,
993 4079 1280 4134 secundum
1309 4080 1450 4148 quod
1487 4081 1558 4134 ait
1593 4083 1875 4149 Apostolus
1905 4101 1916 4136 :

360 4172 686 4226 Commemlat
713 4172 851 4226 Deus
875 4173 1188 4226 dilectionem
1230 4188 1374 4225 suam
1401 4173 1453 4225 in
1496 4173 1656 4239 nobis,
1686 4175 1920 4243 quoniam

361 4278 476 4315 cum
497 4263 663 4315 adhuc
683 4273 963 4331 peccatores
983 4279 1218 4328 essemus,
1247 4261 1473 4316 Christus
1501 4280 1592 4334 pro
1621 4265 1760 4318 nobis
1786 4282 1922 4318 mor-

363 4364 479 4406 tuus
517 4362 608 4406 est.
649 4352 786 4406 Misit
810 4368 934 4423 ergo
962 4352 1028 4407 ad
1067 4353 1421 4421 captivitatem
1452 4363 1685 4408 nostram
1715 4355 1920 4410 redem—

363 4454 567 4511 plorem
611 4443 793 4497 Filium
839 4458 1009 4497 suum.
1044 4444 1222 4508 Porta,
1269 4444 1456 4514 inquit,
1487 4454 1657 4499 tecum
1687 4459 1919 4508 saccum,

366 4535 500 4586 ferto
550 4533 618 4586 ibi
665 4535 886 4602 pretium
934 4535 1279 4603 captivorum.
1321 4533 1494 4588 Induit
1538 4535 1677 4588 enim
1721 4550 1780 4590 se
1834 4536 1923 4590 ille

364 4624 737 4694 mortalitatem
761 4626 954 4690 carnis,
985 4635 1039 4680 et
1067 4626 1135 4679 ibi
1157 4634 1271 4680 erat
1293 4627 1508 4695 sanguis
1535 4641 1639 4696 quo
1663 4626 1776 4682 fuso
1804 4628 1924 4682 red-

368 4716 668 4770 imeremur.
688 4717 784 4776 Illo
802 4718 1053 4787 sanguine
1069 4718 1279 4787 collegit
1301 4720 1318 4752 ¹
1351 4718 1708 4788 dispersiones
1739 4718 1920 4774 Israel.

369 4807 436 4863 Et
465 4811 508 4864 si
554 4809 639 4862 ille
665 4808 876 4877 collegit
913 4809 1038 4862 olim
1065 4809 1351 4878 dispersos,
1388 4810 1652 4878 quomodo
1680 4819 1921 4878 satagen-

367 4897 493 4950 dum
539 4905 620 4951 est
663 4906 720 4950 ut
754 4896 1068 4966 colligantur
1112 4899 1268 4956 modo
1309 4899 1573 4967 dispersi?
1616 4900 1671 4955 Si
1717 4902 1924 4956 collecti

367 4999 493 5042 sunt
515 4987 758 5057 dispersi,
791 4997 848 5041 ut
876 4989 926 5041 in
967 5005 1124 5043 manu
1161 4990 1377 5045 artiﬁcis
1417 4991 1480 5045 ad
1509 4991 1788 5047 aedilicium
1821 4993 1926 5047 lor-

368 5091 670 5144 marentur;
694 5081 957 5150 quomodo
987 5082 1261 5151 colligendi
1284 5092 1424 5148 sunt,
1451 5085 1540 5152 qui
1564 5084 1631 5139 de
1656 5101 1811 5139 manu
1835 5101 1923 5139 ar—

369 5171 525 5226 tilicis
554 5172 910 5242 inquietudine
950 5172 1287 5227 ceciderunt?
1325 5173 1614 5243 Ediﬁcans
1642 5175 1926 5230 Jerusalem

371 5265 636 5320 Dominus.
662 5265 797 5320 Ecce
822 5281 976 5335 quem
1005 5266 1296 5331 laudamus,
1323 5283 1446 5322 ecce
1471 5270 1554 5323 cui
1587 5271 1788 5324 laudem
1818 5283 1924 5326 tota

374 5356 481 5410 vita
517 5365 699 5412 nostra
730 5356 1002 5411 debemus.
1029 5354 1316 5423 IEdiﬁcans
1339 5355 1622 5413 Jerusalem
1655 5359 1920 5428 Dominus,

373 5458 418 5501 et
447 5447 772 5517 dispar-siones
799 5445 958 5500 Israel
987 5446 1240 5517 colligens.

444 5539 496 5594 5.
538 5537 682 5611 [vers.
723 5538 799 5610 5.]
837 5537 1108 5605 Quomodo
1135 5539 1373 5608 colligit?
1409 5540 1535 5610 quid
1563 5541 1690 5612 agit,
1731 5551 1789 5597 ut
1815 5544 1927 5598 col-

382 5629 539 5701 ligat?
573 5629 668 5695 Qui
691 5639 835 5682 sanat
860 5629 1095 5682 contritas
1122 5629 1287 5682 corde.
1316 5629 1450 5684 Ecce
1477 5633 1745 5700 quomodo
1774 5635 1925 5692 colli-

442 5744 458 5774 ι
484 5741 695 5790 ratiores
717 5746 820 5790 Mss.
846 5741 937 5792 hoc
961 5747 1012 5790 et
1048 5741 1263 5803 proximo
1282 5739 1403 5804 loco,
1426 5748 1619 5808 cotttqtt.

1365 385 1370 392 ,
1420 324 1806 380 ENAIIRATIO
1837 323 1898 378 IN
1936 324 2247 381 PS’ALMUM
2284 325 2504 383 CXLVI.

3390 310 3588 389 Visae

2035 451 2230 515 guntur
2246 440 2596 508 dispersiones
2622 441 2802 507 Israel,
2831 451 2884 496 ut
2905 452 3155 497 sanentur
3177 445 3384 500 contriti
3405 449 3584 504 corde.

2030 527 2127 594 Qui
2149 543 2242 583 eor
2269 545 2370 584 non
2401 539 2699 598 conterunt,
2728 547 2830 586 non
2856 543 3140 604 sanantur.
3165 533 3300 602 Quid
3323 543 3423 601 est,
3451 552 3584 592 con-

2032 628 2201 674 terere
2243 623 2373 676 cor?
2408 622 2599 678 Notum
2646 625 2732 688 sit,
2787 625 3114 689 charissimi;
3157 627 3263 693 ﬁat,
3306 637 3364 690 ut
3410 632 3580 686 sanari

2031 711 2258 777 possitis.
2294 712 2497 766 Dictum
2529 723 2608 768 est
2650 716 2789 768 enim
2835 717 3011 770 multis
3039 718 3153 771 aliis
3194 718 3581 787 Scripturarum

2032 799 2275 866 locis;.et
2301 803 2528 857 maxime
2563 804 2654 858 illo
2681 805 2815 868 Ioco,
2847 822 2975 861 voce
3018 820 3191 860 nostra
3219 809 3426 878 quidam
3451 825 3579 865 can-

2029 902 2165 958 tans,
2197 892 2418 960 dicebat,
2458 895 2705 961 Quoniam
2734 898 2775 949 si
2803 898 3038 952 voluisses
3064 900 3382 969 sacri/icium,
3413 902 3582 956 dedis-

2027 1000 2130 1036 sem
2158 985 2324 1054 utique
2346 1001 2364 1038 :
2393 987 2501 1041 Deo
2528 987 2752 1053 diccbat,
2787 987 2847 1043 Si
2871 989 3105 1044 voluisses
3133 989 3453 1059 sacriﬁcium,
3491 994 3581 1046 de-

2029 1076 2206 1128 dissem
2235 1077 2430 1146 utique;
2457 1078 2759 1134 holocaustis
2779 1091 2939 1134 autem
2962 1099 3058 1136 non
3086 1082 3422 1138 delectaberis.
3446 1085 3580 1152 Quid
3657 1093 3659 1096 ’

2028 1167 2192 1236 ergo?
2235 1167 2358 1222 Sine
2397 1170 2635 1224 sacrificii
2678 1171 2945 1233 oblatione
2986 1175 3414 1230 remanebimus?
3444 1175 3580 1230 Audi

2027 1258 2150 1326 quid
2184 1268 2233 1312 te
2259 1259 2384 1313 velit
2411 1260 2617 1314 oll‘crre.
2643 1261 2908 1330 Sequitur,
2937 1272 2990 1318 et
3013 1264 3170 1318 dicit:
3201 1283 3218 1316 ‹
3250 1265 3576 1320 Sacriﬁcium

2028 1349 2137 1402 Deo
2170 1350 2383 1418 spiritus
2421 1352 2833 1417 contribulatus;
2871 1369 2964 1408 cor
2994 1356 3270 1408 contritum
3311 1366 3364 1410 et
3405 1356 3580 1410 humi-

2028 1436 2208 1491 liatum
2234 1440 2369 1493 Deus
2392 1455 2493 1494 non
2522 1451 2732 1509 spernet
2758 1462 2774 1492 ι
2808 1442 2974 1512 (Psal.
3002 1461 3051 1508 1.,
3083 1445 3168 1510 18,
3197 1446 3309 1516 I9).
3334 1446 3528 1501 (Sanat
3556 1467 3572 1498 ι

2027 1544 2152 1597 ergo
2200 1548 2218 1580 ι
2247 1533 2498 1586 contritas
2540 1533 2740 1587 corde:
2779 1555 2796 1586 ι
2841 1537 2958 1604 quia
3013 1537 3476 1608 illis‘prOpinquat
3524 1549 3581 1593 ut

2027 1629 2173 1672 sanet
2201 1637 2213 1684 ;
2241 1621 2375 1673 sicut
2414 1621 2602 1675 dicitur
2643 1624 2748 1678 alio
2791 1624 2926 1689 loco,
2958 1643 2976 1675 ι
3014 1627 3180 1694 Prope
3220 1637 3299 1681 est
3331 1629 3584 1684 Dominus

2026 1706 2108 1760 his
2137 1708 2222 1775 qui
2252 1708 2580 1764 obtriverunt
2608 1727 2700 1766 eor
2729 1732 2747 1764 ι
2788 1713 2954 1784 (Psal.
2991 1731 3184 1780 χχχιιι,
3215 1716 3322 1787 19).
3354 1718 3450 1784 Qui
3479 1719 3577 1772 ob—

2028 1799 2281 1853 triverunt
2330 1801 2453 1854 cor?
2497 1801 2750 1857 Ilumilcs.
2797 1804 2893 1871 Qui
2938 1820 3040 1858 non
3084 1805 3408 1861 obtriverunt
3449 1809 3578 1861 cor?

2026 1888 2267 1960 Superbi.
2312 1892 2606 1949 Contritum
2649 1892 2951 1963 sanabitur,
2982 1898 3209 1954 elidetur
3245 1901 3459 1955 elatum.
3500 1903 3575 1956 Ad
3657 1963 3660 1968 ,

2027 1981 2123 2035 hoc
2147 1983 2285 2035 enim
2308 1982 2440 2038 forte
2460 1985 2692 2052 eliditur,
2721 1996 2776 2041 ut
2799 1989 3079 2041 contritum
3106 2000 3334 2044 sanetur.
3358 1990 3434 2046 Ne
3460 1993 3581 2046 velit

2024 2087 2168 2142 ergo,
2193 2075 2395 2139 fratres,
2415 2091 2507 2130 cor
2533 2087 2770 2132 nostrum
2801 2094 2918 2135 esse
2937 2089 3190 2144 erectum,
3214 2090 3490 2152 antequam
3514 2084 3583 2137 sit

2025 2172 2222 2216 rectum
2243 2164 2260 2195 ¹
2287 2181 2300 2217 :
2328 2167 2462 2221 male
2502 2168 2739 2237 erigitur,
2769 2170 2907 2238 quod
2937 2185 3040 2224 non
3070 2171 3238 2239 primo
3280 2173 3578 2242 corrigitur.

2094 2255 2145 2308 6.
2190 2253 2288 2320 Qui
2322 2267 2466 2310 sanat
2503 2260 2740 2314 contritas
2767 2262 2936 2326 corde,
2976 2270 3022 2313 et
3064 2262 3240 2332 alligat
3266 2264 3580 2317 contritiones

2025 2362 2211 2397 corum.
2244 2345 2423 2412 Sonat,
2457 2348 2640 2418 inquit,
2665 2351 2902 2404 contritas
2926 2351 3075 2405 corde
3108 2359 3126 2405 .‘
3155 2361 3306 2406 sanat
3334 2368 3459 2423 ergo
3486 2355 3580 2408 IIII-

2023 2437 2248 2490 milialos
2276 2437 2452 2505 corde,
2491 2449 2640 2494 sanat
2667 2441 3000 2509 confitentes,
3051 2453 3202 2498 sanat
3239 2446 3442 2515 seipsos
3480 2463 3578 2515 pu-

2023 2529 2246 2594 nientes,
2280 2529 2329 2581 in
2367 2544 2425 2584 se
2453 2544 2693 2585 severum
2731 2532 2982 2601 judicium
3015 2545 3338 2600 exercentes,
3369 2546 3427 2590 ut
3455 2552 3578 2606 pos-

2023 2619 2128 2672 sin:
2151 2634 2267 2674 esse
2288 2621 2426 2674 illius
2445 2621 2858 2677 misericordiam
2885 2625 3189 2685 sentientes.
3219 2627 3374 2682 Tales
3394 2639 3574 2694 sanat;

2023 2708 2116 2763 sed
2147 2710 2372 2778 perfecta
2403 2726 2586 2766 eorum
2617 2713 2813 2766 sanitas
2839 2723 3097 2769 transacta
3124 2717 3440 2774 mortalitate
3466 2717 3574 2782 lict,

2021 2801 2231 2868 quando
2270 2803 2616 2871 corruptibile
2645 2804 2744 2858 hoc
2774 2803 3002 2858 induerit
3030 2805 3492 2876 incorruptionem,
3524 2821 3578 2864 et

2023 2890 2241 2944 mortale
2267 2890 2365 2946 hoc
2394 2892 2622 2947 induerit
2662 2895 3106 2949 immortalitatem
3143 2896 3182 2967 (Ι
3211 2896 3325 2950 Cor.
3370 2914 3455 2964 xv,
3486 2899 3576 2964 55.

2021 2980 2143 3050 54);
2172 2982 2379 3051 quando
2405 2983 2534 3036 nihil
2563 2985 2664 3038 erit
2704 2985 2843 3054 quod
2870 3001 2934 3070 ex
2963 2987 3134 3040 carnis
3166 2988 3282 3042 labe
3311 2989 3572 3051 sollicitet,

2022 3087 2125 3126 non
2159 3072 2329 3126 solum
2373 3073 2502 3127 nihil
2546 3074 2629 3128 cui
2672 3076 3083 3142 consentiamus,
3126 3076 3221 3132 sed
3265 3077 3395 3132 nihil
3437 3079 3577 3149 quod

2021 3173 2327 3234 suggeratur
2379 3181 2444 3220 ex
2489 3179 2670 3221 carne.
2727 3167 2930 3222 Etenim
2972 3163 3158 3235 modo,
3213 3167 3406 3224 fratres
3448 3169 3572 3234 mei,

2021 3263 2228 3323 quanta:
2252 3255 2445 3308 illicita:
2465 3255 2841 3312 delectationes
2865 3257 3095 3330 animum
3117 3260 3367 3329 tangunt!
3393 3260 3576 3326 Quam-

2019 3344 2098 3395 vis
2127 3343 2202 3397 eis
2229 3357 2332 3397 non
2362 3345 2773 3410 consentiamus,
2808 3354 2862 3399 ut
2893 3346 3126 3401 membra
3159 3357 3335 3402 nostra
3361 3333 3576 3418 justiiia:

2020 3434 2269 3498 serviant,
2290 3450 2393 3489 non
2411 3433 2690 3506 iniquitati;
2711 3445 2883 3492 tamen
2898 3438 3237 3493 veldelectari
3255 3440 3462 3507 talibus,
3477 3447 3575 3496 etsi

2020 3542 2121 3578 non
2156 3527 2443 3591 censentis,
2484 3527 2716 3580 nondum
2741 3537 2821 3582 est
2841 3527 3068 3596 perfecta
3097 3531 3311 3585 sanitas.
3339 3531 3577 3588 Sanabe-

2019 3615 2091 3666 ris
2121 3629 2267 3682 ergo,
2314 3615 2476 3669 corde
2515 3615 2743 3669 contrito
2771 3616 3058 3670 sanaberis.
3088 3617 3202 3671 Noli
3243 3619 3571 3683 erubescere,

2018 3714 2232 3757 contere
2254 3719 2348 3758 cor
2373 3721 2387 3768 ;
2418 3705 2546 3770 tales
2575 3715 2725 3759 sanat
2750 3706 2908 3766 Deus.
2939 3706 3044 3761 Sed
3066 3707 3187 3775 quid
3203 3723 3320 3777 ago,
3349 3709 3573 3779 inquies,

2019 3794 2215 3848 modo?
2250 3813 2268 3845 ι
2306 3793 2656 3850 Condelector
2697 3796 2836 3850 enim
2867 3796 2966 3865 legi
2995 3796 3090 3850 Dei
3129 3797 3413 3852 secundum
3442 3800 3576 3855 inte—

2019 3887 2209 3940 riorem
2241 3885 2542 3953 hominem;
2573 3886 2727 3942 video
2749 3898 2925 3942 autem
2951 3888 3106 3942 aliam
3134 3889 3301 3958 legem
3331 3891 3380 3944 in
3412 3905 3577 3944 mem-

2021 3977 2131 4030 bris
2148 3977 2298 4040 meis,
2327 3987 2703 4048 repugnantem
2729 3979 2828 4048 legi
2847 3980 3037 4032 mentis
3063 3995 3212 4045 niese,
3241 3990 3294 4035 et
3313 3982 3575 4050 captivum

2021 4086 2106 4126 me
2146 4071 2422 4125 ducentem
2453 4071 2504 4124 in
2548 4070 2660 4140 lege
2690 4072 2907 4140 peccati.
2945 4091 2964 4122 ι
2998 4071 3133 4140 Quid
3175 4073 3324 4142 agis?
3348 4072 3576 4128 Contere

2020 4178 2132 4226 cor,
2159 4163 2440 4225 conﬁtere;
2470 4177 2586 4232 age,
2614 4162 2701 4217 dic
2729 4165 2996 4232 sequentia
3022 4182 3038 4217 :
3064 4163 3255 4232 Infelix
3291 4181 3381 4236 ego
3407 4166 3572 4229 homo,

2020 4253 2129 4321 quis
2165 4269 2243 4326 me
2267 4251 2490 4306 liberabit
2514 4252 2576 4306 de
2623 4269 2830 4321 corpore
2869 4255 3039 4308 mortis
3067 4255 3256 4325 hujus?
3291 4255 3402 4310 Hoc
3433 4257 3574 4310 enim

2022 4344 2217 4407 dicere,
2250 4342 2440 4413 Infelix
2472 4344 2639 4405 homo,
2664 4343 2771 4412 jam
2800 4359 2892 4398 cor
2919 4354 3191 4400 conterere
3211 4355 3309 4400 est.
3343 4346 3435 4402 Ille
3460 4363 3578 4416 spc-

2023 4443 2102 4487 ret
2133 4433 2452 4499 I'elicitatem,
2481 4435 2566 4503 qui
2593 4435 2873 4490 conﬁtetur
2899 4435 3278 4492 infelicitatem.
3310 4437 3400 4492 Dic
3427 4453 3574 4507 ergo,

2023 4524 2214 4593 Infelix
2241 4541 2330 4596 ego
2369 4525 2535 4592 homo,
2568 4513 2678 4596 quis
2715 4544 2790 4580 me
2816 4527 3038 4581 liberabit
3067 4529 3128 4583 de
3171 4547 3378 4600 corpore
3407 4533 3578 4584 mortis

2026 4617 2216 4685 hujus?
2257 4625 2314 4670 ut
2349 4618 2728 4690 respondeatur
2768 4619 2881 4681 tibi,
2933 4619 3106 4674 Gratia
3136 4619 3250 4686 Dei,
3291 4639 3378 4691 per
3404 4621 3579 4676 Iesum

2025 4705 2276 4759 Christum
2298 4707 2572 4761 Dominum
2614 4719 2838 4763 nostrum
2865 4708 3037 4779 (Rom.
3070 4727 3164 4775 vn,
3190 4711 3400 4782 22—25).
3434 4712 3578 4779 Quo-

2024 4799 2180 4851 modo
2199 4807 2370 4854 autem
2405 4799 2646 4854 liberabit
2675 4801 2785 4869 ipsa
2824 4801 2989 4870 gratia
3029 4801 3140 4864 Dei,
3173 4802 3310 4856 unde
3337 4818 3475 4857 nunc
3502 4805 3579 4873 pi-

2023 4905 2156 4957 gnus
2195 4890 2533 4959 accepimus?
2561 4891 2694 4944 Audi
2737 4890 2979 4946 eumdem
3015 4893 3325 4962 Apostolum
3354 4912 3368 4948 :
3397 4915 3416 4947 ι
3445 4894 3579 4950 Cor-

2005 4994 2124 5047 .pus
2151 4979 2384 5048 quidem,
2417 4997 2435 5031 ι
2467 4980 2652 5048 inquit,
2689 4997 2707 5030 ι
2744 4989 3008 5034 mortuum
3049 4991 3130 5037 est
3159 4992 3372 5053 propter
3394 4999 3578 5054 pecca-

2027 5079 2170 5134 tum;
2221 5070 2434 5138 spiritus
2477 5079 2652 5124 autem
2695 5069 2800 5124 vita
2844 5079 2926 5125 est
2977 5080 3187 5142 propter
3206 5073 3480 5142 justitiam.
3518 5074 3581 5127 Si

2027 5174 2153 5229 ergo
2182 5159 2407 5227 Spiritus
2444 5160 2557 5228 ejus
2586 5159 2672 5230 qui
2705 5162 2975 5216 suscitavit
3011 5161 3194 5218 Iesum
3222 5162 3486 5218 Cbristmn
3518 5180 3584 5218 ex

2027 5251 2268 5314 mortuis,
2303 5249 2502 5303 habitat
2531 5249 2582 5302 in
2614 5249 2796 5314 vobis;
2823 5253 2910 5322 qui
2936 5253 3209 5307 suscitavit
3235 5252 3412 5308 Iesum
3440 5252 3586 5307 ('ihri-
3625 5258 3628 5260 ’

2027 5350 2164 5394 stum
2193 5354 2222 5391 a
2252 5339 2495 5405 mortuis,
2529 5338 2812 5394 viviﬁcabit
2854 5351 2906 5395 et
2947 5343 3188 5396 mortalia
3231 5357 3453 5411 corpora
3490 5357 3583 5396 ve-

2029 5438 2172 5494 stra,
2226 5442 2320 5497 per
2370 5429 2746 5484 inhabitantem
2800 5430 3050 5500 Spiritum
3116 5432 3232 5500 ejus
3281 5433 3331 5486 in
3376 5432 3523 5487 vobis
3556 5451 3578 5486 ι

2035 5520 2142 5594 (Id.
2176 5537 2291 5588 vm,
2321 5521 2408 5587 IO,
2439 5523 2550 5591 II).
2594 5523 2705 5577 Iloc
2743 5538 2870 5593 ergo
2901 5523 3106 5594 pignus,
3133 5523 3332 5594 accepit
3372 5523 3587 5593 spiritus

2030 5621 2229 5676 noster,
2267 5621 2322 5666 ut
2345 5613 2658 5682 incipiamus
2683 5611 2786 5668 lide
2823 5615 3020 5669 servire
3048 5614 3174 5680 Deo,
3199 5623 3252 5670 et
3277 5629 3339 5670 ex
3366 5613 3469 5669 ﬁde
3497 5628 3589 5685 ap-

2037 5751 2039 5756 “
2098 5756 2114 5782 ι
2144 5749 2326 5814 Aliun
2346 5756 2474 5812 Mss,
2490 5757 2769 5801 correction.
