4082 6204
617 291 754 352 i965

602 408 800 475 ‘pellari
819 404 945 477 justi
975 421 988 457 :
1013 403 1257 473 quoniam
1284 401 1448 472 iustus
1459 415 1521 457 es
1546 400 1644 456 lide
1662 399 1786 456 vivit
1800 399 1968 473 (Rom.
1984 417 2023 466 ι,
2039 400 2148 468 i7).

600 494 871 565 Quidquid
898 500 1070 547 autem
1100 491 1251 546 nobis
1276 491 1445 545 adhuc
1471 499 1724 561 repugnat
1755 501 1811 546 et
1843 491 2059 556 resistit,
2085 489 2154 544 de

601 585 930 641 mortalitate
968 583 1141 639 car-is
1181 591 1299 649 est;
1335 589 1391 637 et
1424 581 1524 637 hoc
1550 580 1835 636 sanabitur.
1872 579 2150 649 Viuiﬁcabit

600 676 771 740 enim,
800 673 984 743 inquit,
1012 682 1073 726 ‘et
1114 671 1345 726 mortalia
1382 687 1593 739 corpora
1610 679 1791 735 vestra,
1830 685 1917 738 per
1954 668 2151 723 inhabi-

598 771 795 816 tantem
817 760 1059 832 Spiritum
1078 761 1185 830 ejus
1211 760 1265 814 in
1294 760 1446 813 uobis.
1468 757 1544 813 Ad
1571 758 1670 812 hoc
1687 758 1870 828 pignus
1898 757 2061 821 dedit,
2093 765 2150 811 ut

607 852 869 920 compleat
891 849 1031 921 quod
1061 849 1320 921 promisit.
1341 847 1473 916 Quid
1499 863 1626 918 ergo
1652 863 1792 903 nunc
1819 847 1870 902 in
1898 846 1995 902 hac
2020 848 2148 913 vita,

600 942 816 1013 quando
836 942 1008 996 adhuc
1041 939 1368 996 confessorcs
1400 953 1601 1004 sumus,
1623 939 1855 993 nondum
1882 952 2152 1008 possesso-

601 1048 713 1099 res,
738 1030 863 1103 quid
888 1033 940 1086 in
960 1031 1058 1086 hac
1075 1030 1201 1095 vita,
1221 1029 1342 1098 quid
1368 1029 1492 1083 fiet?
1517 1028 1789 1096 Quomodo
1810 1028 2074 1082 curabitur
2096 1027 2151 1080 "l

608 1122 769 1178 Sonat
797 1123 1031 1194 spati-itas
1057 1120 1243 1185 corde;
1270 1118 1361 1174 sed
1390 1117 1616 1189 perlecta
1654 1118 1849 1172 sanitas
1877 1126 2002 1172 tunc
2023 1117 2145 1182 erit,

606 1211 816 1282 quando
840 1211 1083 1264 diximus.
1111 1209 1255 1263 Nunc
1281 1223 1405 1278 ergo
1432 1206 1804 1277 quid‘l‘Alligat
1827 1205 2142 1259 contritiones

600 1318 796 1361 eorum.
828 1300 925 1367 Qui
955 1307 1123 1362 curat,
1168 1297 1353 1367 inquit,
1405 1296 1659 1351 contritas
1706 1294 1884 1360 corde,
1924 1308 2147 1366 quorum
2193 1326 2209 1346 .

603 1391 833 1462 perfecta
862 1390 1056 1446 sanitas
1080 1389 1132 1443 in
1171 1389 1557 1443 resurrectione
1578 1386 1839 1457 iustorum
1866 1386 2002 1450 erit;
2029 1385 2145 1438 alli-

602 1493 690 1554 gat
718 1482 874 1537 modo
899 1480 1240 1537 contritiones
1265 1494 1471 1534 eorum.

671 1576 721 1628 'l.
746 1572 873 1641 Quae
901 1579 1022 1626 sunt
1045 1570 1373 1641 alligamenta
1400 1568 1816 1643 contritionum?
1853 1568 2000 1624 Sicut
2018 1583 2134 1624 me-

600 1662 701 1718 dici
732 1662 942 1735 alligant
967 1660 1240 1715 fracturas.
1281 1658 1573 1729 Aliquando
1591 1659 1765 1722 enim;
1797 1658 2050 1729 intelligat
2077 1667 2131 1713 et

602 1752 701 1808 hoc
719 1751 961 1807 Charitas
985 1760 1154 1806 vestra
1176 1793 1191 1817 ,
1216 1760 1273 1805 et
1298 1759 1476 1805 notum
1499 1760 1581 1805 est
1600 1750 1679 1805 eis
1696 1750 1784 1820 qui
1808 1750 2139 1806 animadver-

604 1849 799 1905 terunt,
826 1841 909 1897 vel
933 1857 964 1896 a
992 1840 1208 1896 medicis
1230 1840 1508 1895 audierunt
1537 1856 1550 1892 :
1576 1839 1857 1910 aliquando
1896 1854 2054 1909 prave
2089 1848 2143 1896 ct

598 1932 819 1988 disturte
844 1931 1066 1995 llrmata,
1089 1939 1145 1985 ut
1166 1932 1431 2001 corrigunt
1453 1929 1664 1994 medici,
1689 1929 1952 2000 frangunt,
1980 1938 2033 1984 et
2066 1928 2143 1983 fa-

598 2023 743 2078 ciunt
766 2022 953 2076 vulnus
969 2034 1180 2087 novum,
1200 2021 1321 2091 quia
1346 2020 1481 2074 mala
1500 2030 1612 2075 erat
1630 2020 1826 2074 sanitas
1854 2035 2029 2086 prava.
2052 2019 2143 2074 Sic

597 2127 724 2183 ergo
764 2121 912 2166 rectm
948 2120 1083 2176 sunt,
1129 2112 1294 2181 inquit
1336 2109 1621 2179 Scriptura,
1650 2110 1744 2163 rite
1790 2108 2021 2174 Domini;
2053 2109 2142 2163 sed

598 2200 936 2275 pravisordius
980 2203 1033 2257 in
1079 2202 1181 2257 illis
1219 2197 1636 2256 scandalisabitur
1666 2198 1837 2269 (Osete
1862 2215 1945 2254 xlv
1966 2240 1981 2262 ,
2011 2199 2079 2255 l0
2097 2200 2138 2270 ).

595 2292 729 2362 Quid
758 2300 856 2356 est,
884 2290 1221 2362 pravicordius
1240 2289 1265 2345 .9
1287 2286 1662 2352 Torticordius,
1689 2297 1880 2343 tortum
1923 2303 2017 2344 cor
2040 2287 2142 2343 ba-

593 2383 745 2438 bens.
790 2380 942 2437 Putat
980 2388 1115 2436 torta
1149 2392 1267 2436 esse
1307 2378 1484 2434 omnia
1525 2394 1642 2448 quae
1667 2377 1910 2434 dicuntur
1935 2393 1967 2434 a
2005 2378 2137 2445 Deo,

594 2475 742 2543 putat
762 2484 918 2542 prava
937 2485 1055 2527 esse
1078 2470 1250 2524 omnia
1274 2484 1392 2539 quae
1431 2469 1549 2524 fecit
1582 2468 1741 2535 Deus,
1770 2477 1825 2525 et
1864 2468 2141 2537 displicent

593 2562 669 2618 illi
694 2544 870 2617 omnia
891 2556 1086 2630 judicia
1108 2559 1221 2624 Dei,
1249 2558 1574 2629 maximeque
1593 2559 1645 2613 in
1666 2560 1855 2629 quibus
1885 2560 1995 2628 ipse
2016 2572 2139 2614 cor-

591 2652 809 2721 ripitur;
831 2659 885 2707 et
908 2650 1077 2715 sedet,
1105 2657 1159 2704 et
1177 2644 1407 2718 disputat
1426 2663 1582 2718 quam
1608 2648 1743 2703 male
1771 2647 1928 2703 faciat
1970 2648 2130 2712 Deus,

590 2742 710 2811 quia
737 2757 838 2795 non
865 2756 959 2813 pro
980 2741 1095 2810 ejus
1118 2739 1382 2794 voluntate
1406 2739 1543 2793 facit.
1572 2739 1856 2793 Distortum
1885 2753 1977 2794 cor
1999 2778 2015 2803 ,
2047 2754 2139 2808 pa-

594 2844 709 2885 rum
733 2829 856 2884 est’
896 2828 1033 2899 quod
1077 2842 1182 2883 non
1224 2843 1283 2883 se
1305 2827 1516 2897 corrigit
1551 2823 1620 2882 ad
1649 2826 1809 2882 Deum
1834 2842 1849 2891 ;
1874 2835 1928 2881 et
1970 2826 2135 2881 Deum

590 2916 700 2972 vult
723 2918 1050 2989 distorquere
1073 2918 1137 2973 ad
1162 2932 1237 2973 se.
1259 2916 1392 2986 Quid
1418 2931 1543 2987 ergo
1560 2914 1687 2971 dicit
1706 2916 1842 2971 Deus
1870 2916 2135 2987 desuper?

588 3009 780 3064 Tortns
814 3025 893 3077 es,
932 3025 1113 3079 aequus
1147 3024 1282 3065 sum.
1326 3008 1380 3064 Si
1411 3020 1465 3063 tu
1493 3018 1671 3063 rectus
1698 3021 1861 3073 esses,
1907 3008 2133 3064 sentires

589 3097 885 3170 arquitatem
928 3113 1120 3156 meam.
1185 3097 1631 3167 Quemadmodum
1670 3098 1716 3152 si
1745 3098 1797 3152 in
1839 3098 2133 3167 pavimento

587 3188 774 3260 a-quali
805 3184 1030 3260 poneres
1061 3188 1332 3243 distortum
1366 3189 1582 3258 lignum,
1622 3203 1726 3242 non
1764 3187 2130 3251 collocaretur,

520 3348 521 3351 η
588 3282 815 3350 undique
843 3291 1066 3345 nutaret,
1101 3280 1327 3348 undique
1370 3281 1695 3348 agitaretur;
1724 3279 1865 3348 quod
1894 3296 1996 3333 non
2027 3280 2130 3334 ioci

589 3367 930 3438 inaequalitas,
970 3368 1060 3421 sed
1087 3368 1324 3422 distortio
1350 3368 1474 3433 ligni
1521 3366 1840 3422 facit:sicut
1871 3370 1946 3421 ait
1987 3368 2131 3422 Scri-

588 3468 759 3529 ptura,
811 3457 973 3522 Quam
1006 3453 1160 3511 bonus
1202 3455 1361 3510 Israel
1397 3455 1532 3509 Deus
1569 3456 1714 3510 rectis
1757 3456 1908 3511 corde
1954 3456 2129 3528 (Psal.

587 3564 759 3615 Lxxn,
782 3549 806 3603 l
833 3547 889 3617 )l
921 3545 1052 3614 Quid
1083 3534 1250 3617 ergo?
1292 3556 1483 3601 tortum
1526 3560 1619 3601 cor
1662 3545 1925 3615 quomodo
1949 3547 2128 3618 dirigi-

586 3638 713 3693 tur?
740 3637 803 3691 Et
836 3644 1027 3691 tortum
1067 3644 1181 3700 est,
1220 3644 1272 3689 et
1299 3635 1486 3689 durum
1515 3653 1527 3687 :
1556 3634 1666 3703 jam
1707 3650 1833 3705 ergo
1862 3643 2050 3690 tortum
2078 3645 2131 3691 et

585 3728 773 3782 durum
801 3726 1090 3796 frangatur,
1115 3732 1435 3784 conteratur,
1477 3733 1534 3777 ut
1563 3724 1836 3794 dirigatur.
1876 3725 1952 3779 'l‘u
1999 3726 2126 3779 diri-

583 3833 707 3888 gere
750 3832 842 3871 cor
879 3826 1022 3871 tuum
1052 3831 1155 3869 non
1200 3819 1394 3884 poles:
1437 3821 1490 3867 tu
1536 3813 1734 3883 frange,
1785 3815 1871 3869 ille
1920 3815 2124 3884 dirigat.

583 3909 856 3977 Quomodo
881 3917 934 3963 tu
977 3906 1212 3977 frangis?
1240 3903 1500 3974 quomodo
1539 3913 1591 3959 tu
1632 3905 1898 3960 conteris?
1952 3905 2129 3959 Conli-

587 3997 767 4063 tendo,
787 3996 1049 4067 puniendo
1069 4004 1277 4064 peccata
1300 4003 1406 4049 tua.
1434 3994 1566 4060 Quid
1590 3994 1731 4050 aliud
1757 3993 2013 4065 signiﬁcat
2038 4009 2127 4064 pe-

584 4096 788 4145 ctorum
819 4086 1037 4141 tunsic'l
1063 4084 1171 4141 Nisi
1199 4084 1331 4140 forte
1360 4095 1598 4155 putamus
1616 4099 1734 4139 ossa
1747 4092 1923 4139 nostra
1935 4084 2126 4153 aliquid

584 4165 851 4251 peccasse,
880 4191 1000 4241 cum
1020 4175 1271 4235 caedimus
1293 4183 1495 4244 pectus.
1525 4172 1628 4229 Sed
1657 4174 2006 4251 significamus
2034 4186 2128 4227 nos

584 4283 677 4324 cor
701 4278 992 4331 conterere,
1014 4275 1125 4322 uta
1155 4265 1377 4320 Domino
1403 4265 1673 4334 dirigatur.

656 4360 713 4416 8.
740 4359 900 4415 Sanat
919 4372 1045 4428 ergo
1068 4357 1302 4412 contritas
1326 4355 1493 4420 corde,
1524 4365 1579 4410 et
1600 4354 1879 4409 contritum
1911 4369 2002 4408 cor
2029 4352 2127 4407 ba-

588 4452 807 4515 bentcs;
834 4458 886 4504 et
932 4448 1127 4503 sanitas
1169 4445 1332 4516 ipsius
1367 4444 1543 4500 cordis
1574 4454 1696 4498 tunc
1737 4444 1839 4498 erit
1874 4440 2125 4511 perfecta,

586 4557 705 4599 cum
734 4550 787 4596 et
805 4539 1038 4609 corporis
1080 4535 1341 4606 reparatio
1368 4532 1672 4603 implebitur
1712 4546 1832 4602 quae
1875 4531 2129 4601 promissa

587 4642 688 4687 est.
720 4631 865 4685 Nunc
892 4628 1094 4683 interea
1131 4624 1255 4696 quid
1280 4623 1401 4678 facit
1423 4621 1689 4677 medicus?
1723 4621 1908 4691 Alligat
1931 4622 2128 4676 contri-

588 4724 758 4776 tiones
781 4728 918 4784 tuas,
946 4724 1005 4772 ut
1028 4716 1197 4787 possis
1212 4712 1482 4784 pervenire
1501 4711 1566 4766 ad
1592 4710 1946 4780 plenissimam
1969 4709 2132 4764 firmi-

587 4819 747 4865 tatem
784 4807 805 4839 ³
834 4849 850 4873 ,
891 4807 1060 4862 donec
1078 4803 1431 4862 consolidetur
1455 4801 1593 4872 quod
1619 4800 1839 4855 fractum
1865 4808 1965 4864 est,
1990 4799 2128 4869 quod

586 4901 850 4971 alligatum
875 4907 974 4953 est.
999 4897 1127 4965 Quze
1153 4906 1273 4951 sunt
1303 4896 1401 4950 ista
1428 4891 1801 4964 alligamenta‘!
1841 4890 2127 4960 Tempora-

584 4992 651 5047 lia
697 4990 1055 5044 Sacramenta.
1100 4986 1444 5055 Alligamenta
1490 4980 1815 5037 medicinalia
1844 4988 1966 5034 sunt
2003 4994 2131 5034 con-

584 5080 810 5137 tritiouis
830 5086 1051 5143 nostrae,
1074 5075 1409 5131 Sacramenta
1433 5074 1641 5129 interim
1666 5071 1985 5145 temporalia,
2016 5070 2131 5140 qui-

584 5173 681 5227 bus
704 5169 957 5224 habemus
982 5166 1389 5222 consolationem
1427 5182 1441 5218 :
1481 5175 1536 5220 et
1563 5166 1661 5219 ista
1688 5162 1862 5217 omnia
1899 5178 2017 5231 quze
2054 5163 2131 5215 lo-

582 5262 792 5332 quimur
810 5258 981 5321 vobis,
1005 5257 1114 5325 ipsa
1134 5269 1250 5325 quae
1273 5263 1462 5309 sonant
1480 5264 1533 5309 et
1561 5260 1849 5318 transeunt,
1875 5249 2125 5321 quidquid

584 5355 636 5408 in
660 5350 887 5406 Ecclesia
907 5348 1108 5419 geritur
1126 5346 1497 5415 temporaliter,
1514 5333 1980 5415 alligamenta'suut
2000 5357 2129 5398 con-

646 5493 663 5520 ι
687 5495 784 5534 am.
812 5491 863 5535 et
879 5483 1097 5546 plerique
1259 5479 1526 5531 durabitur.

644 5550 665 5580 ²
697 5557 769 5597 διο
790 5534 895 5594 διδςῖ
919 5552 973 5595 Al
1006 5534 1135 5593 iam:
1161 5540 1421 5593 Distortum
1444 5554 1543 5604 cor,
1570 5552 1768 5605 pravum
1789 5552 1873 5590 cor
1892 5544 1980 5600 est,
2002 5534 2129 5603 quod

582 5619 671 5657 non
688 5620 758 5663 38.
787 5614 881 5655 etc.

646 5668 667 5700 ³
686 5666 1007 5716 taudunensis
1027 5671 1128 5725 ων...
1143 5668 1405 5715 sumtum.

1816 291 1874 347 S.
1916 286 2267 351 AUGUSTI!“
2307 289 2600 348 EPISCON

3662 295 3799 352 1905

2259 402 2550 460 tritiouum.
2594 404 3039 472 Quemadmodum
3095 405 3233 461 enim
3282 404 3513 462 medicus
3565 408 3795 476 portet-ta

2255 492 2477 567 sanitate
2502 494 2730 549 detrahit
2771 495 3041 565 ligaturam
3069 513 3083 557 ;
3112 497 3189 550 sic
3216 497 3268 551 in
3298 496 3383 550 illa
3408 495 3617 551 civitate
3640 495 3798 551 Jeru-

2253 582 2438 648 salem,
2464 598 2583 637 cum
2608 585 2834 661 :eqnales
2855 588 3064 657 Angelis
3089 587 3207 640 lacti
3233 585 3505 651 fuerimus,
3536 585 3793 657 numquid

2253 674 2446 743 putatis
2472 672 2539 727 ibi
2560 682 2865 743 accepturos
2883 689 2980 729 nos
2999 691 3118 729 esse
3136 664 3287 745 quod
3300 674 3387 730 hic
3408 673 3698 746 accipimus
3730 677 3748 708 ί
3768 676 3797 729 τ

2253 763 2357 815 Aut
2385 762 2455 816 ibi
2498 762 2821 818 recitandum
2861 773 2943 818 est
2977 765 3124 819 nobis
3167 765 3525 836 Evangelium,
3556 774 3613 819 ut
3664 763 3798 820 ﬁdes

2252 859 2429 905 nostra
2458 853 2804 921 permaneat?
2830 861 2921 907 aut
2944 852 3260 922 imponenda
3291 863 3373 909 est
3399 870 3583 910 manus
3604 855 3673 908 ab
3694 855 3795 909 ali-

2249 953 2356 1007 quo
2379 941 2656 1008 praeposito
2674 941 2699 995 ἲ
2724 942 2823 996 Ista
2840 943 3016 997 omnia
3036 940 3360 1013 alligamenta
3383 943 3624 998 fracturae
3637 953 3759 998 sum
3780 961 3796 1007 ;

2251 1026 2478 1095 perfecta
2502 1030 2726 1086 sanitate
2754 1030 3095 1087 detrahentur
3127 1050 3141 1086 :
3169 1032 3261 1087 sed
3286 1031 3354 1087 ad
3391 1050 3506 1087 eam
3534 1049 3638 1087 non
3668 1050 3795 1104 per-

2250 1117 2515 1173 veniretur
2539 1158 2555 1184 ,
2603 1120 2703 1175 nisi
2759 1121 3115 1192 alligarentur.
3171 1120 3334 1177 Sonat
3378 1138 3506 1194 ergo
3554 1129 3795 1179 contritas

2248 1208 2418 1275 corde,
2443 1217 2490 1263 et
2506 1207 2679 1281 diligat
2704 1213 3022 1268 contritiones
3040 1229 3238 1268 eorum.

2317 1296 2371 1350 9.
2402 1295 2549 1371 [νινε.
2575 1297 2652 1371 4.]
2676 1299 2775 1367 Qui
2792 1309 3015 1355 numerat
3037 1302 3399 1357 multitudinem
3425 1301 3682 1358 stellarum
3702 1344 3719 1368 ,
3752 1318 3798 1359 rt

2247 1386 2474 1442 omnibus
2500 1391 2571 1443 eis
2588 1389 2788 1443 nomina
2810 1405 3005 1446 vocans.
3036 1391 3170 1460 Quid
3196 1406 3437 1462 maguum
3471 1395 3576 1449 lico
3611 1409 3797 1449 nume-

2228 1488 2366 1530 rare
2385 1475 2767 1533 multitudinem
2789 1478 3097 1534 stellarum?
3116 1479 3225 1535 Hoc
3252 1490 3307 1534 et
3332 1479 3571 1536 homines
3616 1485 3792 1537 renati

2245 1574 2408 1620 sunt:
2437 1565 2660 1622 viderint
2701 1576 2876 1624 utrum
2902 1569 3121 1638 implere
3150 1570 3450 1640 potuerint;
3478 1585 3580 1626 non
3616 1581 3792 1626 tamen

2244 1664 2579 1721 conarentur,
2611 1657 2709 1711 nisi
2747 1672 2805 1712 se
2840 1657 3146 1728 impleturos
3186 1673 3307 1714 esse
3347 1669 3639 1730 sperarent.
3692 1659 3796 1716 Illis

2244 1745 2567 1802 dimittamus
2582 1746 2705 1817 quid
2732 1748 3015 1817 potuerint,
3038 1757 3091 1803 et
3108 1762 3379 1818 quousque
3407 1752 3747 1818 pervenerint
3776 1769 3792 1804 :

2245 1837 2355 1903 Deo
2373 1847 2545 1893 autem
2572 1848 2699 1908 puto
2726 1853 2830 1895 non
2854 1853 2971 1895 esse
3007 1854 3250 1910 magnum
3287 1855 3566 1897 numerare
3604 1857 3793 1898 comes

2244 1926 2440 1982 stellas.
2469 1929 2551 1982 An
2595 1927 2729 1983 forte
2756 1944 3061 1995 numerum,
3092 1945 3160 1985 ne
3185 1928 3522 1986 obliviscatur
3541 1974 3555 1994 ,
3606 1948 3795 1987 recen-

2242 2025 2326 2072 set
2348 2018 2370 2071 l
2392 2017 2632 2089 Magnum
2662 2028 2744 2074 est
2778 2020 2974 2090 aliquid
3019 2020 3125 2075 Deo
3164 2021 3344 2075 stellas
3382 2036 3679 2082 numerare.
3702 2025 3789 2078 cui

2242 2106 2413 2174 capilli
2450 2108 2678 2177 capitum
2710 2108 2962 2163 numerati
2999 2118 3121 2164 sunt
3159 2108 3386 2180 (Matth.
3428 2126 3479 2172 κ.
3508 2110 3656 2180 50)?
3681 2111 3793 2166 Ma-

2242 2197 2485 2253 nifestum
2511 2208 2594 2253 est
2619 2240 2635 2265 ,
2666 2198 2853 2254 fratres
2876 2238 2892 2264 ,
2916 2199 3109 2269 aliquid
3150 2200 3284 2254 velle
3313 2199 3476 2254 Deum
3506 2202 3797 2269 intelligere

2243 2302 2339 2341 nos
2365 2288 2416 2343 in
2443 2302 2508 2343 eo
2534 2288 2672 2359 quod
2700 2291 2809 2353 ait,
2842 2289 2941 2357 Qui
2967 2300 3193 2344 numerat
3228 2291 3590 2345 multitudinem
3615 2293 3796 2346 stella-

2240 2394 2371 2446 rum,
2397 2388 2443 2433 et
2463 2379 2686 2434 omnibus
2700 2380 2792 2445 eis,
2819 2380 3004 2450 inquit,
3026 2381 3227 2450 nomina
3245 2395 3443 2435 uocans.
3469 2380 3603 2436 Sunt
3626 2382 3795 2438 stella

2240 2467 2476 2537 quaedam
2505 2468 2695 2522 lumina
2738 2468 2789 2523 in
2825 2448 3056 2523 Ecclesia
3096 2448 3419 2523 consolantia
3454 2479 3660 2525 noctem
3690 2485 3791 2524 no-

2240 2565 2424 2621 stram,
2473 2571 2657 2611 omnes
2687 2557 2753 2613 de
2791 2558 2977 2627 quibus
3016 2556 3142 2612 dicit
3168 2558 3488 2628 Apostolus:
3526 2558 3591 2613 In
3616 2558 3795 2626 quibus

2238 2636 2489 2717 apparetis
2507 2656 2739 2716 tauquam
2772 2647 3037 2703 luminaria
3061 2648 3112 2700 in
3137 2647 3342 2702 mundo.
3368 2646 3431 2701 In
3456 2648 3572 2713 ista,
3602 2649 3789 2717 inquit,

2237 2735 2440 2789 natione
2475 2744 2695 2789 tortuosa
2738 2745 2784 2790 et
2813 2751 3055 2803 peruersa,
3099 2736 3153 2790 in
3193 2737 3369 2809 quibus
3390 2739 3641 2807 apparetis
3677 2747 3797 2791 tan-

2235 2838 2384 2893 quam
2409 2823 2756 2877 luminaria’in
2788 2824 2990 2888 mundo,
3016 2824 3216 2878 verbum
3250 2826 3362 2880 vim
3387 2826 3616 2880 habentes
3640 2826 3795 2898 (PL-i-

2237 2912 2362 2980 lipp.
2390 2928 2447 2979 n,
2481 2913 2567 2978 l5,
2601 2911 2666 2968 l6
2687 2912 2729 2985 ).
2759 2912 2902 2982 lpsas
2928 2913 3104 2967 stellas
3129 2923 3371 2969 numerat
3400 2914 3572 2980 Deus;
3607 2932 3794 2973 ttlltllt’S

2234 3018 2411 3057 secum
2433 3013 2760 3073 regnaturus,
2787 3018 2970 3058 omnes
2997 3004 3349 3075 aggregandos
3374 3006 3577 3073 corpori
3601 3004 3794 3074 Unigtu

2218 3097 2328 3150 tniti
2353 3095 2431 3150 sui
2447 3104 2748 3150 numeratos
2762 3095 2935 3160 habet,
2962 3105 3016 3149 et
3043 3106 3405 3150 numerateos.
3429 3096 3527 3161 Qui
3548 3097 3793 3165 indignus
3854 3098 3857 3099 ⁷

2232 3195 2335 3253 est,
2391 3202 2486 3241 nec
2514 3195 2834 3241 numeratur.
2868 3186 2931 3241 Et
2957 3186 3103 3239 multi
3142 3185 3497 3248 crediderunt,
3539 3187 3620 3239 vel
3650 3187 3791 3239 ιιιιιι-

2235 3278 2271 3330 ti
2322 3291 2380 3331 sc
2423 3277 2784 3346 qualicumque
2828 3276 3132 3330 adumbrata
3179 3277 3352 3344 Specie
3395 3276 3548 3342 fidei,
3598 3278 3790 3346 populo

2232 3367 2347 3435 ejus
2370 3367 2727 3436 applicuerunt
2753 3383 2768 3432 ;
2812 3367 2953 3420 novit
2986 3376 3154 3420 tamen
3185 3366 3272 3420 ille
3299 3366 3419 3434 quid
3450 3378 3710 3433 numeret,
3733 3379 3787 3420 et

2232 3458 2354 3527 quid
2384 3457 2613 3512 ventilet.
2641 3457 2770 3512 Nam
2812 3467 2952 3512 tanta
2982 3468 3062 3512 est
3102 3459 3353 3512 celsitudo
3396 3458 3683 3527 Evangelii,
3729 3471 3789 3512 ut

2235 3549 2380 3603 lieret
2416 3547 2552 3617 quod
2597 3548 2790 3602 dictum
2832 3558 2953 3603 est:
3002 3548 3302 3601 Annuntiuvi
3345 3557 3391 3600 et
3436 3550 3625 3601 locutus
3653 3565 3785 3609 sum,

2231 3640 2545 3708 multiplicati
2580 3648 2693 3693 sunt
2735 3656 2884 3708 super
2933 3654 3190 3692 numerum
3233 3636 3415 3707 (Psal.
3472 3654 3653 3701 xxxix,
3684 3641 3786 3709 6).

2230 3727 2363 3783 Sunt
2389 3744 2512 3798 ergo
2539 3729 2589 3782 in
2616 3730 2821 3799 pupulis
2841 3737 2896 3782 et
2914 3728 3352 3796 supernumerarii
3380 3730 3782 3796 quodammodo.

2230 3820 2361 3885 Quid
2417 3829 2529 3884 est,
2592 3818 3064 3887 supermunerarii?
3110 3817 3234 3871 Plus
3282 3833 3435 3886 quam
3492 3818 3558 3871 ibi
3625 3816 3784 3871 fut'nri

2231 3920 2369 3964 sunt.
2392 3911 2525 3963 Intra
2546 3911 2767 3978 parietes
2793 3909 2919 3962 istos
2946 3910 3115 3976 plures
3136 3917 3274 3971 sunt,
3296 3923 3448 3977 quam
3478 3906 3634 3961 futuri
3663 3921 3786 3963 sunt

2231 4002 2282 4057 in
2310 4016 2470 4069 regno
2499 4003 2626 4066 Dei,
2668 4002 2718 4055 in
2767 4001 2853 4054 illa
2875 4000 3164 4054 Jerusalem
3207 4000 3441 4064 caelesti;
3488 4002 3585 4069 ipsi
3628 4018 3789 4069 super

2232 4106 2502 4146 numerum
2542 4100 2680 4145 sunt.
2714 4090 3110 4167 Animadvertat
3136 4091 3352 4157 quisque
3396 4101 3567 4143 utrum
3613 4090 3790 4145 luceat

2231 4182 2554 4248 intenebris,
2604 4191 2774 4235 utrum
2829 4181 3098 4251 iniquitate
3132 4182 3309 4237 Sa‘tculi
3359 4181 3634 4235 tenebrosa
3679 4196 3785 4235 non

2202 4271 2540 4335 .seducatur;
2581 4273 2626 4324 si
2679 4286 2780 4324 non
2815 4270 2969 4325 fuerit
3012 4271 3257 4325 seductus
3305 4285 3416 4325 nec,
3448 4270 3635 4337 victus,
3668 4279 3787 4325 tan-

2230 4377 2386 4431 quam
2425 4362 2571 4416 stella
2599 4362 2697 4415 erit
2725 4375 2879 4430 quam
2912 4362 3021 4428 jam
3048 4369 3287 4414 numerat
3311 4361 3463 4414 Deus.
3538 4382 3547 4399 ο

2264 4470 2271 4475 τ
2302 4451 2388 4506 10.
2415 4450 2480 4504 Et
2501 4451 2742 4511 omnibus,
2773 4451 2973 4520 inquit,
2998 4452 3067 4504 eis
3114 4453 3319 4504 nomina
3342 4467 3519 4504 vocans
3547 4465 3566 4503 :
3599 4450 3670 4505 ibi
3702 4462 3789 4506 est

2233 4550 2396 4596 totum
2440 4540 2729 4611 prtemium.
2778 4540 3039 4603 Habemus
3090 4543 3300 4596 nomina
3361 4540 3597 4610 quoniam
3642 4543 3787 4612 apud

2233 4633 2395 4688 Deum
2424 4651 2438 4686 :
2467 4642 2522 4686 ut
2562 4632 2763 4688 noverit
2795 4633 2931 4687 Deus
2958 4634 3165 4687 nomina
3211 4643 3386 4687 nostra
3406 4674 3419 4696 ,
3456 4634 3559 4687 hoc
3596 4644 3785 4702 optare

2231 4722 2501 4786 debemus,
2523 4721 2623 4776 hoc
2646 4738 2821 4791 agere,
2867 4724 2965 4776 hoc
3004 4732 3257 4791 satagere,
3304 4734 3551 4791 quantum
3596 4738 3785 4792 pussu-
3881 4760 3893 4768 ι

2234 4828 2367 4874 mus,
2407 4826 2510 4866 non
2536 4811 2744 4871 dealiis
2769 4811 2923 4866 rebus
2946 4811 3171 4881 gaodere
3192 4853 3206 4877 ,
3236 4826 3332 4866 nec
3368 4811 3434 4865 de
3467 4810 3622 4865 donis
3663 4813 3782 4881 qui-

2235 4902 2448 4956 husdam
2479 4901 2855 4971 spiritualibus.‘
2878 4901 3062 4956 Videat
3093 4899 3331 4955 Charitas
3367 4909 3539 4956 vestra
3570 4918 3584 4954 :
3614 4901 3781 4957 multa

2231 4992 2367 5047 dona
2386 5002 2508 5047 sunt
2535 4992 2586 5045 in
2613 4991 2867 5057 Ecclesia,
2896 4992 3032 5045 sicut
3055 4992 3335 5060 Apostolus
3360 4990 3505 5055 dicit,
3534 4990 3636 5044 Alii
3660 4993 3778 5059 qui-

2232 5081 2344 5135 dem
2383 5098 2472 5151 per
2497 5081 2745 5151 Spiritum
2783 5082 2928 5134 datur
2970 5095 3130 5134 sermo
3169 5082 3442 5151 sapientia,
3485 5081 3572 5133 alii
3615 5096 3781 5134 sermo

2231 5170 2446 5224 scientiis
2473 5168 2738 5222 secundum
2771 5168 2994 5222 euutdem
3027 5168 3311 5238 Spiritum,
3347 5169 3435 5222 alii
3462 5169 3587 5237 ﬁdes
3612 5169 3667 5222 in
3692 5186 3781 5223 αι-

2233 5259 2344 5313 dem
2373 5258 2599 5327 Spiritu,
2628 5259 2717 5311 alii
2728 5254 2942 5313 donatio
2987 5259 3298 5312 curationum
3321 5301 3334 5323 ,
3361 5260 3452 5312 alii
3481 5260 3782 5330 dijudicatio

2231 5351 2513 5417 spirituum,
2545 5349 2595 5403 id
2638 5359 2738 5412 est,
2778 5359 2835 5403 ut
2868 5349 3118 5418 dijudicet
3157 5350 3291 5403 inter
3326 5349 3491 5402 bonos
3530 5358 3585 5403 et
3613 5351 3781 5405 malos

2234 5441 2444 5511 spiritus
2467 5456 2483 5504 ;
2511 5440 2597 5493 alii
2622 5441 2904 5511 linguarum
2930 5456 3107 5511 genera
3131 5481 3146 5504 ,
3172 5441 3260 5494 alii
3283 5440 3545 5511 prapltetia
3572 5443 3590 5509 (
3615 5440 3634 5494 ι
3660 5439 3776 5494 Cor.

2296 5599 2315 5628 ι
2340 5603 2438 5645 Am.
2461 5601 2534 5643 Er.
2563 5601 2612 5644 et
2633 5594 2794 5664 plures
2815 5594 3213 5664 Mssa‘Nttmnquid
3233 5594 3446 5660 putatis?
3466 5594 3540 5645 tbi
3561 5602 3779 5657 accepts-

2235 5669 2315 5709 ros
2337 5669 2418 5708 nos
2439 5669 2538 5707 esse
2554 5655 2678 5725 quad
2697 5656 2775 5706 hic
2797 5655 3093 5715 accepimus?
