4082 6204
241 463 244 470 ι
329 395 462 454 ιοοε

329 509 635 573 3:11.840).
669 508 866 576 Quanta
911 502 1069 557 dixit!
1120 511 1278 569 quam
1318 503 1480 558 multa
1519 502 1680 557 dixit!
1732 499 1876 554 Multi

327 601 478 655 donis
504 599 696 653 talibus
725 597 859 650 male
883 595 959 648 usi
981 593 1194 648 audient
1223 594 1273 649 in
1308 593 1410 647 line
1433 635 1449 658 ,
1482 593 1600 646 Non
1631 592 1742 644 novi
1769 606 1874 642 vos.

328 692 391 745 Et
418 691 540 759 quid
571 689 758 742 dicturi
784 696 902 740 sunt
932 686 982 738 in
1010 686 1110 737 line
1140 727 1155 749 ,
1200 685 1288 754 qui
1325 684 1559 749 audient,
1605 681 1723 734 Non
1768 682 1880 734 novi

329 798 412 833 vos
429 783 454 834 ?
479 779 700 840 Domine,
734 793 896 830 nonne
919 777 970 828 in
996 776 1286 828 nominetuo
1309 774 1731 843 praphetavimus,
1755 782 1798 825 et
1829 773 1880 824 in

329 872 524 925 nomine
550 882 631 923 tuo
651 867 897 922 da'mouia
917 867 1173 935 ejccimus,
1199 876 1245 920 et
1270 867 1320 918 in
1342 867 1536 918 nomine
1557 876 1640 918 tuo
1678 866 1881 917 virtutes

328 965 510 1016 multas
531 961 754 1032 fecinnts?
775 960 826 1013 In
853 960 1062 1012 nomine
1083 970 1169 1010 tuo
1185 959 1358 1010 omnia
1381 957 1496 1010 ista.
1518 957 1580 1010 Et
1604 955 1727 1022 quid
1744 955 1882 1008 dicet

326 1055 441 1107 eis?
474 1053 739 1120 Nunquam
780 1053 891 1104 novi
911 1066 1030 1113 vos;
1057 1050 1290 1102 discedite
1308 1067 1338 1100 a
1367 1065 1464 1113 me,
1496 1048 1580 1114 qui
1607 1048 1882 1116 operamini

325 1144 630 1213 iniquitatem
658 1144 675 1207 (
697 1142 876 1194 Matth.
900 1157 971 1195 VII
1002 1182 1016 1205 ,
1039 1141 1130 1206 22,
1159 1141 1228 1194 25
1316 1139 1450 1208 Quid
1477 1149 1719 1208 estergo,
1765 1153 1883 1192 esse

321 1237 426 1304 jam
456 1238 628 1290 lumen
661 1235 780 1289 cmli
811 1236 1088 1289 consolans
1116 1243 1344 1295 noctem,
1373 1241 1427 1286 et
1456 1231 1594 1300 quod
1629 1247 1731 1285 non
1756 1231 1873 1284 vin-

322 1340 470 1382 catur
495 1345 524 1382 a
554 1341 705 1381 nocte
725 1329 748 1378 ’ἓ
768 1329 963 1390 Adhuc,
998 1328 1184 1396 inquit,
1211 1326 1730 1396 supereminentiorem
1750 1325 1882 1377 viam

328 1422 465 1474 vobis
491 1421 774 1474 demonstro
809 1421 825 1488 (
851 1419 866 1471 I
893 1419 1008 1473 Cor.
1031 1435 1124 1481 xu,
1157 1419 1217 1472 51
1247 1418 1288 1485 ).
1315 1417 1374 1471 Si
1402 1416 1584 1487 linguis
1615 1416 1874 1468 hominum

325 1515 501 1579 loquar
529 1523 574 1565 et
605 1513 904 1582 Angelorum
927 1552 942 1576 ,
973 1510 1265 1563 charitatem
1308 1518 1472 1562 autem
1507 1523 1605 1560 non
1649 1506 1875 1572 habeam,

325 1607 486 1675 factus
498 1623 605 1658 sum
622 1615 672 1656 ut
691 1614 1008 1658 (ammentum
1024 1618 1226 1665 sonans,
1242 1609 1327 1652 aut
1343 1599 1623 1670 cymbalum
1645 1598 1878 1650 tinniens.

325 1700 494 1766 Quale
534 1698 726 1752 donum
767 1705 850 1750 est
879 1695 1018 1764 loqui
1062 1693 1250 1762 linguis
1277 1691 1591 1762 Angelorum
1619 1700 1669 1745 et
1708 1688 1880 1756 lmini-

325 1789 485 1842 num!
520 1788 713 1840 Tamen
739 1787 783 1839 si
810 1786 1127 1848 charitatem,
1163 1784 1349 1853 inquit,
1379 1798 1476 1836 non
1504 1782 1732 1844 habeam,
1759 1796 1880 1834 wra-

329 1890 547 1933 mentum
576 1895 904 1940 sumsonans,
935 1886 1018 1930 aut
1045 1876 1323 1946 cymbalum
1350 1874 1582 1926 tinniens.
1617 1871 1676 1926 Si
1701 1871 1876 1936 sciero,

327 1973 514 2039 inquit,
545 1972 710 2023 omnia
733 1980 1038 2024 sacramenta
1061 1977 1106 2021 et
1131 1984 1324 2020 omnem
1350 1966 1623 2027 scientiam,
1657 1973 1704 2016 et
1725 1965 1766 2016 si
1787 1963 1878 2016 ha—

329 2064 476 2116 buero
487 2078 678 2115 onmem
697 2061 1024 2130 proli/uitium,
1043 2068 1088 2112 et
1104 2075 1296 2112 omnem
1324 2051 1472 2124 ﬁdem
1489 2099 1502 2121 ,
1526 2057 1596 2108 ita
1619 2065 1678 2108 ut
1695 2064 1882 2108 montes

330 2153 865 2225 transfermn(quanta
911 2152 1006 2204 ista
1033 2151 1167 2203 dona
1190 2148 1340 2202 sunt!
1365 2147 1382 2216 )
1406 2164 1420 2210 ;
1445 2147 1734 2200 charitatem
1787 2161 1882 2198 au—

330 2256 425 2297 tem
453 2261 551 2298 non
593 2243 830 2304 habeam,
863 2242 1050 2309 inquit,
1077 2240 1203 2292 nihil
1245 2255 1376 2291 sum.
1422 2236 1587 2304 Quale
1625 2245 1706 2289 est
1757 2235 1882 2288 illud

287 2357 294 2363 ο
330 2338 524 2390 donum
553 2335 807 2405 martyrii,
835 2345 888 2389 et
914 2333 1295 2387 distributionis
1322 2347 1502 2385 rerum
1542 2329 1788 2383 suarum!
1819 2329 1884 2381 Et

332 2440 504 2482 tamen
533 2430 573 2479 si
599 2426 908 2488 distribuero,
935 2424 1120 2492 inquit,
1157 2423 1325 2475 omnia
1361 2437 1467 2472 mea
1488 2417 1810 2488 pauperibus,
1839 2424 1884 2469 et

332 2518 583 2571 tradidrro
622 2531 799 2583 corpus
826 2529 987 2566 meum
1030 2522 1082 2564 ut
1127 2512 1350 2573 ardeam,
1387 2509 1677 2561 charitotem
1720 2516 1884 2560 autent

330 2626 428 2662 non
459 2607 696 2668 habeam,
726 2605 849 2667 nihil
877 2603 996 2656 mihi
1048 2600 1244 2671 prodest
1286 2597 1407 2668 (Id.
1462 2613 1571 2660 snt,
1606 2596 1752 2662 1-5).
1784 2595 1882 2662 Qui

327 2688 454 2768 ergo
476 2716 576 2754 non
600 2699 755 2752 habet
783 2697 1108 2767 charitatcm,
1127 2696 1223 2748 etsi
1251 2693 1318 2747 ad
1349 2703 1554 2760 tempus
1583 2690 1741 2745 habet
1769 2689 1883 2743 haec

326 2789 484 2852 dona,
513 2790 812 2842 auferentur
840 2787 907 2840 ei.
936 2783 1258 2839 -Auforetur'
1283 2783 1330 2836 ei
1361 2781 1497 2850 quod
1543 2780 1718 2842 habet,
1762 2777 1879 2846 quia

327 2882 570 2951 quiddam
603 2896 705 2935 non
731 2879 889 2934 habet
919 2897 932 2933 :
960 2887 1011 2932 et
1037 2878 1207 2946 ipsum
1232 2875 1478 2944 quiddam
1512 2872 1612 2926 hoc
1639 2886 1740 2924 non
1783 2869 1881 2925 ha-

323 2976 440 3038 bct,
472 2973 609 3028 unde
634 2981 821 3026 caetera
845 2977 1118 3024 teneantur
1143 2976 1195 3021 et
1219 2967 1329 3035 ipse
1353 2981 1455 3018 non
1481 2963 1713 3033 pereat‘.
1744 2959 1881 3028 Quid

323 3076 405 3119 est
434 3063 557 3118 illud
587 3062 724 3132 quod
752 3060 908 3114 modo
930 3060 1004 3112 ait
1026 3057 1276 3112 Dominus
1303 3073 1318 3109 :
1349 3056 1449 3123 Qui
1476 3055 1639 3117 habet,
1669 3051 1883 3106 addetur

323 3157 366 3208 ei
381 3173 398 3216 ;
426 3155 511 3224 qui
533 3163 696 3206 autem
727 3168 826 3204 non
856 3151 1019 3214 habet,
1049 3159 1094 3202 et
1122 3147 1255 3219 quod
1291 3146 1434 3201 habet
1459 3146 1711 3215 auferetur
1735 3143 1796 3197 ab
1822 3159 1881 3196 eo

325 3248 344 3319 (
372 3247 556 3300 .llatth.
586 3260 703 3306 xm,
736 3242 826 3312 19.)
845 3243 867 3294 ?
889 3242 986 3306 Qui
1005 3255 1132 3308 ergo
1153 3254 1254 3293 non
1282 3237 1457 3297 habet,
1476 3246 1527 3290 et
1555 3236 1695 3306 quod
1724 3234 1882 3288 habet

320 3337 589 3394 auferetur
613 3335 681 3389 ab
707 3348 792 3389 eo.
836 3332 1002 3388 Habet
1027 3331 1247 3402 gratiam
1275 3325 1607 3397 possidendi,
1639 3325 1730 3381 sed
1773 3340 1879 3380 non

319 3428 478 3484 habet
499 3426 808 3482 charitatcm
835 3423 1014 3480 utendi
1049 3441 1062 3475 :
1091 3421 1210 3492 quia
1236 3435 1363 3491 ergo
1391 3418 1517 3473 illud
1544 3433 1646 3472 non
1677 3417 1872 3484 habet,

318 3530 372 3573 et
395 3519 536 3590 quod
557 3518 710 3591 habet
728 3517 994 3571 auferetur
1013 3514 1080 3569 ab
1107 3528 1191 3568 eo.
1220 3513 1500 3580 Propterea
1530 3509 1791 3579 discipuli,
1815 3516 1876 3564 ut

319 3614 572 3669 haberent
594 3611 922 3670 charitatcm,
946 3621 1076 3677 quos
1096 3605 1305 3659 volebat
1329 3604 1499 3658 facere
1525 3602 1577 3656 in
1604 3601 1740 3656 coelo
1755 3601 1881 3655 stel-

316 3705 394 3758 las
419 3703 743 3756 ambulantes
779 3697 1254 3764 supereminentcm
1271 3693 1430 3757 viam,
1449 3691 1536 3745 ille
1549 3691 1634 3760 qui
1653 3697 1881 3742 numerat

316 3792 682 3848 multitudinem
742 3787 1028 3847 stellarum,
1068 3791 1114 3835 et
1159 3780 1383 3834 onmibus
1431 3781 1499 3832 eis
1549 3779 1749 3831 nomina
1795 3792 1881 3829 vo-

316 3898 468 3944 cans;
495 3897 612 3935 cum
651 3878 881 3935 redirent
906 3873 1142 3942 discipuli
1184 3887 1288 3941 quo
1313 3869 1455 3924 missi
1483 3876 1632 3922 erant
1656 3909 1671 3933 ,
1700 3866 1878 3921 exsul-

319 3982 578 4036 tavorunt,
610 3981 662 4025 ct
688 3963 933 4023 «litorum
956 3985 970 4021 :
1003 3963 1230 4022 Domine,
1255 3977 1366 4014 ecce
1388 3960 1594 4028 spiritus
1632 3955 1876 4010 immundi

315 4064 525 4124 subiecti
549 4071 660 4115 sunt
683 4059 820 4114 nobis
839 4067 1038 4127 propter
1071 4070 1248 4108 nomen
1266 4064 1423 4106 tuum.
1458 4050 1522 4104 Et
1551 4050 1637 4104 illc
1657 4049 1741 4118 qui
1779 4064 1878 4101 nu-

317 4165 474 4207 merat
501 4152 866 4206 multitudinem
907 4146 1184 4208 stellarum,
1220 4152 1265 4197 et
1312 4141 1537 4196 omnibus
1561 4141 1632 4193 eis
1678 4137 1880 4192 nomina

317 4260 520 4304 means,
551 4243 724 4297 sciens
752 4239 946 4292 multos
971 4236 1204 4292 dieturos
1232 4247 1374 4299 esse,
1400 4231 1589 4285 Nonne
1607 4230 1658 4283 in
1683 4227 1880 4300 nomine

319 4344 405 4388 tuo
451 4325 695 4386 damonia
729 4327 1003 4400 ejecimus.’
1043 4325 1232 4394 quibus
1270 4322 1504 4377 dicturus
1530 4327 1612 4373 est
1654 4319 1704 4373 in
1752 4317 1875 4383 line,

324 4423 442 4479 Non
470 4423 584 4477 novi
609 4437 732 4486 vos;
758 4420 876 4490 quia
898 4433 990 4473 eos
1017 4431 1120 4472 non
1149 4406 1444 4469 nimieravit
1471 4412 1524 4466 in
1541 4407 1879 4466 multitudine

319 4515 612 4578 stellarum,
644 4527 742 4567 nec
770 4511 847 4566 eis
869 4508 1080 4564 nomina
1109 4506 1314 4559 vocavit
1341 4522 1354 4558 :
1381 4501 1580 4568 Nolite,
1614 4500 1798 4570 inquit,
1825 4499 1880 4553 in

321 4607 414 4660 hoc
437 4604 675 4676 gaudere,
701 4601 819 4671 quia
843 4601 1048 4676 spiritus
1074 4595 1206 4651 vobis
1228 4594 1436 4664 subjecti
1467 4601 1614 4656 sunt;
1633 4590 1727 4646 Fed
1748 4607 1878 4661 gau-

321 4668 576 4760 dete'quia
610 4668 811 4747 nomina
835 4668 1206 4756 vestra‘scripta
1234 4695 1350 4738 sunt
1384 4681 1588 4737 in'coelo
1638 4679 1785 4747 (Luc.
1817 4695 1876 4745 ι,

280 4788 405 4846 νΠ,
426 4784 553 4855 90).
586 4783 685 4850 Qui
730 4788 955 4836 numerat
998 4775 1360 4832 multitudinem
1399 4771 1674 4838 stellarum,
1703 4779 1880 4826 stom-

318 4879 461 4931 nibus
481 4877 550 4930 cis
575 4873 776 4946 nomina
793 4886 990 4925 vocans.

395 4968 478 5021 ll.
507 4963 656 5038 [vers
686 4960 764 5033 5.]
797 4960 1010 5032 Magnus
1035 4955 1280 5010 Dominus
1305 4961 1487 5006 noster.
1519 4947 1770 5038 Impletus
1794 4954 1880 5002 est

321 5037 548 5129 gaudio,
598 5053 856 5111 eructavit
900 5048 1272 5105 ineffabililcr:
1320 5043 1500 5111 nescio
1540 5039 1664 5111 quid
1700 5037 1877 5092 dicere

324 5170 428 5208 non
460 5151 701 5212 lvalebat;
729 5155 783 5202 et
809 5143 1072 5215 cogitare'
1100 5136 1360 5209 quomodo
1386 5133 1620 5188 valebat?
1664 5129 1880 5200 Magnus

325 5243 572 5299 Dominus
605 5248 789 5298 noster,
816 5246 862 5290 et
896 5247 1079 5304 magna
1112 5231 1265 5284 uirtus
1292 5228 1432 5298 ejus,
1463 5233 1508 5280 et
1542 5219 1882 5293 intelligentia:

322 5330 432 5399 ejus
464 5349 565 5386 non
598 5339 670 5384 est
695 5342 950 5382 numerus.
997 5321 1086 5378 Ille
1121 5321 1234 5390 ipse
1257 5316 1346 5388 qui
1383 5323 1622 5370 numerat
1649 5311 1882 5368 multitu-

323 5425 499 5481 dinem
525 5422 821 5483 stellarum,
871 5413 1132 5471 numerari
1159 5427 1263 5467 non
1292 5418 1464 5480 potest
1488 5425 1501 5462 :
1540 5405 1758 5476 Magnus
1779 5401 1884 5456 Do-

326 5516 492 5570 minus
517 5523 702 5576 noster,
724 5519 769 5565 et
789 5523 970 5577 magna
999 5505 1152 5558 virtus
1180 5505 1307 5574 ejus,
1337 5511 1384 5554 et
1410 5497 1748 5568 intelligentiae
1774 5495 1883 5564 ejus

327 5623 428 5661 non
468 5613 539 5659 est-
575 5617 828 5657 numerus.
867 5598 996 5666 Quis
1033 5595 1136 5650 hoc
1171 5591 1434 5663 exponat?
1470 5590 1590 5661 quis
1625 5586 1782 5658 digne
1798 5585 1882 5640 vel

389 5721 405 5751 ί
430 5715 744 5768 Floriaccnsts
763 5719 865 5773 58.,
888 5715 934 5762 et
954 5708 1110 5774 ipsum
1131 5706 1348 5770 (subaudi
1380 5703 1612 5770 quiddam
1645 5700 1755 5766 hoc)
1791 5713 1883 5752 non

325 5788 502 5844 pereat.

390 5845 410 5876 θ
433 5829 501 5894 Er.
529 5839 833 5904 tugd.'t'en.,
851 5829 1099 5898 cogitabat.
1193 5837 1246 5881 Μ.

1360 377 1754 438 ΕΝᾹΠΒᾹἸῚΟ
1792 381 1856 437 lN
1895 380 2209 442 PSALMUM
2245 386 2468 445 CXLVI.

3405 399 3545 454 i906

1987 501 2177 571 cogitet
2209 505 2347 572 quod
2373 505 2569 560 dictum
2603 515 2712 573 est,
2746 507 2811 562 Et
2844 509 3179 579 intelligentia:
3206 511 3318 580 ejus
3342 528 3438 567 non
3468 523 3548 568 est

1987 597 2258 650 numerus?
2285 598 2453 665 Atque
2479 597 2676 652 utinam
2705 598 2941 655 infundat
2965 616 3020 656 se
3046 601 3222 665 vobis.
3251 613 3302 657 et
3331 603 3418 657 ubi
3444 619 3540 659 nos

1985 683 2286 750 deﬁcimus,
2320 674 2437 756 qiiia
2465 688 2575 755 ipse
2598 699 2780 757 potens
2808 701 2884 744 est
2904 733 2916 755 ,
2942 692 3055 760 ipse
3082 692 3307 747 illustrct
3335 702 3540 749 mentes

1986 781 2188 830 vestras
2207 820 2222 842 ,
2253 787 2306 832 ut
2331 779 2506 833 sciatis
2531 780 2655 849 quid
2689 782 2784 844 sit,
2815 782 3164 853 lntetligentite
3186 785 3295 855 ejus
3329 801 3427 838 non
3467 795 3540 840 est

1986 883 2239 921 numerus.
2269 868 2468 923 Videtis
2487 871 2650 937 enim,
2676 873 2862 926 fratres
2882 889 2896 937 ;
2920 875 3170 944 numquid
3187 885 3267 929 cst
3291 892 3540 930 numerus

1984 959 2195 1012 arcum?
2231 959 2393 1014 Nobis
2432 976 2533 1015 non
2576 972 2689 1029 est,
2737 965 2842 1018 Deo
2875 975 2998 1020 est:
3039 968 3120 1020 cui
3159 969 3328 1037 capilli
3356 969 3540 1038 capitis

1987 1052 2150 1104 nostri
2187 1054 2440 1108 numerati
2483 1066 2630 1121 sunt,
2671 1066 2918 1137 et_arena
2949 1073 3216 1115 numerata
3254 1071 3352 1116 est.
3380 1062 3542 1129 Quid-

1985 1142 2108 1210 quid
2130 1154 2255 1212 ergo
2277 1143 2534 1198 inlinitum
2564 1147 2786 1200 mundus
2814 1149 2910 1202 iste
2931 1152 3308 1220 complectitur,
3333 1154 3540 1209 etiamsi

1985 1230 2214 1298 homini,
2239 1247 2339 1287 non
2370 1243 2540 1288 tamen
2565 1237 2670 1290 Deo
2693 1239 2707 1269 ³
2735 1256 2748 1291 :
2780 1255 2958 1306 parum
2980 1241 3126 1306 dico,
3159 1243 3298 1304 Deo;
3327 1245 3540 1314 Angelis

1985 1332 2314 1378 numeratum
2352 1333 2452 1378 est.
2495 1324 2847 1398 Intelligentia:
2883 1331 2993 1400 ejus
3034 1348 3132 1404 non
3170 1343 3241 1386 est
3283 1351 3538 1389 numerus.

1985 1414 2202 1468 Excedit
2227 1431 2409 1470 omnes
2437 1420 2766 1475 numerarios
2803 1422 3141 1493 intelligentia
3176 1425 3322 1493 ejus,
3357 1442 3541 1481 nume-

1986 1506 2088 1559 rari
2119 1523 2146 1559 a
2177 1508 2327 1561 nobis
2357 1524 2459 1563 non
2489 1520 2676 1578 potest.
2707 1512 2878 1582 Ipsum
2913 1532 3184 1571 numerum
3212 1519 3328 1587 quis
3359 1536 3542 1575 nume-

1985 1598 2106 1649 rat?
2149 1597 2378 1653 Numero
2423 1612 2765 1657 numerantur
2796 1620 3136 1676 quaecumque
3177 1589 3537 1664 numerantur.

1986 1687 2040 1740 Si
2069 1689 2318 1757 quidquid
2349 1703 2672 1759 numeratur,
2708 1710 2927 1749 numero
2965 1708 3302 1762 numeratur;
3337 1703 3541 1756 numeri

1985 1790 2088 1829 non
2125 1788 2295 1846 potest
2329 1794 2446 1834 esse
2485 1796 2769 1848 numerus,
2811 1785 3077 1839 numerari
3119 1803 3366 1842 numerus
3396 1791 3546 1843 nulla

1985 1878 2137 1936 pacto
2167 1880 2352 1938 potest.
2383 1872 2517 1938 Quid
2543 1889 2669 1943 ergo
2697 1885 2778 1928 est
2804 1876 2940 1945 apud
2972 1877 3162 1942 Deum,
3202 1880 3340 1934 unde
3359 1882 3379 1912 ²
3421 1882 3542 1936 fecit

1985 1958 2195 2021 omnia,
2242 1968 2295 2013 et
2342 1961 2428 2013 ubi
2478 1961 2596 2014 fecit
2634 1965 2839 2028 omnia,
2884 1965 2966 2019 cui
3009 1966 3236 2021 dicitur:
3285 1967 3466 2023 Omnia
3489 1973 3541 2025 in

1985 2064 2213 2102 mensura
2232 2089 2248 2114 ,
2289 2059 2334 2102 et
2370 2067 2602 2116 numero,
2633 2064 2677 2105 et
2701 2054 2924 2121 pondere
2948 2056 3235 2122 disposuisti
3273 2058 3425 2130 (Sap.
3454 2077 3504 2116 ιι
3525 2102 3538 2120 .

1983 2137 2107 2204 2|)?
2134 2139 2238 2192 Aut
2261 2141 2379 2209 quis
2410 2141 2573 2208 ipsam
2603 2158 2900 2198 mensuram
2922 2187 2936 2208 ,
2967 2155 3020 2200 et
3050 2148 3215 2216 ipsum
3244 2166 3540 2216 numerum,

1985 2237 2038 2282 et
2061 2230 2228 2297 ipsum
2267 2231 2469 2299 pondus
2489 2272 2502 2294 ,
2525 2233 2614 2287 ubi
2642 2233 2777 2288 Deus
2801 2237 2975 2289 omnia
3000 2237 3288 2306 disposuit,
3327 2249 3418 2294 aut
3442 2257 3541 2295 nu-

1985 2321 2189 2374 merare
2219 2330 2417 2389 potest,
2445 2331 2536 2376 aut
2565 2324 2765 2390 metiri,
2796 2327 3238 2396 autappendere?
3262 2331 3420 2400 Ergo.
3452 2331 3546 2385 In-

1986 2409 2271 2479 telligentite
2293 2411 2401 2479 ejus
2427 2427 2526 2464 non
2551 2421 2621 2464 est
2648 2429 2900 2468 numerus.
2919 2415 3545 2476 Conticescanthumanzn

1984 2515 2160 2566 voces,
2192 2504 2524 2570 requiescant
2558 2502 2799 2558 humanae
2825 2505 3166 2575 cogitationes
3198 2524 3211 2560 :
3245 2507 3310 2562 ad
3341 2509 3544 2565 incom-

1988 2591 2357 2660 prehensibilia
2387 2607 2492 2646 non
2519 2608 2576 2648 se
2601 2594 2884 2649 extendant
2902 2598 3048 2666 quasi
3074 2599 3542 2668 comprehensuri,

1983 2681 2076 2736 sed
2121 2690 2365 2752 tanquam
2399 2683 2793 2754 participaturi;
2831 2688 3110 2758 participes
3149 2689 3288 2744 enim
3321 2691 3543 2747 erimus.

1983 2771 2096 2826 Non
2131 2772 2232 2826 hoc
2251 2772 2388 2842 quod
2415 2774 2654 2843 capimus
2678 2777 2896 2842 erimus,
2922 2792 3018 2832 nec
3041 2788 3204 2832 totum
3231 2781 3499 2850 capiemus
3519 2798 3551 2836 τι

1983 2864 2075 2919 sed
2096 2864 2374 2934 participes
2399 2866 2630 2931 erimus;
2657 2868 2777 2937 quia
2798 2868 2994 2924 dictum
3021 2879 3104 2925 est
3124 2870 3191 2926 de
3214 2871 3504 2927 Jerusalem
3522 2913 3552 2940 ι

1983 2956 2132 3025 cujus
2150 2955 2508 3024 dispersiones
2536 2958 2756 3028 colligit,
2782 2959 2975 3014 dictum
2997 2969 3078 3014 est
3097 2960 3162 3017 de
3185 2962 3267 3016 illa
3294 2962 3542 3032 quiddam

1983 3059 2227 3115 magnum
2267 3061 2286 3098 :
2318 3044 2602 3100 Jerusalem
2636 3063 2746 3116 qua:
2777 3048 3056 3116 wdiﬁcatur
3090 3060 3141 3102 ut
3167 3035 3336 3104 civitas
3355 3093 3369 3117 ,
3400 3053 3552 3121 cujus.

1983 3136 2300 3205 participatio
2319 3138 2426 3221 ejus
2444 3137 2498 3190 in
2517 3137 2730 3206 idipsum
2749 3137 2919 3206 (Psal.
2947 3155 3088 3206 cxxr,
3120 3142 3200 3210 5).
3229 3140 3292 3195 In
3321 3141 3543 3212 idipsum

1981 3227 2105 3297 quid
2135 3227 2240 3293 ait,
2272 3228 2373 3283 nisi
2409 3228 2549 3298 quod
2591 3230 2778 3283 mutari
2820 3245 2925 3284 non
2963 3231 3170 3300 potest?
3200 3231 3400 3289 Cretera
3424 3248 3542 3304 qua:

1964 3328 2105 3401 _sunt
2129 3329 2304 3375 creata
2325 3363 2340 3385 ,
2366 3322 2521 3376 aliter
2544 3331 2600 3377 et
2635 3323 2790 3378 aliter
2814 3334 3036 3393 possunt
3067 3340 3220 3392 esse;
3247 3328 3334 3398 qui
3363 3338 3537 3383 autem

1981 3410 2213 3473 creavit,
2268 3411 2423 3466 aliter
2464 3421 2518 3466 et
2562 3411 2715 3467 aliter
2748 3413 2861 3468 non
2901 3422 3072 3485 potest
3120 3431 3258 3472 esse.
3312 3417 3538 3488 Idipsum

1982 3515 2108 3571 ergo
2134 3501 2220 3556 ille
2258 3511 2374 3567 est,
2413 3502 2661 3573 quoniam
2688 3503 2885 3559 dictum
2905 3515 2986 3561 est
3008 3507 3095 3562 ei:
3130 3506 3350 3562 tllutabis
3374 3525 3465 3576 ea,
3497 3519 3545 3564 et

1980 3592 2339 3655 mutabuntur;
2368 3603 2422 3645 tu
2462 3603 2627 3646 autem
2663 3594 2793 3647 idem
2832 3595 2939 3659 ipse
2975 3612 3058 3663 es,
3093 3605 3142 3649 et
3177 3598 3297 3651 anni
3332 3598 3404 3652 tui
3441 3615 3550 3655 non

1981 3681 2210 3747 deﬁcient
2249 3678 2415 3752 (Psal.
2450 3695 2534 3745 Cl,
2560 3680 2650 3746 27,
2689 3681 2805 3752 28).
2841 3681 2998 3752 Igitur
3021 3683 3066 3736 si
3106 3683 3216 3753 ipse
3258 3679 3395 3740 idem
3431 3687 3557 3756 ipse-

1981 3778 2092 3834 est,
2131 3777 2187 3824 et
2227 3772 2417 3824 mutari
2464 3785 2526 3824 ex
2573 3771 2713 3825 nulla
2752 3781 2898 3841 parte
2939 3781 3142 3840 potest;
3184 3775 3560 3845 participando.

1981 3860 2096 3929 ejus
2137 3859 2461 3916 divinitatem
2499 3860 2697 3915 erimus
2735 3871 2789 3916 et
2830 3877 2926 3916 nos
2955 3862 3275 3918 immortales
3302 3865 3560 3924 invitam.

1981 3963 2257 4005 aeternam.
2310 3950 2374 4004 Et
2417 3950 2518 4005 hoc
2559 3950 2714 4006 nobis
2761 3951 2947 4022 pignus
2983 3952 3162 4008 datum
3195 3954 3380 4010 estde
3411 3956 3568 4014 Filio.

1982 4040 2106 4107 Dei,
2152 4041 2292 4111 quod
2321 4040 2429 4110 jam
2464 4040 2570 4094 dixi
2605 4039 2878 4105 Sanctitali
2909 4051 3095 4098 vestra:
3117 4081 3132 4107 ,
3168 4053 3224 4098 ut
3261 4055 3559 4115 antequam.

1981 4135 2314 4191 efticeremur
2361 4135 2644 4206 participes
2682 4135 3090 4191 immortalitatis
3144 4137 3342 4207 ipsius,
3393 4138 3549 4194 ﬁeret

1982 4227 2096 4298 ipse
2120 4227 2264 4297 prius
2293 4227 2552 4296 particeps
2585 4226 2919 4283 mortalitatis
2941 4234 3154 4282 nostra.
3193 4227 3340 4282 Sicut
3364 4237 3545 4284 autem

1982 4317 2070 4372 ille
2096 4317 2333 4372 mortalis
2349 4356 2363 4381 ,
2407 4331 2512 4371 non
2539 4315 2606 4371 de
2629 4330 2723 4371 sua
2749 4315 3041 4372 substantia
3063 4347 3101 4382 ,ι
3117 4317 3210 4372 sed
3233 4317 3300 4372 de
3325 4327 3504 4373 nostra
3526 4330 3554 4374 ξ

1982 4411 2059 4465 sic
2081 4423 2177 4464 nos
2201 4407 2552 4474 immortales,
2583 4421 2688 4462 non
2718 4406 2785 4463 de
2812 4416 2989 4462 nostra
3015 4408 3325 4469 substantia.
3356 4408 3449 4464 sed
3475 4408 3552 4465 de

1982 4499 2168 4570 ipsius.
2198 4499 2484 4568 Participes
2516 4512 2650 4568 ergo
2680 4497 2912 4553 erimus:
2944 4513 3101 4554 nemo
3128 4498 3371 4567 dubitet,
3394 4500 3542 4554 εει-ἱ-

1981 4602 2132 4663 ptura
2153 4590 2254 4646 hoc
2279 4591 2430 4645 dixit.
2462 4590 2531 4648 Et
2557 4592 2708 4659 cujus
2726 4589 2802 4646 rei
2830 4590 3112 4660 participes
3135 4591 3366 4656 erimus,
3393 4590 3546 4661 quasi
3570 4627 3573 4629 -

1983 4695 2159 4756 partes
2200 4685 2307 4738 sint
2345 4683 2482 4754 apud
2532 4682 2736 4750 Deum,
2783 4691 2878 4738 aut
2919 4698 3014 4752 per
3058 4692 3235 4752 partes
3283 4683 3548 4738 dividatur

1983 4778 2162 4833 Deus?
2209 4776 2338 4844 Quis
2377 4791 2504 4847 ergo
2545 4775 2771 4844 explicat
2802 4771 3067 4843 quomodo
3108 4773 3215 4828 sint
3260 4773 3544 4843 participes

1981 4869 2136 4924 unius
2171 4867 2426 4938 simplicis
2464 4865 2656 4920 multi?!
2685 4863 2797 4918 Non
2839 4878 2966 4933 ergo
2999 4863 3216 4934 exigatis
3259 4863 3547 4934 quodapte

1980 4961 2083 5016 dici
2123 4977 2225 5014 non
2273 4974 2459 5029 posse,
2505 4967 2631 5028 puto
2665 4956 2787 5027 quia
2815 4954 3047 5010 videtisa
3079 4941 3108 5010 ε’
3135 4955 3226 5011 sed
3269 4955 3437 5009 redite
3476 4955 3542 5010 ad

1983 5049 2274 5106 remedium
2331 5045 2646 5112 Salvatoris;
2710 5046 2966 5100 conterite
3009 5060 3134 5111 cor,
3187 5045 3548 5115 confringatur

1981 5143 2140 5198 animi
2163 5141 2386 5205 duritia,
2416 5146 2717 5194 conteratur
2745 5137 2903 5191 animi
2930 5137 3246 5208 pertinacia,
3269 5143 3548 5191 accusetuts

1984 5235 2037 5290 ill
2069 5234 2206 5288 malo
2226 5272 2240 5297 .
2283 5239 2587 5290 renascatur
2619 5231 2670 5285 in
2705 5229 2865 5284 bono.
2906 5229 3102 5302 Diriget
3140 5230 3285 5299 ipse,
3314 5227 3552 5299 alligabit

2048 5392 2065 5422 ί
2089 5397 2188 5438 sm.
2227 5392 2302 5435 Er.
2333 5390 2393 5450 et_
2407 5382 2570 5450 plures
2595 5389 2724 5450 Mss,
2747 5379 3224 5450 ﬁnitmn.‘Pau.lo_que
3258 5379 3550 5450 post,_iit_lem

1985 5451 2094 5500 rae.
2116 5461 2225 5499 cum
2245 5453 2352 5498 tm.
2371 5442 2612 5502 ferebant,
2633 5442 2819 5495 etiamsi
2840 5455 2931 5493 non
2955 5442 3150 5502 honuni,
3169 5447 3406 5502 tamenest
3429 5448 3547 5499 Dee.

2187 5509 2313 5568 dico,
2349 5515 2445 5557 etc.
2472 5512 2526 5554 Al.
2546 5499 2653 5572 uss.
2685 5504 2925 5568 plerique,
2950 5499 3143 5553 etiamsi
3159 5499 3451 5562 honn'nl,non
3472 5507 3548 5551 to.

1985 5579 2290 5703 nﬁifpﬁtr.
2311 5635 2362 5703 et
2382 5626 2606 5692 plerique
2628 5633 2753 5676 Mss:
2795 5618 2916 5687 Quid
2937 5636 3053 5689 ergo
3086 5628 3155 5675 est
3197 5620 3328 5687 apud
3351 5630 3503 5674 Deum
3523 5620 3550 5674 3

1987 5697 2106 5746 Inde
2128 5697 2256 5756 fecit,
2282 5699 2376 5742 etc.

2050 5760 2070 5790 ³
2093 5763 2166 5817 Er.
2193 5753 2339 5817 Lugd.
2364 5759 2482 5803 Ven.
2504 5761 2557 5802 et
2574 5756 2703 5800 tam:
2752 5757 2990 5817 Nona-go
3014 5749 3220 5817 exigatis
3239 5743 3362 5811 quod
3385 5749 3550 5808 apert!

1991 5825 2093 5875 ante
2114 5814 2214 5870 dici
2234 5809 2327 5867 non
2348 5825 2480 5880 posse
2501 5819 2632 5878 puto,
2653 5823 2798 5875 quam
2820 5809 3032 5863 rideatis.
3097 5809 3184 5860 'lt.
