4082 6204
547 391 678 448 1907

546 505 824 562 fracturam
842 546 858 570 ,
884 499 1231 556 consolidabit
1257 490 1564 563 sanitatem;
1595 504 1648 552 et
1675 511 1780 552 non
1809 506 1961 552 erunt
1986 497 2093 565 jam

547 593 884 665 impossibilia
912 591 1063 645 nobis
1083 631 1100 656 ,
1126 605 1241 661 qua:
1267 589 1423 643 modo
1461 587 1799 658 impossibilia
1821 597 1961 642 sunt.
1992 587 2094 640 Bo-

545 701 667 741 ntnn
710 692 792 740 est
827 682 966 738 enim
1011 689 1069 735 ut
1107 681 1417 734 conﬁteatur
1455 678 1836 742 infirmitatem,
1871 676 2098 745 quivult

545 774 820 846 pervenire
860 773 924 826 ad
969 771 1316 826 divinitatem.
1360 767 1713 838 Intelligeutia:
1742 768 1850 838 ejus
1883 783 1982 819 non
2025 775 2095 819 est

457 899 464 907 κ
541 882 794 921 nummus.

603 956 701 1014 .12.
731 955 876 1028 [vei-3.
895 952 972 1026 6.]
1013 953 1133 1006 ldeo
1155 950 1276 1021 quid
1301 949 1492 1004 debeas
1514 948 1684 1002 facere
1711 948 1761 1000 in
1792 945 2096 1000 difﬁcultate

546 1044 895 1114 intelligendi,
927 1041 1155 1096 ostendit
1197 1040 1317 1102 tibi.
1353 1054 1470 1093 cum
1511 1045 1889 1106 consequenter
1923 1036 2048 1090 dicit
2079 1051 2094 1089 :

546 1135 839 1204 Suscipiens
864 1142 1146 1187 mansuetos
1172 1129 1437 1183 Dominus.
1470 1127 1624 1181 Verbi
1649 1127 1814 1196 gratia
1836 1167 1848 1190 ,
1874 1141 1977 1179 non
2012 1125 2094 1178 ius

548 1228 737 1297 tclligis
761 1266 776 1289 ,
818 1240 1001 1295 parum
1041 1223 1319 1291 intelligis,
1366 1235 1466 1273 non
1493 1218 1866 1286 consequeris:
1898 1218 2095 1272 honora

546 1320 867 1387 Seripturam
893 1316 1003 1376 Dei,
1030 1315 1226 1368 honora
1253 1312 1470 1365 verbum
1501 1309 1609 1375 Dei,
1634 1310 1787 1364 etiam
1815 1324 1917 1362 non
1947 1324 2100 1379 aper-

486 1388 493 1396 λ
550 1421 687 1474 ιιιιιι;
716 1408 868 1463 ditior
895 1408 1082 1476 pietate
1111 1403 1523 1473 intelligentiam.
1549 1401 1662 1455 Noli
1688 1411 1960 1470 protervus
1981 1413 2098 1454 esse

548 1516 796 1556 accusare
830 1511 918 1553 aut
957 1498 1363 1558 obscuritatem,
1406 1503 1495 1548 aut
1529 1494 1674 1563 quasi
1705 1494 2100 1562 perversitatem

548 1592 855 1661 Scriptum.
889 1590 1195 1644 Perversum
1223 1587 1308 1642 hic
1332 1586 1461 1641 nihil
1482 1594 1593 1648 est;
1622 1585 1901 1639 obscurum
1923 1591 2096 1636 autem

548 1683 741 1753 aliquid
768 1693 883 1745 est,
918 1697 1017 1736 non
1048 1689 1103 1734 ut
1129 1681 1220 1734 tibi
1250 1688 1486 1749 negetur,
1519 1677 1611 1731 scd
1654 1685 1709 1730 ut
1737 1683 1982 1731 exerceat
2006 1690 2094 1728 ac-

547 1783 841 1844 cepturum.
873 1773 1012 1841 Ergo
1035 1770 1242 1841 quando
1267 1771 1546 1824 obscurum
1573 1777 1682 1832 est,
1713 1767 1948 1821 medicus
1973 1764 2098 1820 illud

550 1865 700 1930 fecit,
730 1872 787 1917 ut
813 1863 1025 1931 pulses:
1057 1861 1254 1925 voluit,
1287 1869 1342 1912 ut
1376 1857 1698 1913 exercercris
1730 1873 1778 1909 ιη
1809 1856 2095 1926 pulsando;

548 1955 738 2018 voluit,
769 1962 825 2006 ut
855 1951 1075 2021 pulsanti
1102 1950 1328 2018 aperiret
1365 1947 1567 2020 (Matth.
1596 1962 1689 2012 vn,
1719 1945 1794 2015 7).
1838 1945 2098 2000 Pulsando

548 2046 903 2110 exerccberis;
922 2043 1254 2106 exercitatus,
1273 2041 1427 2094 latior
1447 2039 1712 2104 cllicieris;
1735 2038 1890 2092 latior
1911 2037 2095 2105 factus,

552 2140 723 2212 capies
734 2137 869 2209 quod
891 2137 1132 2192 donatur.
1154 2135 1292 2203 Ergo
1311 2135 1412 2187 noli
1437 2133 1687 2202 indignari
1707 2131 1842 2201 quod
1864 2131 2097 2185 clausum

551 2240 664 2292 cst;
708 2228 849 2283 mitis
891 2233 1380 2290 esto',,mansuetus
1425 2233 1557 2277 esto.
1605 2222 1720 2276 Noli
1768 2221 2099 2276 recaleitrare

547 2321 800 2376 adversus
832 2318 1051 2374 obscura
1071 2359 1086 2381 ,
1127 2325 1178 2370 et
1203 2315 1378 2368 dicere
1403 2331 1416 2367 :
1443 2313 1624 2366 Melius
1643 2311 1926 2377 diceretur,
1952 2310 1996 2364 si
2022 2310 2098 2364 sic

548 2411 826 2466 diceretur.
878 2407 1097 2476 Quando
1145 2403 1283 2460 enim
1339 2412 1487 2473 potes
1558 2411 1611 2456 tu
1657 2403 1734 2456 sic
1784 2395 1960 2456 dicere
2010 2407 2100 2454 aut

543 2501 808 2570 judicare,
861 2497 1122 2568 quomodo
1160 2497 1263 2551 dici
1300 2494 1579 2563 expediat?
1619 2493 1704 2548 Sic
1745 2492 1940 2546 dictum
1981 2501 2094 2557 est,

547 2589 808 2660 quomodo
833 2587 932 2642 dici
959 2587 1156 2641 debuit.
1178 2585 1290 2640 Non
1311 2585 1537 2654 corrigat
1563 2599 1700 2653 :rgcr
1721 2583 2096 2636 medicamenta

548 2695 672 2743 sua;
716 2679 859 2733 novit
893 2693 954 2732 ea
993 2676 1225 2731 medicus
1264 2675 1599 2729 modiﬁcare:
1636 2675 1682 2728 ei
1708 2674 1898 2737 crede,
1929 2674 2016 2742 qui
2049 2682 2099 2727 te

546 2777 712 2825 curat.
762 2769 885 2824 Ideo
921 2767 1045 2838 quid
1076 2767 1348 2836 sequitur?
1377 2766 1666 2836 Suscipicns
1691 2774 1968 2819 mansuetos
1994 2763 2096 2816 Do-

548 2861 726 2914 minus.
759 2858 874 2913 Noli
900 2874 1026 2928 ergo
1053 2858 1301 2913 resistere
1320 2856 1574 2910 adversus
1598 2855 1773 2909 clausa
1804 2855 1928 2920 Dei;
1959 2871 2099 2908 man-

547 2959 724 3004 suetus
755 2957 901 3014 esto,
947 2956 1002 3001 ut
1025 2946 1272 3016 suscipiat
1299 2954 1370 3000 te.
1409 2945 1464 2999 Si
1492 2953 1666 3000 autem
1708 2945 1939 3009 resistis,
1975 2943 2096 2998 audi

547 3040 683 3111 quod
723 3041 995 3109 sequitur:
1040 3037 1324 3092 Humilians
1368 3046 1532 3091 autem
1558 3045 1832 3105 peccatores
1854 3051 2008 3106 usque
2030 3036 2099 3089 ad

547 3141 745 3184 terram.
786 3130 943 3186 Multa
990 3146 1179 3201 genera
1224 3138 1351 3184 sunt
1395 3137 1726 3199 peccatorum
1762 3145 1776 3181 ε
1812 3127 2098 3182 Ηιιιηὶιὶηηε

544 3235 711 3276 autem
736 3232 1018 3293 peccatores
1042 3238 1194 3290 usque
1229 3220 1296 3273 ad
1325 3230 1540 3283 terram;
1584 3235 1715 3290 quos
1760 3229 2096 3289 peccatores,

547 3314 647 3367 nisi
690 3313 980 3368 contrarios
1022 3311 1338 3365 mansuetis?
1378 3310 1458 3363 Ex
1499 3326 1562 3364 eo
1608 3312 1798 3379 quippe
1825 3311 1961 3380 quod
1987 3311 2090 3376 ait,

547 3401 835 3470 Suscipiens
859 3410 1139 3454 mansuetos
1177 3401 1421 3454 Dominus
1440 3438 1457 3464 ,
1498 3401 1766 3454 humilium
1791 3411 1954 3455 autem
1983 3419 2099 3472 pet-

544 3501 735 3544 catores
762 3506 914 3560 usque
947 3490 1014 3542 ad
1041 3497 1260 3554 terram;
1289 3489 1515 3558 speciem
1545 3489 1820 3559 qunmdam
1853 3501 2095 3559 peccato-

545 3597 658 3655 rum
688 3596 754 3638 ex
779 3581 1026 3652 praedicta
1065 3581 1465 3635 mansuetudine
1503 3581 1666 3634 voluit
1695 3580 1932 3650 intelligi.
1961 3581 2092 3635 Pec-

541 3685 748 3728 eatores
785 3687 910 3741 ergo
948 3671 1048 3725 hoc
1071 3670 1186 3724 loco
1215 3670 1474 3733 immites,
1517 3679 1571 3724 et
1611 3684 1702 3724 eos
1728 3670 1814 3739 qui
1837 3672 2093 3725 mansueti

544 3779 645 3817 non
672 3770 824 3828 sunt,
857 3761 1213 3831 intelligimus.
1236 3761 1410 3828 Quare
1434 3760 1673 3814 bumiliat
1699 3775 1863 3830 usque
1888 3762 1951 3814 ad
1983 3770 2093 3816 ter-

542 3851 1096 3922 ramiliepreheudunt
1116 3852 1480 3923 intelligibilia,
1503 3861 1712 3907 terrena
1731 3853 1936 3907 sensuri
1949 3862 2090 3907 sunt.

611 3944 695 3998 l3.
755 3944 865 3998 Hoc
909 3942 1033 3999 fecit
1073 3943 1372 3997 hominibus
1418 3943 1508 4013 qui
1559 3943 1833 3998 voluerunt
1877 3944 2094 3999 irridere

540 4033 730 4106 Legem
751 4077 765 4100 ,
795 4043 1072 4103 antequam
1102 4043 1344 4100 nossent;
1393 4051 1497 4089 non
1542 4037 1682 4090 enim
1714 4036 1920 4089 luerunt
1945 4051 2093 4088 man-

540 4125 693 4180 sueti.
747 4125 1005 4196 lntelligat
1048 4123 1290 4179 Charitas
1336 4133 1532 4179 vestra.
1595 4125 1809 4180 Exstitit
1853 4127 2091 4195 quadam

539 4202 885 4284 perditissima
914 4226 1055 4271 secta
1078 4216 1482 4271 Manichmorum
1504 4233 1518 4281 ;
1541 4225 1780 4286 acceptas
1797 4217 2092 4286 Scripturas

537 4314 591 4361 et
615 4306 777 4360 lectas
816 4307 977 4361 irrisit
1001 4325 1013 4359 :
1043 4306 1429 4376 reprehendere
1452 4307 1616 4361 voluit
1643 4308 1782 4374 quod
1812 4324 1913 4362 non
1941 4308 2092 4363 intel-

535 4397 728 4467 ligebat
747 4437 763 4462 ,
801 4406 854 4451 et
877 4397 1187 4467 exagitando
1210 4405 1263 4451 et
1285 4397 1718 4470 reprehendendo
1753 4413 1856 4452 non
1884 4397 2090 4452 intelle-

537 4502 621 4546 cta
640 4532 654 4555 ,
696 4490 891 4544 multos
917 4488 1234 4558 illaqueavit.
1277 4488 1380 4542 Sed
1411 4488 1663 4542 humiliati
1689 4499 1841 4555 sunt,
1879 4491 1964 4557 qui
1993 4490 2092 4545 hoc

459 4591 462 4594 ‘
538 4585 707 4636 facere
726 4581 1025 4644 voluerunt,
1051 4595 1215 4648 usque
1240 4579 1304 4632 ad
1329 4588 1542 4633 terram.
1570 4579 1682 4632 Non
1706 4591 1826 4635 sunt
1849 4582 2090 4650 permissi

537 4673 830 4742 intelligere
891 4671 1157 4733 caelestia,
1210 4680 1417 4724 terrena
1472 4679 1774 4737 sapuerunt.
1831 4670 2091 4740 Quidquid

537 4763 684 4817 audis
724 4763 775 4816 in
804 4762 990 4816 fabulis
1018 4763 1280 4831 ipsorum,
1314 4758 1520 4813 nonnisi
1551 4758 1872 4827 blasphemia
1901 4771 2010 4826 est,
2037 4769 2107 4821 et.

534 4854 772 4925 quredam
805 4852 1050 4924 ﬁgmenta
1093 4853 1374 4923 imaginum
1404 4850 1754 4921 corporalium
1787 4869 1802 4904 :
1844 4853 2085 4920 quando-

481 4960 483 4962 ‘
535 4946 744 5017 quidem
785 4945 1021 5000 volentes
1067 4945 1355 5013 intelligere
1402 4943 1600 5003 Deum,
1646 4955 1811 5010 usque
1847 4941 1912 4995 ad
1960 4942 2091 4996 lucis

537 5039 687 5091 istius
723 5034 942 5089 visibilis
985 5034 1350 5103 cogitationem
1381 5041 1665 5095 venerunt,
1694 5031 1829 5085 ultra
1871 5032 1948 5086 ire
1985 5048 2088 5086 non

534 5137 854 5200 potuerunt;
895 5135 946 5181 et
996 5125 1126 5178 tales
1151 5137 1368 5192 campos
1397 5122 1527 5176 lucis
1568 5107 1805 5177 fecerunt
1841 5122 1892 5176 in
1929 5137 2090 5192 regno

535 5220 627 5274 Dei
653 5261 667 5284 ,
715 5218 927 5289 qualem
976 5215 1224 5270 videbant
1257 5213 1394 5268 hunc
1439 5215 1634 5280 solem,
1676 5214 1822 5283 quasi
1867 5213 2090 5268 fructum

534 5309 664 5366 lucis
692 5311 852 5365 illius.
883 5309 1075 5362 Totum
1106 5314 1281 5360 autem
1312 5305 1410 5360 hoc
1430 5304 1568 5373 quod
1593 5321 1686 5374 per
1707 5315 1896 5360 terram
1918 5307 2093 5360 carnis

535 5401 781 5470 tangitur,
817 5410 952 5454 terra
984 5408 1066 5452 est
1094 5397 1220 5451 Deo.
1269 5393 1535 5449 Habemus
1579 5394 1718 5449 enim
1751 5395 1886 5449 unde
1913 5395 2090 5449 videa-

536 5507 679 5557 mus,
708 5491 850 5546 unde
882 5490 1156 5544 audiamus
1175 5527 1191 5554 ,
1228 5486 1371 5542 unde
1399 5486 1707 5551 odoremus,
1753 5487 1890 5540 unde
1913 5497 2089 5557 guste-

534 5597 651 5635 mus
670 5623 686 5647 ,
715 5581 854 5636 unde
884 5592 1179 5652 tangamus.
1221 5579 1355 5634 Caro
1386 5577 1484 5631 ista
1511 5592 1604 5647 per
1627 5578 1854 5646 quinque
1883 5577 2091 5630 nuntios

533 5670 818 5739 quosdam,
846 5686 978 5741 quos
1017 5670 1342 5740 appellamus
1367 5682 1579 5730 sensus,
1619 5667 1839 5736 percipit
1873 5666 2085 5721 nonnisi

542 5761 831 5827 wrporalia
879 5779 892 5814 :
935 5762 1275 5832 intelligibilia
1314 5774 1440 5814 vero
1483 5769 1534 5814 et
1579 5759 1864 5828 spiritualia
1917 5767 2092 5814 mente

1753 384 1810 440 S.
1849 382 2207 440 AUGUSTINI
2247 385 2540 442 EPlSCOPl

2183 495 2491 570 'capiuntur.
2524 497 2658 567 Quia
2702 512 2827 568 ergo
2863 499 2934 554 illi
2963 498 3336 554 obscuritatem
3364 496 3757 568 Scripturarum

3625 354 3852 444 taosi

2202 589 2479 643 irriserunt
2500 629 2516 656 ,
2541 604 2658 658 quae
2686 597 2956 658 propterea
2987 591 3175 644 clausa:
3202 597 3354 644 erant
3372 631 3385 653 ,
3411 600 3463 642 ut
3488 589 3759 658 pulsantes

2190 688 2592 745 exercerentur,
2637 694 2738 732 non
2770 687 2826 732 ut
2854 679 3082 748 parvulis
3129 691 3465 750 negarentur,
3501 680 3756 734 lutmiliati

2199 778 2319 822 sunt
2347 785 2510 839 usque
2544 769 2610 822 ad
2652 779 2874 834 terram,
2908 777 2964 823 ut
2990 771 3217 839 cogitare
3245 769 3474 845 aptplius
3499 786 3602 823 non
3632 785 3759 840 pos—

2199 869 2347 923 sent,
2397 876 2552 929 quam
2578 861 2717 931 quod
2744 876 2839 931 per
2880 869 3070 915 terram
3103 862 3405 930 percipitur.
3441 863 3537 916 l’er
3566 872 3759 916 terram

2200 951 2320 1018 quid
2347 951 2506 1006 dico?
2537 953 2634 1006 Per
2661 968 2894 1007 carnem.
2921 952 3058 1008 Caro
3087 954 3224 1008 enim
3257 955 3352 1007 ista
3397 964 3532 1008 terra
3561 963 3672 1017 est,
3703 961 3760 1008 et

2199 1042 2264 1095 de
2303 1051 2439 1096 terra
2485 1043 2618 1098 facta
2667 1054 2767 1099 est.
2809 1045 3072 1115 Quidquid
3124 1060 3218 1115 per
3257 1047 3435 1101 oculos
3463 1047 3647 1114 capis,
3690 1047 3757 1100 ad

2201 1143 2392 1189 terram
2433 1137 2689 1204 pertinet;
2743 1138 2992 1207 quidquid
3035 1154 3129 1206 per
3172 1153 3349 1200 aures,
3383 1139 3632 1208 quidquid
3664 1155 3760 1208 per

2199 1225 2467 1290 olfactum,
2497 1227 2742 1296 quidquid
2777 1244 2870 1297 per
2889 1239 3116 1296 gustum,
3139 1229 3390 1298 quidquid
3421 1247 3512 1298 per
3533 1239 3754 1296 tactum,

2199 1316 2263 1369 ad
2314 1327 2504 1370 terram
2545 1319 2800 1387 pertinet;
2831 1321 2948 1388 quia
2979 1335 3070 1387 per
3107 1330 3297 1374 terram
3339 1323 3644 1389 percipitur.
3676 1323 3758 1376 llli
3804 1375 3810 1382 ,

2198 1421 2325 1476 ergo
2369 1422 2472 1460 non
2516 1408 2758 1463 valebant
2803 1409 3093 1478 intelligere
3142 1411 3562 1480 intelligentiam,
3603 1415 3760 1481 cujus

2201 1513 2303 1551 non
2331 1507 2412 1553 est
2440 1515 2715 1565 numerus;
2747 1503 2866 1571 quia
2888 1543 2901 1565 ,
2935 1502 3286 1572 lntelligentia:
3304 1506 3412 1574 ejus
3440 1523 3537 1558 non
3561 1515 3630 1558 est
3659 1523 3757 1558 uu-

2201 1605 2384 1643 uterus.
2407 1589 2870 1659 Reprehendentes
2885 1591 3181 1661 Scripturas
3198 1594 3430 1663 mysticis
3444 1595 3757 1664 quibusdam

2203 1681 2361 1736 rebus
2409 1682 2691 1737 salubriter
2720 1692 2954 1753 tegentes
2998 1684 3421 1754 intelligentiam,
3461 1695 3520 1740 ut
3546 1687 3759 1756 parvuli

2202 1783 2567 1840 exerceantur,
2619 1784 2672 1829 et
2718 1775 2827 1844 ipsa
2873 1776 3282 1844 reprehensione
3329 1778 3555 1833 immites
3606 1779 3758 1844 farti,

2203 1865 2339 1934 quod
2369 1867 2688 1920 contrarium
2717 1875 2797 1922 est
2827 1869 3132 1933 mansuetis,
3163 1869 3419 1924 humiliati
3446 1880 3566 1924 sunt
3593 1886 3762 1940 usque

2201 1954 2265 2008 ad
2298 1962 2488 2009 terram
2510 1998 2524 2022 ,
2558 1966 2614 2010 ut
2643 1958 3028 2027 incorporalem
3059 1959 3219 2013 Deum
3264 1961 3460 2013 sentire
3489 1975 3594 2013 non
3639 1976 3760 2027 pos-

2201 2051 2319 2096 sent
2339 2084 2354 2110 ,
2390 2053 2444 2098 et
2480 2044 2730 2114 quidquid
2756 2045 2822 2100 de
2851 2047 2958 2101 Deo
2986 2050 3303 2118 cogitarent,
3333 2050 3538 2103 nonnisi
3563 2066 3759 2120 corpo-

2204 2132 2387 2187 raliter
2407 2135 2718 2204 cogitarent.

2271 2224 2356 2278 14.
2398 2221 2544 2297 [verm
2572 2223 2650 2298 7.]
2693 2225 2984 2283 Ilmuilians
3018 2244 3144 2300 ergo
3185 2239 3268 2286 est
3307 2231 3438 2286 Deus
3478 2245 3759 2303 peccatores

2199 2329 2356 2384 usque
2388 2315 2456 2367 ad
2502 2325 2703 2369 terram.
2749 2317 2883 2384 Quid
2913 2334 3039 2389 ergo
3085 2321 3336 2376 debemus
3367 2324 3534 2378 facere
3555 2339 3648 2377 nos
3667 2367 3683 2389 ,
3712 2326 3756 2378 si

2201 2406 2444 2460 uolumus
2475 2406 2737 2462 humiliari
2770 2425 2934 2478 usque
2973 2411 3037 2464 ad
3084 2413 3316 2466 terram?
3352 2413 3481 2481 Quia
3511 2431 3757 2486 magnum

2201 2504 2282 2551 est
2311 2499 2565 2567 prolicere
2591 2515 2754 2570 usque
2775 2501 2838 2554 ad
2870 2502 3236 2572 intelligibilia,
3261 2520 3501 2575 magnum
3533 2518 3613 2561 est
3641 2525 3756 2576 pro-

2200 2589 2357 2645 licere
2387 2607 2552 2660 usque
2579 2592 2643 2646 ad
2667 2594 2977 2664 spiritualia,
3006 2611 3251 2666 magnum
3278 2606 3359 2652 est
3385 2613 3448 2652 eo
3480 2606 3757 2667 pervenire

2199 2695 2310 2745 cor,
2360 2691 2416 2736 ut
2465 2684 2669 2738 noverit
2707 2699 2825 2739 esse
2871 2685 3066 2756 aliquid
3096 2687 3233 2755 quod
3264 2703 3366 2742 non
3399 2704 3491 2759 per
3519 2691 3630 2745 loca
3660 2709 3757 2745 ex-

2202 2771 2465 2838 tendatur,
2508 2789 2604 2828 nec
2634 2788 2731 2842 per
2756 2781 2992 2844 tempora
3017 2778 3262 2830 varietur.
3309 2778 3486 2844 Qualis
3511 2789 3591 2833 est
3616 2783 3757 2834 enim

2199 2861 2404 2930 species
2448 2864 2760 2932 sapientiae?
2800 2867 2916 2935 quis
2962 2867 3099 2921 illam
3147 2868 3370 2937 cogitat?
3417 2870 3592 2940 Longa
3641 2872 3756 2925 est?

2198 2951 2396 3020 quadra
2423 2954 2541 3008 est?
2569 2956 2790 3010 rotunda
2831 2957 2945 3011 est?
2973 2959 3131 3013 modo
3173 2959 3256 3014 hic
3282 2971 3336 3015 et
3359 2961 3516 3018 modo
3543 2963 3614 3017 ibi
3637 2965 3757 3019 est?

2197 3039 2404 3111 Cogitat
2447 3045 2757 3112 sapientiam
2803 3048 2984 3102 nescio
3029 3049 3147 3118 quis
3189 3051 3239 3104 in
3287 3051 3531 3117 Oriente,
3563 3056 3758 3124 cogitat

2200 3130 2342 3184 illam
2373 3132 2507 3186 alius
2537 3133 2588 3187 in
2616 3134 2900 3190 Occidente
2931 3154 2944 3191 :
2972 3136 3015 3190 si
3045 3138 3178 3193 bene
3226 3140 3366 3194 illam
3405 3145 3670 3212 cogitant,
3702 3145 3752 3199 iu

2201 3231 2341 3276 tanta
2371 3223 2604 3278 locorum
2630 3225 2932 3280 diversitate
2954 3229 3129 3296 positi,
3153 3231 3410 3286 ambobus
3435 3242 3540 3286 tota
3562 3248 3756 3304 prmsto

2197 3323 2298 3368 est.
2325 3315 2457 3382 Quid
2484 3326 2564 3370 est
2582 3315 2720 3371 hoc?
2738 3319 2856 3387 quis
2875 3319 2997 3374 illud
3019 3321 3195 3390 capit?
3217 3320 3370 3376 lstam
3387 3325 3749 3390 substantiam,

2200 3403 2352 3457 istam
2397 3406 2678 3474 quamdam
2705 3407 2933 3462 divinam
2979 3409 3562 3485 ineommutabilemque
3604 3428 3754 3471 natu-

2198 3508 2310 3547 ram
2333 3495 2451 3564 quis
2478 3499 2655 3566 capit?
2683 3498 2797 3552 Noli
2821 3499 3069 3554 festinare
3089 3543 3103 3567 ,
3147 3503 3338 3571 poteris
3377 3520 3585 3574 capere.
3616 3507 3751 3562 Audi

2195 3583 2332 3652 quod
2361 3585 2631 3654 sequitur:
2663 3587 2879 3658 Incipite
2916 3590 3130 3646 Domino
3173 3594 3224 3646 in
3262 3597 3587 3664 confessione.
3619 3597 3750 3651 llinc

2197 3677 2398 3747 incipe,
2424 3680 2468 3734 si
2501 3681 2580 3734 vis
2605 3685 2880 3750 pervenire
2907 3685 2972 3738 ad
3000 3685 3388 3756 intelligentiam
3424 3689 3749 3757 perspicuam

2195 3770 2450 3824 veritatis.
2495 3770 2550 3825 Si
2598 3773 2678 3825 vis
2705 3787 2734 3825 a
2765 3774 2847 3827 via
2874 3775 2992 3827 ηιΙοί
3024 3776 3238 3843 perduci
3267 3777 3331 3830 ad
3363 3778 3748 3846 possessionem

2194 3863 2420 3930 speciei,
2469 3864 2640 3934 incipe
2668 3866 2718 3920 in
2765 3867 3113 3922 confessione.
3147 3870 3221 3923 Te
3263 3872 3406 3940 prius
3431 3887 3652 3936 accusa;
3702 3883 3751 3925 te

2193 3963 2458 4021 accusato,
2493 3955 2654 4009 Deum
2691 3957 2864 4012 lauda.
2911 3957 3098 4014 Invoca
3125 3978 3279 4029 quem
3319 3964 3550 4018 nondum
3578 3967 3748 4032 nesti,

2194 4050 2251 4095 ut
2274 4045 2451 4097 veniat
2487 4054 2540 4099 et
2585 4046 2820 4102 sciatur:
2868 4064 2968 4102 non
3001 4059 3056 4103 ut
3093 4052 3206 4119 ipse
3234 4053 3406 4106 veniat
3427 4055 3466 4119 ¹,
3494 4055 3586 4108 sed
3618 4066 3672 4108 ut
3702 4066 3752 4109 te

2197 4131 2262 4186 ad
2306 4146 2364 4186 se
2405 4133 2676 4202 perducat.
2710 4136 2984 4203 Quomodo
3011 4139 3122 4208 ipse
3148 4142 3291 4194 venit
3320 4142 3458 4196 unde
3479 4159 3748 4212 nunquam

2192 4221 2452 4278 discedit?
2481 4223 2595 4294 l‘psa
2639 4235 2720 4280 est
2747 4227 2884 4280 enim
2928 4227 3178 4296 perfectio
3215 4231 3513 4299 sapientizc;
3556 4235 3752 4303 ubique

2191 4323 2304 4378 est,
2343 4324 2396 4369 et
2425 4314 2578 4384 longe
2607 4327 2689 4371 est
2727 4331 2756 4370 a
2800 4319 2990 4372 malis:
3033 4320 3226 4390 ubique
3250 4331 3332 4376 est
3354 4363 3367 4385 ,
3399 4323 3610 4393 inquam
3635 4365 3651 4389 ,
3695 4333 3751 4380 et

2190 4403 2344 4475 longe
2370 4416 2450 4460 est
2487 4421 2516 4460 a
2543 4408 2694 4462 malis
2722 4409 2808 4477 qui
2853 4409 3046 4479 ubique
3073 4421 3216 4465 sunt.
3246 4410 3511 4482 Rogo‘v'os
3529 4455 3543 4477 ,
3572 4430 3602 4467 a
3632 4415 3750 4484 qui-

2191 4495 2291 4549 bus
2314 4496 2465 4565 longe
2493 4505 2576 4552 est
2603 4498 2743 4567 quod
2772 4499 2964 4568 ubique
2992 4501 3107 4555 est?
3137 4501 3231 4556 Ubi
3256 4504 3466 4571 putatis,
3495 4503 3593 4556 nisi
3625 4506 3747 4573 quia

2186 4584 2364 4653 jacent
2409 4587 2459 4639 in
2507 4586 2930 4644 dissimiiitudine
2970 4605 3093 4656 sua,
3139 4593 3548 4647 exterminantes
3596 4594 3649 4648 in
3690 4609 3748 4648 se

2192 4675 2585 4731 similitudinem
2613 4679 2737 4732 Dei?
2779 4681 3068 4736 Dissimiles
3110 4682 3233 4735 facti
3277 4695 3636 4749 recesserunt;
3666 4701 3747 4739 re-

2191 4765 2401 4820 formati
2423 4767 2659 4823 redeant.
2685 4769 2852 4828 Uude.
2872 4772 3056 4837 inquit,
3077 4773 3517 4828 rel‘ormabimur?
3537 4777 3747 4844 quando

2191 4862 2629 4917 rel'ormabimur?
2673 4863 2886 4933 Incipite
2938 4864 3147 4918 Domino
3187 4865 3239 4918 in
3267 4868 3592 4938 cqnfessione.
3625 4868 3749 4938 Rost

2193 4953 2578 5009 confessionem
2608 4957 2769 5023 quid?
2804 4956 3101 5026 Sequautur
3131 4958 3263 5012 bona
3312 4973 3492 5027 opera.
3537 4957 3749 5012 Psallite

2192 5041 2301 5097 Deo
2328 5056 2495 5097 nostro
2521 5047 2570 5098 in
2598 5047 2807 5100 cithara.
2839 5047 2968 5115 Quid
2999 5058 3097 5115 est,
3120 5049 3172 5102 in
3199 5049 3394 5109 cithara
3414 5048 3441 5102 7
3464 5048 3614 5115 Quod
3637 5049 3744 5119 jam

2192 5135 2408 5202 exposui
2434 5175 2449 5200 ,
2491 5137 2625 5189 sicut
2658 5137 2783 5190 illud
2831 5138 2879 5191 in
2923 5139 3167 5206 psalterio
3197 5140 3456 5207 psalmus,
3489 5138 3567 5192 sic
3594 5149 3650 5193 et
3675 5140 3746 5192 ci-

2195 5223 2370 5289 thara;
2400 5238 2501 5287 non
2538 5227 2706 5280 solum
2736 5243 2894 5290 voce,
2925 5229 3016 5282 sed
3067 5237 3121 5284 et
3162 5243 3341 5298 opere.
3387 5227 3604 5282 Psallite
3643 5228 3749 5282 Deo

2194 5326 2360 5369 nostro
2386 5317 2437 5370 in
2455 5317 2670 5371 cithara.

2267 5407 2350 5462 15.
2394 5403 2558 5476 [:vm.
2593 5404 2680 5478 8.]
2713 5410 2848 5466 Ecce
2887 5411 3204 5467 confitemini
3225 5454 3240 5478 ,
3266 5413 3554 5482 operamini
3588 5427 3746 5484 opera

2195 5498 2592 5570 misericordize,
2615 5503 2815 5571 psallite
2836 5503 2936 5558 Deo
2962 5515 3148 5558 nostra.
3175 5505 3271 5560 Cui
3299 5504 3400 5560 Deo
3422 5518 3589 5562 nostra
3605 5508 3631 5559 .9
3654 5505 3747 5571 Qui

2195 5591 2414 5660 cooperit
2442 5599 2618 5643 cretum
2642 5593 2868 5647 nubibus.
2893 5595 3025 5660 Quid
3051 5604 3134 5650 est
3155 5637 3171 5662 ,
3200 5596 3292 5661 Qu.
3324 5597 3550 5666 cooperit
3576 5597 3746 5651 caluit:

2262 5769 2278 5800 ³
2303 5765 2525 5833 Plerique
2548 5774 2678 5830 ms,
2700 5783 2790 5820 non
2806 5777 2856 5822 ut
2876 5770 2976 5836 ipse
2999 5771 3170 5845 venias.
