4042 6202
316 330 469 388 {909

316 453 556 505 nubibus
573 451 598 504 Ρ
617 451 714 518 Qui
735 447 964 516 contegit
985 445 1304 512 Scripturam
1329 441 1505 510 figuris
1525 453 1576 500 et
1602 453 1893 496 sacramcn.

323 545 421 597 tis.
453 543 554 598 llle
582 543 668 612 qui
700 541 934 596 humiliat
955 546 1256 608 peccatores
1284 550 1448 604 usque
1469 536 1533 586 ad
1565 544 1777 596 terram,
1808 533 1894 586 ille

323 635 426 704 qui
471 635 689 702 suscipit
727 640 1061 693 mansuetos,
1101 628 1317 693 cooperit
1354 625 1530 678 ctutum
1568 623 1796 678 nubibus.
1831 622 1894 675 Et

320 727 456 792 quis
482 726 652 780 videat
670 725 859 778 cmlum
886 720 1024 792 quod
1053 728 1359 787 coopertum
1390 727 1470 773 est
1500 715 1756 770 nubibus?
1776 713 1893 767 Noli

320 815 562 880 timere;
605 814 723 867 audi
752 812 889 882 quod
919 811 1153 880 sequitur
1185 828 1197 862 :
1229 807 1326 874 Qui
1351 807 1565 876 coeperit
1591 806 1769 858 coelum
1796 821 1892 856 nu-

318 906 483 959 bibus
506 947 521 971 ,
557 907 640 976 qui
685 914 829 975 parat
869 913 1013 956 teme
1061 901 1297 969 pluviam.
1339 899 1435 964 Qui
1468 897 1684 966 cooperit
1719 897 1894 949 caelum

319 997 550 1049 nubibus
573 1012 591 1048 :
616 994 867 1062 expavisti
890 1035 904 1057 ,
934 991 1052 1061 quia
1078 1007 1181 1045 non
1208 990 1354 1042 vides
1381 988 1604 1051 coelum;
1635 1001 1752 1040 cum
1779 986 1894 1054 plu-

319 1088 434 1139 crit
459 1089 495 1148 ‘,
519 1084 874 1146 frtictilicabis,
892 1092 945 1138 et
959 1097 1199 1136 seremun
1220 1079 1442 1133 videbis.
1469 1078 1695 1148 COOperit
1716 1077 1892 1129 aulum

316 1178 544 1230 nubibus
570 1220 582 1240 ,
614 1178 695 1245 qui
730 1186 873 1245 parat
907 1185 1050 1227 terra;
1077 1172 1292 1242 pluviam
1315 1188 1333 1224 :
1359 1170 1492 1224 forte
1519 1170 1618 1223 hoc
1647 1169 1766 1222 fecit
1793 1168 1892 1221 Do-

314 1269 512 1322 minus
545 1269 682 1322 Deus
709 1274 903 1320 noster.
930 1265 1037 1318 Nisi
1064 1265 1202 1318 enim
1225 1263 1539 1316 haberemus
1561 1261 1888 1314 occasionem

313 1361 668 1415 obscuritatis-
695 1360 1104 1428 Scripturarum,
1137 1359 1234 1412 ista
1263 1355 1410 1410 vobis
1437 1371 1540 1410 non
1571 1353 1885 1411 diceremus,

311 1453 524 1522 quibus
573 1451 827 1519 gaudetis.
877 1449 998 1502 llzec
1041 1463 1166 1517 ergo
1209 1446 1428 1500 fortasse
1475 1445 1646 1514 pluvia
1695 1451 1777 1497 est
1822 1442 1887 1496 ad

309 1558 490 1611 quam
526 1541 781 1610 gaudetis.
829 1539 1057 1607 Expritni
1100 1539 1248 1592 vobis
1281 1555 1371 1605 per
1399 1539 1623 1606 linguam
1656 1545 1887 1589 nostram

311 1643 653 1701 nonpossct.
679 1633 775 1685 nisi
804 1632 939 1684 Deus
980 1630 1204 1683 nubibus
1228 1629 1508 1698 ﬁgurarum
1527 1627 1719 1680 etelum
1740 1625 1886 1680 Scri-

309 1737 604 1796 pturarum
629 1726 940 1793 cooperiret.
961 1723 1038 1776 Ad
1063 1723 1162 1776 hoc
1181 1737 1306 1791 ergo
1323 1721 1408 1774 ille
1431 1721 1664 1789 cooperit
1695 1718 1883 1772 ca‘lnm

310 1817 578 1881 nubibus,
609 1827 659 1866 ut
686 1825 826 1882 paret
858 1827 1008 1868 terrm
1032 1815 1276 1883 pluvium.
1299 1811 1374 1866 Ad
1404 1811 1503 1866 hoc
1528 1812 1747 1864 obscura
1770 1825 1886 1863 esse

308 1907 492 1958 voluit
525 1907 662 1958 dicta
711 1905 1088 1974 Prophetarum
1115 1945 1126 1964 ,
1161 1912 1218 1958 ut
1257 1902 1510 1956 haberent
1542 1911 1717 1969 postea
1746 1899 1883 1953 servi

320 2000 422 2051 hei
475 1998 613 2066 quod
668 1995 1059 2064 interpretando
1108 1995 1384 2048 inlinerent
1434 2007 1590 2059 super
1631 2005 1788 2044 aures
1832 1996 1881 2042 el

307 2067 484 2142 ciirtla
513 2088 802 2150 hominum,
819 2085 1184 2153 excipientium
1207 2084 1272 2136 de
1291 2082 1514 2136 nubibus
1538 2082 1626 2134 Dei
1648 2080 1888 2150 saginam

315 2183 526 2234 thitiw
567 2179 874 2248 spiritualis.
919 2178 1018 2244 Qui
1055 2177 1272 2246 coeperit
1309 2175 1484 2228 caelum
1523 2173 1766 2239 nubibus,
1797 2173 1883 2242 qui

307 2280 466 2341 parat
498 2282 640 2323 ιρι-ναν
671 2270 906 2337 pluviam.

394 2362 484 2416 l6.
525 2362 620 2428 Qui
655 2362 839 2414 exoriri
876 2360 994 2426 facit
1024 2359 1073 2411 in
1103 2358 1346 2414 montibus
1379 2361 1575 2427 fenum,
1606 2366 1650 2410 et
1681 2355 1881 2409 herbam

307 2453 542 2506 servituti
582 2452 853 2503 hominum.
901 2449 1034 2503 Ecce
1075 2449 1272 2501 fructus
1302 2440 1508 2515 pluvia}.
1541 2445 1641 2512 Qui
1667 2446 1877 2508 exoriri,

308 2544 522 2612 inquit,
569 2545 686 2613 facit
721 2542 771 2594 in
805 2541 1050 2594 montibus
1090 2543 1276 2610 fenum.
1308 2538 1566 2607 Numquid
1600 2553 1704 2592 non
1741 2545 1795 2592 et
1827 2539 1880 2590 in

312 2645 462 2687 terra
511 2634 724 2686 humili?
767 2633 870 2687 Sed
912 2632 1046 2701 quod
1089 2646 1330 2700 magnum
1370 2639 1481 2694 est,
1522 2630 1574 2682 in
1613 2629 1877 2682 montibus.

314 2725 529 2779 Montes
555 2725 680 2776 dicit
706 2724 945 2777 excelsos
965 2723 1140 2776 sa'culi
1175 2740 1186 2774 :
1219 2722 1390 2790 aliqua
1423 2735 1606 2790 magna
1630 2720 1880 2789 dignitate

309 2815 571 2885 prmditos
591 2857 603 2878 ,
634 2815 734 2868 hoc
770 2815 884 2867 loco
924 2823 1127 2866 mtmtes
1151 2813 1348 2882 accipe.
1380 2813 1441 2865 Et
1462 2826 1564 2865 non
1586 2822 1665 2866 est
1689 2811 1876 2865 mirum

311 2907 448 2976 quia
479 2906 582 2958 duo
609 2905 979 2960 minuta.misit
1001 2905 1176 2957 nescio
1208 2918 1324 2972 qua:
1358 2903 1508 2955 vidua
1540 2903 1590 2957 in
1616 2901 1880 2972 gazophy-

283 2977 514 3049 dacium
534 2994 722 3064 (Marc.
753 3010 844 3059 xu,
874 2992 962 3062 £2)
987 3008 1001 3054 ;
1033 3003 1168 3046 terra
1195 2992 1365 3044 attulit
1389 2990 1565 3045 fenum
1587 3031 1600 3054 ,
1625 2999 1758 3045 terra
1782 2991 1876 3044 hu-

310 3086 499 3139 milis:
533 3094 586 3137 et
610 3100 761 3137 mons
793 3083 982 3137 attulit.
1020 3082 1301 3136 Zacehavus
1330 3083 1414 3136 ille
1443 3082 1610 3150 major
1641 3083 1876 3152 publica-

310 3191 507 3229 norum
534 3174 698 3246 (Luc.
732 3190 818 3228 xtx
839 3217 853 3236 ,
877 3173 972 3228 2-3
995 3174 1047 3240 );
1094 3173 1194 3226 hoc
1227 3174 1365 3226 enim
1404 3183 1516 3226 erat
1555 3173 1867 3238 mirabilius,

307 3267 439 3336 quia
470 3282 620 3320 mons
651 3266 821 3320 attulit
850 3264 1043 3318 fenum.
1076 3265 1280 3330 Quanto
1311 3266 1450 3318 enim
1475 3265 1597 3318 elati
1625 3273 1747 3318 sunt
1775 3265 1872 3318 ho-

309 3358 486 3410 mines
505 3398 519 3420 ,
545 3365 687 3409 tanto
707 3343 847 3408 avari
873 3363 1022 3415 sunt;
1050 3363 1103 3408 et
1129 3364 1323 3422 quanto
1348 3355 1396 3408 in
1428 3355 1526 3408 hoc
1555 3354 1747 3408 smculo
1773 3369 1874 3406 ma-

307 3446 462 3515 jores
480 3486 494 3507 ,
517 3455 661 3497 tanto
683 3445 798 3512 plus
825 3453 1003 3497 amant
1021 3443 1227 3499 divitias
1247 3459 1388 3498 suas.
1416 3443 1568 3498 Unde
1599 3444 1685 3498 ille
1713 3444 1873 3497 tristis

313 3538 604 3608 abscessit,
642 3537 726 3604 qui
766 3537 1042 3590 consilium
1071 3529 1190 3589 v’ttte.
1223 3547 1432 3589 :eterna:
1469 3537 1676 3604 petebat
1707 3552 1736 3588 a
1768 3537 1872 3588 Do-

309 3630 460 3681 mino
483 3668 496 3691 ,
536 3637 590 3680 et
622 3625 898 3693 appellavit
925 3640 1043 3676 eum
1075 3626 1376 3693 magistrum
1419 3624 1612 3676 bonum
1649 3625 1866 3677 dicens:

313 3720 455 3787 Quid
485 3720 662 3786 faciam
691 3726 742 3768 ut
768 3717 918 3767 vitam
944 3724 1180 3767 (etei-nam
1209 3714 1450 3766 habeam?
1479 3713 1542 3765 Et
1565 3713 1650 3774 ille
1676 3729 1688 3764 :
1715 3713 1873 3765 Serva

314 3809 575 3860 mandata.
612 3806 776 3872 Qme.’
816 3805 880 3858 Et
922 3804 1051 3856 dixit
1080 3802 1321 3856 mandata
1362 3802 1510 3871 legis.
1545 3801 1668 3854 Ηιιιε
1706 3802 1872 3852 omnia

313 3898 410 3967 feci
436 3913 466 3946 a
484 3898 739 3965 juventute
764 3910 891 3946 mea.
915 3891 1081 3946 Unum
1102 3933 1115 3954 ,
1141 3892 1304 3960 inquit
1321 3933 1338 3957 ,
1369 3893 1453 3944 tibi
1479 3891 1632 3945 deest.
1666 3890 1750 3944 Vis
1770 3908 1872 3944 esse

315 3987 604 4056 perfectus?
656 3984 788 4036 Vade
807 4023 820 4048 ,
858 3984 1011 4036 vende
1050 3984 1218 4037 omnia
1247 3991 1336 4034 tua
1363 3999 1474 4049 qua:
1501 3983 1681 4047 habes,
1727 3993 1771 4034 et
1806 3983 1872 4035 da

314 4079 617 4150 pauperibus
636 4118 649 4139 ,
682 4088 725 4130 et
760 4075 957 4128 habebis
987 4077 1274 4128 thesaurum
1299 4077 1351 4127 in
1386 4075 1540 4141 cazlo;
1565 4085 1608 4128 et
1639 4077 1765 4139 veni,
1796 4093 1871 4128 se-

311 4188 583 4241 querente.
610 4169 741 4236 Quid
774 4168 904 4221 dixit
936 4155 1222 4222 DominnS?
1255 4167 1389 4220 Ecce
1417 4183 1567 4221 mons
1587 4182 1664 4234 es,
1695 4168 1871 4236 accipe

315 4263 566 4330 pluviam,
595 4271 647 4314 et
669 4261 731 4313 da
764 4260 960 4312 fenum.
1006 4258 1137 4324 Quid
1165 4259 1302 4312 enim
1332 4258 1546 4310 daturus
1569 4258 1668 4311 es?
1700 4272 1871 4310 noone

314 4352 528 4408 fenum?
559 4352 762 4406 Etenim
798 4351 896 4404 ista
926 4351 1098 4404 omnia
1125 4366 1240 4417 quae
1269 4349 1515 4403 Ecclesim
1543 4349 1606 4401 ad
1637 4349 1870 4402 necessi-

319 4452 459 4498 tates
487 4443 824 4496 servientium
855 4443 962 4496 Deo
988 4442 1181 4496 dantur
1208 4457 1234 4492 a
1266 4442 1544 4506 divitibus,
1577 4440 1698 4510 quid
1728 4448 1868 4507 sunt,

318 4535 421 4588 nisi
448 4533 662 4586 fenum?
689 4533 932 4587 Carnalia
956 4533 1093 4586 enim
1125 4539 1264 4596 sunt,
1294 4540 1346 4585 et
1381 4533 1445 4586 ad
1477 4540 1681 4600 tempus
1708 4547 1871 4600 appac

317 4627 485 4680 rentia
519 4643 531 4678 :
565 4625 654 4680 sed
686 4640 786 4678 non
817 4625 935 4680 inde
956 4624 1150 4692 aliquid
1185 4625 1391 4677 carnale
1424 4625 1765 4693 conquiritur.
1800 4624 1872 4678 De

318 4718 478 4770 rebus
507 4715 698 4769 vilibus
721 4714 844 4783 quid
877 4730 1023 4769 emas
1050 4713 1280 4766 attende.
1310 4715 1588 4781 Apostolus
1607 4715 1744 4768 enim
1765 4713 1870 4777 ait,

316 4807 605 4876 ostendens
648 4807 824 4860 fenum
855 4821 974 4861 esse
1001 4806 1123 4860 illud
1149 4848 1162 4870 ,
1202 4805 1262 4859 Si
1302 4821 1390 4857 nos
1424 4806 1557 4858 vobis
1594 4806 1874 4874 spiritualia

317 4902 693 4963 seminavimus,
727 4917 960 4970 magnum
999 4910 1068 4953 est
1109 4885 1167 4952 si.
1189 4909 1348 4952 vestra
1386 4899 1609 4951 carnalia
1635 4908 1873 4952 metamus

320 4991 360 5070 (_l
385 4991 496 5044 (lor.
530 5007 599 5054 Ix,
623 4989 741 5060 ll)?
765 4990 828 5043 Et
850 4991 967 5042 andi
993 4991 1110 5058 quia
1135 4989 1357 5043 carnalia
1389 4989 1559 5042 fenum
1587 4998 1727 5042 sunt.
1755 4988 1875 5040 Om-
1934 5042 1938 5046 _

320 5082 397 5134 nis
451 5097 566 5133 caro
601 5084 803 5151 fenum;
843 5090 886 5132 et
922 5080 1078 5132 omnis
1111 5079 1309 5131 claritas
1341 5078 1548 5130 hominis
1575 5087 1627 5130 ut
1650 5079 1746 5147 flos
1775 5077 1876 5148 feni

327 5169 478 5237 (lsai.
509 5186 594 5232 χι,
621 5168 695 5240 6).
730 5169 868 5237 Ergo
899 5169 985 5222 ille
1020 5167 1182 5221 tristis
1208 5167 1494 5231 abscessit;
1520 5175 1573 5220 et
1600 5167 1671 5220 ait
1703 5166 1876 5219 Domi-

325 5274 424 5312 nus
454 5277 466 5312 :
503 5259 667 5325 Quam
701 5259 898 5327 difﬁcile
931 5259 1063 5313 dives
1091 5259 1242 5312 intrat
1270 5259 1321 5311 in
1365 5275 1568 5327 regnum
1606 5257 1878 5311 caelorum!

326 5351 435 5404 lloc
458 5334 583 5416 ergo
609 5365 851 5420 magnum
871 5390 885 5414 ,
911 5351 1030 5418 quia
1070 5350 1251 5402 exoriri
1294 5349 1414 5420 facit
1444 5349 1494 5401 in
1531 5349 1774 5401 utentibus
1804 5351 1878 5418 fe-

323 5457 464 5494 num.
496 5441 561 5494 Et
585 5441 848 5510 quomodo
875 5442 1055 5495 exoriri
1088 5441 1207 5510 facit
1239 5441 1291 5493 in
1329 5439 1572 5494 montibus
1604 5443 1792 5510 fenum,
1833 5439 1878 5492 si

323 5533 468 5587 dives
499 5531 586 5585 ille
605 5573 619 5597 ,
650 5531 829 5585 audito
852 5530 992 5602 quod
1026 5545 1111 5586 res
1137 5545 1258 5585 suas
1293 5529 1507 5584 deberet
1537 5530 1661 5582 dare
1687 5543 1880 5598 paupe-

321 5667 532 5784 pl
550 5671 673 5728 post,
699 5662 886 5726 culum,
905 5665 1102 5724 habent,
1125 5661 1424 5726 complueris.
1450 5670 1547 5711 Am.
1579 5669 1629 5713 et
1651 5668 1742 5722 Er.,
1769 5675 1883 5712 cum

1412 321 1798 379 ENARRATIO
1836 319 1899 374 IN
1939 319 2254 379 PSALMUM
2292 324 2511 383 CXLVI.

3429 335 3563 392 l9l0

2007 438 2182 502 ribus,
2229 441 2391 494 tristis
2430 443 2723 498 abscessit?
2749 445 3042 512 Quomodo,
3067 457 3243 516 postea
3293 451 3566 516 l‘ﬂspmltiil

2003 531 2264 596 Apostolis
2288 532 2646 586 contristatis?
2674 534 2798 599 Qua:
2823 537 3099 590 hominibus
3121 539 3340 608 difﬁcilia
3364 541 3377 570 ¹
3417 551 3556 605 sunt,

2001 615 2107 671 Deo
2133 621 2304 689 facilia
2337 632 2450 674 sunt
2479 621 2682 691 (Matth.
2715 641 2820 692 xix,
2851 626 2915 681 16
2934 628 3046 697 26).
3083 629 3218 698 Ergo
3258 629 3346 684 ille
3374 633 3559 683 exoriri

2000 710 2119 775 facit
2152 712 2200 764 in
2241 715 2484 767 montibus
2514 716 2713 784 fenum,
2739 718 2822 772 cui
2851 721 3022 772 omnia
3050 718 3223 774 facilia
3252 732 3392 775 sunt.
3425 723 3562 778 Nam

2000 801 2128 854 nihil
2163 812 2304 856 esset
2349 805 2580 858 stcrilius
2620 807 2917 864 durissimis
2952 813 3232 865 montibus.
3281 814 3420 868 Pluit
3470 815 3560 870 ille

1997 891 2080 959 qui
2109 893 2228 960 facit
2255 894 2440 946 exoriri
2468 895 2518 947 in
2541 896 2787 950 montibus
2811 899 2978 967 fenum
2997 942 3012 965 ,
3038 911 3083 954 ct
3112 902 3312 955 herbam
3337 904 3565 958 servituti

1997 985 2274 1038 hominum.
2311 985 2405 1040 Cui
2435 989 2698 1042 servituti?
2719 988 2889 1058 Ipsum
2924 991 3138 1046 Paulum
3169 995 3412 1048 attende:
3447 996 3558 1051 Nos

1997 1086 2162 1128 autem
2184 1117 2199 1141 ,
2233 1077 2430 1146 inquit,
2461 1097 2624 1134 servos
2663 1092 2846 1136 vestros
2894 1083 2988 1153 per
3006 1083 3181 1138 Iesum
3205 1086 3452 1140 Christum
3477 1095 3492 1157 (
3515 1088 3555 1142 ll

1995 1168 2111 1222 Cor.
2140 1186 2220 1235 tv,
2253 1172 2284 1224 5
2309 1169 2347 1241 ).
2382 1172 2476 1237 Qui
2506 1160 2730 1238 dicebat,
2785 1175 2846 1230 Si
2879 1193 2967 1230 nos
2997 1178 3129 1231 vobis
3153 1179 3436 1249 spiritualia
3473 1196 3554 1233 se-

2001 1262 2297 1315 minavimus
2317 1309 2330 1324 ,
2372 1282 2604 1334 maguum
2642 1277 2711 1321 est
2756 1269 2799 1321 si
2827 1279 2985 1323 vestra
3017 1270 3240 1323 carnalia
3267 1283 3508 1326 metamus
3531 1272 3558 1325 .’

1994 1365 2206 1405 servum
2236 1369 2292 1406 se
2316 1355 2464 1408 dixit.
2496 1355 2764 1411 Servimus
2792 1358 2930 1413 enim
2961 1361 3128 1424 vobis,
3163 1359 3363 1415 fratres.
3389 1361 3555 1415 Nemo

1995 1457 2052 1496 se
2096 1453 2331 1498 nostrum
2367 1445 2508 1522 dicat
2533 1448 2679 1516 quasi
2710 1448 2961 1518 majorem
3003 1450 3151 1503 vobis
3177 1466 3314 1505 esse.
3346 1450 3554 1505 Erimus

1993 1535 2242 1602 majores,
2284 1537 2327 1588 si
2371 1536 2626 1591 fuerimus
2671 1537 3018 1594 humiliores:
3048 1541 3356 1612 Quicumque
3387 1553 3553 1596 autem

1993 1626 2095 1678 vult
2115 1642 2218 1678 csse
2249 1628 2413 1698 major
2438 1637 2674 1691 vestrum,
2705 1629 2909 1683 Domini
2935 1631 3188 1684 sententia
3218 1641 3318 1695 est,
3349 1633 3440 1684 erit
3473 1649 3554 1686 ve-

1989 1724 2091 1766 ster
2115 1701 2278 1770 serbtts
2301 1715 2509 1786 (Matth.
2530 1733 2630 1782 xx,
2654 1718 2763 1788 ‘26).
2786 1717 2924 1786 Ergo
2949 1721 3131 1772 exoriri
3150 1721 3270 1788 facit
3297 1722 3345 1774 in
3365 1723 3550 1775 monti-

1989 1805 2078 1858 bus
2105 1810 2273 1876 fenum
2295 1818 2339 1860 et
2361 1808 2561 1861 herbam
2581 1811 2800 1863 servituti
2822 1811 3099 1864 hominum.
3125 1812 3315 1866 Paulus
3335 1812 3548 1882 quidem

1990 1897 2255 1964 apostolus
2279 1898 2518 1951 manibus
2541 1899 2651 1952 suis
2671 1901 2872 1964 vivens,
2900 1901 3066 1968 ipsum
3092 1901 3267 1955 lenum
3293 1903 3546 1956 montium

1991 1985 2158 2038 noluit
2185 1987 2425 2056 accipere
2449 2005 2464 2053 ;
2496 1988 2659 2042 voluit
2688 1989 2953 2059 indigere’
2986 2007 2998 2043 :
3027 1990 3120 2045 sed
3146 2001 3317 2047 tamen
3342 2003 3550 2048 montes

1986 2078 2182 2132 dabant
2209 2078 2406 2133 fenmn.
2429 2079 2563 2134 Num
2584 2081 2704 2150 quia
2728 2081 2814 2135 ille
2835 2082 3003 2136 noluit
3025 2083 3284 2152 accipere,
3308 2095 3547 2154 propter-

1986 2183 2045 2222 ea
2073 2178 2279 2224 montes
2303 2169 2430 2225 dare
2452 2186 2553 2226 non
2583 2169 2856 2237 deberent,
2882 2181 2936 2225 ut
2955 2173 3159 2228 steriles
3180 2177 3546 2229 remanerent!

1988 2259 2217 2314 Debetur
2269 2261 2454 2328 pluvire
2501 2262 2723 2326 fructus,
2767 2263 2986 2317 debetur
3024 2279 3178 2319 servo
3211 2266 3380 2334 cibus,
3409 2268 3547 2322 sicut

1989 2349 2243 2405 Dominus
2267 2353 2372 2406 ait:
2399 2353 2704 2407 Manducate
2731 2370 2841 2423 quae
2864 2357 2925 2406 ab
2954 2357 3076 2427 ipsis
3095 2369 3227 2411 sunt.
3261 2358 3324 2412 Et
3355 2376 3419 2415 ne
3451 2375 3546 2432 pu-

1987 2449 2160 2512 tarent
2189 2444 2386 2512 aliquid
2415 2444 2480 2499 de
2503 2459 2598 2498 suo
2613 2445 2809 2499 donare
2835 2465 2848 2500 :
2870 2445 3066 2518 Dignus
3086 2459 3157 2502 est
3177 2450 3328 2518 enim,
3353 2452 3538 2522 inquit,

1984 2535 2242 2605 operarius
2268 2537 2490 2590 mercede
2507 2554 2598 2592 sua
2628 2537 2772 2607 (Luc.
2794 2555 2848 2602 ι,
2873 2539 2926 2604 8,
2959 2541 3034 2610 7).

2054 2625 2142 2679 l7.
2187 2625 2397 2695 Itaque,
2427 2626 2646 2692 fratres,
2685 2629 2930 2698 quoniam
2961 2631 3178 2700 contigit
3200 2631 3308 2702 jam
3344 2647 3412 2690 ex
3441 2633 3541 2696 ista

1981 2716 2260 2771 occasione
2283 2717 2477 2785 aliquid
2506 2718 2650 2788 loqui
2672 2719 2932 2791 vobis(a),
2962 2699 3188 2777 maxime
3203 2699 3334 2792 quia
3367 2724 3537 2794 loqui-
3629 2699 3638 2715 ί

1981 2819 2119 2870 mur,
2150 2805 2268 2857 talia
2299 2822 2394 2859 nos
2433 2823 2535 2860 non
2562 2818 2855 2875 qna-rentes
2880 2824 2906 2861 a
2937 2810 3086 2864 vobis
3113 2853 3129 2878 ,
3175 2823 3226 2866 et
3255 2812 3374 2868 ideo
3406 2815 3535 2869 libb

1983 2899 2092 2951 rius
2121 2898 2376 2952 dicimus;
2403 2899 2493 2953 sed
2520 2901 2617 2953 etsi
2648 2916 3023 2969 qtuereremus,
3056 2902 3277 2958 fructum
3305 2913 3535 2961 vestrum

1943 2989 1954 3049 ἶ
1979 3006 2352 3060 qumreremus,
2384 3000 2435 3045 et
2463 3007 2563 3044 non
2595 3002 2797 3046 vestras
2820 3008 2946 3061 opes
2972 2993 3013 3058 ³,
3065 2996 3156 3047 sed
3185 3005 3410 3050 vestram
3446 2997 3534 3064 jn-

1977 3081 2171 3136 stitiam
2195 3098 2206 3132 :
2233 3089 2403 3136 tamen
2433 3081 2692 3136 admoneo
2713 3082 2962 3149 breviter,
2983 3084 3225 3152 quoniam
3243 3085 3350 3153 jam
3377 3085 3536 3140 multa

1975 3172 2218 3236 diximus,
2265 3182 2317 3246 et
2356 3172 2640 3244 aliquando
2667 3188 2847 3228 sermo
2879 3173 3138 3229 finiendus
3164 3185 3281 3239 est;
3311 3176 3354 3229 si
3382 3177 3538 3230 vultis

1978 3279 2083 3336 non
2100 3280 2218 3318 esse
2238 3263 2469 3325 steriles,
2493 3273 2548 3316 ut
2566 3263 2801 3317 reddatis
2826 3280 2918 3332 pro
2945 3265 3114 3333 pluvia
3144 3263 3534 3328 fecunditatem,

1977 3373 2043 3410 ne
2082 3357 2362 3412 damnetur
2402 3367 2582 3426 postea
2628 3359 2877 3413 sterilitas
2904 3371 3074 3413 vestra
3102 3359 3370 3429 (minatur
3392 3361 3535 3416 enim

1976 3450 2113 3504 Deus
2147 3460 2298 3504 terra:
2325 3451 2487 3504 sterili
2519 3459 2572 3503 et
2599 3451 2824 3519 spinosm
2852 3451 3022 3520 ignem
3053 3451 3234 3522 (Hebr.
3264 3467 3335 3517 γι,
3370 3451 3422 3517 7,
3453 3451 3534 3523 8),

1976 3541 2108 3594 sicut
2140 3540 2420 3593 fructuosa:
2445 3543 2691 3593 horreum
2723 3551 2870 3607 parat
2895 3541 2911 3609 )
2937 3557 2950 3604 ;
2980 3541 3172 3595 efficite
3198 3550 3254 3595 ut
3274 3557 3366 3596 vos
3392 3543 3534 3611 ipsos

1974 3628 2194 3696 exigatis
2217 3669 2231 3691 ,
2272 3627 2536 3681 efficimini
2563 3638 2836 3680 exactores
2865 3629 3048 3681 vestri.
3076 3629 3318 3684 Christus
3347 3635 3534 3690 tacitus

1975 3719 2136 3787 exigit
2161 3733 2175 3781 ;
2209 3726 2262 3770 et
2291 3717 2458 3784 major
2485 3726 2564 3770 est
2591 3733 2690 3770 vox
2725 3718 2944 3770 tacentis
2966 3757 2980 3780 ,
3007 3719 3126 3787 quia
3153 3719 3203 3772 in
3245 3720 3534 3791 Evangelio

1974 3823 2078 3860 non
2119 3813 2274 3860 tacet.
2319 3806 2431 3860 Non
2476 3807 2614 3859 enim
2655 3822 2778 3860 vere
2809 3815 2984 3872 tacet,
3010 3823 3128 3862 cum
3153 3808 3280 3862 dicit
3312 3827 3325 3863 :
3359 3809 3535 3866 Facite

1972 3897 2106 3950 vobis
2122 3898 2305 3950 amicos
2321 3897 2383 3951 de
2408 3914 2688 3949 mammona
2709 3899 3002 3966 iniquitatis,
3026 3911 3078 3952 ut
3101 3909 3144 3953 et
3173 3901 3269 3969 ipsi
3292 3903 3538 3975 recipiant

1972 4003 2057 4039 vos
2072 3988 2122 4039 in
2137 3997 2320 4040 (eterna
2342 3987 2659 4040 tabernacula
2679 3986 2826 4058 (Luc.
2853 4004 2959 4052 xw,
2984 3987 3061 4058 9).
3087 3990 3199 4043 Non
3229 4001 3365 4046 tacet
3386 3993 3495 4060 ipse
3514 4011 3538 4057 ς.

1972 4077 2148 4131 audite
2192 4092 2374 4130 vocem
2418 4077 2550 4146 ejus.
2586 4076 2750 4130 Nemo
2782 4079 2921 4132 enim
2961 4094 3056 4132 vos
3084 4089 3256 4148 potest
3281 4082 3491 4152 exigere
3514 4100 3541 4148 ι

1974 4169 2072 4221 nisi
2103 4167 2233 4222 forte
2259 4168 2532 4221 exactione
2558 4181 2692 4236 opus
2716 4176 2816 4230 est,
2850 4175 2908 4221 ut
2931 4169 3017 4237 qni
3043 4169 3189 4223 vobis
3215 4170 3265 4224 in
3297 4169 3536 4240 Evange-

1975 4258 2046 4313 lio
2071 4259 2328 4324 serviunt,
2355 4265 2532 4326 petant
2557 4273 2585 4309 a
2617 4258 2782 4312 vobis.
2815 4259 2867 4312 Si
2899 4258 2964 4311 ad
2989 4259 3087 4313 hoc
3114 4253 3323 4313 ventum
3352 4260 3532 4327 fuerit,

1974 4360 2032 4403 ut
2061 4357 2267 4419 petant;
2299 4349 2474 4404 videte
2500 4365 2564 4404 ne
2590 4350 2727 4419 quod
2767 4365 2861 4404 vos
2897 4366 2925 4404 a
2957 4351 3062 4405 Deo
3089 4353 3261 4421 petitis
3285 4395 3298 4416 .
3342 4353 3543 4408 frustra--

1974 4441 2182 4510 petatis.
2226 4439 2366 4508 Ergo
2403 4449 2570 4494 estote
2598 4453 2870 4495 exactores
2900 4441 3056 4495 vestri
3081 4483 3097 4508 ,
3137 4458 3204 4497 ne
3232 4444 3426 4514 aliquid
3457 4445 3534 4500 illi

1975 4531 2063 4600 qui
2094 4530 2241 4582 vobis
2268 4529 2319 4582 in
2350 4529 2635 4599 Evangelio
2659 4531 2899 4585 serviunt
2920 4573 2934 4596 ,
2966 4547 3070 4585 non
3099 4533 3215 4588 dico
3241 4545 3417 4602 petere
3441 4548 3532 4590 eo-

1949 4615 2189 4690 gantur,
2226 4635 2347 4672 nam
2376 4620 2510 4674 forte
2537 4635 2632 4673 nec
2658 4621 2825 4674 coacti
2855 4631 3073 4688 petunt;
3109 4623 3200 4675 sed
3230 4639 3294 4676 ne
3320 4624 3534 4678 silentio

1974 4727 2067 4765 vos
2092 4723 2328 4781 arguant.
2361 4710 2510 4766 Unde
2538 4712 2788 4781 scriptum
2821 4721 2902 4765 est
2927 4731 2940 4765 :
2970 4695 3154 4766 Beatus
3182 4715 3266 4785 qui
3302 4715 3534 4784 intelligit

1973 4819 2120 4871 super
2161 4819 2366 4872 egenum
2409 4812 2454 4856 et
2480 4818 2745 4871 pauperem
2780 4801 2947 4871 (Psal.
2983 4817 3071 4868 XL,
3101 4803 3180 4874 2).
3213 4803 3342 4858 Cum
3382 4804 3530 4868 dicit,

1973 4893 2058 4962 qui
2087 4893 2316 4962 intelligit
2343 4909 2492 4961 super
2514 4909 2720 4962 egenum
2743 4902 2789 4944 et
2818 4909 3102 4962 pauperem,
3132 4909 3236 4947 non
3265 4902 3543 4963 exspectat

1975 4994 2032 5037 ut
2059 4993 2218 5052 petat.
2254 4983 2487 5050 Intelligo
2516 4997 2672 5049 super
2702 4981 2873 5035 illum.
2907 4983 3052 5037 Alius
3090 4991 3139 5036 te
3174 4985 3363 5053 quierit
3407 4985 3545 5040 indi-

1975 5087 2106 5142 gens
2126 5114 2139 5135 ,
2165 5073 2327 5125 alium
2354 5081 2407 5123 tu
2430 5070 2592 5124 debes
2611 5085 2845 5139 quarrere
2875 5070 3212 5142 indigentem.
3245 5073 3549 5146 Utrumque

1976 5163 2172 5217 dictum
2201 5170 2302 5222 est,
2347 5160 2536 5214 fratres
2561 5160 2666 5214 mei
2694 5176 2707 5212 :
2732 5168 2814 5226 et,
2843 5160 2994 5215 Omni
3019 5163 3198 5233 petenti
3223 5171 3270 5217 te
3293 5163 3361 5218 da
3383 5163 3551 5236 (Luc..,.

1975 5271 2047 5316 vt.
2075 5253 2189 5324 '50),
2218 5247 2375 5307 modo
2397 5237 2588 5306 lectum
2611 5263 2690 5308 est
2709 5269 2725 5319 ;
2751 5253 2930 5308 etalio
2955 5255 3071 5310 loco
3093 5255 3364 5326 Scriptura
3386 5257 3550 5326 dicitL

1981 5345 2138 5401 Sudet
2164 5345 2472 5414 eleemosyna
2499 5345 2551 5398 in
2581 5361 2730 5398 manu
2755 5354 2841 5398 tua
2860 5387 2875 5411 ,
2902 5362 3156 5417 quousque
3183 5347 3403 5404 invenias
3439 5349 3537 5420 jus.

2041 5477 2058 5508 ⁸
2081 5477 2153 5527 Sic
2173 5489 2342 5538 omnes
2362 5483 2464 5524 Mss.
2483 5475 2592 5525 Edd.
2619 5489 2750 5534 vero,
2773 5475 3093 5538 impossibilia.

2043 5539 2062 5602 ἳ
2088 5547 2184 5602 Ani.
2213 5543 2265 5586 et
2291 5535 2510 5599 plerique
2533 5545 2660 5596 Mss,
2683 5537 2828 5587 noluit
2842 5535 3082 5602 indigere.

2043 5601 2062 5632 ³
2082 5597 2245 5647 Plures
2267 5597 2393 5656 Mss,
2412 5597 2595 5649 nostras
2609 5612 2736 5659 opes.

1983 5665 1988 5674 ‘
2044 5662 2114 5726 (ᾳ)
2139 5668 2229 5708 ttae
2265 5661 2328 5708 de
2369 5672 2442 5726 re_
2475 5672 2702 5726 superius
2736 5661 2838 5724 egit
2875 5660 2998 5724 apud
3031 5661 3446 5726 Carthagincnses,
3479 5665 3546 5716 in.

1988 5720 2106 5772 Psal.
2129 5737 2222 5783 ctu,
2242 5734 2389 5771 scrm.
2413 5721 2464 5783 5,
2493 5720 2547 5771 ni
2568 5720 2695 5772 9-12.

1920 5880 1988 5900 ,ην-
2030 5892 2068 5910 κ

3839 6135 3930 6151 ...υ-ιιι
