4042 6202
488 384 617 439 ςυιι

484 509 614 552 stum
639 498 722 551 cui
749 512 855 550 eam
886 493 1077 548 tradas.
1103 492 1252 548 Alius
1278 501 1358 547 est
1377 492 1464 562 qui
1496 501 1544 546 te
1569 493 1777 562 quierit,
1805 491 1963 545 alium
1997 500 2049 544 tu

485 592 648 646 debes
675 604 932 660 quaerere.
955 588 1062 642 Nec
1087 603 1205 643 eum
1234 586 1320 656 qui
1349 595 1400 641 te
1428 588 1616 656 qumrit
1642 585 1904 655 relinquas
1937 585 2051 637 ina-

485 697 636 740 nem;
671 681 822 734 Umni
852 680 992 734 enim
1023 679 1202 749 petenti
1230 689 1275 731 te
1295 678 1360 730 da
1383 694 1401 730 :
1422 676 1514 732 sed
1542 677 1677 730 alius
1705 686 1786 731 est
1812 689 1970 744 quem
1997 681 2050 728 tu

484 773 646 825 debes
667 786 938 840 quaerere;
971 771 1131 825 Sudct
1160 769 1471 838 elecmosyna
1496 768 1546 820 in
1577 784 1728 841 manu
1755 777 1842 819 tua
1865 781 2048 833 quous-

479 878 574 930 que
613 861 833 915 invenias
861 862 1062 931 justum
1092 861 1174 912 cui
1213 859 1318 912 des.
1362 857 1638 926 Nunquam
1679 856 1778 909 hoc
1815 855 2046 915 facietis.

481 956 582 1008 nisi
627 955 822 1024 aliquid
867 955 933 1008 de
981 953 1137 1009 rebus
1174 952 1364 1006 vestris
1402 951 1688 1020 sepositum
1728 948 2046 1012 habueritis,

480 1046 622 1116 quod
650 1047 838 1116 cuique
867 1047 1034 1115 placet
1061 1062 1154 1114 pro
1177 1045 1488 1099 necessitate
1519 1042 1593 1096 rei
1619 1041 1888 1095 familiaris
1916 1054 2045 1100 sutc,

481 1149 730 1207 tanquam
759 1138 992 1192 debitum
1020 1137 1168 1208 quasi
1203 1137 1329 1190 ﬁsco
1359 1135 1702 1190 reddendum.
1731 1133 1784 1188 Si
1813 1148 1916 1186 non
1950 1132 2046 1185 ha—

480 1229 570 1282 bet
611 1229 990 1298 rempublicam
1037 1244 1186 1281 suam
1231 1228 1472 1281 Christus
1495 1267 1509 1288 .
1542 1242 1642 1279 non
1677 1225 1832 1279 habet
1865 1225 2045 1277 fiscum

477 1335 654 1374 suum.
681 1319 865 1374 Fiscus
892 1320 1034 1374 enim
1062 1319 1206 1373 scitis
1230 1318 1354 1388 quid
1381 1317 1484 1372 sit?
1515 1317 1697 1372 Fiscus
1725 1330 1908 1391 saccus
1933 1325 2043 1376 est;

475 1413 620 1467 unde
641 1423 693 1467 et
720 1413 932 1467 fiscella:
973 1421 1027 1466 et
1057 1413 1251 1465 liscinae
1295 1410 1561 1464 dicuntur.
1591 1409 1665 1463 Ne
1698 1408 1890 1477 putetis
1923 1407 2046 1475 quia

474 1487 665 1572 aliquis
686 1503 846 1558 draco
861 1513 942 1558 est
966 1503 1144 1570 ﬁscus,
1167 1489 1287 1571 quia
1323 1516 1440 1555 cum
1477 1502 1662 1554 timore
1688 1499 1899 1553 auditur
1924 1513 2046 1551 exa-

478 1594 595 1650 etor
620 1595 766 1661 fisci;
803 1595 959 1649 ﬁscus
989 1610 1170 1650 saccus
1197 1604 1278 1649 est
1314 1594 1574 1664 publicus.
1603 1593 1776 1662 Ipsum
1819 1592 2047 1646 habebat

474 1688 730 1744 Dominus
758 1689 841 1743 hic
863 1689 912 1742 in
947 1699 1107 1750 terra,
1127 1689 1335 1758 quando
1366 1688 1566 1743 loculos
1590 1687 1842 1750 habebat;
1875 1696 1927 1740 et
1947 1686 2043 1753 ipsi

471 1779 632 1834 loculi
657 1779 806 1833 JlldtB
827 1780 1264 1835 erantcommissi
1296 1778 1472 1851 (Joan.
1499 1794 1593 1844 xu,
1617 1777 1694 1850 6).
1725 1778 1913 1833 Judam
1941 1789 2044 1832 tra-

470 1871 696 1925 ditorcm
729 1871 1023 1940 patiebatur
1051 1871 1304 1925 Dominus
1331 1880 1384 1923 et
1415 1869 1582 1923 furem
1609 1911 1622 1933 ,
1655 1879 1706 1923 et
1738 1869 1787 1922 in
1816 1868 1932 1938 ipso
1959 1883 2045 1922 os-

471 1962 695 2017 tendens
724 1963 917 2031 ubique
947 1963 1248 2031 patientiam
1279 1977 1425 2016 suam
1457 1981 1468 2014 :
1500 1943 1671 2014 tamen
1701 1960 1772 2013 illi
1803 1960 1892 2028 qui
1915 1975 2045 2012 con-

467 2054 742 2117 ferebant,
785 2054 838 2107 in
877 2053 1078 2107 loculos
1117 2053 1324 2105 Domini
1365 2051 1727 2106 conferebant.
1757 2050 1865 2104 Nisi
1905 2049 2041 2104 forte

470 2144 686 2213 putatis,
717 2145 836 2214 quia
869 2143 1122 2197 Dominus
1152 2144 1276 2207 ibat,
1301 2151 1354 2196 et
1373 2143 1606 2211 petebat,
1633 2151 1723 2195 aut
1751 2141 2036 2210 indigebat,

467 2236 550 2291 cui
595 2236 781 2304 Angeli
824 2233 1165 2296 serviebant,
1203 2234 1289 2302 qui
1338 2233 1404 2287 de
1441 2233 1673 2301 quinque
1707 2230 1929 2302 panibus
1964 2239 2040 2284 tot

463 2330 632 2384 millia
671 2327 943 2381 hominum
979 2327 1139 2396 pavit.
1171 2327 1344 2390 Quare
1369 2340 1497 2395 ergo
1522 2341 1677 2395 cgere
1708 2325 1902 2388 voluit,
1938 2324 2036 2378 nisi

465 2431 523 2475 ut
545 2422 692 2476 daret
723 2422 1022 2489 exemplum
1051 2419 1318 2474 montibus
1337 2460 1352 2484 ,
1381 2429 1438 2472 ttt
1466 2427 1710 2488 parerent
1742 2418 1939 2482 fenum,
1974 2433 2039 2470 ne

464 2522 649 2567 contra
676 2513 904 2582 pluviam
927 2512 1258 2566 sterilitatem
1279 2510 1598 2566 redderent?
1616 2510 1890 2565 Praecidite
1913 2525 2038 2580 ergo

463 2603 681 2673 aliquid,
711 2613 763 2658 et
790 2604 1037 2673 deputate
1064 2603 1259 2673 aliquid
1278 2603 1492 2667 lixum‘,
1518 2603 1598 2656 vel
1632 2617 1695 2656 ex
1725 2602 1909 2656 annuis
1929 2601 2036 2655 fru-

462 2695 650 2756 ctibus,
673 2695 753 2748 vel
769 2710 836 2749 ex
854 2693 1172 2764 quotidiauis
1192 2693 1478 2764 quzestibus
1495 2694 1702 2748 vestris.
1727 2693 1856 2766 Nam
1883 2694 2034 2763 quasi

462 2786 531 2838 de
560 2785 678 2838 vivo
703 2787 722 2816 ’
751 2785 945 2839 videris
974 2785 1121 2849 dare,
1153 2795 1206 2840 et
1236 2773 1451 2842 necesse
1478 2795 1559 2840 est
1585 2795 1640 2839 ut
1681 2785 1904 2854 trepidet
1923 2801 2035 2839 ma-

459 2887 565 2930 nus
592 2883 700 2942 tua,
718 2875 928 2946 quando
944 2876 1088 2930 illam
1111 2877 1336 2948 porrigis
1360 2876 1427 2931 ad
1449 2875 1496 2930 id
1520 2875 1659 2947 quod
1684 2892 1786 2931 non
1804 2877 2034 2932 devove-

460 2966 1004 3039 ras.Exime‘aliquam
1024 2977 1220 3037 partem
1237 2968 1535 3024 reddituum
1550 2978 1778 3024 tuorum.
1796 2968 2035 3024 Decimas

461 3057 580 3114 vis?
599 3058 840 3114 Decimas
861 3059 1052 3125 exime,
1073 3075 1372 3131 quanquam
1397 3075 1578 3130 parum
1607 3061 1693 3114 sit.
1720 3059 1928 3115 Dictum
1954 3069 2036 3114 est

459 3151 599 3205 enim
615 3151 737 3221 quia
758 3150 1010 3206 Phariszei
1026 3150 1260 3207 decimas
1277 3151 1473 3206 dabant
1495 3169 1508 3205 :
1526 3152 1712 3222 Jejuno
1736 3150 1810 3205 bis
1835 3153 1886 3206 in
1911 3151 2032 3205 sub-

457 3241 607 3308 bato,
642 3241 858 3295 decimas
901 3241 965 3294 do
1003 3242 1224 3295 omnium
1265 3259 1586 3313 quaecumque
1615 3242 1843 3312 possideo
1881 3241 2029 3310 (Luc.

461 3346 612 3392 xvut.
638 3332 749 3402 12).
783 3332 851 3386 Ει
878 3332 1003 3401 quid
1033 3333 1105 3387 ait
1128 3333 1424 3388 Dominus?
1447 3333 1565 3388 Nisi
1588 3335 1912 3389 abundaverit
1940 3336 2033 3406 ju-

457 3425 595 3479 stitia
614 3434 772 3478 vestra
794 3425 1087 3504 plus'quam
1111 3425 1401 3481 Scribarum
1439 3437 1484 3480 et
1507 3425 1901 3490 Pharisteorum,
1931 3445 2032 3482 non

459 3515 712 3570 intrabitis
744 3516 800 3569 in
825 3532 1035 3588 regnum
1053 3515 1291 3570 caelorum
1311 3516 1518 3588 (Matth.
1533 3533 1586 3583 v,
1614 3517 1728 3588 20).
1750 3517 1818 3572 Et
1843 3518 1932 3574 ille
1951 3534 2028 3573 sn-

459 3621 556 3677 pcr
579 3621 735 3676 quem
752 3606 909 3663 debet
926 3607 1413 3678 abundarejustitia
1433 3617 1538 3670 tua,
1557 3607 1790 3664 decimas
1825 3609 1945 3676 dat;
1975 3619 2033 3665 tu

456 3709 638 3768 autem
663 3713 761 3753 nec
791 3699 1126 3754 millesimam
1157 3698 1271 3755 das.
1303 3699 1580 3768 Quomodo
1604 3700 1881 3770 superabis
1906 3717 2028 3757 eum

455 3791 539 3846 cui
570 3805 678 3846 non
701 3791 970 3860 mquaris?
998 3792 1096 3857 Qui
1125 3792 1345 3861 cooperit
1372 3792 1550 3846 emtum
1577 3792 1804 3856 nubibus,
1833 3793 1918 3864 qui
1940 3811 2030 3863 pa-

457 3891 539 3934 rat
560 3889 704 3935 terrat
725 3880 983 3952 pluviam;
1020 3881 1107 3951 qui
1131 3882 1316 3936 exoriri
1335 3882 1456 3954 facit
1483 3882 1536 3936 in
1562 3882 1808 3937 montibus
1834 3887 2030 3954 fenum,

455 3981 504 4027 et
529 3972 734 4026 herbam
757 3973 982 4027 servituti
1011 3973 1290 4028 hominum.

529 4063 616 4120 18.
651 4061 800 4136 [vers.
816 4062 893 4136 9.]
916 4062 981 4116 Et
997 4063 1083 4117 dat
1106 4064 1362 4132 pecoribus
1382 4081 1543 4120 escam
1562 4065 1807 4135 ipsorum.
1826 4065 2028 4122 Pecora

454 4154 560 4210 ista
585 4155 729 4221 dicit,
755 4171 946 4227 greges
971 4155 1085 4211 Dei.
1108 4155 1221 4210 Non
1247 4156 1454 4211 fraudat
1479 4157 1615 4213 Deus
1637 4173 1849 4228 gregem
1874 4174 2025 4214 suum

457 4261 582 4303 esca
608 4262 701 4301 sua
734 4263 828 4316 per
850 4246 1113 4312 homines,
1141 4262 1364 4316 quorum
1389 4248 1629 4302 servituti
1657 4247 1872 4305 herbam
1901 4249 2028 4305 facit

457 4336 676 4391 exoriri.
696 4336 848 4392 Unde
873 4337 1000 4391 dicit
1025 4337 1309 4406 Apostolus
1339 4355 1352 4390 :
1385 4337 1510 4402 Quis
1536 4339 1695 4406 pascit
1716 4355 1915 4410 gregem
1933 4380 1949 4406 ,
1980 4347 2027 4392 et

455 4428 519 4486 de
543 4427 671 4482 lacte
687 4429 850 4498 gregis
878 4445 978 4482 non
1003 4429 1210 4498 percipit
1237 4429 1284 4499 (l
1309 4426 1425 4483 Cor.
1449 4445 1520 4494 tx,
1545 4431 1582 4491 ,7
1600 4429 1658 4501 )?
1685 4429 1786 4496 Qui
1828 4433 1915 4485 dat
1940 4448 2027 4503 pe-

453 4517 652 4572 coribus
679 4533 839 4572 escam
868 4519 1092 4588 ipsorum
1111 4560 1126 4583 ,
1153 4529 1198 4572 et
1226 4519 1377 4588 pullis
1401 4536 1660 4574 corvorum
1685 4523 1771 4591 qui
1797 4523 2027 4578 invocant

453 4628 588 4666 eum.
614 4611 725 4666 Hoc
743 4610 879 4666 forte
903 4611 1223 4681 putabimus,
1251 4611 1372 4681 quia
1398 4612 1541 4666 corvi
1565 4613 1729 4682 Deum
1757 4615 2030 4683 invocant.

455 4702 621 4758 utdet
647 4703 750 4758 illis
775 4703 985 4758 escam?
1012 4703 1089 4758 Ne
1111 4703 1211 4758 hoc
1235 4704 1494 4775 cogitetis,
1523 4704 1881 4762 irrationalem
1906 4709 2024 4762 ani-

457 4809 600 4850 mam
659 4795 921 4850 invocare-
946 4796 1152 4860 Deum;
1206 4811 1317 4850 non
1365 4796 1511 4850 novit
1558 4796 1732 4850 anima
1778 4797 2026 4854 invocare

453 4887 642 4951 Deum,
673 4887 776 4940 nisi
802 4886 914 4942 sola
939 4886 1236 4942 rationalis.
1265 4886 1320 4939 In
1359 4883 1525 4955 figura
1553 4886 1774 4957 accipite
1799 4885 2024 4953 dictum,

455 4995 524 5036 ne
550 4979 768 5049 putetis,
793 4979 930 5032 sicut
955 4979 1099 5048 impii
1124 4978 1337 5049 quidam
1365 4978 1561 5042 dicunt,
1594 4977 1793 5032 revolvi
1821 4978 2024 5035 animas

452 5071 716 5130 humanas
745 5070 810 5126 ad
839 5083 1049 5138 pecora,
1071 5069 1138 5124 ad
1167 5083 1346 5132 canes,
1376 5068 1440 5123 ad
1479 5083 1684 5139 porcos,
1719 5068 1786 5123 ad
1810 5082 2019 5122 corvos.

452 5163 567 5221 Hoc
619 5179 650 5220 a
703 5161 952 5218 cordibus
999 5161 1188 5216 vestris
1225 5160 1508 5227 excludite,
1540 5159 1594 5215 et
1621 5174 1653 5236 a
1698 5158 1798 5214 fide
1826 5167 2018 5216 vestra.

454 5256 646 5320 Anima
669 5255 899 5309 humana
922 5253 1055 5308 facta
1072 5259 1152 5306 est
1168 5250 1235 5305 ad
1258 5250 1536 5322 imaginem
1561 5249 1820 5323 Dei-(Gen.
1843 5267 1880 5316 ι,
1903 5249 2019 5322 26);

454 5361 560 5401 non
591 5329 738 5401 dabit
780 5345 1062 5414 imaginem
1109 5357 1258 5398 suam
1302 5347 1420 5398 cani
1461 5351 1517 5396 et
1547 5330 1725 5412 porco.
1757 5341 1893 5412 Quid
1939 5351 2023 5397 est

453 5453 581 5508 ergo
598 5479 612 5500 ,
660 5437 723 5490 Et
753 5438 907 5508 pullis
929 5451 1190 5490 corvorum
1217 5435 1302 5504 qui
1329 5434 1559 5488 invocant
1586 5433 1742 5488 eum?
1768 5434 1866 5500 Qui
1897 5445 2022 5489 sunt

452 5531 583 5598 pulli
613 5529 939 5592 corvorum?
969 5527 1220 5583 lsraelita:
1243 5541 1301 5581 se
1337 5526 1482 5582 solos
1501 5526 1674 5596 justos
1701 5542 1820 5583 esse
1863 5526 2009 5584 (lice-

480 5707 482 5709 ’
518 5707 535 5773 ξ
563 5704 726 5773 Plures
746 5713 874 5765 Mss.,
903 5703 1033 5768 fisco.
1057 5703 1250 5773 supple,
1273 5699 1481 5772 Christi.
1517 5762 1548 5773 η
1583 5762 1594 5772 ⁸
1712 5761 1723 5773 θ

517 5770 538 5794 ⁸
559 5768 630 5816 διο
645 5769 823 5827 aliquot
847 5762 948 5814 sis's.
977 5776 1028 5815 Αι
1051 5762 1179 5815 ειιέιῖε
1209 5773 1323 5828 Nam
1345 5762 1660 5828 quasi-divino
1677 5762 1872 5826 videtis,
1895 5773 2016 5828 etc...

454 5843 540 5891 qui
562 5836 614 5880 et
635 5825 774 5888 infra,
797 5828 915 5890 loco,
934 5828 1201 5890 devorteras,
1223 5827 1480 5888 habebant,
1505 5825 1752 5877 debueras.

1610 354 1618 362 ’
1708 357 1761 435 ε’.
1805 375 2160 433 auersum
2202 376 2502 434 EPISCOP!

3592 394 3732 447 19F!

2159 489 2301 555 bant,
2343 493 2460 560 quia
2515 492 2705 563 Legem
2750 503 3095 565 acceperant;
3125 507 3348 552 ca‘teros
3379 513 3565 556 omnes
3605 518 3733 556 om-

2159 583 2302 637 nium
2330 586 2561 654 gentium
2594 587 2832 642 homines
2860 599 3161 658 peceatores
3187 590 3450 646 dicebant.
3476 593 3568 648 ~Et
3603 612 3738 651 vere

2157 690 2342 730 omnes
2378 687 2562 746 gentes
2611 678 2662 732 in
2691 689 2939 748 peccato,
2973 682 3023 734 iu
3055 681 3349 736 idololatria
3376 725 3390 744 .
3434 685 3484 738 in
3526 686 3736 738 adma-

2158 767 2299 821 tione
2345 767 2574 837 lapidum
2624 778 2782 840 atqde
2811 771 3066 841 lignorum
3105 784 3254 827 erant
3280 789 3294 838 ;
3323 775 3414 828 sed
3466 781 3735 847 numquid

2154 859 2231 912 sic
2255 864 2666 915 remanserunt?
2712 864 2821 917 Etsi
2862 880 2965 917 non
3005 865 3100 934 ipsi
3131 867 3274 920 corvi
3317 877 3492 937 patres
3531 871 3734 931 nostri,

2157 959 2328 1004 tamen
2362 953 2487 1019 pulli
2515 969 2795 1031 corvorum
2821 971 2916 1010 nos
2942 957 3040 1026 ipsi
3071 957 3374 1012 invocamus
3401 960 3588 1014 Deum.
3628 961 3737 1013 Dat

2155 1042 2410 1108 pecoribus
2443 1060 2604 1096 escam
2643 1046 2887 1114 ipsorum,
2917 1057 2961 1100 et
3000 1049 3152 1116 pullis
3177 1037 3439 1112 corvorum
3468 1054 3554 1118 qui
3584 1054 3735 1105 invo-

2153 1141 2266 1183 cant
2301 1150 2428 1185 cum.
2467 1133 2566 1202 Ipsi
2595 1137 2869 1206 suntpnlli
2898 1152 3176 1191 corvorum
3202 1181 3216 1203 ,
3249 1142 3439 1209 quibus
3464 1141 3592 1196 dicit
3620 1143 3734 1196 Pe-

2153 1230 2265 1274 trus
2294 1239 2307 1275 :
2343 1223 2473 1288 Quia
2510 1241 2607 1278 non
2634 1227 2946 1296 corruptibili
2974 1239 3176 1297 argento
3214 1231 3291 1283 vel
3321 1247 3446 1284 auro
3475 1233 3736 1300 redempti

2151 1315 2265 1366 estis
2286 1314 2348 1365 de
2371 1331 2678 1384 supervacua
2709 1328 2868 1370 vestra
2895 1320 3248 1374 consuetudine
3273 1338 3305 1374 a
3330 1312 3616 1388 parentibus
3641 1340 3737 1378 ec-
3773 1393 3776 1395 Α

2150 1405 2266 1458 stris
2304 1407 2487 1460 tradita
2510 1408 2528 1478 (
2555 1407 2572 1461 l
2600 1407 2743 1462 Petr.
2773 1424 2819 1472 ι,
2855 1409 2922 1465 18
2952 1409 2992 1480 ).
3033 1411 3380 1467 Proficientes
3418 1415 3555 1467 enim
3589 1415 3728 1483 pulli

2150 1511 2428 1551 corvorum
2468 1499 2555 1568 qui
2584 1499 2862 1554 simulacra
2897 1502 3074 1557 colere
3103 1503 3416 1558 videbantur
3442 1515 3731 1574 parentum

2150 1603 2385 1654 suorum,
2414 1593 2654 1646 conversi
2679 1605 2803 1647 sunt
2826 1593 2891 1648 ad
2921 1594 3104 1648 Deum.
3143 1594 3208 1648 Et
3238 1596 3389 1651 audis
3416 1597 3574 1652 modo
3602 1600 3750 1667 pul-

2153 1682 2256 1735 lum
2285 1684 2426 1736 corvi
2468 1684 2797 1739 invocantem
2831 1702 2992 1739 unum
3031 1687 3214 1741 Deum.
3255 1687 3389 1756 Quid
3432 1690 3602 1758 ergo?
3640 1692 3732 1744 di-

2148 1773 2335 1827 misisti
2361 1784 2562 1843 patrem
2586 1784 2752 1840 tuum,
2782 1778 2914 1832 dicis
2941 1779 3081 1848 pullo
3105 1781 3247 1833 corvi
3264 1781 3496 1834 ‘bDimisi
3524 1782 3682 1850 plane
3708 1800 3726 1837 :

2149 1865 2235 1919 ille
2260 1868 2403 1920 enim
2427 1883 2618 1923 corvus
2639 1884 2742 1922 non
2775 1870 3023 1925 invocans
3047 1872 3235 1934 Deum,
3259 1889 3358 1941 ego
3383 1875 3556 1942 pullus
3572 1878 3728 1930 corvi

2151 1956 2340 2010 invoco
2369 1957 2553 2011 Deum.
2590 1958 2655 2012 Et
2684 1960 2836 2027 pullis
2856 1977 3118 2014 corvorum
3145 1964 3230 2032 qui
3258 1963 3489 2018 invocant
3509 1984 3644 2018 eum.

2216 2045 2300 2098 i9.
2332 2045 2478 2118 [vers.
2510 2047 2618 2120 i0.]
2650 2047 2772 2102 Non
2800 2051 2851 2102 in
2877 2060 3131 2120 potentatu
3158 2055 3269 2121 eqtti
3292 2055 3595 2108 voluntatem
3622 2058 3728 2110 ha-

2143 2136 2287 2189 bebit.
2348 2139 2654 2193 l’otentattts
2703 2142 2821 2209 equi
2867 2153 2947 2196 est
2995 2144 3256 2211 superbia.
3307 2144 3526 2217 Videtur
3571 2149 3723 2203 enim

2142 2244 2310 2299 equus
2341 2232 2495 2284 veluti
2528 2232 2592 2285 ad
2634 2243 2936 2303 suggestum
2983 2236 3209 2290 hominis
3249 2240 3718 2308 accommodatus,

2143 2331 2198 2374 ut
2225 2323 2380 2377 altior
2407 2324 2631 2378 incedat.
2663 2325 2727 2379 Et
2755 2342 2936 2380 revera
2965 2337 3044 2382 est
3074 2329 3124 2381 in
3154 2343 3217 2382 eo
3245 2329 3442 2393 cervix,
3477 2331 3723 2388 indicans

2139 2415 2416 2482 quamdam
2462 2417 2781 2485 superbiam.
2813 2418 2944 2476 .Non
2988 2433 3045 2473 se
3085 2421 3340 2475 extollant
3385 2421 3626 2479 homines
3662 2427 3719 2480 in

2139 2504 2250 2557 suis
2279 2496 2647 2576 dignitatibus,
2680 2523 2782 2561 non
2814 2524 2872 2562 se
2901 2509 3152 2564 sublimes
3183 2521 3363 2580 putent
3391 2512 3717 2579 honoribus;

2139 2607 2362 2651 caveant
2391 2614 2457 2652 ne
2487 2614 2623 2667 equo
2658 2600 2913 2654 indomito
2953 2601 3361 2671 praecipitentur.
3401 2603 3531 2659 Vide
3570 2607 3716 2660 enim

2138 2690 2260 2759 quid
2288 2691 2484 2745 dictum
2516 2702 2596 2746 est
2625 2692 2674 2746 in
2701 2693 2805 2747 alio
2835 2693 3036 2763 psalmo
3072 2711 3084 2745 :
3123 2693 3190 2746 Ili
3216 2695 3266 2746 in
3295 2696 3551 2760 curribus,
3587 2708 3633 2750 et
3660 2699 3718 2751 hi

2137 2782 2190 2834 in
2217 2783 2392 2854 equis;
2419 2782 2508 2837 nos
2536 2793 2699 2838 autem
2727 2786 2780 2838 in
2817 2786 3015 2839 nomine
3053 2785 3260 2839 Domini
3293 2788 3381 2840 Dei
3412 2790 3570 2841 nostri
3599 2806 3716 2842 ma-

2137 2874 2506 2942 gniﬁcabimur.
2538 2875 2647 2929 Hoc
2673 2885 2774 2940 est,
2802 2876 2872 2930 illi
2905 2877 2956 2930 in
2989 2876 3277 2933 honoribus
3306 2878 3713 2947 temporalibus,

2137 2976 2234 3019 nos
2277 2965 2328 3018 in
2376 2965 2591 3020 nomine
2637 2965 2838 3019 Domini
2886 2966 2978 3021 Dei
3024 2967 3190 3019 nostri
3215 2965 3712 3036 .magniiicabimur.

2137 3053 2419 3126 Propterea
2461 3055 2562 3110 illis
2599 3055 2723 3126 quid
2769 3055 2992 3111 accidit?
3028 3056 3214 3119 Videte
3254 3055 3382 3128 quid
3424 3058 3708 3128 sequitur:

2135 3146 2251 3202 Illis
2274 3147 2478 3218 obligati
2499 3156 2612 3202 sunt
2637 3148 2805 3218 pedes,
2832 3158 2877 3202 et
2903 3147 3214 3213 ceciderunt;
3241 3164 3330 3203 nos
3355 3166 3465 3204 vero
3488 3152 3687 3204 surrexi
3694 3180 3718 3192 -

2136 3255 2262 3304 mus,
2290 3248 2336 3292 et
2358 3239 2508 3292 erecti
2529 3256 2698 3293 suntus
2719 3239 2886 3308 (Psal.
2910 3255 3018 3305 xxx,
3042 3239 3095 3305 8,
3119 3239 3196 3310 9).
3227 3238 3349 3295 Non
3373 3241 3427 3294 in
3449 3251 3713 3310 potentatu

2136 3328 2244 3396 equi
2282 3329 2582 3382 voluntatem
2609 3329 2842 3394 habebit;
2871 3346 2961 3383 nec
2997 3331 3051 3384 in
3090 3330 3421 3384 tabernaculis
3457 3331 3551 3385 viri
3587 3333 3715 3387 bene

2134 3420 2328 3472 sentiet.
2359 3417 2425 3473 In
2454 3420 2813 3488 tabernaculis,
2847 3419 3049 3491 inquit,
3081 3422 3193 3474 viri.
3234 3421 3328 3476 Est
3359 3423 3499 3476 enim
3530 3422 3711 3477 taber-

2133 3508 2380 3564 naculum
2407 3509 2649 3574 Domini,
2683 3511 2793 3580 ipsa
2828 3521 3006 3580 sancta
3037 3510 3274 3566 Ecclesia
3305 3520 3417 3566 toto
3446 3509 3576 3568 orbe
3599 3512 3709 3567 dif-

2132 3599 2266 3655 fusa.
2291 3597 2535 3656 HmretiCi
2563 3578 2858 3657 dividentes
2883 3578 2942 3658 se
2967 3602 3035 3658 ab
3061 3601 3311 3657 Ecclesia,-
3334 3603 3708 3672 tabernaculis,

2132 3693 2230 3748 sibi
2261 3693 2591 3748 tabernacula
2621 3701 2909 3762 posuerunt
2936 3711 2950 3747 :
2979 3707 3084 3746 non
3113 3693 3164 3747 in
3199 3692 3328 3763 ipsis
3353 3693 3708 3750 tabernaculis

2132 3786 2229 3840 viri
2258 3786 2391 3840 bene
2416 3785 2609 3840 sentiet
2637 3786 2793 3840 Deus.
2822 3785 2924 3840 Sed
2957 3784 3156 3855 pullum
3183 3799 3464 3841 corvorum
3491 3787 3706 3842 attende

2131 3876 2392 3930 dicentem
2423 3895 2436 3929 :
2468 3874 2616 3947 Elegi
2643 3875 2794 3941 obiici
2830 3877 2884 3929 in
2918 3875 3066 3930 domo
3098 3875 3299 3931 Domini
3318 3918 3332 3941 ,
3370 3879 3528 3948 magis
3553 3895 3706 3949 quam

2131 3969 2355 4024 habitare
2374 3971 2426 4022 in
2446 3969 2779 4024 tabernaculis
2801 3979 3117 4040 peccatorum
3138 3967 3308 4039 (Psal.
3334 3986 3561 4035 Lxxxnt,
3592 3972 3705 4042 Il).

2131 4059 2339 4115 Etenim
2378 4061 2423 4114 si
2462 4060 2618 4114 alicui
2659 4059 2834 4126 bono,
2871 4060 2993 4130 pio,
3039 4060 3307 4116 confitenti
3342 4061 3703 4138 infirmitqem

2129 4167 2302 4217 suam,
2335 4151 2477 4220 pullo
2512 4151 2656 4205 corvi
2695 4152 2958 4207 invocanti
2989 4151 3175 4218 Deum,
3205 4153 3460 4224 contingit
3483 4153 3620 4209 forte
3649 4155 3702 4210 in

2129 4243 2366 4300 Ecclesia
2388 4258 2569 4298 carere
2590 4242 2793 4298 honore
2817 4243 3128 4313 temporali;
3155 4259 3257 4300 non
3286 4243 3326 4298 it
3349 4253 3496 4300 extra
3519 4244 3708 4302 Eccle-

2129 4337 2283 4399 siam.
2312 4352 2418 4391 non
2443 4337 2540 4391 sibi
2567 4335 2689 4390 facit
2712 4345 2860 4390 extra
2889 4335 3174 4392 Ecclesium
3207 4335 3623 4404 tabernaculum,
3649 4339 3705 4396 in

2129 4444 2234 4500 quo
2261 4443 2365 4482 non
2397 4426 2531 4482 bene
2559 4426 2751 4482 sentiat
2774 4427 2913 4482 Deus
2940 4444 2954 4481 :
2982 4428 3075 4483 sed
3099 4427 3225 4498 quid
3254 4426 3414 4483 dicit?
3435 4427 3580 4501 Elegi
3605 4433 3704 4486 ab-

2119 4522 2216 4594 jici
2240 4522 2292 4576 in
2312 4521 2462 4575 domo
2487 4519 2712 4587 Domini,
2735 4520 2893 4591 magis
2914 4536 3065 4591 quam
3086 4520 3310 4574 habitare
3333 4521 3385 4575 in
3409 4519 3709 4577 tabernacu-

2129 4616 2192 4669 lis
2218 4625 2551 4684 peccatorum.
2575 4611 2685 4668 Nec
2706 4613 2758 4667 in
2779 4613 3112 4668 tabernaculis
3135 4614 3229 4668 viri
3251 4615 3373 4668 bene
3395 4617 3593 4669 sentiet.

2197 4705 2286 4762 20.
2317 4702 2464 4778 [vers.
2495 4702 2607 4777 ιι]
2634 4703 2740 4760 Sed
2769 4704 2892 4775 quid
2917 4703 3192 4774 adjungit?
3216 4704 3352 4759 Bene
3383 4705 3561 4760 sentiet
3585 4703 3705 4761 Do-

2128 4799 2292 4853 minus
2317 4802 2369 4852 in
2394 4796 2673 4852 timentibus
2700 4813 2813 4851 eum
2831 4837 2848 4862 ,
2880 4805 2926 4850 et
2950 4798 3004 4850 in
3032 4795 3110 4850 his
3135 4796 3222 4867 qui
3245 4805 3446 4866 sperant
3469 4797 3522 4849 in
3546 4799 3706 4852 mise-

2127 4880 2346 4946 ricordia
2363 4891 2493 4962 ejus.
2517 4888 2659 4944 Bene
2679 4889 2839 4944 sentit
2862 4887 3114 4943 Dominus
3134 4887 3185 4942 in
3211 4887 3516 4942 timentibus
3539 4903 3703 4944 eum:

2127 4981 2221 5037 sed
2262 4980 2516 5050 numquid
2552 4980 2629 5035 sic
2672 4981 2884 5034 timetur
2920 4978 3090 5042 Deus,
3131 4977 3397 5048 quomodo
3436 4987 3489 5032 et
3527 4978 3708 5034 latro?

2126 5073 2257 5129 Nam
2286 5081 2341 5128 et
2365 5073 2498 5127 latro
2524 5072 2763 5134 timetur,
2795 5079 2850 5125 et
2874 5070 3040 5125 bestia
3069 5069 3311 5136 timetur,
3343 5078 3395 5122 et
3429 5068 3592 5124 homo
3623 5071 3709 5125 in-

2121 5167 2296 5237 justus
2316 5175 2370 5222 et
2393 5177 2578 5236 potens
2597 5164 2818 5218 multum
2847 5163 3078 5218 timetur.
3100 5160 3233 5217 Bene
3257 5171 3431 5217 sentiet
3451 5161 3708 5218 Dominus

2127 5261 2181 5318 in.
2203 5259 2484 5314 timentibus
2507 5275 2621 5312 eum
2650 5274 2669 5312 :
2697 5256 2790 5313 sed
2815 5255 3083 5326 quomodo
3111 5255 3414 5311 timentibus
3438 5256 3602 5310 eum?
3636 5255 3707 5309 Et

2126 5354 2178 5408 in
2198 5354 2275 5409 his
2295 5353 2380 5422 qui
2399 5360 2602 5421 sperant
2621 5351 2674 5403 in
2699 5346 3037 5404 misericordia
3062 5348 3188 5418 ejus.
3217 5346 3351 5402 Ecce
3379 5346 3551 5400 timuit
3573 5361 3702 5400 eum

2125 5443 2288 5501 ludas
2317 5441 2537 5497 traditor
2562 5440 2780 5505 Christi,
2809 5438 2900 5494 sed
2929 5453 3031 5493 non
3060 5438 3292 5507 speravit
3315 5437 3367 5491 in
3394 5438 3702 5492 miscricor-

2125 5534 2211 5593 dia
2241 5535 2423 5606 ipsius.
2454 5533 2640 5588 Postea
2664 5532 2800 5586 enim
2830 5530 3074 5599 ptenituit
3103 5544 3225 5584 eum
3256 5530 3394 5599 quod
3422 5527 3699 5583 tradiderit

2127 5629 2444 5694 Dominum,
2473 5635 2524 5680 et
2551 5625 2689 5680 dixit
2721 5644 2733 5677 :
2769 5621 3010 5687 Peccavi,
3041 5622 3159 5690 quia
3188 5620 3372 5673 tradidi
3401 5620 3696 5690 sanguinem

2114 5722 2332 5792 justum.
2363 5719 2503 5773 Bene
2528 5716 2737 5788 quidem
2768 5715 3018 5779 timuisti;
3049 5712 3141 5770 scd
3167 5713 3209 5770 si
3239 5706 3559 5781 speraresin
3589 5712 3691 5764 mi-

2125 5810 2405 5872 sericordia
2433 5811 2546 5881 ejus
2571 5823 2727 5881 quem
2754 5807 2989 5864 timuisti.
3031 5806 3120 5862 Ille
3156 5801 3492 5875 desperando
3523 5801 3694 5867 abiit,
