4042 6202
302 336 438 431 ms

301 498 353 540 et
382 487 566 556 laqueo
593 501 651 540 se
680 485 966 556 suspendit.
997 484 1200 556 (Matth.
1232 500 1390 543 xxvu,
1422 483 1474 540 ι.
1502 481 1578 551 5).
1614 482 1748 549 Ergo
1773 480 1846 532 sic

261 603 272 616 ο
301 580 428 632 time
457 579 760 654 hominum,
789 587 842 632 ut
865 592 1044 646 speres
1072 577 1120 630 in
1153 575 1506 629 misericordia
1534 574 1665 642 ejus.
1696 573 1748 625 Si
1781 573 1848 624 ti-

299 684 414 723 mes
453 670 736 728 latronem,
776 669 842 722 ab
879 669 982 722 alio
1020 683 1197 737 speras
1235 669 1509 730 auxilium,
1541 683 1643 720 non
1681 666 1747 718 ab
1784 680 1847 719 eo

300 773 454 826 quem
486 759 637 812 limes
668 776 680 811 :
713 759 883 827 poscis
913 758 1157 810 auxilium
1187 758 1252 809 ab
1277 772 1340 810 co
1365 772 1515 824 quem
1543 772 1645 809 non
1677 755 1844 818 limes,

300 847 552 901 adversus
575 864 690 902 eum
715 863 868 916 quem
898 850 1068 902 times.
1098 848 1150 903 Si
1177 849 1252 901 sic
1274 849 1422 901 times
1452 848 1632 910 Deum,
1659 857 1710 900 et
1734 847 1850 900 ideo

303 937 456 991 times
494 939 653 992 Deum
683 940 800 1006 quia
835 948 1072 1006 peccator
1112 935 1202 1000 es,
1242 954 1269 990 a
1307 950 1410 1007 quo
1450 948 1753 1006 accepturus
1793 952 1850 990 es

301 1029 546 1082 auxilium
577 1030 826 1083 adversus
862 1026 1057 1083 Deum?
1081 1031 1192 1097 Quo
1230 1031 1392 1083 iturus
1421 1029 1515 1082 es?
1540 1029 1658 1097 quid
1692 1029 1852 1081 factu-

302 1121 425 1171 rus?
452 1120 538 1172 Vis
560 1122 625 1171 ab
651 1121 738 1172 illo
766 1120 978 1188 fugere?
1005 1121 1080 1173 Ad
1110 1122 1274 1188 ipsum
1304 1120 1440 1189 fuge.
1472 1119 1560 1172 Vis
1589 1118 1763 1187 fugere
1787 1119 1852 1172 ab

302 1208 467 1260 irato?
489 1208 630 1277 Fuge
655 1209 716 1262 ad
747 1211 1020 1276 placatum.
1049 1209 1282 1264 Plat-abis
1304 1218 1477 1262 autem
1501 1225 1642 1269 ειιιιι,
1666 1209 1708 1260 si
1736 1222 1855 1275 spe-

301 1312 385 1350 res
408 1298 458 1353 in
481 1297 835 1352 miseriCordia
859 1298 1054 1366 ipsius;
1076 1308 1231 1366 atque
1258 1300 1323 1352 ita
1345 1298 1408 1351 de
1428 1307 1618 1352 caetero
1642 1311 1854 1364 peccare

299 1402 514 1448 caveas,
547 1400 603 1441 ut
633 1388 696 1441 de
733 1390 1005 1456 prmlcritis
1031 1389 1354 1458 depreceris,
1387 1399 1438 1442 ut
1470 1389 1557 1442 tibi
1587 1388 1854 1440 dimittan-

299 1487 385 1529 tur
410 1493 440 1530 a
473 1477 696 1530 Domino
716 1520 728 1538 ,
757 1478 848 1531 cui
867 1489 941 1532 est
981 1478 1148 1532 honor
1171 1487 1223 1532 et
1262 1479 1532 1547 imperium
1559 1493 1675 1532 cum
1703 1478 1854 1532 Patre

299 1577 352 1619 et
377 1563 574 1634 Spiritu
605 1577 784 1621 sancto
810 1568 859 1620 in
885 1569 1074 1622 saecula
1100 1569 1429 1622 smculorum.
1456 1571 1641 1621 Amen.

695 1813 776 1873 ΙΝ
819 1812 1190 1872 PSALMUM
1233 1811 1504 1872 CXLVII

915 1952 1322 2006 ENARRATIO.

866 2105 1032 2144 SEBHO
1062 2106 1128 2144 AD
1156 2105 1376 2163 PLEBEM.

373 2224 423 2277 1.
454 2221 685 2276 Meminit
713 2219 951 2276 Charitas
978 2231 1148 2275 vestra
1177 2221 1243 2275 de
1281 2221 1481 2290 psalmo
1512 2236 1665 2290 quem
1701 2221 1858 2276 modo

300 2313 646 2376 cantavimus,
675 2311 726 2364 in
757 2311 1060 2365 hodiernum
1084 2311 1223 2365 diem
1251 2326 1348 2366 nos
1372 2312 1634 2366 distulisse
1660 2327 1860 2366 sermo-

301 2417 447 2456 nem.
480 2402 592 2469 lpse
625 2402 764 2455 enim
805 2411 951 2466 erat,
983 2412 1034 2455 et
1060 2402 1144 2456 die
1178 2403 1439 2456 dominico
1479 2404 1644 2457 lectus
1672 2414 1781 2465 est,
1809 2414 1862 2456 et

304 2492 607 2544 tractandus
634 2492 742 2559 ipse
770 2502 1061 2561 susceptus.
1084 2492 1186 2546 Sed
1215 2495 1331 2560 quia
1359 2495 1654 2563 evangelica
1680 2495 1863 2550 lectio-

303 2598 372 2636 ne
410 2590 532 2635 tunc
569 2584 785 2650 permoti
810 2624 824 2646 ,
854 2598 962 2652 pra:
1003 2584 1354 2653 magnitudine
1383 2565 1583 2640 timoris
1621 2589 1782 2640 nostri
1811 2597 1864 2642 et

305 2682 494 2724 vestrm
520 2673 754 2725 utilitatis
779 2673 1038 2726 immorati
1065 2689 1244 2727 sutnus
1271 2675 1318 2727 in
1341 2690 1404 2728 eo
1427 2675 1562 2744 quod
1588 2676 1738 2730 nobis
1763 2677 1864 2730 Do-

307 2763 482 2816 minus
503 2753 638 2815 diem
666 2764 1001 2817 novissimum
1029 2765 1432 2828 commendavit,
1460 2776 1743 2834 cautosque
1767 2782 1863 2820 nos

308 2863 361 2906 et
400 2853 671 2921 vigilantes
707 2864 1011 2922 exSpectare
1040 2855 1203 2908 voluit
1237 2855 1512 2908 adventum
1545 2871 1726 2921 suum;
1761 2866 1865 2911 ter-

309 2961 430 3000 rens
455 2946 610 2999 etiam
639 2947 879 3014 exemplo
900 2988 913 3009 ,
941 2962 1006 3000 ne
1033 2945 1245 3000 damnet
1268 2946 1496 3016 judicio;
1525 2949 1601 3001 sic
1633 2947 1861 3001 futurum

308 3034 491 3088 dicens
515 3035 790 3090 adventum
824 3035 911 3090 filii
943 3037 1198 3102 hominis,
1227 3038 1363 3091 sicut
1400 3039 1450 3092 in
1481 3039 1665 3093 diebus
1704 3039 1814 3093 Noe
1847 3057 1861 3094 :

309 3125 693 3180 manducabant
719 3135 770 3181 et
800 3126 1079 3191 bibebant,
1108 3128 1381 3196 emebant,
1411 3129 1736 3194 vendebant,
1767 3147 1862 3184 nu-

311 3217 535 3282 bcbant,
565 3232 754 3270 uxores
779 3217 1069 3283 ducebant,
1095 3217 1262 3272 donec
1291 3219 1527 3273 introiret
1566 3219 1673 3274 Noe
1699 3220 1751 3273 in
1777 3235 1864 3274 ar-

310 3323 460 3370 cam,
489 3316 544 3362 et
571 3307 709 3362 venit
742 3306 1022 3372 diluvium,
1055 3319 1108 3362 et
1151 3308 1376 3376 perdidit
1417 3325 1602 3364 omnes
1641 3308 1862 3380 (Manli.

313 3398 486 3468 xxiv).
519 3398 737 3454 Solliciti
768 3413 894 3469 ergo
919 3408 972 3453 et
1010 3409 1196 3468 magno
1237 3400 1421 3454 timore
1449 3401 1686 3454 concussi
1717 3399 1866 3470 (quis

311 3488 451 3541 enim
479 3487 522 3542 si
549 3487 750 3552 credit,
781 3501 880 3540 non
908 3487 1176 3559 timeat?),
1208 3487 1260 3541 in
1286 3503 1351 3543 eo
1375 3503 1586 3555 sumus,
1617 3498 1865 3559 quantum

313 3575 934 3645 potuimus,immorati,
967 3585 1021 3629 ut
1059 3563 1124 3631 de
1163 3577 1352 3631 vestris
1390 3577 1622 3631 moribus
1659 3579 1867 3647 vitaque

312 3676 489 3722 vestra
513 3676 570 3736 et
604 3666 837 3721 omnium
867 3675 1100 3719 nostrum
1131 3681 1305 3720 sermo
1334 3665 1733 3733 produceretur,
1764 3681 1868 3736 quo

314 3735 576 3827 possimus
606 3756 750 3809 illum
788 3754 928 3808 diem
969 3768 1071 3807 non
1108 3754 1274 3806 solum
1315 3753 1484 3806 securi
1523 3735 1864 3821 exspectare,

315 3845 408 3899 sed
437 3846 592 3898 etiam
621 3843 940 3898 desiderare.
967 3840 1020 3897 Si
1046 3842 1184 3896 enim
1209 3856 1443 3895 amamus
1461 3839 1746 3904 Christum,
1769 3844 1869 3896 uti-

319 3953 422 4006 que
448 3935 727 3991 adventum
766 3934 879 4002 ejus
912 3932 1210 3988 desiderare
1245 3931 1514 3987 debemus.
1559 3931 1866 3988 Perversum

317 4027 584 4088 enim-est,
611 4033 663 4079 et
688 4024 863 4080 nescio
888 4030 1060 4077 utrum
1087 4037 1288 4084 verum.
1312 4036 1464 4092 quem
1490 4021 1660 4092 diligis
1684 4023 1870 4078 timere

321 4133 388 4172 ne
409 4101 624 4180 ‘eniat;
652 4129 825 4179 orare,
843 4111 1091 4166 Adveniet
1117 4127 1322 4179 regnum
1349 4120 1487 4164 tuum
1512 4108 1619 4180 (Id.
1643 4127 1718 4176 vt,
1744 4112 1866 4183 10);

317 4219 370 4264 et
400 4208 584 4262 timere
612 4221 680 4260 ne.
702 4203 1016 4260 exaudiaris.
1048 4201 1195 4259 Unde
1216 4211 1390 4256 autem
1421 4202 1615 4256 timor?
1641 4202 1758 4273 quia
1780 4202 1870 4272 ju-

317 4301 419 4357 dex
446 4309 694 4354 venturus
719 4297 831 4352 est?
859 4294 1116 4365 Numquid
1148 4293 1406 4364 iniustus?
1432 4293 1682 4362 numquid
1708 4293 1872 4349 male-

318 4392 502 4449 volus?
525 4388 772 4461 numquid
800 4385 1038 4442 invidus?
1059 4383 1306 4455 numquid
1333 4392 1600 4454 postremo
1619 4383 1684 4438 ab
1703 4383 1871 4438 altero

320 4493 634 4553 exSpectans
675 4495 831 4536 nosse
864 4493 1072 4534 causam
1111 4487 1280 4543 tuam;
1318 4491 1384 4531 ne
1418 4476 1550 4532 forte
1588 4477 1676 4532 ille
1712 4467 1892 4547 quem‘

323 4571 631 4635 instruxisti,
663 4571 744 4626 vel
773 4567 1197 4640 prmvaricatione
1225 4576 1275 4622 te
1301 4566 1548 4636 decipiat,
1575 4567 1656 4622 vel
1685 4568 1870 4622 minori

322 4663 560 4720 facundia
587 4671 641 4719 et
669 4662 909 4727 facultate
929 4660 1198 4725 deficiens,
1221 4659 1530 4715 innocentiae
1550 4667 1652 4714 ture
1679 4659 1872 4716 bonum

322 4760 498 4816 verbis
521 4760 880 4814 demonstrare
909 4773 1010 4812 non
1039 4754 1231 4826 possit?
1253 4753 1389 4808 Nihil
1418 4756 1622 4808 horum.
1644 4751 1772 4821 Quis
1790 4767 1874 4808 er-

323 4866 391 4920 go
427 4862 676 4905 venturus
714 4848 827 4903 est?
855 4861 1016 4918 quare
1053 4861 1155 4900 non
1192 4834 1424 4915 gaudes?
1461 4843 1589 4909 Quis
1623 4852 1874 4897 venturus

323 4949 407 4996 est
427 4939 660 5009 judicare
683 4947 754 5003 te,
777 4937 878 4992 nisi
902 4937 987 5005 qui
1010 4935 1149 4991 venit
1168 4933 1386 5003 iudicari
1413 4943 1628 5004 propter
1653 4932 1738 4988 te?
1762 4933 1874 4988 Non

328 5031 512 5084 timeas
533 5039 906 5090 accusatorem,
931 5026 996 5081 de
1014 5038 1117 5096 quo
1137 5024 1249 5096 ipse
1273 5023 1436 5078 dixit:
1464 5022 1702 5094 Princeps
1727 5023 1876 5094 hujus

324 5122 497 5176 mundi
517 5122 696 5175 missus
718 5129 787 5174 est
808 5124 942 5190 foras
968 5117 1140 5189 (Joan.
1167 5133 1261 5179 xu,
1285 5116 1392 5185 5f).
1421 5115 1532 5170 Non
1560 5116 1744 5170 timeas
1766 5131 1876 5169 ma-

326 5211 434 5267 lum
468 5213 808 5276 advocatum;
845 5211 930 5265 ille
963 5209 1099 5264 enim
1131 5206 1416 5262 tibi‘modo
1452 5205 1734 5260 advocatus
1759 5214 1872 5272 cst,

327 5306 414 5372 qui
456 5315 579 5358 tunc
611 5304 770 5374 judex
813 5302 1014 5356 futurus
1038 5310 1138 5355 est.
1166 5298 1256 5353 llle
1283 5297 1412 5359 erit,
1441 5305 1495 5351 et
1527 5307 1609 5362 tu,
1639 5304 1693 5352 et
1719 5311 1875 5352 causa

329 5404 412 5449 tua
437 5411 452 5460 ;
483 5409 659 5449 sermo
677 5409 846 5448 causae
868 5403 986 5452 tum,
1017 5388 1366 5444 testimonium
1394 5387 1726 5443 conscientia:
1752 5396 1873 5441 tuae.

326 5486 571 5555 Quisquis
589 5499 714 5554 ergo
734 5481 964 5537 futurum
987 5479 1210 5550 judicem
1233 5479 1404 5540 times,
1428 5486 1736 5546 praesentem
1759 5491 1878 5532 con-

326 5577 598 5632 scientiam
623 5574 762 5630 tuam
787 5573 943 5629 modo
971 5572 1192 5642 corrige.
1225 5571 1482 5625 Parumne
1509 5567 1603 5623 tibi
1632 5577 1714 5624 est
1739 5569 1876 5638 quod

331 5668 593 5738 praeterita
631 5681 733 5721 non
769 5664 1030 5735 requiret?
1054 5663 1179 5717 Sine
1206 5663 1406 5731 reliquo
1431 5661 1602 5731 spatio
1630 5663 1879 5730 temporis

329 5771 453 5818 tunc
472 5758 724 5828 iudicabit
748 5775 761 5810 :
784 5756 874 5812 sed
899 5771 1016 5811 cum
1037 5762 1230 5824 quanto
1253 5753 1423 5824 spatio
1445 5752 1693 5820 temporis
1719 5751 1873 5806 utodo

1302 369 1689 426 ENARRATIO
1726 367 1789 421 IN
1829 365 2140 426 PSALMUM
2176 371 2419 428 CXLV".

2377 200 2398 224 ι

3351 379 3489 436 1916

1949 485 2215 554 praecipit?
2240 487 2385 542 Tunc
2419 489 2526 557 jam
2553 491 2566 522 ¹
2595 491 2784 561 corrigi
2816 507 2916 545 non
2951 492 3126 548 licebit
3152 510 3165 545 :
3196 492 3349 547 modo
3375 501 3491 563 quis

1951 575 2227 643 prohibet?
2255 578 2361 631 lloc
2386 594 2503 631 cum
2538 579 2873 634 vehementer
2897 583 3378 638 commendaremus
3400 584 3494 636 do-

1950 665 2141 717 minico
2166 666 2270 730 die,
2298 669 2416 736 quia
2446 684 2646 733 revera,
2677 671 2794 739 quia
2820 686 2982 746 prope
3009 673 3104 725 hoc
3127 673 3292 725 solum
3318 673 3496 726 dicen-

1951 752 2071 805 dum
2100 763 2207 816 est;
2240 771 2342 808 non
2383 771 2560 822 parum
2593 761 2840 826 temporis
2865 759 3098 826 efﬂuxit,
3126 771 3179 814 ει
3209 763 3370 814 coacti
3410 778 3499 814 su-

1952 859 2067 896 mus
2090 844 2225 898 hunc
2247 846 2500 913 psalmum
2523 857 2818 916 susceptum
2841 851 2903 902 ad
2927 850 3270 915 tractandum,
3290 851 3338 902 in
3359 849 3498 904 hunc

1953 935 2090 987 diem
2129 934 2356 990 diﬂ'crre.
2391 936 2540 989 Modo
2571 939 2679 1005 ipse
2714 951 2901 1005 prmsto
2927 949 3037 1001 est;
3081 940 3406 993 intendamus
3445 941 3498 993 in

1953 1039 2071 1077 eum
2093 1067 2105 1090 ,
2136 1025 2237 1077 imo
2266 1026 2313 1078 in
2349 1026 2504 1078 Deum
2536 1029 2621 1096 qui
2654 1027 2746 1080 hos
2775 1044 3044 1082 sermones
3082 1046 3174 1097 per
3203 1030 3497 1083 miscricor-

1954 1116 2090 1169 diam
2119 1133 2262 1170 suam
2293 1119 2340 1169 in
2367 1118 2558 1186 Spiritu
2586 1135 2680 1170 suo
2705 1119 3006 1188 dispensare
3033 1121 3274 1189 dignatus
3301 1131 3398 1181 est,
3430 1121 3497 1172 ita

1957 1219 2007 1258 ut
2034 1207 2142 1276 ipse
2165 1208 2305 1261 novit
2322 1208 2564 1277 exp‘edire
2588 1210 2972 1263 infirmitatibus
2989 1212 3198 1263 nostris.
3214 1209 3338 1278 Quis
3359 1212 3497 1264 enim

1956 1312 2094 1366 :rger
2121 1298 2391 1350 consilium
2423 1298 2623 1352 medico
2649 1299 2772 1352 dare
2801 1299 2992 1352 audet?

2024 1388 2076 1440 2.
2106 1387 2233 1441 Cum
2269 1387 2544 1456 legeretur,
2574 1389 2730 1442 credo
2755 1400 2843 1442 aut
2869 1405 3050 1443 omnes
3076 1400 3163 1442 aut
3193 1390 3380 1442 multos
3410 1406 3499 1443 vc-

1957 1488 2120 1530 strum
2146 1478 2580 1550 (animadvertisse
2607 1479 2742 1546 quod
2787 1479 2971 1532 habeat
3004 1479 3206 1548 aliquos
3233 1493 3412 1532 versus
3438 1480 3500 1531 ad

1958 1583 2087 1635 quos
2113 1567 2420 1634 aperiendus
2447 1568 2750 1635 pulsandum
2782 1579 2879 1631 est,
2915 1571 3242 1636 maxiun-que
3278 1571 3360 1622 ubi
3390 1570 3458 1622 ait
3489 1589 3500 1622 :

1961 1659 2059 1722 Qui
2085 1659 2169 1710 dat
2194 1660 2348 1710 nivem
2374 1660 2501 1711 velut
2523 1659 2704 1720 lmmm,
2731 1661 2957 1712 nebulam
2979 1661 3108 1712 velut
3128 1665 3335 1712 cinerem
3357 1678 3500 1724 spor-

1958 1750 2027 1818 git
2055 1764 2073 1801 .'
2099 1750 2181 1816 qui
2219 1749 2364 1800 mittit
2403 1746 2686 1818 crystallum
2723 1767 2865 1801 suum
2896 1751 3023 1802 velut
3054 1750 3212 1817 frusta
3249 1751 3425 1818 ponis;
3454 1753 3504 1801 in

1959 1842 2133 1911 faciem
2171 1842 2368 1910 frigoris
2405 1843 2510 1908 ejus
2547 1843 2655 1909 quis
2692 1843 2960 1894 subsistet?
2992 1843 3080 1895 llis
3108 1845 3244 1896 enim
3283 1844 3503 1907 auditis,

1959 1934 2193 2001 quisquis
2223 1948 2282 1986 ea
2310 1932 2497 1999 accipit
2529 1932 2593 1984 ad
2624 1932 2846 1984 litteram
2871 1974 2883 1994 ,
2912 1948 3066 2000 opera
3099 1935 3303 2001 quidem
3332 1933 3503 1985 divina

1959 2023 2220 2092 Cogitavit.
2250 2022 2376 2088 Quis
2414 2023 2551 2076 enim
2594 2021 2680 2074 dat
2723 2023 2928 2083 nivem,
2962 2024 3056 2074 nisi
3100 2023 3273 2076 Deus?
3301 2031 3352 2076 et
3390 2023 3507 2090 quis

1961 2113 2200 2166 nebulam
2244 2112 2470 2181 spargit,
2510 2112 2607 2164 nisi
2649 2112 2812 2165 Deus?
2851 2112 3149 2182 crystallum
3181 2114 3293 2181 quis
3321 2111 3505 2171 durat,

1961 2205 2058 2258 nisi
2090 2205 2236 2273 ipse?
2262 2205 2328 2258 Et
2355 2205 2546 2257 habent
2576 2204 2683 2257 ha-c
2724 2206 2818 2256 tria
2859 2205 3227 2258 similitudines
3254 2220 3509 2273 congruas

1961 2295 2242 2362 oppositas.
2284 2295 2461 2363 Neque
2499 2295 2635 2348 enim
2675 2294 2944 2346 dissimilis
2977 2304 3058 2347 est
3101 2295 3214 2346 lana
3255 2295 3393 2357 nivi,
3421 2303 3510 2347 aut

1961 2387 2092 2441 ciuis
2117 2387 2346 2446 nebulas,
2374 2395 2462 2438 aut
2490 2386 2647 2437 frusta
2677 2385 2823 2452 panis
2849 2385 3093 2436 candidi‘
3121 2385 3272 2436 nitori
3300 2393 3352 2437 ει
3379 2400 3503 2436 ean-

1961 2477 2073 2530 d0ri
2103 2477 2352 2546 crystalli.
2395 2477 2486 2530 Est
2524 2476 2663 2530 enim
2704 2475 3003 2544 crystallum
3041 2475 3241 2542 species
3267 2474 3502 2542 qua-dam

1965 2569 2014 2621 in
2043 2568 2251 2621 modum
2281 2566 2428 2630 vitri,
2458 2566 2547 2619 sed
2575 2566 2852 2620 candidum
2883 2574 2980 2618 est.
3011 2565 3121 2617 Hoc
3149 2575 3318 2616 autem
3348 2579 3510 2631 genus

1965 2661 2181 2714 traditur
2206 2661 2272 2713 ab
2296 2659 2373 2713 eis
2397 2659 2480 2728 qui
2523 2667 2812 2719 noverunt;
2845 2657 2982 2709 unde
3019 2657 3254 2710 dubitare
3283 2672 3384 2708 non
3413 2655 3510 2708 dc-

1965 2750 2180 2808 bemus.
2223 2749 2464 2817 quoniam
2511 2747 2807 2801 fidelissima
2853 2745 3117 2813 Scriptura
3159 2746 3508 2798 tesmnonimn

1965 2839 2089 2894 dicit
2121 2859 2133 2892 :
2164 2840 2386 2893 traditur
2427 2854 2550 2905 ergo
2591 2837 2932 2907 crystallum,
2971 2839 3152 2889 durata
3198 2852 3289 2904 per
3327 2837 3512 2888 inultos

1964 2944 2130 2982 annos
2154 2939 2205 2982 et
2231 2945 2330 2982 non
2361 2929 2584 2982 resoluta
2613 2929 2749 2988 nive.
2781 2928 2846 2980 ita
2873 2927 3256 2994 congelascere.
3285 2935 3340 2978 ut
3367 2940 3512 2979 reso-

1966 3023 2094 3077 lutio
2118 3039 2219 3076 noa
2249 3021 2412 3076 facilis
2437 3016 2524 3074 sit.
2551 3019 2706 3074 Nives
2737 3019 3012 3087 prmteritaa
3039 3018 3222 3071 hiemis
3244 3017 3390 3070 facile
3407 3015 3515 3069 dis-
3571 3025 3578 3032 '

1965 3113 2118 3167 solvit
2145 3125 2299 3164 ms'as
2338 3110 2652 3173 adveniens;
2694 3124 2796 3162 non
2832 3109 2969 3163 enim
3000 3108 3078 3162 eis
3104 3107 3167 3161 ad
3196 3108 3514 3160 conlirman-

1966 3201 2084 3256 dam
2132 3201 2374 3256 duritiam
2417 3201 2640 3255 accessit
2677 3200 2963 3253 annositas.
3012 3198 3109 3253 libi
3153 3206 3323 3252 autem
3369 3198 3515 3250 nives

1967 3292 2141 3346 multa:
2165 3306 2258 3359 per
2282 3305 2448 3345 annos
2477 3291 2666 3344 multos
2691 3305 2847 3359 super
2869 3289 3085 3342 invicem
3112 3287 3281 3342 missae
3303 3286 3510 3352 fuerint,

1966 3391 2022 3437 ct
2047 3383 2192 3451 copia
2224 3397 2315 3435 sua
2345 3381 2641 3436 violentiam
2667 3381 2862 3435 a‘statis
2889 3379 3160 3441 evicerint,
3189 3395 3292 3432 non
3321 3379 3516 3434 aestatis

1947 3473 2141 3538 'unins,
2164 3472 2256 3528 sed
2279 3473 2580 3536 multarum,
2604 3471 2890 3542 praesertim
2913 3471 2965 3524 in
2988 3469 3069 3524 his
3088 3479 3239 3532 terra:
3263 3469 3515 3540 partibus,

1968 3565 2017 3618 id
2045 3578 2122 3620 est
2154 3565 2203 3617 in
2232 3564 2494 3632 aquilonia
2537 3563 2718 3638 plaga.
2751 3562 2836 3614 ubi
2872 3575 2970 3615 nec
2996 3569 3178 3615 aestate
3206 3561 3283 3615 sol
3315 3549 3516 3629 perfer-

1966 3656 2302 3710 veutissimus
2322 3654 2609 3726 invenitur;
2633 3655 2742 3721 ipsa
2769 3651 3010 3705 diuturna
3037 3661 3089 3704 et
3110 3665 3302 3703 annosa
3329 3651 3516 3705 duritia

1967 3744 2139 3798 reddit
2164 3743 2300 3796 hanc
2326 3743 2554 3810 speciem
2579 3757 2691 3810 qum
2719 3740 3022 3811 crystallum
3045 3739 3252 3792 dicitur.
3282 3739 3518 3793 luteudat

1968 3833 2206 3888 Charitas
2239 3841 2432 3886 vestra.
2471 3830 2603 3898 Quid
2651 3839 2732 3884 est
2770 3844 2894 3899 ergo
2930 3829 3270 3899 crystallum?
3307 3828 3402 3882 Nix
3437 3838 3517 3882 est

1967 3923 2132 3992 glacie
2161 3921 2341 3975 durata
2371 3937 2466 3990 per
2493 3920 2684 3974 multos
2708 3935 2892 3981 annos.
2915 3919 2984 3972 ita
3013 3929 3126 3973 uta
3153 3918 3263 3972 sole
3289 3918 3371 3973 vel
3402 3918 3518 3989 igne

1971 4013 2118 4068 facile
2137 4012 2349 4066 dissolvi
2372 4027 2475 4066 non
2495 4011 2680 4081 possit.
2704 4010 2814 4065 Hoc
2833 4018 3111 4078 propterea
3131 4008 3394 4076 aliquanto
3412 4009 3522 4062 diu-

1971 4104 2073 4157 tius
2091 4101 2449 4171 exposuimus,
2475 4101 2593 4171 quia
2620 4100 2768 4154 multi
2791 4101 3065 4169 ignorant:
3090 4111 3188 4151 nec
3212 4097 3285 4150 illi
3306 4099 3392 4167 qui
3421 4097 3519 4152 hoc

1972 4193 2105 4248 forte
2131 4200 2354 4258 norunt,
2382 4191 2448 4246 de
2477 4206 2532 4245 re
2559 4205 2712 4260 quam
2744 4196 3000 4243 noverunt
3023 4201 3303 4242 onerosum
3329 4186 3520 4241 debent

1971 4283 2166 4339 habere
2207 4296 2536 4344 sermonem,
2577 4279 2861 4334 adhibitum
2903 4292 3008 4332 non
3050 4285 3262 4348 propter
3298 4291 3389 4340 se,
3427 4275 3519 4330 sed

1972 4384 2185 4445 prepter
2207 4389 2298 4430 eos
2323 4374 2408 4444 qui
2435 4389 2537 4428 non
2566 4379 2839 4428 noverunt.
2867 4369 2990 4425 Haec
3013 4383 3138 4440 ergo
3158 4383 3277 4423 cum
3302 4367 3521 4422 audistis

1973 4474 2287 4535 personante
2331 4464 2586 4528 Lectore,
2632 4477 2735 4516 non
2781 4460 2962 4516 dubito
3002 4473 3096 4514 vos
3132 4457 3338 4513 diversa
3375 4456 3521 4527 cogi-

1975 4565 2145 4621 tasse;
2168 4554 2361 4609 dixisse
2383 4554 2605 4622 aliquos,
2629 4561 2682 4606 et
2703 4565 2884 4607 verum
2911 4548 3130 4614 dixisse,
3157 4547 3337 4617 Magna
3361 4560 3519 4615 opera

1976 4645 2214 4710 Domini,
2245 4643 2382 4698 unde
2418 4641 2669 4713 particula
2698 4641 2934 4714 qua-dam
2972 4648 3373 4694 commemorata
3403 4646 3483 4692 est
3502 4678 3518 4702 ,

1974 4747 2025 4791 et
2052 4737 2161 4804 ipsa
2182 4744 2410 4796 terrena.
2436 4742 2490 4789 et
2515 4747 2676 4802 prope
2691 4731 2940 4786 omnibus
2961 4730 3112 4785 annis
3135 4738 3276 4794 nota,
3305 4744 3525 4799 quoum-

1975 4827 2043 4883 do
2066 4828 2243 4897 ningat
2268 4827 2425 4888 Deus,
2451 4823 2713 4896 quomodo
2742 4822 2984 4877 nebulam
3013 4830 3240 4890 spargat,
3262 4819 3524 4890 quomodo

1974 4919 2130 4974 etiam
2162 4916 2464 4989 crystallum
2493 4912 2682 4968 solidet
2712 4931 2725 4966 :
2755 4912 2886 4966 alios
2913 4911 3108 4966 dixisse
3135 4910 3234 4970 sibi
3253 4951 3268 4973 ,
3297 4910 3524 4965 Putasne

1975 5009 2088 5063 sine
2111 5023 2269 5063 causa
2295 5007 2390 5061 ista
2417 5006 2468 5059 in
2491 5003 2774 5074 Scripturis
2799 5002 2963 5072 posita
2988 5011 3130 5068 sunt,
3158 5011 3247 5056 aut
3276 5015 3393 5056 vere
3420 4998 3524 5055 hoc

1976 5107 2141 5154 totum
2174 5097 2365 5152 habent
2391 5095 2528 5164 quod
2557 5095 2782 5148 sonant?
2811 5109 2914 5147 non
2952 5093 3104 5148 nobis
3133 5091 3323 5162 aliquid
3354 5091 3524 5146 innuit

1976 5189 2065 5243 nix
2092 5189 2188 5242 ista
2215 5197 2267 5241 et
2291 5187 2431 5249 lana,
2460 5184 2646 5240 nebula
2676 5193 2730 5238 et
2751 5184 2904 5246 cinis,
2933 5182 3233 5256 crystallum
3259 5189 3312 5235 et
3338 5179 3526 5250 panis?

1976 5277 2079 5333 Sed
2116 5291 2276 5346 quare
2318 5275 2394 5328 sic
2434 5273 2697 5342 Scriptura
2739 5273 2876 5342 loqui
2916 5271 3105 5334 voluit,
3145 5285 3238 5340 per
3272 5268 3524 5340 quasdam

1980 5367 2124 5437 quasi
2147 5363 2398 5434 caligines
2422 5362 2852 5418 similitudinum?
2873 5372 3068 5429 quanto
3091 5360 3274 5414 melius
3298 5358 3527 5427 apertius

1980 5453 2506 5526 loqueretur?-Quare
2529 5453 2611 5508 vel
2633 5467 2812 5522 qua:ro
2828 5451 2912 5507 vel
2943 5449 3142 5515 haesito,
3165 5448 3289 5518 quid
3313 5448 3412 5502 sibi
3437 5448 3524 5502 illa

2046 5635 2062 5666 ι
2077 5693 2084 5695 _
2100 5634 2170 5682 sic
2187 5639 2294 5681 uss,
2319 5638 2376 5680 Αι
2393 5637 2475 5695 Fr.
2493 5638 2544 5679 et
2563 5635 2692 5685 tov.,
2710 5627 2795 5695 sed
2818 5624 2943 5695 quod
2964 5637 3074 5695 cunt
3104 5630 3233 5674 tanto
3249 5622 3524 5688 spatiamu-

1981 5708 2054 5758 po:
2068 5693 2108 5743 is
2125 5695 2264 5758 modo
2281 5690 2516 5758 principii,
2534 5698 2642 5758 tinge
2658 5688 2800 5758 etiam
2814 5688 3007 5758 corrigi.
3033 5693 3125 5758 etc.

2045 5759 2063 5787 ²
2089 5756 2218 5814 txld.,
2246 5749 2448 5804 candido
2471 5749 2611 5805 uitari
2638 5764 2655 5799 :
2677 5749 3067 5799 dissentientibus
3089 5753 3189 5796 MSS.
