4082 6204
322 363 454 422 1917

316 483 513 547 praeter
532 488 707 529 arcam
734 489 749 526 :
774 490 851 527 va:
876 471 994 529 illia
1025 469 1238 540 diluvio.
1262 469 1508 540 Quisquis
1525 479 1718 535 autem,
1752 471 1860 524 sive

315 566 616 628 manducat,
643 567 753 619 sive
777 565 924 627 bibit,
947 564 1056 616 sive
1084 561 1277 630 aliquid
1302 562 1424 631 agit,
1459 561 1631 615 omnia
1661 562 1711 614 in
1746 561 1860 630 glo-

313 659 444 712 riam
469 657 560 712 Dei
590 656 714 710 facit
737 654 776 726 (1
801 654 915 708 Cor.
949 669 1006 718 x,
1037 654 1097 706 31
1124 654 1141 719 )
1175 669 1188 705 :
1218 663 1269 706 et
1297 653 1342 706 si
1363 653 1532 722 aliqua
1561 653 1766 706 tristitia
1784 663 1863 705 est

309 749 376 803 de
403 749 560 802 rebus
588 745 941 806 sarctilaribus,
959 745 1034 797 sic
1049 743 1158 810 flet,
1184 752 1239 796 ut
1259 745 1397 797 intus
1418 744 1468 796 in
1490 758 1582 812 spe
1601 742 1857 812 gaudeat;

309 849 362 893 et
389 839 432 891 si
450 839 616 907 aliqua
640 835 814 889 laetitia
853 843 934 887 est
957 835 1006 886 in
1043 833 1197 888 rebus
1219 833 1579 895 smcularibus,
1618 834 1693 886 sic
1731 849 1858 902 gan-

305 929 416 994 det,
451 938 505 983 ut
550 929 688 981 intus
731 925 1070 993 Spiritualiter
1114 924 1312 985 timeat,
1341 937 1438 976 nec
1462 921 1619 976 donet
1645 937 1702 977 se
1739 937 1858 975 cor-

305 1019 650 1090 rumpendum
705 1016 958 1080 felicitati,
1007 1030 1100 1069 nec
1149 1030 1204 1068 se
1251 1014 1339 1068 det
1368 1014 1664 1066 adversitati
1713 1011 1859 1066 fran-

305 1114 530 1183 gendum
561 1112 701 1182 (hoc
739 1120 819 1165 est
863 1112 1002 1164 enim
1038 1109 1163 1163 flere
1194 1118 1435 1177 tanquam
1472 1123 1576 1160 non
1624 1106 1856 1169 flentem,

305 1215 358 1259 et
383 1204 608 1274 gaudere
651 1213 894 1273 tanquam
927 1217 1026 1255 non
1059 1199 1409 1271 gaudentem)
1447 1216 1460 1252 :
1491 1199 1722 1267 quisquis
1740 1209 1792 1250 et
1815 1197 1858 1250 si

306 1295 462 1350 habet
502 1309 741 1361 uxorem,
783 1294 896 1362 ejus
949 1290 1230 1346 infirmitati
1268 1289 1608 1358 compatiens,
1665 1288 1853 1353 reddit,

303 1402 406 1440 non
447 1386 604 1455 exigit
661 1385 926 1444 debitum;
979 1392 1068 1437 aut
1112 1383 1153 1436 si
1208 1390 1422 1451 propter
1483 1379 1742 1448 propriam
1774 1379 1857 1431 in-

303 1477 598 1532 firmitatem
646 1477 789 1531 ducit
838 1489 1071 1537 uxorem,
1114 1462 1362 1542 plangens
1391 1473 1560 1541 potius
1589 1471 1704 1540 quia
1740 1471 1854 1524 sine

302 1583 467 1622 uxore
494 1583 612 1622 esse
654 1583 754 1620 non
805 1574 991 1634 potuit,
1033 1580 1186 1633 quam
1243 1563 1473 1632 gaudens
1501 1563 1619 1631 quia
1658 1561 1805 1615 duxit
1839 1578 1852 1614 :
1901 1615 1904 1618 .

299 1662 534 1730 quisquis
556 1659 734 1714 vendit
762 1656 898 1728 quod
939 1656 1079 1709 novit
1104 1655 1221 1724 quia
1245 1656 1341 1710 etsi
1371 1662 1622 1716 maneret,
1645 1652 1854 1706 beatum

301 1768 405 1806 non
431 1751 657 1812 faceret;
689 1748 925 1820 qui-squis
954 1747 1089 1816 quod
1119 1748 1264 1812 emit,
1289 1746 1429 1799 novit
1457 1746 1576 1814 quia
1598 1744 1850 1809 transiet;

300 1841 428 1896 etde
448 1841 529 1895 bis
543 1840 784 1894 onmibus
812 1839 908 1892 etsi
930 1836 1332 1900 abundantibus,
1357 1835 1452 1889 etsi
1474 1833 1841 1888 circumfluen-

298 1933 437 1987 tibus
457 1943 558 1985 non
579 1929 861 2000 praesumit,
893 1926 1116 1997 facitque
1145 1941 1209 1980 ex
1243 1941 1306 1981 eo
1341 1925 1479 1995 quod
1501 1926 1673 1986 habet,
1696 1925 1856 1978 mise-

295 2021 578 2077 ricordiam
613 2035 730 2074 cum
758 2034 822 2074 eo
847 2017 934 2086 qui
961 2031 1062 2070 non
1094 2017 1269 2082 habet,
1319 2025 1375 2069 ut
1400 2024 1451 2069 et
1487 2015 1597 2083 ipse
1634 2015 1856 2081 accipiat

295 2111 438 2182 quod
469 2125 570 2166 non
599 2111 754 2166 habet
783 2112 822 2178 ί,
853 2111 919 2165 ab
947 2111 1038 2165 lllo
1075 2108 1161 2178 qui
1189 2107 1360 2160 omnia
1391 2105 1549 2159 habet
1574 2123 1589 2158 :
1619 2105 1854 2174 quisquis

298 2202 416 2256 talis
443 2211 545 2268 est,
567 2216 782 2256 securus
795 2207 1062 2269 exspectat
1077 2199 1212 2254 diem
1237 2197 1595 2262 novissimum,
1614 2197 1730 2266 quia
1751 2211 1853 2250 non

294 2302 373 2348 est
395 2303 581 2360 prtetcr
604 2307 776 2346 arcam
800 2292 932 2361 ;jatn
956 2292 1091 2345 inter
1116 2291 1248 2359 ligna
1274 2287 1608 2356 imputribilia
1633 2302 1850 2357 compu-

294 2393 457 2447 tatur,
485 2398 550 2438 ex
578 2382 764 2452 quibus
789 2396 908 2435 arca
944 2379 1223 2435 fabricatur
1251 2379 1270 2449 (
1295 2376 1420 2432 Gen.
1447 2393 1520 2438 vn,
1553 2377 1615 2431 H
1648 2375 1687 2446 ).
1741 2377 1853 2432 Non

291 2490 425 2544 ergo
451 2475 628 2528 timeat
657 2482 932 2527 venturum
963 2469 1275 2532 Dominum;
1321 2468 1412 2522 sed
1451 2478 1648 2538 speret,
1681 2459 1735 2521 el
1756 2467 1853 2521 de-

293 2567 492 2621 sideret
518 2581 530 2616 :
560 2579 662 2618 non
683 2553 820 2618 erﬁm
835 2563 1009 2618 veniet
1032 2561 1105 2614 illi
1127 2560 1190 2614 ad
1214 2558 1512 2614 inferendas
1534 2573 1733 2627 pmnas,
1759 2556 1852 2612 sed

293 2657 362 2710 ad
387 2656 638 2710 finiendas
668 2655 951 2709 molestias.
983 2653 1092 2708 Hoc
1119 2660 1294 2706 autem
1335 2652 1394 2704 fit
1422 2649 1683 2705 desiderio
1714 2649 1853 2704 illius

291 2748 538 2803 civitatis.
553 2747 700 2816 Quod
721 2762 844 2816 ergo
860 2729 1060 2800 monuit
1079 2743 1447 2814 Evangelium,
1472 2742 1715 2812 impletur
1735 2742 1851 2809 ejus

291 2841 520 2898 civitatis
543 2837 822 2903 desiderio,
849 2854 1002 2908 quam
1043 2838 1278 2892 Psalmus
1297 2844 1472 2890 cantat
1507 2836 1528 2867 ³
1557 2851 1572 2888 :
1613 2835 1682 2888 ita
1722 2849 1850 2889 con-

290 2933 431 3004 gruit
463 2931 796 3002 Evangelium
823 2929 944 2984 huic
969 2929 1193 2985 cantico.

364 3024 416 3078 5.
457 3022 523 3076 Et
561 3037 714 3091 quam
742 3021 1003 3075 civitatem
1044 3018 1273 3088 psalmus
1310 3015 1408 3071 iste
1435 3023 1628 3078 cantat,
1672 3013 1852 3068 audia-

289 3131 430 3170 mus.
455 3114 758 3177 Audiamus,
787 3123 841 3167 et
867 3121 1166 3175 cantemus;
1190 3109 1432 3181 gaudium
1453 3118 1708 3174 nostrum,
1732 3123 1852 3163 cum

288 3205 391 3260 hoc
407 3205 664 3270 audimus,
682 3205 939 3260 canticum
954 3204 1044 3258 Dei
1068 3202 1230 3256 nostri
1247 3211 1344 3256 est.
1365 3201 1473 3254 Non
1494 3200 1630 3256 enim
1654 3208 1851 3255 tantum

287 3306 580 3359 cantamus,
613 3294 820 3365 quando
850 3308 978 3348 voce
1002 3301 1056 3348 et
1081 3292 1233 3346 labiis
1275 3305 1522 3344 sonamus
1550 3290 1844 3355 canticum;
1893 3332 1902 3339 .

286 3397 370 3443 est
396 3397 448 3442 et
475 3387 730 3441 canticum
754 3387 910 3448 intus,
939 3384 1056 3454 quia
1087 3392 1209 3438 sunt
1236 3390 1460 3436 etaures
1477 3379 1749 3450 cujusdam
1781 3381 1849 3434 in-

289 3489 396 3532 tus.
430 3477 568 3531 Voce
597 3486 894 3539 cantamus,
923 3483 976 3528 ut
1015 3489 1110 3528 nos
1133 3470 1452 3536 exaltemus;
1483 3469 1638 3525 corde
1676 3479 1852 3524 canta-

285 3583 428 3633 mus,
455 3577 511 3621 ut
536 3567 604 3620 illi
635 3567 948 3635 placeamus.
984 3565 1151 3634 Aggwi
1169 3574 1212 3616 et
1233 3563 1492 3616 lacuaria:
1521 3560 1593 3632 (a)
1612 3560 1849 3614 Psalmns

287 3660 502 3712 dicitur.
578 3659 797 3725 Aggreus
863 3663 917 3707 et
972 3654 1248 3706 Zacharias
1310 3651 1577 3727 prophetze
1621 3649 1846 3703 fuerunt.

289 3750 453 3804 Erant
485 3754 656 3799 autem
690 3744 956 3814 prophctze
987 3729 1068 3794 isti
1094 3742 1199 3809 jam
1229 3741 1279 3792 in
1307 3739 1609 3806 captivitate
1630 3737 1841 3791 Jerusa-

290 3840 393 3892 lem
443 3836 597 3898 illius,
629 3850 744 3904 qua:
774 3834 822 3886 in
871 3841 1004 3886 terra
1037 3831 1259 3900 portavit
1288 3830 1525 3883 umbram
1568 3827 1840 3896 cujusdam

286 3927 536 3985 lecstis.
569 3926 624 3980 In
647 3911 783 3979 illius
809 3939 936 3993 ergo
963 3919 1186 3975 civitatis
1205 3918 1502 3987 captivitate
1521 3932 1637 3971 cum
1669 3926 1847 3972 essent

288 4023 339 4075 in
361 4019 664 4088 Babylonia,
693 4015 1136 4086 prOphetaveruut
1169 4010 1435 4081 propheta:
1463 4009 1548 4063 isti
1570 4009 1848 4080 reparatio-

287 4125 413 4164 nem
443 4108 754 4172 Jerusalem,
780 4104 1219 4174 prophctaverunt
1251 4101 1514 4155 civitatem
1546 4113 1734 4152 novam
1773 4114 1839 4153 ex

288 4199 620 4269 reparatione
663 4198 874 4258 veteris,
921 4195 1137 4249 liberato
1164 4192 1356 4262 populo
1384 4206 1413 4243 a
1439 4191 1737 4257 captivitate
1775 4189 1794 4261 (
1823 4189 1842 4243 l

287 4291 470 4345 Esdra:
493 4307 548 4355 ν,
582 4291 606 4345 1
636 4305 649 4355 ;
680 4301 724 4343 et
749 4305 822 4354 vr,
852 4288 918 4342 14
953 4289 992 4357 ).
1039 4285 1384 4356 Agnoscimus
1410 4291 1463 4338 et
1487 4283 1638 4336 istam
1681 4281 1847 4350 capti-

290 4368 522 4446 vitatem,
546 4383 590 4436 si
611 4397 734 4436 vere
753 4379 1083 4451 agnoscimus
1103 4386 1333 4432 nostram
1353 4376 1842 4446 peregrinationem.

290 4477 343 4531 In
373 4479 471 4531 hoc
494 4475 864 4538 enimmundo,
897 4476 947 4528 in
987 4473 1066 4527 his
1090 4471 1505 4526 tribulationibus
1543 4472 1740 4536 saeculi,
1790 4471 1844 4525 in

291 4571 388 4623 hac
417 4571 563 4622 turba
595 4568 863 4634 multiplici
895 4566 1281 4628 scandalorum,
1327 4562 1553 4632 quodam
1597 4562 1751 4616 modo
1789 4562 1842 4616 in

289 4660 584 4727 captivitate
612 4658 904 4728 gemimus;
923 4655 1012 4710 sed
1039 4655 1298 4723 erigemur
1321 4670 1334 4706 :
1366 4651 1750 4722 praenuntiatur
1770 4651 1844 4705 cio

293 4753 420 4808 vitas
443 4763 617 4806 nostra
643 4732 772 4804 nova
797 4749 966 4804 futura
994 4747 1226 4816 mqualis.
1254 4745 1382 4798 Nam
1409 4753 1463 4798 et
1487 4752 1602 4812 post
1623 4743 1842 4796 istorum

289 4844 762 4915 propltelationcnt,
793 4850 845 4895 et
875 4838 1148 4892 visibiliter
1190 4835 1425 4903 contigit,
1455 4842 1512 4886 ut
1549 4841 1710 4886 totum
1747 4847 1843 4886 ex-

293 4939 566 5006 plicaretur
582 4934 720 5006 quod
738 4934 799 4987 ad
820 4929 1213 5001 persolvendam
1235 4927 1508 4994 imaginem
1529 4923 1858 4993 pertinebat:

289 5027 544 5096 Reparata
593 5036 673 5079 est
710 5023 994 5078 Jerusalem
1027 5027 1143 5086 post
1177 5017 1498 5087 septuaginta
1557 5027 1722 5068 annos
1753 5029 1842 5067 ca-

288 5117 553 5185 ptivitatis.
589 5115 674 5168 Sic
697 5113 951 5167 Jeremias
979 5110 1230 5180 propheta
1273 5106 1596 5175 septuaginta
1627 5105 1776 5158 annis
1798 5104 1840 5167 ³,

285 5205 582 5274 septenario
629 5204 716 5256 illo
753 5216 969 5255 numero
1013 5214 1220 5253 onmem
1261 5195 1640 5250 volubilitatem
1687 5193 1842 5260 hujus

289 5297 536 5367 temporis
557 5296 762 5364 signat:
804 5292 1104 5362 septenario
1132 5290 1270 5345 enim
1307 5302 1526 5342 numero
1565 5287 1842 5341 volvuntur

285 5389 395 5444 dies
441 5388 514 5450 hi,
551 5387 682 5441 sicut
716 5385 912 5449 nostis;
957 5382 1111 5438 iidem
1141 5381 1350 5442 abeunt,
1397 5377 1552 5431 iidem
1601 5375 1839 5430 redeunt.

286 5478 408 5534 Post
450 5477 776 5548 septuaginta
807 5490 933 5545 ergo
976 5487 1162 5537 annos,
1193 5485 1311 5525 cum
1344 5467 1670 5537 prophetavit
1695 5465 1840 5522 Jere-

346 5592 362 5656 ξ
389 5601 487 5656 Arn,
514 5597 567 5641 et
585 5590 953 5656 Mssqmnittnnt,
973 5588 1096 5656 quod
1119 5599 1209 5656 non
1232 5584 1382 5634 habet.

344 5654 363 5682 ²
396 5649 474 5702 sic'
490 5659 595 5700 Mss.
620 5651 730 5700 Edd.
755 5664 891 5707 vero,
911 5649 1279 5710 thrtrsalmus
1301 5653 1472 5697 cantat.

347 5713 366 5747 ³
385 5713 606 5774 Plerique
628 5719 754 5774 Mss,
779 5709 1024 5774 prop/idat
1043 5717 1142 5774 post
1164 5709 1454 5773 septuaginta
1468 5722 1636 5768 annos,
1661 5713 1756 5757 ειε-

347 5774 416 5834 (a)
442 5772 625 5825 Titulus
650 5772 822 5823 l‘sa'mi
842 5773 984 5834 hujus
1012 5772 1134 5831 apud
1165 5778 1286 5820 Lxx.

1321 356 1703 419 ENARBATlO
1745 357 1806 412 ΙΝ
1850 359 2161 417 ΡΞΛΙΜΗΜ
2200 365 2444 424 CXLVII.

3382 381 3513 436 1918

1968 478 2099 531 mias
2139 482 2369 548 reparari
2399 482 2659 538 civitatem
2688 484 2979 541 Jerusalem
2999 487 3019 558 ζ
3041 487 3225 542 Jerem.
3261 507 3384 558 xxv,
3414 494 3512 555 ης

1968 581 2010 624 et
2031 588 2173 635 χχιι,
2202 574 2266 627 10
2286 575 2328 646 ),
2355 572 2548 629 factum
2579 587 2678 644 est,
2705 587 2831 633 utet
2861 581 2925 633 ibi
2950 584 3324 652 significaretur
3349 587 3513 656 imago

1965 660 2257 716 futurorum
2288 682 2298 715 :
2326 665 2667 734 significatum
2693 678 2774 722 est
2803 673 2951 725 nobis
2973 682 3087 740 post
3115 689 3321 728 omnem
3360 676 3514 731 istam

1967 753 2335 808 volubilitatem
2357 758 2623 825 temporis,
2654 775 2768 828 qua:
2789 764 3084 830 septenario
3112 780 3328 817 numero
3354 767 3512 820 volvi-

1967 853 2066 908 tur,
2095 845 2318 900 futuram
2361 849 2498 902 illam
2529 851 2788 904 civitatem
2831 866 3059 908 nostram
3086 856 3192 924 jatn
3223 857 3272 909 in
3310 855 3532 911 a2tcrni?

1965 945 2068 990 tate
2098 939 2146 991 in
2169 955 2271 991 uno
2288 940 2391 994 die.
2424 941 2475 1005 ιιι
2499 941 2584 994 illa
2613 944 2804 1011 quippe
2835 944 3148 999 habitatione
3177 957 3381 1016 tempus
3409 964 3510 1003 non

1963 1030 2204 1111 volvitur,
2234 1032 2351 1100 quia
2383 1033 2640 1085 habitator
2660 1034 2727 1087 ibi
2752 1051 2852 1089 non
2876 1036 3082 1090 labituc.
3112 1038 3253 1091 llanc
3278 1055 3397 1093 cum
3433 1040 3509 1092 vi-

1963 1119 2147 1172 derent
2173 1121 2221 1173 in
2252 1122 2436 1188 spiritu
2467 1122 2775 1189 Propheta};
2809 1125 3050 1180 videbant
3080 1128 3241 1191 illam,
3266 1128 3516 1182 dicebant

1962 1209 2026 1263 de
2054 1211 2167 1263 ista.
2189 1209 2292 1265 Sed
2321 1213 2430 1264 lucc
2455 1212 2692 1266 dicebant
2719 1214 2781 1267 de
2813 1214 2928 1280 ista,
2953 1231 3066 1284 quae
3101 1218 3150 1269 in
3182 1218 3318 1270 illam
3352 1217 3514 1271 duce-

1961 1310 2107 1362 rent;
2152 1311 2205 1355 et
2247 1302 2331 1354 illa
2362 1303 2534 1356 omnia
2564 1319 2679 1372 quae
2726 1304 2917 1358 fiebant
2959 1307 3241 1360 secundum
3288 1319 3513 1376 tempus.

1961 1392 2243 1445 secundum
2273 1394 2572 1461 corporales
2601 1395 2880 1452 motiones.
2915 1398 3199 1451 secundum
3245 1409 3388 1452 actus
3416 1400 3512 1453 ho-

1960 1469 2178 1544 minum,
2202 1484 2344 1550 signa
2373 1495 2521 1538 erant
2546 1494 2596 1539 et
2619 1487 3079 1556 prmuuntiationes
3100 1486 3408 1541 futurorum.

2030 1572 2080 1625 6.
2111 1569 2270 1643 [vers.
2303 1573 2413 1646 12.]
2454 1577 2736 1630 Audiamus
2773 1577 2879 1646 jam
2910 1578 3107 1631 cantari
3146 1579 3405 1631 civitatem
3449 1578 3516 1630 il-

1960 1660 2097 1726 lam,
2139 1673 2191 1714 et
2220 1664 2482 1730 erigamur
2516 1666 2580 1718 ad
2621 1681 2755 1719 eam.
2801 1667 3012 1722 Multum
3053 1669 3191 1721 enim
3222 1669 3371 1722 nobis
3397 1684 3513 1723 eam

1959 1754 2289 1808 commendat
2319 1754 2542 1824 Spiritus
2573 1757 2682 1818 Dei,
2715 1757 2994 1813 infundens
3020 1759 3168 1812 nobis
3195 1775 3425 1814 amorem
3451 1760 3515 1814 il-

1959 1843 2087 1902 lius.
2123 1854 2178 1897 ut
2213 1845 2259 1899 ei
2301 1847 2643 1914 5n5piremus,
2673 1857 2726 1902 et
2754 1849 2803 1901 in
2852 1850 3266 1918 peregrinatione
3293 1851 3515 1918 ingemi-

1959 1941 2188 1996 scamns,
2215 1943 2268 1988 ct
2295 1935 2362 1988 ad
2391 1935 2530 1988 illam
2557 1938 2736 1992 venire
2764 1931 3140 1993 desideremus.
3171 1942 3419 1995 Amemus
3450 1941 3516 1994 il-

1960 2021 2059 2076 lam
2081 2064 2094 2086 ,
2118 2033 2169 2077 et
2199 2025 2366 2091 ipsum
2397 2041 2572 2080 amare
2601 2027 2868 2082 ambulare
2895 2038 2994 2082 est.
3023 2029 3160 2082 Ecce
3188 2045 3425 2084 amemus
3453 2029 3516 2084 il-

1960 2115 2059 2168 lam
2088 2133 2149 2169 ex
2181 2132 2273 2171 ore
2309 2129 2489 2172 sancto
2510 2160 2523 2185 ,
2566 2135 2628 2173 ex
2667 2135 2759 2174 ore
2787 2120 3096 2189 prophetico
3124 2131 3178 2175 et
3197 2122 3288 2176 Dei
3316 2121 3518 2191 Spiritu

1958 2207 2178 2262 dicentis
2213 2227 2224 2262 :
2259 2209 2523 2275 Collauda,
2551 2209 2828 2264 Jerusalem
2848 2253 2862 2277 ,
2886 2211 3178 2266 Dominum.
3212 2213 3266 2267 In
3293 2203 3517 2283 captivi-

1959 2306 2065 2354 tate
2099 2299 2268 2354 adhnc
2293 2303 2560 2362 constituti
2582 2342 2598 2367 ,
2630 2302 2810 2356 vident
2837 2302 2952 2355 illos
2976 2319 3190 2372 greges,
3221 2305 3326 2357 imo
3355 2321 3513 2360 unum

1935 2385 2166 2456 'gre‘gcm
2189 2390 2418 2443 omnium
2444 2392 2636 2444 civium
2657 2432 2670 2456 ,
2713 2391 2942 2460 undique
2985 2393 3323 2448 collectorum
3353 2395 3416 2448 ad
3446 2395 3514 2448 il-

1957 2476 2058 2529 lam
2087 2478 2384 2543 civitatem;
2416 2480 2592 2535 vident
2615 2480 2858 2551 gaudium
2899 2497 3106 2550 massae,
3133 2492 3249 2553 post
3276 2485 3512 2556 trituras,

1957 2576 2074 2634 post
2115 2570 2480 2624 ventilationes
2522 2571 2627 2641 jam
2663 2565 2845 2626 'missa:
2883 2573 2934 2627 iu
2973 2574 3216 2628 horreum
3240 2617 3254 2640 ,
3284 2575 3410 2629 nihil
3444 2577 3514 2629 ti-

1957 2658 2147 2712 mentis
2170 2700 2185 2723 ,
2222 2659 2351 2714 nihil
2381 2662 2574 2716 laboris
2597 2672 2650 2717 et
2676 2663 2930 2718 molestire
2953 2665 3225 2734 patientis;
3257 2674 3310 2718 et
3336 2665 3510 2720 adhuc

1957 2746 2043 2802 hic
2065 2752 2236 2819 positi,
2260 2753 2379 2807 etin
2413 2754 2520 2823 ipsa
2546 2755 2864 2811 contritione
2889 2767 3260 2812 conversantes
3281 2759 3512 2827 praemit-

1957 2850 2071 2895 tunt
2108 2843 2350 2912 gaudium
2391 2847 2534 2914 spei,
2563 2854 2614 2899 et
2644 2847 2893 2901 anhelant
2929 2848 2978 2901 in
3008 2847 3170 2913 illam,
3199 2849 3346 2918 quasi
3377 2863 3508 2904 con-

1949 2931 2230 3001 iungentes
2258 2935 2413 2988 corda
2441 2951 2529 2988 sua
2554 2937 2766 3005 Angelis
2795 2936 2907 3003 Dei,
2936 2947 2986 2991 et
3013 2938 3185 2991 futuro
3214 2939 3287 2991 illi
3314 2939 3508 3008 populo

1955 3037 2133 3078 secum
2175 3025 2226 3079 in
2256 3026 2443 3095 gaudio
2473 3041 2835 3095 permansuro.
2867 3027 3112 3081 Collanda
3135 3070 3150 3093 ,
3185 3028 3467 3084 Jerusalem
3491 3072 3508 3097 ,

1954 3113 2244 3169 Dominum.
2273 3117 2405 3183 Quid
2433 3118 2570 3171 enim
2598 3119 2790 3172 factura
2819 3135 2897 3181 es,
2919 3135 2951 3171 o
2967 3119 3256 3174 Jerusalem
3275 3119 3300 3172 ?
3319 3119 3512 3175 Trans-

1955 3204 2029 3259 iet
2061 3216 2203 3260 certe
2244 3215 2296 3261 et
2333 3207 2480 3262 labor
2506 3218 2560 3262 et
2583 3211 2826 3277 gemitus.
2858 3209 2992 3277 Quid
3040 3209 3232 3264 factura
3263 3211 3357 3265 es?
3385 3226 3506 3265 ara-

1956 3304 2067 3348 tura
2093 3338 2107 3361 ,
2139 3298 2454 3351 semiuatnra
2475 3341 2490 3363 ,
2525 3301 2842 3353 novellatnra
2865 3343 2878 3366 ,
2905 3299 3202 3370 navigatura
3225 3317 3283 3356 es
3303 3343 3317 3368 ,
3347 3316 3511 3372 nego-

1956 3387 2141 3440 tiatura
2179 3387 2269 3442 es?
2307 3388 2440 3455 Quid
2485 3388 2681 3442 factura
2729 3390 2820 3445 es?
2867 3392 2945 3444 An
2991 3390 3041 3444 in
3089 3391 3192 3444 illis
3217 3391 3466 3461 operibus
3494 3433 3510 3458 ,

1953 3479 2190 3547 quamvis
2217 3479 2367 3532 bonis
2395 3489 2447 3535 et
2472 3479 2536 3534 de
2569 3482 2922 3536 misericordia
2959 3483 3290 3538 venientibus
3310 3526 3325 3551 ,
3354 3501 3511 3538 exer-

1953 3569 2058 3621 ceri
2101 3577 2149 3621 te
2193 3570 2363 3623 adhuc
2406 3572 2649 3638 oportet?
2684 3572 2968 3626 Considera
3009 3591 3281 3627 numerum
3323 3584 3501 3640 tuunt,

1954 3659 2227 3713 considera
2252 3661 2478 3729 undique
2504 3663 2805 3715 societatem
2835 3672 2973 3716 tuam
3006 3681 3018 3716 :
3052 3665 3167 3718 vide
3198 3676 3368 3719 utrum
3405 3667 3505 3719 ali-

1952 3749 2068 3817 quis
2093 3750 2319 3813 esuriat,
2350 3751 2432 3803 cui
2463 3752 2697 3820 porrigas
2729 3768 2948 3820 panem;
2982 3751 3101 3806 vide
3135 3755 3177 3808 si
3207 3755 3394 3823 aliquis
3430 3757 3508 3810 si-

1953 3840 2064 3901 tiat,
2093 3839 2176 3893 cui
2205 3833 2297 3894 de's
2319 3841 2532 3895 calicem
2561 3857 2707 3912 aqute
2730 3843 2962 3912 frigidm;
2989 3843 3106 3898 vide
3128 3855 3298 3898 utrum
3319 3847 3508 3916 aliquis
3574 3832 3586 3842 ’

1952 3929 2106 3983 modo
2127 3929 2263 3998 apud
2290 3941 2340 3986 te
2369 3933 2672 4002 peregrinus
2692 3933 2792 3999 est,
2816 3951 2969 4004 quem
2993 3935 3219 4012 hospitio
3250 3939 3505 4008 recipias;

1952 4022 2068 4077 vide
2121 4033 2293 4078 utrum
2340 4025 2529 4093 aliquis
2577 4026 2645 4079 sit
2692 4043 2860 4094 aeger,
2914 4043 3069 4096 quem
3120 4030 3343 4094 visites;
3387 4032 3507 4086 vide

1951 4125 2123 4169 utrum
2157 4117 2343 4186 aliquis
2387 4117 2586 4188 litiget,
2623 4134 2776 4186 quem
2802 4120 3092 4175 concordes
3123 4121 3342 4192 (Matth.
3374 4138 3504 4188 xxv,

1950 4205 2038 4270 55,
2069 4206 2191 4275 '56);
2222 4207 2340 4261 vide
2370 4219 2540 4261 utrum
2571 4209 2757 4277 aliquis
2781 4211 3051 4278 moriatur,
3079 4226 3231 4280 quem
3258 4213 3504 4280 sepelias.

1949 4299 2082 4364 Quid
2103 4315 2228 4368 ergo
2257 4299 2448 4353 factura
2476 4302 2570 4355 es?
2596 4300 2861 4368 Collauda,
2885 4301 3184 4371 Jerusalem,
3215 4303 3505 4370 Dominum;

1949 4403 2073 4443 ecce
2099 4388 2197 4443 hoc
2221 4392 2576 4458 cstnegotium
2601 4401 2764 4445 tuum.
2793 4391 3087 4448 Sicutsolet
3108 4395 3157 4448 in
3186 4395 3346 4448 titulis
3371 4396 3503 4450 scri-

1953 4481 2023 4545 bi,
2056 4480 2216 4536 Utere
2244 4479 2374 4534 felix
2405 4499 2417 4533 :
2449 4479 2715 4548 Collauda,
2743 4482 3042 4550 Jerusalem,
3073 4485 3359 4538 Dominum.

2020 4572 2070 4624 7.
2115 4571 2295 4624 Estote
2343 4571 2673 4626 Jerusalem:
2707 4586 3024 4627 mctneutote
3071 4574 3136 4628 de
3183 4577 3367 4644 quibus
3417 4574 3501 4628 di-

1947 4673 2088 4717 clum
2113 4672 2211 4728 est,
2240 4661 2474 4724 Domine,
2500 4664 2550 4716 in
2573 4664 2764 4717 civitate
2791 4675 2873 4716 tua
2903 4666 3164 4734 imaginem
3191 4667 3408 4732 ipsorum
3436 4665 3503 4717 ad

1949 4753 2160 4807 nihilum
2188 4754 2378 4824 redigas
2408 4751 2428 4827 (
2458 4754 2594 4808 Psal.
2628 4771 2766 4808 Lxxn
2792 4798 2805 4818 ,
2830 4754 2954 4825 9.0).
2989 4757 3048 4808 lli
3088 4767 3210 4809 sunt
3229 4758 3314 4825 qui
3343 4756 3502 4811 modo

1946 4845 2173 4916 gaudent
2199 4848 2386 4914 talibus
2409 4847 2642 4916 pompis:
2673 4847 2806 4900 inter
2828 4848 2941 4899 illos
2967 4848 3195 4916 suntqui
3225 4857 3500 4916 pr0pterca

1948 4937 2102 4992 hodie
2131 4954 2232 4992 non
2263 4947 2536 5000 venerunt,
2565 4938 2683 5006 quia
2709 4953 2892 4991 munus
2918 4947 3017 4992 est.
3041 4937 3136 4993 Cui
3169 4956 3354 4992 munus
3383 4939 3502 4994 est?

1947 5029 2029 5083 cui
2059 5029 2346 5082 damnum?
2372 5011 2651 5081 Αιιιύιιιιο
2683 5029 2904 5082 munus?
2933 5040 3020 5081 aut
3047 5028 3183 5082 unde
3209 5028 3502 5082 damnum?

1948 5120 2059 5174 Non
2085 5121 2220 5174 enim
2251 5119 2324 5172 illi
2355 5127 2552 5172 tantum
2577 5120 2660 5188 qui
2696 5119 2811 5172 talia
2843 5120 3023 5186 edunt,
3067 5119 3256 5173 damno
3298 5119 3500 5174 feriun-

1949 5221 2064 5275 tur;
2092 5210 2182 5264 sed
2205 5209 2387 5277 majori
2411 5209 2602 5261 damno
2629 5209 3001 5277 percutiuntur,
3021 5209 3109 5278 qui
3131 5209 3248 5262 talia
3278 5209 3500 5264 libenter

1947 5302 2232 5355 intuentur.
2265 5299 2472 5352 Illorum
2501 5314 2620 5354 arca
2649 5315 2776 5354 auro
2803 5301 3124 5372 exinanitur;
3157 5300 3370 5352 istorum
3402 5315 3495 5368 pe-

1945 5401 2063 5446 ctus
2102 5390 2315 5458 justitia:
2347 5389 2545 5444 divitiis
2581 5391 2917 5459 eXSpoliatnr.
2971 5391 3227 5460 Plangunt
3260 5390 3495 5460 plerique

1945 5483 2212 5549 editores,
2252 5482 2536 5538 vendentes
2581 5483 2729 5536 villas
2772 5497 2892 5537 suas
2935 5499 2948 5536 :
2994 5481 3256 5550 quomodo
3303 5481 3498 5536 debent

1947 5575 2193 5645 plangere
2235 5586 2571 5645 peccatores,
2614 5575 2890 5644 perdentcs
2925 5576 3128 5629 animas
3155 5577 3310 5628 suas!
3356 5575 3500 5629 Itane

1943 5667 2010 5720 ad
2040 5665 2139 5720 hoc
2163 5666 2406 5721 clamavit
2436 5667 2686 5721 Dominus
2709 5665 2970 5720 dominico
2999 5664 3083 5721 die
3107 5708 3123 5732 ,
3162 5663 3374 5737 Vigilutc
3393 5706 3408 5732 ,
3442 5673 3502 5721 ut

1950 5756 2107 5814 hodie
2128 5758 2204 5814 sic
2223 5758 2559 5830 vigilarctur?
2586 5758 2818 5813 Obsecro
2839 5772 2953 5824 vos,
2980 5773 3012 5814 ο
3033 5757 3176 5813 cives
3190 5756 3496 5814 Jerusalem.
