4082 6204
567 328 703 385 1919

563 438 745 508 adiuro
764 436 976 504 vesper
996 447 1174 503 pacem
1200 434 1488 491 Jerusalem
1510 478 1523 502 ,
1552 452 1644 507 per
1678 438 2059 509 redemptorem
2079 482 2096 506 ,

566 542 659 596 per
676 536 1001 591 Sll'tlt'lﬂl‘ctll,
1032 540 1123 593 per
1147 536 1403 579 rectorem
1423 526 1734 592 Jerusalem,
1760 539 1814 581 ut
1837 540 2108 583 converta-

514 644 515 647 η
565 620 631 673 tis
655 633 749 687 pro
775 618 875 671 illis
903 632 1085 687 preces
1125 617 1188 672 ad
1238 618 1419 671 Deum.
1449 618 1699 685 Videant,
1727 621 1956 674 sentiant
1988 621 2108 691 quia

563 717 852 778 angantur;
876 721 929 763 et
953 709 1170 763 multum
1199 709 1379 763 intenti
1402 710 1452 764 in
1481 710 1563 762 illa
1593 712 1887 779 spectacula
1911 728 2026 781 quae
2048 712 2109 766 il-

562 798 627 852 lis
657 797 863 866 placent
881 841 897 865 ,
932 799 1209 869 aliquando
1232 810 1283 853 et
1312 814 1369 852 se
1397 810 1663 868 spectent,
1691 801 1895 872 sibique
1920 801 2107 870 diSpli-

560 899 736 947 ceant.
767 890 819 943 lu
860 890 1036 943 multis
1068 889 1206 944 enim
1249 889 1354 958 jam
1386 890 1571 944 factum
1598 891 1910 960 gaudemus;
1936 902 1988 948 et
2010 894 2107 948 ali-

562 981 772 1051 quando
796 997 893 1036 nos
924 996 1131 1051 queque
1175 981 1244 1035 ibi
1282 980 1533 1048 sedimus,
1564 970 2025 1061 et‘insanivimus:
2055 995 2109 1040 et

562 1087 715 1141 quam
755 1071 945 1125 multos
985 1080 1224 1139 putamus
1251 1071 1320 1126 ibi
1349 1086 1485 1126 nunc
1521 1072 1706 1128 sedere
1727 1114 1740 1138 ,
1775 1073 1974 1128 futuros
2004 1091 2106 1129 non

560 1164 728 1216 solum
748 1164 1080 1229 christianos,
1105 1163 1195 1217 sed
1217 1163 1371 1217 etiam
1395 1164 1705 1232 episcopos?
1732 1164 1805 1218 Ex
1828 1165 2108 1234 praeteritis

562 1252 731 1308 futura
776 1254 1111 1323 conjicimns;
1142 1269 1204 1307 ex
1236 1251 1315 1308 his
1355 1270 1471 1323 qua:
1507 1255 1613 1324 jam
1658 1254 1789 1309 facta
1824 1264 1963 1319 sunt,
1991 1271 2107 1326 qum

564 1343 699 1397 Deus
723 1344 948 1398 facturus
985 1353 1066 1399 est
1090 1344 1516 1412 pr.rnuntiamtts.
1550 1346 1774 1416 Vigilent
1802 1363 1981 1417 preces
2019 1363 2109 1405 ve-

560 1442 720 1499 strae;
749 1449 852 1489 non
890 1436 1050 1504 gratis
1087 1436 1292 1504 gentilis
1321 1478 1335 1501 ,
1377 1435 1583 1492 fratres.
1628 1437 1848 1492 Prorsus
1894 1431 1968 1493 illi
2017 1439 2107 1509 qui

562 1534 858 1588 evaserunt,
890 1525 1230 1593 deprecantes
1256 1540 1351 1595 pro
1381 1525 1461 1579 his
1481 1528 1566 1596 qui
1592 1528 1966 1595 periclitantur,
1986 1531 2106 1600 quia

565 1624 617 1669 et
646 1614 741 1682 ipsi
770 1613 979 1668 fuerunt
1004 1614 1054 1668 in
1094 1630 1312 1668 numero
1341 1615 1745 1683 periclitantium
1772 1658 1785 1682 ,
1817 1619 2105 1673 exaudiun-

563 1714 645 1756 tur
668 1720 683 1767 ;
710 1714 764 1757 et
787 1703 1053 1757 abstrahet
1066 1704 1201 1757 Deus
1219 1720 1246 1756 a
1267 1705 1565 1772 captivitate
1585 1703 1881 1777 Balty-lonire
1902 1708 2104 1775 plebem

558 1809 725 1857 suam,
746 1794 961 1848 redimet
981 1795 1194 1849 omnino
1214 1804 1263 1847 et
1281 1804 1448 1859 eruet,
1467 1803 1519 1849 et
1537 1796 1835 1864 perﬁcietur
1861 1813 2107 1854 numerus

559 1892 856 1937 sanctorum
883 1885 1191 1953 gestantium
1219 1886 1493 1953 imaginem
1533 1885 1645 1939 Dei.
1673 1886 1785 1942 Non
1829 1887 1897 1942 ibi
1930 1897 2103 1954 erunt,

560 1988 778 2043 quorum
804 1973 1077 2042 imaginem
1109 1974 1243 2027 Deus
1273 1974 1549 2029 incivitate
1571 1990 1661 2029 sua
1691 1984 1933 2045 spernet,
1961 1986 2015 2032 et
2040 1977 2107 2031 ad

561 2062 776 2115 nihilum
804 2062 1003 2131 rediget
1026 2078 1040 2125 ;
1073 2063 1190 2131 quia
1218 2074 1269 2117 et
1299 2063 1394 2132 ipsi
1423 2064 1472 2117 in
1499 2066 1707 2120 civitate
1727 2080 1820 2120 sua
1839 2068 1877 2132 ί,
1906 2067 2003 2123 hoc
2026 2077 2108 2123 est

564 2149 880 2220 Babylonia,
929 2149 1206 2220 imaginem
1252 2152 1366 2221 ejus
1408 2152 1471 2206 ad
1520 2153 1736 2209 nihilum
1774 2156 2103 2228 redegerunt.

561 2238 675 2296 Erit
714 2236 801 2293 ille
836 2239 1057 2307 populus
1084 2239 1299 2295 laudans
1328 2240 1605 2297 Dominum
1629 2284 1644 2306 ,
1672 2259 1826 2313 quem
1860 2245 2108 2314 praevidet

560 2329 715 2386 modo
742 2327 965 2399 Spiritus
993 2330 1309 2400 prophetiae;
1336 2340 1386 2387 et
1428 2332 1553 2386 dicit
1597 2343 1651 2387 ut
1686 2335 2014 2391 exsultemus
2055 2338 2107 2391 in

560 2435 672 2488 spe,
700 2430 752 2474 et
778 2414 1136 2476 desideremus
1166 2421 1329 2489 ipsam
1357 2436 1487 2476 rem.
1507 2421 1771 2488 Collauda,
1803 2424 2103 2491 Jerusalem,

561 2509 863 2572 Dominum;
887 2509 1039 2567 lauda
1069 2510 1227 2565 Deum
1251 2520 1410 2577 tuum,
1439 2512 1582 2566 Sion.
1610 2511 1872 2580 Collauda,
1902 2512 2020 2584 quia
2040 2531 2106 2571 ex

558 2598 733 2654 multis
770 2593 1014 2663 constas;
1045 2600 1196 2653 lauda
1218 2642 1232 2664 ,
1274 2601 1393 2671 quia
1433 2617 1593 2655 unutn
1634 2602 1766 2657 facta
1804 2618 1881 2658 es.
1911 2603 2102 2671 Multi,

560 2690 725 2760 inquit
751 2689 1054 2758 Apostolus,
1084 2705 1235 2753 unum
1264 2706 1432 2743 sunms
1454 2690 1506 2744 in
1534 2690 1726 2746 Christo
1745 2690 1867 2746 Iesu
1892 2693 1910 2763 (
1936 2692 1959 2748 Ι
1987 2692 2103 2765 Cor.

518 2822 523 2825 ι
560 2795 616 2841 x,
642 2778 758 2849 l7).
785 2778 1039 2846 Quoniam
1064 2794 1189 2849 ergo
1215 2779 1401 2847 multi,
1441 2781 1797 2837 collaudamus
1820 2799 1834 2845 ;
1861 2785 2136 2853 quoniam“;

560 2886 737 2937 unum,
768 2868 1060 2924 laudamus.
1092 2870 1250 2926 [idem
1281 2871 1428 2926 multi
1463 2872 1549 2942 qui
1578 2888 1767 2940 unum;
1796 2875 1915 2944 quia
1942 2876 2026 2930 ille
2052 2877 2106 2931 in

500 3029 512 3038 ε
557 2975 662 3031 quo
685 2976 869 3028 unum,
888 2975 1097 3033 semper
1124 2976 1275 3018 unus.

627 3051 679 3107 8.
692 3050 882 3119 Quare,
902 3051 1067 3124 inquit
1093 3053 1205 3109 haec
1221 3052 1531 3122 Jerusalem,
1549 3055 1788 3112 collaudo
1805 3056 2102 3126 Dominum,

559 3151 612 3199 et
648 3142 803 3199 laudo
842 3143 1005 3199 Deum
1043 3158 1217 3200 meum
1259 3143 1430 3201 Sion?
1463 3145 1591 3214 Qua:
1612 3147 1761 3214 Sion,
1795 3149 1912 3219 ipsa.
1947 3148 2102 3204 Jeru-

557 3233 741 3287 salem.
759 3233 985 3290 Diversis
1000 3235 1174 3290 causis
1189 3233 1293 3290 duo
1312 3235 1543 3290 nomina.
1562 3235 1851 3295 Jerusalem
1870 3237 2005 3293 dicta
2023 3247 2106 3294 est

562 3320 705 3375 Visio
729 3321 907 3389 pacis:
937 3320 1064 3377 Sion
1085 3322 1221 3377 dicta
1240 3331 1323 3378 est
1345 3313 1663 3393 Speculatio.
1689 3325 1873 3382 Videte
1898 3328 1941 3382 si
1964 3327 2106 3384 aliud

558 3418 748 3465 sonant
766 3410 862 3465 ista
887 3410 1119 3478 nomina,
1149 3412 1250 3466 nisi
1273 3413 1562 3483 spectacula
1587 3429 1603 3478 ;
1633 3428 1697 3469 ne
1717 3424 1902 3485 putent
1922 3426 2107 3487 gentes

558 3515 616 3555 se
641 3501 834 3559 habere
858 3502 1151 3573 spectacula
1170 3542 1185 3566 ,
1214 3510 1270 3558 et
1289 3518 1387 3560 nos
1415 3519 1518 3559 non
1549 3502 1762 3561 habere.
1790 3506 2103 3577 Aliquando,

458 3587 468 3596 ”
558 3590 776 3646 dimisso
799 3590 1003 3647 theatro
1023 3600 1113 3647 aut
1136 3591 1513 3662 amphiteatro,
1541 3609 1659 3648 cum
1684 3596 1902 3664 coeperit
1925 3611 1990 3651 ex
2020 3597 2105 3652 illa

557 3696 713 3737 cavea
737 3682 905 3738 evomi
935 3681 1086 3737 turba
1115 3683 1459 3752 perditorum,
1484 3684 1760 3755 aliquando
1785 3695 2023 3743 tenentes
2051 3688 2106 3751 in

558 3774 732 3828 animo
761 3773 1058 3844 phantasias
1086 3774 1329 3829 vanitatis
1355 3788 1466 3829 suae
1488 3816 1502 3838 ,
1531 3786 1584 3829 et
1620 3778 1925 3833 memoriam
1954 3792 2103 3834 suam

560 3874 834 3934 pascentes
862 3867 1019 3920 rebus
1043 3879 1145 3919 non
1172 3866 1343 3921 solum
1379 3864 1682 3929 inutilibus,
1716 3866 1810 3921 sed
1840 3875 1893 3923 et
1924 3868 2103 3938 perni-

557 3958 735 4021 ciosis,
762 3957 1047 4027 gaudentes
1072 3957 1126 4011 in
1154 3957 1232 4013 eis
1252 3964 1495 4027 tanquam
1525 3958 1575 4011 in
1599 3956 1861 4025 dulcibus,
1884 3959 1977 4015 sed
2005 3973 2101 4028 pe-

532 4036 790 4115 stiferis;
820 4046 1001 4103 vident
1037 4047 1377 4118 plerumque,
1418 4054 1478 4102 ut
1516 4045 1610 4111 lit,
1656 4047 1885 4103 transire
1924 4062 2105 4104 servos

559 4138 672 4203 Dei.
697 4148 1017 4210 cognoscunt
1044 4138 1159 4209 ipso
1183 4137 1359 4194 habitu
1380 4137 1462 4194 vel
1487 4137 1646 4193 vestis
1677 4138 1759 4193 vel
1782 4138 1995 4208 capitis,
2022 4141 2104 4196 vel

561 4223 733 4287 fronte
754 4231 776 4263 ³
801 4238 953 4285 notos
990 4228 1185 4285 habent
1206 4269 1222 4293 ,
1251 4238 1305 4284 et
1331 4226 1511 4307 dicunt
1547 4226 1687 4299 apud
1719 4229 2029 4299 semetipsos
2051 4238 2107 4286 et

458 4381 463 4385 ξ
558 4332 736 4377 secum
768 4338 783 4375 :
809 4319 854 4376 0
877 4321 1098 4376 miseros
1119 4319 1266 4385 istos,
1296 4319 1420 4390 quid
1448 4318 1710 4391 perdunt!
1740 4318 1984 4389 Fratres,
2014 4336 2104 4378 ro-

508 4400 512 4403 Α
559 4423 741 4482 gemns
785 4410 1063 4465 Dominum
1105 4424 1201 4480 pro
1241 4408 1603 4464 benevolentia
1654 4408 1884 4479 ipsorum
1914 4450 1931 4478 ,
1983 4410 2102 4480 quia

564 4501 756 4557 bonum
787 4499 911 4556 illud
937 4508 1138 4571 putant.
1179 4499 1321 4578 Bene
1363 4499 1513 4555 nobis
1536 4499 1719 4555 volunt
1744 4516 1760 4557 :
1789 4499 1882 4557 sed
1909 4501 1997 4573 qui
2024 4501 2105 4559 di-

564 4593 674 4663 ligit
702 4590 1049 4661 iniquitatem,
1077 4589 1189 4645 odit
1220 4589 1446 4681 animam
1473 4603 1620 4681 suam
1650 4587 1895 4681 (Partha,
1925 4592 2018 4658 6).
2048 4593 2107 4650 Si

561 4681 673 4738 odit
695 4681 921 4735 animam
946 4694 1114 4745 suam,
1144 4678 1407 4748 quomodo
1427 4677 1625 4734 amabit
1648 4677 1876 4736 animam
1901 4684 2105 4739 meam?

563 4771 760 4826 Tamen
787 4770 896 4840 ipsa
920 4783 1169 4840 perversa
1199 4777 1254 4825 et
1290 4768 1428 4823 inani
1457 4777 1511 4825 et
1546 4787 1677 4829 vana
1706 4771 2063 4829 benevolentia
2086 4813 2102 4838 ,

561 4861 605 4915 si
636 4859 992 4916 benevolentia
1017 4859 1233 4916 dicenda
1263 4868 1345 4916 est
1365 4901 1381 4924 .
1410 4860 1590 4918 dolent
1612 4879 1711 4920 nos
1730 4862 1949 4933 perdere
1966 4862 2104 4933 quod

560 4960 780 5017 amant;
820 4965 1033 5006 oremus
1078 4967 1145 5006 ne
1186 4951 1408 5023 perdant
1449 4954 1589 5024 quod
1633 4968 1889 5010 amamus.
1921 4953 2107 5010 Videte

562 5042 769 5114 qualem
792 5041 1082 5099 Jerusalem
1107 5044 1412 5100 exhortetur
1447 5045 1512 5100 ad
1545 5045 1746 5101 laudem
1765 5087 1781 5111 ,
1812 5044 1898 5100 vel
1935 5045 2107 5116 potius

563 5134 862 5204 praesentiat
892 5132 1235 5189 laudaturam.
1266 5135 1376 5191 Non
1408 5137 1547 5192 enim
1578 5138 1715 5194 illius
1741 5137 1967 5194 civitatis
1989 5137 2106 5193 lau-

560 5224 678 5291 des,
701 5233 825 5281 tunc
848 5238 967 5280 cum
991 5221 1280 5280 videbimus
1304 5235 1357 5280 et
1381 5225 1669 5282 amabimus
1688 5237 1741 5284 et
1762 5226 2102 5292 laudabimus,

564 5329 693 5372 voce
726 5313 1028 5389 prophetica
1051 5314 1387 5370 exhortandae
1412 5324 1466 5372 et
1486 5317 1775 5373 excitanda:
1815 5326 1937 5373 sunt
1966 5336 1980 5372 :
2010 5317 2106 5373 sed

566 5414 837 5489 propterea
880 5405 1037 5462 modo
1062 5405 1243 5463 dicunt
1284 5408 1382 5463 hoc
1417 5407 1720 5478 Prophetas,
1759 5418 1818 5464 ut
1857 5420 2038 5481 potent
2060 5410 2103 5476 ³,

599 5497 643 5566 ..ι
665 5496 741 5566 sic
758 5490 867 5545 Isti.
892 5502 947 5545 At
966 5500 1040 5546 Er.
1059 5503 1112 5548 et
1128 5503 1254 5558 ιρι,
1276 5503 1321 5548 et
1335 5495 1492 5560 ipsiin
1514 5498 1778 5564 captivitate
1798 5514 1885 5552 sua
1905 5507 1950 5553 et
1967 5501 2019 5553 in
2040 5500 2110 5553 ci-

566 5561 816 5606 vitalem.
1458 5606 1463 5611 .

627 5618 647 5680 ξ
671 5623 742 5680 Itr.
768 5624 820 5680 et
839 5615 1018 5680 aliquot
1035 5625 1161 5680 Mss"
1195 5619 1329 5680 forte.

629 5675 650 5707 ⁸
666 5678 740 5725 sio
751 5675 1046 5746 aliquaittss.
1073 5675 1180 5729 Edd.
1195 5675 1326 5737 vero,
1346 5686 1536 5743 utpote;
1559 5690 1610 5731 et
1638 5681 1779 5746 infra,
1801 5683 1976 5746 gaudia
1996 5685 2106 5739 bea-

567 5741 725 5786 torum
739 5742 1000 5789 eructum“
1018 5741 1070 5791 in
1090 5753 1229 5792 aures
1246 5741 1445 5800 nostras,
1473 5750 1522 5794 ut
1537 5744 1759 5806 excitent,
1777 5741 1870 5795 εἰς.

1768 327 1824 386 s.
1864 328 2218 388 aucusrun
2248 286 2554 411 anteco”

3622 352 3756 409 1930

2214 457 2462 514 quantum
2509 461 2724 519 possunt
2766 452 2817 507 in
2863 440 2981 513 hac‘
3009 471 3169 515 carne
3227 460 3492 518 constituti
3523 505 3540 530 ,
3582 464 3757 527 futura

2208 538 2394 605 gaudia
2438 539 2743 609 beatorum,
2786 554 2838 599 et
2877 558 3170 605 eructantes
3210 550 3263 606 in
3308 567 3462 609 aures
3505 566 3755 625 nostras,

2209 631 2432 684 excitent
2450 646 2679 688 amorem
2708 635 2844 690 illius
2863 638 3102 697 civitatis.
3132 640 3448 701 Fert/eamus
3465 647 3753 713 desiderio,

2209 733 2311 772 non
2340 720 2505 777 simus
2528 725 2714 792 spiritu
2744 728 2892 797 pigri.

2279 809 2330 864 9.
2383 810 2545 883 [ινεη.
2576 813 2703 888 15.]
2735 818 2836 871 Sed
2876 819 3046 876 videte
3081 824 3284 892 qualem
3311 824 3606 883 Jerusnlem
3632 830 3759 886 dicit

2208 898 2528 958 laudaturam
2572 905 2731 961 Deum
2757 947 2771 972 ,
2797 918 2851 962 et
2882 912 3018 965 unde
3043 912 3363 970 laudaturam
3388 934 3404 973 :
3437 906 3760 987 perfectione

2208 990 2427 1058 quadam
2453 994 2799 1051 beatitudinis.
2823 997 3088 1065 Collauda,
3117 1004 3300 1075 inquit,
3317 1006 3620 1075 Jerusalem,
3648 1014 3758 1067 Do-

2209 1080 2396 1134 minum
2416 1099 2437 1147 ;
2476 1083 2627 1137 lauda
2655 1085 2816 1142 Deum
2858 1099 3014 1155 tuum,
3049 1094 3192 1149 Sion.
3239 1097 3305 1152 Et
3340 1103 3485 1168 quasi
3512 1104 3719 1160 diceret
3742 1154 3756 1169 ,

2209 1169 2356 1227 Unde
2381 1186 2560 1230 secura
2589 1178 2809 1235 laudabo
2833 1182 2857 1235 ?
2888 1183 3133 1250 Quoniam
3162 1191 3471 1257 conﬁrmavit
3492 1234 3508 1255 ,
3546 1195 3714 1263 inquit
3738 1239 3755 1263 ,

2208 1272 2360 1317 vectes
2390 1277 2639 1333 partarum
2663 1280 2876 1325 tuarum.
2907 1275 3203 1343 Attendite,
3234 1279 3419 1337 fratres
3454 1287 3577 1339 mei.
3615 1284 3759 1340 Cou-

2207 1351 2441 1421 ﬁrntauit,
2471 1357 2654 1428 inquit,
2676 1372 2829 1416 vectes
2851 1377 3105 1434 portarum
3126 1364 3340 1425 luat-tim.
3370 1372 3603 1430 Vectiutn
3625 1395 3757 1433 mn-

2209 1442 2431 1500 lirmatio
2453 1461 2554 1511 non
2577 1459 2658 1505 est
2687 1454 2949 1519 portarum
2969 1467 3286 1525 aperturum.
3305 1462 3396 1516 sed
3417 1464 3716 1521 clausurum
3737 1486 3755 1523 :

2207 1532 2344 1587 unde
2373 1535 2605 1607 plerique
2639 1541 2845 1598 codices
2880 1543 3089 1613 habent,
3119 1547 3444 1617 Con/ﬁrmauit
3464 1570 3757 1625 satrapar-

2207 1637 2367 1679 tarum
2405 1635 2619 1683 tuarum.
2658 1633 2906 1689 Attendat
2948 1636 3185 1694 Charitas
3213 1653 3406 1698 vestra.
3436 1643 3759 1702 Conclusam

2206 1718 2500 1778 Jerusalem
2526 1722 2654 1779 dicit
2691 1726 2904 1783 laudare
2944 1728 3243 1786 Dominum.
3278 1732 3524 1789 Collauda
3547 1779 3562 1796 .
3600 1737 3760 1791 Jeru-

2206 1813 2379 1878 salem;
2416 1812 2715 1879 Dominum;
2739 1818 2891 1871 lauda
2921 1819 3077 1873 Deum
3105 1831 3262 1886 tuum,
3292 1823 3438 1878 Sion.
3465 1825 3757 1883 Collauda-

2207 1917 2324 1956 mus
2350 1903 2524 1971 modo,
2550 1905 2821 1962 laudamus
2840 1908 3015 1973 modo,
3042 1910 3132 1966 sed
3155 1912 3290 1967 inter
3314 1916 3578 1969 scandala.
3609 1898 3759 1973 stunt

2205 2007 2338 2061 quos
2366 1994 2625 2063 nolumus,
2652 1996 2872 2062 intrant;
2904 2000 3077 2068 multi,
3104 2001 3204 2056 etsi
3235 2004 3497 2070 nolumus,
3522 2020 3757 2069 exeunt;

2208 2082 2325 2137 ideo
2348 2084 2685 2141 crebrescunt
2712 2088 2953 2143 scandala
2980 2108 2993 2144 :
3020 2089 3082 2143 Et
3099 2094 3333 2160 quoniam
3358 2097 3627 2162 abundat-it
3651 2100 3759 2150 ini-

2204 2177 2385 2241 quitas,
2403 2177 2476 2231 ait
2493 2177 2713 2243 Veritas,
2731 2182 3003 2252 refrigescit
3018 2185 3235 2239 clturitas
3251 2188 3515 2239 multorum
3540 2189 3559 2255 (
3568 2187 3753 2243 Matth.

2205 2281 2327 2321 xxtv
2350 2308 2365 2331 ,
2407 2267 2537 2339 12):
2574 2279 2787 2339 propter
2823 2272 3095 2340 intrantes,
3130 2272 3271 2346 'quos
3311 2277 3600 2345 dijudicare
3646 2296 3757 2334 non

2208 2370 2520 2425 possumus;
2550 2368 2604 2413 et
2626 2370 2898 2439 exeuntes,
2925 2377 3057 2431 quos
3096 2371 3275 2419 tenere
3314 2381 3417 2418 non
3451 2382 3754 2435 possumus.

2206 2446 2379 2513 Quare
2419 2447 2564 2503 hoc?
2603 2450 2731 2518 Quia
2775 2452 3002 2507 nondum
3059 2453 3345 2524 perfectio,
3390 2458 3620 2511 nondum
3667 2460 3767 2521 illa

2206 2536 2489 2593 beatitudo.
2537 2540 2709 2608 Quare
2756 2541 2893 2597 hoc?
2929 2531 3063 2609 Quia
3107 2544 3278 2601 adhuc
3304 2560 3473 2612 'area,
3520 2551 3754 2605 nondum

2207 2628 2472 2685 horreum.
2500 2630 2646 2685 Tunc
2665 2647 2790 2701 ergo
2811 2633 2960 2703 quid;
2983 2634 3080 2689 nisi
3105 2645 3163 2691 ut
3190 2651 3293 2692 non
3319 2639 3501 2693 timeas
3527 2641 3629 2693 tale
3656 2641 3758 2694 ali,

2205 2722 2328 2791 quid
2358 2720 2623 2777 futurum?
2649 2722 2895 2782 Collauda
2920 2726 3082 2788 enim,
3107 2725 3418 2792 Jerusalem,
3453 2728 3751 2794 Dominum,

2205 2813 2357 2866 lauda
2394 2812 2553 2867 Deum
2593 2824 2729 2867 tuum
2747 2854 2763 2880 ,
2809 2814 2969 2878 Sion;
3000 2816 3233 2886 quoniam
3267 2819 3575 2886 conﬁrmarit
3600 2809 3758 2876 vertas

2205 2914 2460 2974 portarum
2501 2913 2715 2959 tuarum.
2745 2905 3084 2974 Conﬁrmant.
3124 2908 3236 2965 Non
3264 2909 3427 2971 dixit,
3459 2913 3750 2982 Apposuit,

2206 3004 2405 3053 tantum
2437 3013 2451 3050 :
2480 2996 2799 3066 Con/ﬁrmavit
2827 3000 2843 3032 ¹
2868 3009 3025 3053 vectes
3053 3009 3308 3070 portarunt
3335 3012 3553 3056 tuarum.
3585 3002 3755 3057 Nemo

2203 3098 2388 3156 exeat,
2425 3105 2581 3146 nemo
2615 3091 2792 3149 intret.
2833 3090 2996 3148 Nemo
3022 3102 3209 3160 exeat,
3235 3092 3555 3164 gaudemus:
3584 3093 3756 3150 Nemo

2205 3179 2381 3245 intret,
2432 3180 2695 3252 timemus.
2735 3180 2844 3239 Nec
2881 3181 2981 3238 hoc
3017 3183 3202 3239 timeas
3223 3224 3241 3251 ,
3281 3198 3401 3239 cum
3431 3184 3711 3240 intraveris
3734 3227 3751 3248 ,

2204 3268 2408 3326 dicetur
2437 3270 2841 3337 ;,tantummodo
2866 3282 2983 3328 esto
3008 3273 3060 3328 in
3097 3286 3318 3330 numero
3339 3274 3595 3346 virginum
3632 3292 3755 3347 quae

2205 3368 2479 3428 portarunt
2500 3360 2674 3417 oleum
2697 3376 2897 3419 secum.
3776 3428 3783 3437 κ

2277 3448 2610 3520 10.Virgines
2629 3452 2769 3509 enim
2795 3452 2897 3510 illa:
2914 3455 3116 3510 animas
3129 3454 3444 3526 signiﬁcant.
3469 3454 3580 3511 Non
3606 3457 3753 3513 enim

2204 3552 2329 3595 vere
2353 3539 2581 3611 quinque
2613 3551 2789 3609 erant,
2820 3543 2913 3599 sed
2951 3543 3004 3599 in
3032 3545 3259 3616 quinque
3284 3546 3387 3602 illis
3421 3546 3575 3613 millia
3602 3559 3747 3602 sunt.

2206 3627 2263 3682 In
2299 3643 2516 3685 numero
2545 3631 2634 3687 illo
2667 3632 2907 3703 quinario
2934 3635 3097 3690 millia
3125 3636 3495 3707 intelliguntur,
3526 3652 3627 3692 nou
3668 3637 3749 3691 fe-

2205 3717 2462 3774 minarum
2507 3730 2703 3777 tantum
2733 3761 2751 3788 ,
2780 3722 2893 3779 sed
2940 3734 2995 3780 et
3020 3726 3266 3781 'virorum
3308 3744 3322 3780 :
3369 3729 3491 3799 quia
3530 3738 3752 3800 uterque

2205 3820 2360 3863 sexus
2383 3809 2575 3866 dicitur
2596 3810 2810 3876 femina,
2832 3815 2950 3883 quia
2973 3814 3207 3871 Ecclesia
3223 3833 3239 3883 ;
3254 3825 3313 3872 et
3325 3826 3541 3888 uterque
3563 3834 3746 3884 sexus,

2206 3898 2308 3956 hoc
2337 3909 2424 3957 est
2448 3902 2712 3971 Ecclesia,
2752 3903 2941 3960 dicitur
2976 3906 3144 3977 virgo.
3193 3906 3495 3978 Desponsavi
3535 3926 3620 3965 eos
3664 3912 3754 3965 uni

2205 3991 2338 4056 uiro,
2369 3992 2606 4063 virginem
2628 4003 2816 4050 castam
2842 3996 3067 4051 exhibete
3089 3997 3285 4052 Christo
3311 3998 3391 4073 (ll
3418 3998 3538 4055 Cor.
3568 4017 3636 4061 χι,
3669 4000 3727 4069 2)

2204 4080 2496 4141 Paucorum
2521 4093 2605 4141 est
2626 4086 2898 4156 virginitas
2920 4086 2970 4141 in
2993 4102 3173 4155 carne,
3194 4090 3428 4144 omnium
3454 4089 3609 4145 debet
3630 4105 3755 4147 esse

2203 4172 2259 4231 in
2291 4174 2471 4235 corde.
2489 4174 2769 4247 Virginitas
2814 4178 3009 4245 carnis,
3035 4192 3228 4249 corpus
3274 4180 3556 4246 intactum;
3588 4181 3752 4251 virgi-

2204 4266 2351 4325 nitas
2363 4267 2561 4336 cordis,
2591 4265 2721 4326 lides
2747 4268 3069 4341 incorrupta.
3100 4271 3237 4341 Ergo
3263 4270 3454 4327 dicitur
3476 4272 3621 4342 virgo
3642 4282 3754 4329 tota

2205 4357 2465 4426 Ecclesia,
2484 4366 2540 4414 et
2556 4358 2843 4415 masculino
2859 4375 3053 4431 genere
3070 4362 3361 4431 appellatur
3378 4354 3600 4434 populiis
3623 4363 3715 4419 Dei
3734 4379 3750 4419 :

2205 4458 2426 4520 uterque
2449 4463 2606 4505 sexus
2610 4449 2848 4521 populus
2868 4450 2983 4518 Dei,
2999 4459 3052 4507 et
3068 4467 3203 4507 unus
3228 4452 3467 4523 populus,
3491 4464 3541 4509 et
3564 4454 3755 4510 unicus

2207 4541 2454 4611 populus;
2479 4551 2534 4598 et
2556 4556 2659 4597 una
2682 4541 2935 4610 Ecclesia,
2954 4553 3008 4599 et
3026 4544 3177 4600 unica
3205 4544 3446 4602 columba
3475 4562 3490 4599 :
3519 4555 3680 4616 atque
3701 4547 3752 4601 in

2206 4628 2304 4685 hac
2323 4629 2616 4698 virginitate
2643 4630 2809 4688 millia
2828 4638 3149 4697 sanctorum.
3181 4633 3320 4704 Ergo
3342 4635 3576 4705 quinque
3597 4624 3757 4706 virgi-

2206 4733 2302 4773 nes
2327 4732 2512 4774 omnes
2546 4718 2747 4776 animas
2764 4721 3051 4801 intraturas
3078 4721 3131 4776 in
3171 4738 3389 4794 regnum
3421 4723 3509 4780 Dei
3546 4725 3756 4795 signiti-

2207 4814 2366 4873 cant;
2416 4823 2518 4863 non
2561 4809 2676 4865 sine
2722 4825 2879 4866 causa
2926 4811 3465 4891 quinario‘numero,
3503 4815 3755 4885 quoniam

2207 4897 2433 4969 quinque
2459 4907 2583 4955 sunt
2607 4901 2841 4971 corporis
2864 4916 3051 4958 sensus
3078 4892 3337 4967 notissimi
3364 4905 3626 4960 omnibus.
3654 4905 3759 4962 Per

2207 4990 2437 5061 quinque
2477 4992 2617 5047 enim
2657 4991 2847 5063 ianuas
2891 4993 3050 5048 intrat
3087 4988 3427 5067 aliquid‘per
3464 5009 3655 5066 corpus
3689 4997 3761 5052 ad

2207 5080 2434 5137 animam
2461 5099 2476 5135 :
2497 5092 2588 5137 aut
2609 5098 2704 5153 per
2725 5084 2907 5141 oculos
2935 5083 3096 5138 intrat
3112 5084 3261 5155 quod
3284 5072 3626 5163 concupiscas
3646 5103 3762 5141 tua-

2206 5167 2260 5226 le
2277 5210 2295 5236 ,
2322 5180 2414 5226 aut
2438 5185 2531 5241 per
2553 5186 2728 5237 aures,
2757 5184 2844 5229 aut
2871 5188 2965 5244 per
2984 5172 3256 5255 olfactum,
3290 5184 3502 5255 anuper
3521 5186 3758 5245 gustum,

2207 5268 2300 5315 aut
2342 5276 2435 5331 per
2456 5270 2777 5317 contactum.
2805 5263 2905 5319 Per
2935 5263 3033 5321 bas"
3053 5264 3283 5336 quinque
3301 5266 3491 5341 ianuas
3517 5268 3761 5338 quisquis

2210 5365 2314 5406 non
2340 5350 2609 5407 admiserit
2631 5353 3063 5429 corruptionem,
3102 5354 3245 5433 inter»
3272 5354 3504 5428 quinque
3527 5357 3762 5426 virgines

2209 5450 2558 5513 computatur.
2586 5442 2944 5499 Admittuntur
2967 5453 3140 5500 autem
3160 5444 3542 5529 correptiones
3566 5461 3661 5517 per
3688 5446 3760 5501 il-

2274 5614 2387 5670 “Sic
2400 5628 2573 5684 Amet
2590 5620 2755 5684 plures
2775 5629 2881 5672 uss.
2902 5628 2955 5671 Αι
2973 5627 3100 5684 ιριι
3117 5605 3333 5680 Nm
3505 5619 3724 5684 αρροέκέι
3742 5629 3766 5672 :

2211 5688 2396 5747 tantum
2406 5679 2713 5747 continuauit,
2738 5693 2829 5733 etc.
2844 5686 2895 5747 fit
2912 5680 3051 5747 paulo
3073 5690 3181 5745 post
3199 5685 3249 5733 in
3268 5682 3362 5734 Edd
3398 5679 3679 5747 legelitur:
3697 5689 3768 5737 Νι

2212 5743 2299 5794 hoc
2319 5743 2482 5794 timeas
2494 5743 2609 5793 eum
2628 5743 2895 5797 intraveris.
2913 5743 3108 5798 'Dicitttr
3138 5743 3473 5807 ιαηηιηιηιοόοζ
3494 5750 3612 5803 esto.
3630 5750 3733 5797 etc.
