4082 6204
319 264 450 321 19⁸11

319 376 458 433 licita
495 372 775 434 desideria.
810 371 944 444 Quid
991 355 1164 426 autem
1205 368 1360 424 liceat
1399 377 1452 423 et
1502 383 1606 424 non
1653 367 1808 449 liceat
1845 407 1862 429 ,

317 470 460 540 pleni
483 477 607 524 sunt
630 467 748 522 libri
775 464 1178 534 Scripturarum.
1206 460 1346 532 Ergo
1369 474 1501 530 opus
1527 467 1608 516 est
1637 469 1693 514 ut
1716 459 1790 514 sis
1814 459 1866 513 in

317 563 426 618 illis
467 561 696 631 quinque
735 556 1037 628 virginibus.
1087 553 1200 610 Non
1248 552 1456 608 timebis
1494 550 1632 622 quod
1669 549 1866 605 dictum

318 662 422 720 est,
451 652 616 708 Nemo
643 653 817 705 intret.
850 648 1047 702 Dicitur
1072 645 1211 700 enim
1240 643 1341 699 hoc
1363 685 1379 711 ,
1409 652 1464 698 et
1492 641 1578 697 ﬁet
1609 641 1744 706 hoc;
1776 639 1868 696 sed

320 759 441 800 cum
478 743 750 797 intraveris
777 757 791 794 :
821 752 977 793 nemo
1001 744 1182 792 contra
1219 745 1268 789 te
1296 733 1538 799 claudet;
1581 731 1675 788 sed
1705 742 1756 788 te
1785 731 1870 786 in-

321 848 502 905 gresso
527 874 543 899 ,
585 831 888 887 claudentur
932 837 1095 896 porta:
1135 825 1458 888 Jerusalem,
1498 832 1551 878 et
1587 822 1871 877 ﬁrmabun-

323 936 414 980 tur
438 935 614 981 vectes
645 933 908 993 portarum
930 919 1064 989 ejus.
1091 918 1216 972 Nam
1250 925 1302 970 tu
1324 916 1367 970 si
1393 930 1512 971 esse
1537 914 1764 970 volueris
1782 922 1873 968 aut

321 1032 428 1070 non
459 1016 604 1084 virgo
630 1013 808 1075 corde,
837 1021 944 1075 aut,
967 1009 1064 1064 etsi
1080 1007 1244 1078 virgo,
1267 1006 1405 1060 inter
1426 1005 1593 1060 fatuas
1609 1004 1869 1075 virgines;

323 1104 451 1160 foris
477 1102 792 1168 remanebis,
823 1107 878 1154 et
900 1099 1086 1153 frustm
1112 1095 1364 1167 pulsabis.

393 1196 490 1264 11η
523 1193 651 1260 Qua:
696 1199 817 1246 sunt
860 1189 1013 1244 fatua;
1053 1186 1316 1258 virgines?
1364 1185 1434 1240 Et
1470 1190 1602 1272 ipsa:
1645 1184 1874 1255 quinque

324 1294 482 1343 sunt:
515 1300 633 1356 qute
651 1325 668 1350 ,
697 1282 797 1338 nisi
818 1281 1015 1364 anima:
1041 1293 1158 1350 quae
1188 1277 1380 1332 habent
1406 1276 1559 1330 istam
1598 1275 1872 1330 continen-

326 1377 449 1432 tiam
475 1354 654 1431 cavrnis
673 1412 689 1438 ,
720 1381 777 1426 ut
800 1354 966 1425 vitent
1000 1367 1321 1439 corruptelas
1344 1365 1412 1420 ab
1433 1363 1675 1420 omnibus
1705 1363 1875 1419 sensi-

322 1467 422 1523 bus
445 1464 748 1529 venientes,
791 1476 923 1531 quos
963 1474 1150 1514 sensus
1184 1456 1292 1528 jam
1335 1455 1672 1511 enumeravi?
1700 1454 1879 1510 Vitant

319 1555 482 1611 veluti
508 1553 868 1624 correptiones
891 1550 1160 1606 venientes
1186 1547 1437 1618 undique,
1463 1555 1643 1602 etnon
1669 1545 1720 1600 in
1747 1560 1876 1600 con-

321 1643 540 1702 scientia
582 1651 772 1715 gerunt
809 1641 1003 1696 bonum
1032 1655 1183 1695 suum
1209 1652 1387 1693 coram
1427 1637 1592 1692 oculis
1619 1635 1710 1692 Dei
1737 1653 1752 1691 :
1783 1634 1877 1692 sed

321 1736 532 1809 placere
560 1735 681 1790 inde
718 1732 900 1788 volunt
929 1731 1262 1797 hominibus,
1291 1737 1346 1785 et
1367 1728 1622 1798 judicium
1647 1743 1878 1798 sequun-

320 1838 409 1884 tur
448 1827 699 1881 alienum.
745 1824 976 1879 Favores
1018 1823 1157 1894 vulgi
1204 1832 1556 1890 aucupentur;
1602 1820 1736 1876 viles
1779 1820 1878 1875 sibi

321 1932 471 1989 sunt,
502 1937 620 1978 cum
650 1919 1030 1992 spectatoribus
1067 1933 1186 1972 esse
1222 1917 1395 1972 chara:
1420 1916 1632 1979 volunt;
1664 1928 1768 1968 non
1802 1911 1880 1968 eis

321 2016 512 2074 sufficit
536 2013 879 2069 conscientia.
906 2011 1092 2066 Merito
1115 2024 1218 2064 non
1250 2015 1458 2078 portant
1482 2007 1654 2062 oleum
1677 2019 1876 2060 secum.

323 2109 506 2166 Oleum
537 2117 708 2161 autem
739 2114 823 2160 est
867 2104 974 2172 ipsa
1019 2101 1289 2171 gloriatio,
1321 2107 1534 2170 prapter
1573 2098 1797 2152 nitorem
1828 2104 1882 2152 et

321 2197 672 2268 splendorem.
716 2194 821 2250 Sed
850 2191 974 2264 quid
1002 2191 1128 2247 dicit
1154 2189 1468 2260 Apostolus?
1495 2186 1626 2243 Vide
1653 2185 1881 2257 virgines

311 2289 582 2358 sapientes
612 2294 884 2355 portantes
922 2281 1098 2336 oleum
1123 2293 1340 2334 secum:
1373 2276 1513 2348 Opus
1539 2285 1704 2330 autem
1737 2290 1883 2330 suum

321 2379 492 2451 probet
509 2376 859 2447 unusquisque,
881 2381 928 2427 et
947 2383 1064 2426 tunc
1082 2369 1137 2424 in
1154 2367 1414 2438 sentetipso
1434 2365 1627 2420 habebit
1647 2364 1879 2436 gloriam,

322 2480 369 2526 et
396 2485 495 2524 non
533 2468 587 2522 in
617 2467 786 2546 [altero
827 2461 969 2534 (Gal.
998 2473 1071 2527 vt,
1099 2458 1175 2532 4).
1208 2459 1299 2514 Ha:
1327 2465 1450 2514 sunt
1488 2471 1614 2528 ergo
1656 2456 1883 2526 virgines

321 2559 604 2630 sapientes.
617 2544 813 2612 Stulte
835 2563 1009 2608 autem
1030 2548 1321 2606 accendunt
1339 2546 1552 2618 quidem
1577 2544 1880 2615 lampades;

322 2651 566 2706 videntur
589 2645 799 2719 quidem
824 2645 1003 2700 lucere
1034 2656 1195 2714 opera
1223 2651 1405 2696 earum
1429 2655 1444 2692 :
1469 2637 1564 2694 sed
1598 2635 1842 2692 deﬁcient
1860 2673 1878 2703 ,

321 2747 381 2795 et
409 2738 833 2808 exstinguentur;
862 2732 983 2804 quia
1009 2747 1113 2788 non
1137 2730 1205 2786 de
1227 2729 1349 2786 oleo
1379 2728 1628 2784 interiore
1656 2739 1883 2798 pascun-

323 2839 429 2885 tur.
478 2828 545 2883 Et
582 2826 850 2882 dormiunt
889 2821 1355 2878 omnestardaute
1392 2834 1626 2891 sponso:
1656 2817 1774 2889 quia
1818 2833 1881 2872 ex

323 2932 546 2990 utroque
589 2932 781 2989 genere
809 2916 1077 2970 hominum
1106 2913 1503 2969 obdormiscunt
1532 2911 1584 2966 in
1626 2917 1880 2975 mortem;

323 3022 381 3069 et
413 3013 478 3067 de
504 3011 608 3065 illis
641 3009 798 3064 fatuis
816 3047 832 3074 ,
865 3017 917 3062 et
946 3007 1011 3062 de
1035 3004 1118 3060 his
1139 3003 1491 3074 sapientibus,
1519 3000 1760 3056 tardante
1788 2999 1885 3054 ad-

324 3112 489 3158 ventu
519 3101 753 3164 Domini,
796 3100 897 3154 itur
922 3099 972 3153 in
1018 3105 1242 3152 mortem
1285 3097 1438 3150 istam
1479 3092 1804 3162 corporalem
1833 3098 1886 3144 et

329 3195 602 3256 visibilem,
631 3208 786 3262 quam
813 3191 982 3245 somni
1005 3190 1124 3244 loco
1152 3188 1450 3256 Scripturas
1470 3199 1674 3255 ponere
1705 3192 1883 3237 notum

326 3295 409 3338 est
435 3283 674 3336 ommbus
705 3281 1036 3336 Christianis.
1075 3279 1206 3334 Cum
1237 3279 1434 3332 diceret
1470 3276 1536 3330 de
1579 3274 1884 3345 aegrotanti-

326 3377 424 3432 Ims
456 3375 764 3446 Apostolus,
798 3373 1073 3443 Propterea
1100 3371 1152 3424 in
1191 3371 1354 3433 vobis,
1387 3368 1583 3438 inquit,
1626 3366 1770 3420 multi
1807 3366 1886 3419 in-

326 3467 461 3536 ﬁrmi
488 3477 531 3519 ct
555 3466 676 3536 (agri
695 3506 709 3530 ,
737 3475 782 3518 et
807 3463 1058 3516 dormiunt
1085 3459 1378 3530 suﬁicienter
1405 3446 1459 3528 (Ἰ
1491 3456 1607 3511 Cor.
1638 3471 1686 3510 XI
1707 3497 1722 3521 ,
1756 3455 1843 3520 50)
1870 3472 1883 3509 :

331 3561 634 3624 Dormiunt,
668 3557 862 3626 inquit,
894 3555 1205 3608 moriuntur.
1237 3551 1338 3626 Sed
1378 3564 1500 3604 ecce
1531 3557 1778 3602 venturus
1807 3555 1889 3600 cst

329 3666 575 3722 sponsus,
601 3661 654 3705 et
680 3664 864 3702 omnes
888 3654 1124 3715 surgent,
1148 3643 1238 3696 sed
1265 3658 1366 3695 non
1393 3655 1577 3694 onmes
1599 3637 1885 3698 intrabunt.

330 3742 587 3798 Deﬁcient
623 3753 782 3809 opera
815 3737 1090 3790 stultarum
1127 3733 1385 3801 virginum
1406 3771 1420 3794 ,
1450 3744 1554 3784 non
1587 3726 1888 3781 habentium

327 3834 502 3887 oleum
542 3826 904 3890 conscientiae;
953 3837 1057 3877 non
1101 3819 1370 3875 invenient
1410 3833 1440 3870 a
1482 3816 1671 3887 quibus
1712 3821 1891 3869 emant

330 3923 467 3994 quod
506 3921 606 3975 illis
635 3918 874 3972 solebant
898 3914 1124 3970 vendere
1163 3910 1477 3977 adulatores.
1507 3907 1588 3961 Ab
1622 3904 1890 3959 irridenti-

334 4015 430 4067 bus
455 4013 593 4067 enim
621 4009 828 4066 dicitur.
855 4021 957 4060 non
981 4005 1046 4059 ab
1076 4000 1426 4057 inridentibus
1450 4016 1462 4051 :
1495 3996 1573 4050 Ite
1591 4037 1608 4060 ,
1633 3996 1780 4050 emite
1801 4010 1894 4048 uo-

333 4106 424 4158 bis.
460 4103 722 4157 Petierunt
762 4098 900 4152 enim
937 4095 1113 4149 stulta:
1140 4109 1170 4148 a
1195 4089 1544 4160 sapientibus,
1571 4095 1625 4141 et
1648 4085 1892 4139 dixerant

333 4197 411 4249 eis
437 4212 449 4246 :
485 4192 611 4246 Date
630 4191 767 4244 nobis
789 4188 970 4250 oleum,
997 4185 1114 4254 quia
1138 4183 1271 4252 faces
1291 4190 1473 4233 nostra:
1491 4173 1888 4243 exstinguuntur.

333 4284 466 4350 Quid
496 4283 598 4336 illrc
629 4275 930 4348 sapientes?
963 4274 1043 4328 Ne
1070 4277 1196 4345 forte
1221 4288 1317 4324 non
1345 4269 1552 4338 sufﬁciat
1577 4265 1715 4319 nobis
1743 4274 1788 4316 et
1811 4279 1896 4316 vo-

334 4375 429 4437 bis,
460 4375 524 4426 ite
549 4372 708 4442 potius
737 4367 802 4422 ad
821 4366 1102 4431 uendentes,
1133 4373 1178 4416 et
1220 4362 1365 4416 emite
1392 4358 1544 4413 vobis.
1575 4356 1684 4410 Iloc
1709 4353 1892 4408 admo-

338 4480 465 4519 nere
491 4473 634 4524 erat,
674 4458 806 4527 Quid
836 4456 986 4510 vobis
1012 4452 1168 4508 modo
1197 4459 1416 4520 prosunt
1442 4462 1471 4500 a
1501 4446 1688 4517 quibus
1716 4457 1894 4524 emere

338 4552 520 4608 soletis
546 4525 935 4603 adulationem?
966 4543 1032 4598 Et
1071 4558 1183 4596 cum
1220 4549 1369 4604 eunt,
1402 4536 1570 4606 inquit
1591 4577 1606 4601 ,
1646 4525 1896 4587 intrarunt

336 4645 441 4698 illa
462 4683 476 4708 ,
520 4652 565 4695 et
602 4640 828 4693 clausum
853 4645 923 4689 est
952 4634 1133 4689 ostium
1169 4621 1377 4700 (Matth.
1407 4642 1528 4691 xxv,
1561 4623 1731 4694 1-15).
1762 4621 1893 4677 Cum

338 4743 463 4786 cunt
489 4731 671 4794 corde,
699 4743 818 4783 cum
849 4725 970 4780 talia
996 4725 1258 4793 cogitant,
1285 4719 1408 4772 dum
1431 4731 1489 4771 se
1517 4715 1582 4769 ab
1609 4715 1694 4768 illa
1723 4715 1895 4766 inten-

241 4861 250 4866 -
339 4825 482 4876 tione
521 4821 785 4884 alienant,
827 4826 880 4872 et
917 4825 1060 4870 retro
1094 4812 1359 4882 prmterita
1397 4822 1489 4862 sua
1533 4803 1894 4869 recbrdantur,

343 4926 470 4967 euut
494 4910 641 4982 quasi
685 4908 750 4962 ad
778 4905 1063 4961 vendentes
1088 4918 1102 4954 :
1132 4911 1186 4956 et
1212 4915 1316 4954 non
1344 4896 1615 4952 inveniunt
1655 4904 1780 4948 tunc
1819 4893 1898 4945 fa-

344 5011 562 5065 ventes,
596 5015 702 5054 non
743 4996 1013 5051 inveniunt
1041 5002 1164 5046 tunc
1201 4987 1503 5047 laudantes,
1535 5001 1563 5039 a
1592 4984 1780 5053 quibus
1807 4995 1897 5034 so-

349 5095 525 5150 lebant
550 5090 772 5154 laudari,
795 5081 1237 5157 etqnasi‘excitari
1258 5079 1324 5133 ad
1339 5079 1471 5134 bona
1495 5091 1674 5144 opera,
1695 5089 1797 5127 nou
1815 5086 1901 5125 ro-

344 5189 473 5244 bore
491 5187 641 5240 bonae
657 5178 1013 5243 conscientiae,
1032 5175 1122 5230 sed
1141 5173 1474 5228 incitamento
1487 5169 1675 5236 lingua:
1690 5165 1896 5218 alienae.

419 5280 507 5334 i2.
539 5279 604 5330 Et
631 5273 758 5328 illud
784 5269 923 5341 quod
952 5269 1152 5324 dietum
1179 5272 1280 5329 est,
1311 5260 1392 5314 Ne
1416 5259 1542 5327 forte
1570 5273 1668 5310 non
1695 5253 1902 5324 sufﬁciat

346 5369 522 5434 nobis,
564 5378 748 5435 magna
775 5358 1196 5416 consideratione
1229 5347 1535 5406 humilitatis
1563 5346 1758 5401 dictum
1799 5351 1898 5397 est.

347 5461 532 5516 Oleum
558 5455 698 5511 enim
726 5450 863 5523 quod
893 5459 1157 5521 gestamus
1185 5446 1237 5499 in
1275 5439 1623 5504 conscientia,
1649 5435 1902 5506 judicium

349 5563 429 5607 est
456 5545 691 5604 nostrum
723 5550 787 5599 de
812 5543 965 5596 nobis
994 5539 1139 5610 ipsis,
1165 5536 1345 5607 quales
1384 5534 1582 5596 simus;
1613 5538 1667 5584 et
1690 5526 1903 5582 difficile

348 5654 431 5701 est
469 5651 524 5698 ut
549 5641 614 5696 de
655 5654 722 5704 se~
753 5637 983 5708 quisque-
1011 5630 1242 5703 perfectc
1266 5627 1480 5700 judicet.
1521 5625 1733 5682 Fratres
1760 5618 1896 5684 mei,

1323 252 1711 310 ENARRATIO
1748 251 1812 307 IN
1851 250 2165 308 PSALMUM
2202 251 2449 308 CXLVII.

3382 254 3517 310 im

1959 369 2348 436 quantumlibet
2391 369 2549 424 homo
2600 336 2866 441 proﬁciat,
2911 370 3295 442 quantumlth
3355 385 3416 426 se
3453 371 3520 426 ad

1969 460 2229 515 anteriora
2272 460 2553 526 extendat,
2597 472 2652 516 et
2697 462 2958 531 praeterita
3002 461 3336 516 obliviscatur
3367 458 3520 531 (Phi-

1971 550 2097 620 (ipp.
2128 567 2212 617 ut,
2250 551 2375 622 l5);
2419 553 2463 606 si
2497 551 2606 622 jam
2649 552 2776 610 dicit
2812 553 2946 619 sibi,-
2984 551 3125 607 Bene
3162 560 3242 606 est
3274 568 3288 604 :
3332 566 3523 621 proce—

1971 640 2047 695 dit
2087 643 2260 712 regula
2287 643 2353 699 de
2381 643 2639 698 thesauris
2682 644 2804 709 Dei,
2850 644 3112 699 examinat
3144 644 3209 698 ad
3234 641 3520 714 liquidum:

1971 735 2180 814 etquis
2225 734 2529 804 gloriabitur
2569 744 2769 791 castum
2817 750 2874 790 se
2919 735 3116 791 habere
3157 733 3286 788 cor!
3312 743 3367 788 et
3408 734 3524 802 quis

1971 825 2276 894 gloriabitur
2315 824 2564 880 nmndnm
2605 841 2663 880 se
2707 841 2824 886 esse
2865 841 2896 881 a
2935 834 3151 895 peccato
3195 823 3389 896 (Prov.
3423 840 3521 882 vx.

1967 917 2066 985 ‘9)?
2111 917 2213 972 Sed
2255 917 2377 986 quid
2420 918 2548 972 dixit
2589 917 2894 988 Scriptura?
2938 917 3194 972 Iudicium
3236 917 3343 973 sine
3382 917 3528 969 mise-

1971 1010 2188 1064 ricordia
2213 1010 2289 1064 illi
2312 1010 2399 1080 qui
2423 1027 2522 1064 non
2546 1010 2664 1079 fecit
2688 1010 3075 1064 misericordiae:
3110 1008 3305 1080 (Jacobi
3323 1024 3377 1072 tt,
3412 1006 3519 1072 l5).

1974 1099 2455 1172 Quantumcumque
2478 1100 2736 1170 proﬁcias,
2760 1100 2994 1169 sperabis
3015 1101 3065 1154 in
3089 1099 3524 1155 misericordiam.

1974 1191 2103 1246 Nam
2144 1192 2188 1246 si
2223 1190 2422 1262 justitia
2451 1191 2566 1246 sine
2612 1191 2968 1247 misericordia
3014 1192 3213 1261 prolata
3252 1192 3440 1254 fuerit,
3473 1190 3524 1244 in

1974 1280 2208 1352 quolibet
2230 1280 2368 1351 quod
2402 1279 2618 1336 damnet
2657 1281 2907 1337 inveniet.
2937 1280 3066 1348 Qua:
3103 1294 3200 1335 nos
3226 1280 3529 1335 consolatur

1974 1369 2276 1442 Scriptura?
2313 1371 2443 1438 Quae
2486 1370 2726 1426 hortatur
2763 1370 2828 1425 ad
2877 1371 3289 1426 misericordiam
3331 1370 3528 1426 facien-

1976 1461 2119 1528 dam,
2148 1471 2208 1516 ut
2229 1461 2446 1517 omnino
2467 1461 2864 1517 crebrescamus
2887 1461 2938 1516 itt
2965 1459 3404 1532 erogandoquod
3421 1476 3532 1514 ant-
3563 1451 3567 1455 ’

1977 1553 2116 1625 plius
2159 1551 2431 1609 habemus.
2459 1552 2617 1608 Multa
2661 1561 2834 1608 autem
2865 1551 3128 1623 superﬂua
3169 1551 3455 1617 habemus,
3486 1551 3531 1608 si

1978 1642 2186 1698 nonnisi
2215 1643 2510 1698 necessaria
2556 1651 2865 1714 teneamus:
2894 1659 3013 1698 nam
3054 1645 3098 1698 si
3129 1644 3300 1698 inania
3330 1658 3534 1714 quaera-

1979 1725 2129 1799 mus,
2175 1733 2306 1788 nihil
2345 1733 2556 1789 sufﬁcit.
2605 1733 2850 1799 Fratres,
2895 1735 3112 1804 quarrite
3156 1733 3296 1804 quod
3341 1732 3534 1788 sufﬁcit

1978 1823 2124 1895 operi
2157 1823 2279 1890 Dei,
2309 1839 2415 1879 non
2443 1825 2597 1895 quod
2622 1824 3108 1901 sufticibcupiditati
3135 1833 3340 1879 vestrm.
3371 1823 3532 1895 Cupi-

1979 1915 2115 1970 ditas
2142 1923 2316 1969 vestra
2344 1929 2450 1970 non
2489 1924 2570 1970 est
2592 1929 2725 1985 opus
2754 1915 2866 1970 Dei.
2893 1914 3084 1969 Forma
3111 1922 3282 1968 vestra
3302 1955 3317 1978 ,
3345 1929 3534 1982 corpus

1980 2014 2210 2060 vestrum
2229 2046 2244 2070 ,
2292 2005 2465 2059 anima
2491 2015 2695 2072 vestra,
2729 2004 2831 2059 hoc
2855 2013 3019 2059 totum
3049 2019 3181 2074 opus
3207 2004 3319 2058 Dei.
3350 2004 3536 2069 Ουτοι-ο

1979 2111 2097 2168 quze
2121 2096 2417 2160 sufﬁciant,
2464 2105 2517 2152 et
2553 2097 2754 2153 videbis
2797 2111 2951 2167 quam
2995 2111 3158 2167 pauca
3201 2098 3323 2152 sint.
3358 2096 3536 2154 Vidua:

1980 2187 2300 2244 suﬁ‘ecerunt
2340 2188 2446 2244 duo
2470 2189 2670 2244 nummi
2697 2189 2761 2242 ad
2788 2187 3079 2244 faciendam
3125 2188 3535 2244 misericordiam

1982 2279 2170 2353 (Mare.
2198 2296 2296 2346 xu,
2331 2280 2442 2350 42),
2467 2280 2788 2357 suffecerunt
2809 2279 2916 2334 duo
2937 2281 3136 2335 nummi
3160 2279 3225 2334 ad
3250 2280 3528 2335 emendum

1981 2386 2204 2442 regnum
2233 2370 2344 2425 Dei.
2375 2369 2454 2424 Ad
2483 2369 2783 2426 vestiendos
2802 2369 2959 2425 toties
2984 2362 3259 2424 venatores
3282 2369 3405 2439 quid
3430 2370 3538 2424 suf-

1983 2461 2094 2517 ﬁcit
2119 2461 2348 2517 editori?
2376 2459 2561 2516 Videte
2585 2461 2704 2530 quia
2731 2474 2837 2514 non
2877 2459 3048 2515 solum
3075 2473 3240 2530 pauca
3277 2466 3399 2512 sunt
3423 2474 3540 2528 qua:

1983 2551 2135 2607 vobis
2176 2549 2464 2616 suﬂlciant;
2508 2549 2602 2606 sed
2630 2564 2732 2605 nec
2777 2549 2890 2619 ipse
2931 2550 3069 2604 Deus
3115 2549 3278 2604 multa
3319 2563 3349 2603 a
3391 2549 3541 2604 vobis

1983 2644 2193 2716 quaerit.
2219 2643 2409 2711 Quaare
2445 2651 2698 2714 quantum
2740 2642 2834 2697 tibi
2873 2642 3108 2708 dederit,
3138 2651 3192 2703 et
3225 2657 3288 2696 ex
3319 2656 3385 2696 eo
3418 2641 3541 2696 tolle

1984 2735 2124 2807 quod
2154 2735 2344 2791 sufﬁcit
2372 2754 2386 2790 :
2417 2743 2606 2792 czetera
2635 2749 2752 2805 quae
2779 2733 3041 2806 superﬂua
3067 2733 3274 2804 jaceut,
3321 2735 3540 2788 aliorum

1989 2837 2114 2884 sunt
2142 2829 2457 2884 necessaria.
2504 2827 2777 2898 superﬂua
2804 2828 3058 2892 divitum,
3098 2827 3394 2882 necessaria
3424 2837 3542 2879 sunt

1985 2934 2296 2989 pauperum.
2342 2919 2445 2973 Res
2483 2919 2669 2974 aliet'ta:
2717 2918 3072 2989 possidentur,
3113 2934 3232 2972 cum
3281 2918 3542 2988 superflua

1985 3011 2342 3082 possidentur.

2061 3103 2146 3157 l5.
2174 3102 2393 3158 Faciens
2414 3117 2540 3172 ergo
2568 3101 2865 3171 hujusmodi
2889 3100 3292 3166 misericordias,
3324 3110 3374 3155 et
3404 3101 3544 3155 illam

1987 3194 2247 3264 prtecipue
2270 3209 2388 3263 qute
2416 3194 2578 3263 gratis
2601 3202 2824 3258 constat,
2855 3191 3079 3255 Dimitte,
3109 3192 3236 3244 sicut
3254 3192 3545 3244 dimittimus

1993 3285 2198 3356 (Matth.
2230 3300 2298 3346 vt,
2337 3283 2586 3354 Iﬂ);'quo
2613 3283 2818 3337 nonnisi
2844 3283 3155 3337 charitatem
3187 3295 3398 3350 erogas,
3429 3297 3546 3351 qua:

1989 3378 2179 3432 crescit
2204 3392 2321 3431 cum
2365 3391 2589 3446 erogas:
2621 3375 2815 3430 faciens
2840 3389 2966 3444 ergo
2998 3383 3051 3428 et
3093 3373 3299 3436 fervens
3327 3373 3376 3426 iu
3422 3373 3550 3442 ipsis

1989 3469 2140 3523 bouis
2166 3469 2411 3537 operibus
2431 3467 2824 3529 misericordia),
2853 3481 2970 3534 quae
2989 3465 3096 3533 jatu
3124 3464 3257 3518 bona
3284 3479 3462 3534 opera,
3493 3473 3550 3520 ut

1984 3557 2093 3627 jam
2122 3558 2371 3630 diximus,
2405 3566 2656 3627 tunc‘uon
2687 3563 2842 3608 erunt
2871 3553 3162 3607 necessaria
3185 3593 3199 3616 ,
3232 3554 3349 3622 quia
3379 3553 3551 3607 nullus

1993 3646 2092 3701 erit
2119 3647 2281 3700 miser
2307 3645 2359 3697 in
2384 3660 2538 3713 quem
2570 3642 2805 3697 facienda
2833 3642 2900 3694 sit
2928 3641 3283 3695 misericordia
3316 3641 3424 3710 (a);
3454 3657 3550 3695 ex-

1992 3737 2252 3806 spectabis
2281 3749 2499 3790 securus
2533 3733 2783 3803 judicium
2809 3774 2822 3799 ,
2856 3747 2958 3784 non
2990 3740 3091 3784 tam
3123 3745 3340 3785 securus
3377 3731 3442 3784 de
3464 3731 3551 3800 ju-

1993 3830 2131 3884 stitia
2160 3840 2242 3882 tua
2264 3869 2279 3894 ,
2307 3841 2462 3896 quam
2487 3839 2705 3879 securus
2731 3823 2798 3878 de
2820 3821 3175 3877 misericordia
3211 3822 3321 3886 Dei,
3351 3822 3468 3891 quia
3499 3831 3551 3876 et

1993 3930 2048 3976 tu
2080 3918 2490 3974 misericordiam
2523 3916 2844 3986 pra-rogasti.
2874 3913 2908 3967 Ι
2914 3914 3130 3968 udicium
3159 3915 3286 3967 enim
3316 3914 3423 3968 sine
3454 3915 3552 3967 tui-

1993 4011 2260 4066 sericordia
2282 4010 2357 4063 illi
2381 4009 2464 4080 qui
2499 4024 2598 4061 non
2623 4007 2737 4076 fecit
2763 4006 3154 4058 misericordiam
3177 4019 3195 4057 :
3220 4002 3552 4074 superemultat

1995 4116 2178 4170 autent,
2207 4104 2393 4173 inquit,
2415 4100 2753 4156 misericordia
2770 4099 2981 4170 judicio.
3008 4097 3084 4153 Ne
3105 4098 3313 4168 putetis,
3343 4099 3551 4166 fratres,

1995 4197 2114 4266 quia
2142 4205 2266 4250 tunc
2295 4209 2397 4247 non
2427 4203 2506 4247 est
2526 4192 2728 4262 justus,
2760 4189 2970 4260 quando
3011 4191 3172 4244 nostri
3203 4190 3220 4222 ¹
3249 4191 3551 4256 miseretur,

1995 4297 2085 4342 aut
2111 4286 2306 4341 recedit
2331 4301 2359 4337 a
2386 4283 2558 4354 regula
2587 4283 2801 4352 justitia:
2827 4297 2954 4336 sum.
2985 4281 3051 4336 Et
3073 4296 3191 4335 cum
3217 4280 3449 4346 damnat,
3470 4279 3555 4349 ju-

1996 4389 2110 4432 stus
2127 4386 2240 4441 est;
2271 4382 2326 4430 et
2349 4389 2467 4429 eum
2497 4373 2793 4437 miseretur,
2819 4371 2988 4442 justus
3007 4379 3106 4425 est.
3130 4370 3261 4438 Quid
3283 4370 3421 4426 enim
3449 4381 3554 4424 tam

1992 4470 2226 4541 justutn,
2277 4482 2433 4538 quam
2481 4465 2701 4521 reddere
2747 4463 3156 4519 misericordiam
3204 4463 3556 4531 prterogami?

1999 4562 2132 4631 Quid
2161 4572 2267 4615 tam
2305 4560 2536 4629 justum,
2580 4573 2734 4628 quam
2779 4569 2836 4611 ut
2878 4556 2928 4610 in
2972 4571 3072 4626 qua
3115 4569 3358 4609 mensura
3389 4555 3553 4620 mensi

1998 4654 2220 4716 fueritis,
2249 4653 2298 4706 iu
2326 4667 2386 4705 ea
2414 4651 2718 4705 remetiatur
2737 4649 2884 4702 vobis
2907 4647 3013 4719 (Id.
3043 4661 3131 4711 vn,
3160 4643 3253 4711 2)?
3284 4645 3355 4698 Da
3385 4645 3555 4714 egenti

2000 4746 2165 4802 fratri.
2194 4745 2291 4800 Cui
2333 4743 2516 4798 fratri?
2541 4742 2770 4796 ChriSto.
2801 4740 2856 4795 Si
2894 4753 3019 4808 ergo
3047 4738 3165 4806 quia
3195 4737 3370 4801 fratri,
3399 4736 3557 4788 Chri-

2001 4848 2116 4903 sto;
2145 4847 2197 4892 et
2220 4838 2336 4907 quia
2369 4837 2599 4898 Christo,
2631 4835 2760 4899 Deo,
2787 4832 2873 4902 qui
2901 4840 2981 4885 est
3007 4845 3164 4899 super
3187 4829 3359 4884 omnia
3393 4829 3557 4883 bene-

2001 4930 2169 4986 dictus
2198 4928 2249 4983 in
2277 4928 2464 4983 stecula
2493 4926 2665 4992 (Rom.
2704 4938 2754 4977 tx
2775 4963 2788 4982 ,
2828 4920 2882 4992 5)
2911 4939 2924 4974 :
2959 4921 3095 4974 Deus
3131 4934 3284 4988 egere
3312 4933 3338 4970 a
3381 4927 3430 4972 te
3464 4932 3586 4989 vo-.

2003 5023 2132 5087 luit;
2165 5031 2218 5075 et
2237 5031 2289 5074 tu
2311 5031 2498 5074 manus
2519 5014 2780 5069 retrahis?
2811 5013 2966 5067 Certe
2992 5020 3046 5064 tu
3072 5010 3300 5080 porrigis
3321 5023 3555 5070 manum,

2003 5123 2056 5166 et
2084 5112 2213 5182 petis
2242 5125 2271 5162 a
2303 5110 2444 5162 Deo:
2477 5105 2597 5160 audi
2638 5104 2988 5172 Seriptnram,
3032 5099 3150 5154 Non
3178 5100 3242 5153 sit
3266 5114 3444 5151 manus
3475 5106 3560 5150 tua

2004 5212 2228 5272 porrecta
2254 5199 2320 5252 ad
2356 5195 2698 5266 accipiendum
2718 5237 2732 5259 ,
2759 5205 2806 5248 et
2839 5193 2906 5246 ad
2934 5191 3155 5245 dandum
3181 5187 3388 5242 collecta"
3433 5187 3560 5257 (Ec-

2005 5297 2091 5351 cli.
2121 5309 2196 5360 tv,
2227 5292 2338 5362 5.6).
2367 5290 2586 5359 Erogari
2616 5287 2714 5342 sibi
2740 5286 2852 5340 vult
2875 5281 3010 5341 Deus
3030 5299 3094 5338 ex
3119 5281 3208 5338 illo
3231 5277 3372 5353 quod
3395 5278 3558 5334 dedit.

2069 5497 2086 5526 ¹
2111 5494 2334 5556 sicjuxta
2355 5488 2607 5540 nonnullos
2628 5487 2790 5552 probae
2825 5492 2950 5535 notae
2986 5490 3093 5534 Mss.
3120 5479 3286 5545 [nostri
3308 5491 3399 5529 non
3417 5475 3560 5529 mise-

2007 5557 2159 5680 mai}
2168 5623 2313 5672 Supra
2335 5616 2384 5665 in
2406 5613 2528 5689 Psal.
2549 5626 2748 5675 uxxm,
2771 5624 2852 5660 nu.
2879 5611 2928 5666 8.
2954 5610 3028 5658 Il.
