4042 6202
521 331 658 390 19⁸ἓὸ

520 440 658 509 Quid
687 437 824 494 enim
851 433 947 490 das
968 430 1112 504 quod
1140 428 1229 484 ille
1257 440 1360 482 non
1384 422 1566 480 dedit?
1590 420 1716 492 quid
1741 420 1881 474 enim
1906 416 2068 471 habes

521 507 660 606 quod
684 545 786 585 non
804 524 1051 597 accepisti
1081 522 1124 595 (l
1145 521 1260 575 Cor.
1288 533 1364 584 iv,
1393 516 1446 588 7)
1465 516 1489 568 ?
1508 516 1612 569 Aut
1632 526 1774 575 vero,
1801 525 1905 565 non
1928 507 2068 572 dico,

511 599 662 687 seu,
694 622 785 677 sed
811 619 1027 674 cuilibet
1066 614 1134 670 de
1162 622 1251 667 tuo
1277 610 1372 664 tias
1406 604 1636 675 aliquid?
1672 604 1747 657 De
1772 601 1912 655 illius
1938 599 2068 663 tias,

517 717 609 787 qui
634 715 785 783 jubt-t
814 719 870 765 ut
893 710 1007 765 des.
1038 707 1363 774 Prmrogator
1387 708 1519 763 esto,
1551 711 1655 750 non
1697 695 1923 749 invasor.
1952 690 2075 746 Haec

522 782 651 876 ergo
680 805 895 867 faciens,
926 810 979 855 et
1005 800 1047 852 si
1080 798 1216 850 bona
1246 792 1538 847 humilitate
1566 787 1697 841 dicis
1720 786 1788 841 de
1817 784 1906 839 illo
1934 782 2070 844 oleo,

527 871 611 950 Ne
649 897 774 967 forte
801 909 898 944 non
922 889 1131 959 sufﬁciat
1167 885 1308 939 nobis
1326 924 1341 948 ,
1371 882 1533 935 intras
1558 889 1611 933 et
1639 876 1915 931 clauditur.
1940 871 2075 927 Audi

527 977 839 1056 Apostolum'
856 983 954 1036 hoc
978 981 1236 1034 dicentem
1264 993 1277 1028 :
1307 972 1436 1026 Mihi
1463 980 1626 1023 autem
1652 967 1911 1020 minimum
1939 970 2008 1016 est
2026 970 2079 1014 ut

525 1094 558 1131 a
579 1051 713 1128 iam.
743 1073 988 1143 dijudicer
1018 1066 1204 1144 (1054.,
1238 1064 1316 1129 δ).
1344 1058 1568 1129 Quando
1593 1057 1733 1110 enim
1764 1052 1980 1124 potestis
2001 1051 2080 1105 di-

522 1166 762 1236 judicare
784 1157 1160 1215 conscientiam
1194 1153 1402 1206 meam?
1426 1146 1635 1217 quando
1660 1144 1958 1199 examinare
1978 1152 2082 1209 quo

528 1229 706 1311 animo
732 1253 884 1313 facio,
913 1245 1164 1318 quidquid
1191 1241 1358 1298 l'acio?
1385 1248 1634 1308 quantum
1664 1241 1880 1304 possunt
1909 1229 2083 1285 homi-

530 1363 629 1404 nes
656 1346 724 1401 de
762 1345 868 1399 alio
891 1337 1164 1411 judicare?
1196 1335 1319 1390 Plus
1360 1335 1517 1386 homo
1547 1329 1724 1397 utique
1749 1325 1862 1394 ipse
1894 1323 1959 1377 de
1995 1335 2081 1385 se;

529 1438 625 1493 sed
655 1438 790 1490 Dens
817 1433 934 1502 plus
959 1431 1024 1484 de
1052 1428 1284 1491 homine,
1314 1437 1470 1492 quam
1497 1419 1655 1472 homo
1682 1416 1746 1471 de
1774 1430 1851 1470 se.
1884 1414 2019 1481 Ergo
2040 1413 2084 1465 si

533 1527 861 1591 talis'l'ueris,
896 1511 1148 1584 intrabis;
1178 1519 1228 1572 in
1251 1517 1479 1586 quinque
1505 1512 1604 1565 illis
1631 1507 1918 1579 virginibus
1942 1505 2046 1559 eris
2070 1521 2085 1559 :

523 1631 737 1677 caetera:
765 1619 918 1672 fatuae
943 1612 1304 1668 excludentur.
1334 1608 1460 1660 Nam
1504 1604 1604 1658 hoc
1630 1601 1791 1655 babes
1821 1599 1871 1652 in
1905 1597 2081 1651 Evan-

441 1734 449 1749 θ
530 1712 696 1782 gelio,
740 1706 1024 1763 Claudctur
1064 1703 1288 1761 ostium.
1333 1705 1386 1752 et
1429 1695 1643 1750 stabunt
1667 1700 1720 1746 et
1760 1689 2088 1753 clamabunt,

533 1803 687 1871 Aperi
716 1801 891 1865 nobis;
919 1808 971 1853 et
1014 1812 1115 1850 non
1153 1790 1455 1862 aperietur:
1496 1782 1743 1853 Quoniam
1783 1770 2092 1848 conﬁrmavit

536 1904 691 1949 vectes
712 1901 967 1964 portarum
987 1897 1205 1941 tuarum.
1223 1881 1567 1961 Qanﬁrmavit,
1592 1876 1777 1946 inquit,
1801 1882 1955 1927 vectes
1978 1887 2094 1939 por-

539 1962 721 2041 tarum?
743 1995 979 2037 tuarum:
1009 1991 1193 2033 secura
1221 1984 1299 2029 sta
1320 2014 1336 2038 ,
1386 1984 1570 2026 secura
1613 1967 1764 2021 lauda
1785 2005 1798 2029 ,
1836 1964 1951 2018 sine
1993 1962 2094 2015 line

537 2077 712 2133 lauda.
744 2073 972 2128 Fortiter
998 2070 1188 2124 clausm
1219 2072 1340 2120 sunt
1367 2071 1530 2132 portae
1555 2070 1690 2120 tuae;
1719 2072 1819 2110 non
1849 2055 1952 2109 exit
1974 2052 2095 2106 ami-

538 2182 653 2231 cus,
678 2182 780 2219 non
813 2165 971 2217 intrat
999 2157 1239 2214 inimicus
1263 2174 1278 2209 :
1307 2150 1632 2222 Conﬁrmatvit
1659 2157 1815 2202 vectes
1838 2153 2096 2216 portarum
2120 2206 2121 2211 η

540 2268 759 2312 tuarum.

616 2351 694 2405 Η.
736 2345 992 2399 Benedixit
1020 2343 1150 2406 ﬁlios
1179 2350 1288 2392 tuas
1329 2335 1385 2388 in
1415 2342 1479 2388 te.
1509 2330 1625 2386 Non
1652 2335 1904 2406 vagantur
1937 2322 2096 2406 loris,

532 2402 641 2493 non
660 2402 1103 2501 peregrinantur;
1134 2419 1277 2475 intus
1300 2414 1546 2487 gaudent,
1580 2412 1724 2468 intus
1748 2402 2096 2501 laudant,-in-

536 2492 624 2580 tus
648 2492 1025 2576 benedicuntur
1046 2513 1095 2575 ¹;
1129 2511 1269 2564 intus
1306 2520 1409 2560 non
1454 2504 1786 2574 parturiunt,
1812 2496 1955 2566 .quia
1984 2492 2094 2562 jam

538 2612 800 2668 neminem
842 2605 1067 2676 pariunt.
1102 2601 1220 2656 Filii
1265 2605 1419 2660 sunt,
1462 2592 1628 2648 sancti
1671 2596 1796 2644 sunt
1830 2605 1843 2641 :
1876 2585 1959 2640 isti
2006 2583 2094 2638 lilii

536 2704 702 2761 sancti
730 2670 860 2771 iam-
879 2696 1150 2752 laudantes
1176 2699 1231 2747 et
1251 2687 1536 2759 gaudentes
1554 2724 1570 2749 ,
1612 2679 1853 2751 parturiti
1879 2685 1934 2733 et
1963 2670 2096 2746 parii

537 2802 659 2850 Sunt
685 2769 851 2844 matre
871 2785 1145 2844 charitate.
1171 2778 1357 2836 inclusi
1379 2784 1502 2831 sunt
1522 2774 1798 2844 cnlligente
1818 2769 2094 2824 cbaritate.

476 2915 481 2921 —
539 2883 672 2941 Audi
718 2882 1029 2936 claritatem
1080 2870 1454 2945 parturientem
1499 2867 1663 2922 illos:
1707 2864 1809 2933 qu‘a
1851 2858 2099 2930 prmditus

540 2978 730 3034 Paulus
756 2971 1053 3043 apostolus,
1101 2982 1202 3022 non
1231 2964 1399 3021 solum
1431 2969 1739 3032 paternum,
1765 2952 1860 3010 sed
1898 2960 1955 3009 et
1982 2965 2098 3005 ma-

539 3080 746 3125 ternum
776 3081 868 3120 cor
892 3074 1081 3133 gerens
1103 3060 1124 3091 ³
1152 3058 1203 3112 in
1232 3055 1402 3120 lilios,
1435 3051 1557 3106 Filii
1584 3049 1710 3112 mei,
1743 3046 1942 3116 inquit,
1975 3058 2098 3114 quos

538 3162 718 3215 iterum
745 3155 968 3227 periurio
997 3149 1134 3223 (Gal.
1179 3164 1252 3211 tv,
1278 3145 1390 3217 19).
1417 3142 1550 3198 Cum
1575 3140 1770 3196 Paulus
1794 3152 1887 3193 eos
1919 3144 2097 3206 partu-

538 3254 728 3316 riebat,
754 3249 985 3304 cliaritas
1014 3240 1366 3314 parturiebat;
1395 3251 1515 3292 eum
1540 3233 1773 3290 charitas
1798 3244 1892 3286 eos
1919 3236 2099 3298 partu-

540 3344 742 3407 risbat,
788 3342 878 3395 Ιὶυὶ
905 3336 1134 3405 Spiritus
1176 3328 1496 3402 parturiebztt
1525 3344 1538 3380 :
1568 3324 1797 3380 Charitas
1825 3320 1965 3376 enim
2006 3316 2099 3374 Dei

540 3433 725 3489 dill‘usa
751 3442 830 3485 est
855 3430 906 3483 iit
944 3425 1191 3481 cordibus
1218 3420 1409 3477 nostris
1435 3432 1530 3488 per
1552 3416 1802 3485 Spiritum
1828 3421 2097 3477 sanctum,

542 3526 631 3596 qui
658 3524 810 3578 datus
837 3531 914 3576 est
961 3518 1110 3573 nobis
1141 3514 1396 3595 (Romrv,
1427 3507 1507 3580 6).
1535 3508 1677 3577 Ergo
1714 3504 1927 3575 colligat
1965 3516 2102 3573 quos

543 3585 818 3688 parturivit
841 3623 891 3668 et
923 3585 1158 3680 peperit.
1180 3585 1334 3659 Modo
1353 3602 1460 3672 jam
1483 3604 1626 3681 intus
1646 3596 1738 3652 lilii
1758 3604 1903 3661 sunt,
1928 3593 2101 3652 securi

539 3676 671 3762 dunt
693 3723 708 3760 :
734 3676 978 3765 velarunt
996 3676 1065 3754 tle
1094 3695 1216 3752 nido
1240 3692 1466 3756 timoris,
1494 3676 1735 3743 velarunt
1761 3687 1814 3741 in
1843 3685 2100 3752 caelestia,

543 3801 790 3856 velarunt
821 3797 871 3850 in
901 3802 1131 3853 :cterna;
1157 3789 1265 3858 jam
1296 3784 1427 3840 nihil
1458 3789 1700 3837 metuunt
1718 3778 2030 3850 temporale.

614 3888 701 3946 15.
732 3886 880 3962 [θεῖε.
912 3881 1023 3955 14.]
1051 3879 1313 3936 Benedixit
1339 3877 1472 3947 ﬁlios
1499 3883 1608 3927 tuos
1635 3873 1687 3927 in
1718 3883 1782 3926 te.
1809 3870 1975 3939 Quis?
2004 3868 2105 3934 Qui

546 3981 711 4053 posuit
731 3957 852 4048 lines
877 3986 987 4029 tuo;
1008 3987 1199 4043 pacem.
1221 3964 1496 4036 Quomodo
1520 3960 1826 4018 exsultastis
1845 3975 2029 4016 omnes
2049 3957 2105 4013 ³⁸2

548 4052 693 4128 lianc
717 4078 908 4132 amate,
936 4066 1124 4121 fiatres
1145 4062 1267 4117 mei.
1288 4059 1507 4115 Multum
1531 4056 1875 4118 delectamur,
1897 4052 2105 4124 quando

548 4166 740 4221 clamat
767 4165 832 4216 de
868 4157 1116 4215 cordibus
1155 4153 1348 4209 vestris
1375 4150 1516 4220 pacis
1556 4147 1790 4203 dilectio.
1831 4144 2107 4213 Quomodo

549 4273 642 4313 vos
661 4251 973 4312 delectavit?
992 4248 1134 4304 Nihil
1155 4246 1412 4309 dixeram,
1435 4241 1564 4296 nihil
1588 4253 1966 4308 exposueram;
1996 4252 2109 4292 ver-

549 4363 665 4403 sum
694 4339 1066 4416 pronuntiavi,
1099 4346 1154 4394 et
1181 4334 1534 4393 exclamastis.
1560 4329 1697 4399 Quid
1738 4329 1804 4384 de
1827 4328 1976 4383 vobis
2001 4327 2107 4382 cla-

551 4438 752 4494 mavit?
793 4432 1018 4489 Dilectio
1064 4429 1227 4500 pacis.
1257 4426 1392 4494 Quid
1430 4423 1634 4480 ostendi
1680 4422 1847 4477 oculis
1883 4419 2108 4476 vestris?

555 4529 703 4586 Unde
733 4524 971 4581 clamatis
990 4561 1006 4586 ,
1036 4521 1091 4590 si
1120 4534 1224 4573 non
1254 4504 1476 4571 amatis?
1516 4513 1654 4569 unde
1679 4513 1902 4578 amatis,
1933 4512 1976 4564 si
2005 4524 2108 4564 non

553 4618 780 4677 videtis?
810 4612 1089 4670 Invisibilis
1124 4618 1209 4666 cst
1232 4623 1353 4679 pax.
1384 4606 1513 4674 Quis
1536 4614 1618 4659 est
1659 4604 1841 4659 oculus
1867 4616 1972 4671 quo
1999 4600 2109 4654 visa

554 4722 655 4776 est,
678 4720 737 4764 ut
757 4711 1056 4762 amaretur!
1074 4702 1253 4769 Neque
1272 4700 1412 4755 enim
1432 4697 1829 4756 acclamaretur.
1851 4694 1949 4749 nisi
1969 4707 2113 4746 ama-

556 4813 719 4857 retur.
756 4799 881 4855 Hinc
904 4805 1025 4852 sunt
1054 4780 1348 4862 speetacula
1378 4805 1494 4860 quae
1521 4787 1733 4842 exhibet
1758 4786 1894 4840 Deus
1936 4799 2111 4839 rerum

557 4891 916 4949 invisibilium.
948 4886 1153 4953 Quanta
1201 4878 1587 4951 pulchritudine
1629 4875 1925 4930 intellectus
1969 4874 2115 4944 pacis

556 4984 717 5040 corda
737 4991 910 5036 vestra
937 4975 1230 5050 percussit?
1256 4972 1389 5040 Quid
1406 4974 1514 5042 jam
1540 4984 1638 5039 ego
1661 4968 1849 5038 loquar
1874 4966 1940 5021 de
1960 4980 2112 5036 pace,

557 5086 646 5131 aut
670 5075 737 5129 de
763 5071 916 5128 laude
940 5067 1122 5139 pacis?
1150 5063 1410 5120 Praivenit
1427 5059 1603 5117 omnia
1628 5059 1786 5113 verba
1808 5072 1922 5111 mea
1944 5063 2117 5110 vester

559 5165 817 5220 allectus:
849 5175 954 5215 non
984 5158 1175 5226 impleo
1196 5154 1248 5221 ⁸ς
1283 5169 1386 5208 non
1418 5165 1629 5220 possum
1650 5190 1665 5214 ,
1710 5148 1947 5202 inlirmus
1975 5160 2116 5200 sum.

561 5257 878 5313 Dill‘eramus
903 5264 1090 5308 omnes
1115 5245 1298 5300 laudes
1321 5242 1466 5312 pacis
1501 5240 1567 5294 ad
1594 5240 1737 5293 illam
1777 5237 1995 5307 patriam
2027 5251 2118 5305 pa-

559 5350 658 5405 cis.
689 5344 766 5402 lbi
788 5358 906 5401 eam
933 5340 1141 5411 plenius
1164 5335 1512 5393 laudabimus.
1547 5331 1633 5385 ubi
1658 5344 1774 5384 eam
1803 5328 2003 5398 plenius
2028 5328 2121 5382 ha-

563 5439 824 5495 bebimus.
857 5432 1154 5487 lnchoatam
1191 5428 1243 5480 in
1273 5423 1425 5478 nobis
1460 5422 1504 5475 si
1533 5423 1611 5475 sic
1633 5433 1906 5497 amamus,
1947 5416 2118 5484 perfe-

638 5576 647 5584 ’
680 5572 751 5620 sic
772 5575 869 5617 Am.
897 5573 949 5615 et
968 5571 1072 5614 Mss.
1094 5568 1148 5611 At
1172 5564 1247 5607 Er.
1274 5564 1327 5607 et
1346 5561 1477 5613 ωιτη
1498 5549 1796 5602 benedicunt.

556 5639 565 5644 ‘
628 5635 651 5665 ²
667 5616 748 5681 sic
760 5616 863 5678 uss.
880 5626 990 5675 ωδ.
1002 5636 1136 5675 vero.
1160 5627 1205 5670 et
1227 5624 1493 5668 nunerum
1511 5626 1721 5665 amorem
1742 5621 2015 5674 congemis,
2026 5616 2123 5661 etc.

634 5694 653 5724 ι
693 5691 871 5752 Aliquot
895 5696 998 5737 uss.
1021 5687 1261 5751 omittunt.
1284 5690 1460 5752 omnes.

635 5738 821 5812 |tingit.
839 5759 954 5799 ven.
979 5755 1030 5798 et
1050 5754 1179 5805 ιρι,
1195 5738 1410 5801 implebo.
1505 5744 1561 5788 ιι.

1731 308 1789 361 S.
1821 298 2172 362 AUGUSTINI
2211 297 2507 356 EPISCOPI

3576 290 3719 350 ωειλ

2170 423 2311 485 ctam
2337 409 2597 483 quomodo
2621 406 2982 464 laudabimus?
3009 405 3143 461 Ecce
3167 404 3266 459 hoc
3288 402 3428 470 dico,
3455 417 3488 457 ο
3511 403 3602 457 ﬁlii
3630 404 3720 459 di-

2172 507 2291 561 lecti
2320 508 2359 573 ¹,
2389 520 2422 559 o
2444 505 2534 560 lilii
2562 504 2707 574 regni
2727 542 2743 567 ,
2785 517 2817 557 ο
2840 502 2981 557 cives
3007 497 3299 556 Ierusalem
3323 537 3338 560 ,
3378 495 3626 564 quoniam
3666 495 3724 550 in

2172 599 2458 654 Jerusalem
2490 596 2624 650 visio
2651 595 2793 666 pacis
2833 602 2943 658 est;
2989 602 3043 647 et
3068 602 3254 645 omnes
3293 587 3381 658 qui
3423 596 3604 641 amant
3631 601 3728 656 pa-

2173 703 2323 754 cein,
2351 688 2728 743 benedicuntur
2755 686 2806 738 in
2848 699 2943 748 ea,
2982 692 3034 737 et
3058 682 3156 753 ipsi
3198 680 3391 733 intrant
3413 692 3533 732 eum
3570 677 3732 733 chu-

2175 780 2373 834 duntur
2398 786 2589 848 portas,
2633 786 2688 831 et
2728 774 3001 829 ﬁrmantur
3029 779 3225 825 vectes.
3259 769 3400 823 llanc
3428 782 3586 838 quam
3625 782 3728 821 no-

2178 879 2425 932 minatam
2471 877 2547 930 sic
2593 877 2779 929 amatis
2823 883 2877 928 et
2917 871 3154 941 diligitis,
3201 869 3368 937 ipsam
3409 861 3732 928 sectamini,

2181 970 2343 1039 ipsam
2371 968 2692 1033 desiderate;
2741 967 2904 1036 ipsam
2931 965 2982 1018 in
3011 963 3186 1027 domo,
3216 961 3378 1030 ipsam
3407 961 3458 1011 in
3486 956 3732 1025 negotio,

2181 1060 2346 1128 ipsam
2386 1058 2435 1112 in
2465 1058 2741 1124 uxoribus,
2785 1056 2951 1124 ipsam
2981 1054 3040 1108 'in
3066 1051 3221 1118 ﬁliis,
3250 1051 3414 1119 ipsam
3442 1048 3493 1102 in
3523 1046 3735 1111 servis,

2184 1150 2350 1219 ipsam
2372 1149 2423 1201 in
2449 1149 2653 1211 amicis,
2685 1148 2848 1214 ipsam
2876 1145 2926 1198 in
2954 1143 3174 1197 inimicis
3197 1140 3411 1209 diligite.

2194 1311 2199 1316 .
2254 1239 2341 1295 16.
2375 1238 2485 1309 Ipsa
2514 1247 2594 1301 est
2630 1252 2729 1307 pax
2759 1250 2912 1307 quam
2942 1250 3044 1288 non
3088 1233 3281 1287 habent
3310 1227 3565 1283 hicretici.
3594 1226 3737 1294 Quid

2188 1331 2293 1401 agit
2314 1347 2411 1400 pax
2434 1331 2485 1383 in
2518 1329 2669 1397 hujus
2684 1326 2853 1380 adhuc
2886 1324 3113 1395 regionis
3139 1320 3369 1383 incertis,
3401 1320 3453 1372 in
3481 1318 3579 1371 ista
3608 1331 3739 1385 per-

2186 1422 2521 1490 egrinatione
2553 1417 2881 1474 mortalitatis
2921 1416 3147 1479 nostrae;
3196 1428 3311 1469 cum
3354 1410 3525 1466 adhuc
3579 1424 3742 1463 nemo

2187 1523 2270 1570 est
2303 1512 2454 1568 alteri
2485 1511 2814 1581 conspicuus,
2857 1522 3010 1562 nemo
3046 1503 3189 1559 videi
3211 1500 3585 1558 corlalterius?
3611 1498 3740 1569 quid

2187 1604 2290 1674 agit
2315 1603 2452 1673 pax?
2475 1602 2546 1656 De
2573 1600 2789 1657 incertis
2816 1613 2916 1652 non
2942 1597 3158 1666 judicut,
3187 1593 3445 1664 incognita
3477 1606 3582 1644 non
3611 1603 3744 1643 con-

2191 1697 2396 1757 lirmat;
2424 1693 2702 1764 proclivior
2721 1700 2802 1746 est
2825 1690 2888 1743 ad
2912 1690 3044 1742 bene
3063 1684 3381 1761 credendum
3406 1681 3473 1736 de
3500 1679 3741 1743 homine,

2191 1800 2345 1856 quam
2385 1760 2450 1838 ad
2492 1782 2629 1846 male
2666 1778 3058 1851 suspicandum.
3093 1774 3205 1856 Non
3233 1788 3291 1828 se
3333 1772 3556 1825 multum
3595 1768 3745 1823 dolet

2191 1892 2402 1942 errare,
2431 1891 2547 1931 cum
2593 1874 2726 1928 bene
2757 1871 2922 1927 credit
2945 1870 3101 1925 etiam
3145 1850 3211 1920 de
3245 1865 3415 1927 malo;
3445 1860 3749 1932 perniciose

2192 1976 2388 2033 autem,
2416 1976 2534 2020 cum’
2565 1965 2699 2018 male
2725 1962 2883 2017 sentit
2912 1959 3045 2014 forte
3069 1958 3135 2011 de
3162 1957 3317 2009 bono.
3343 1953 3533 2007 Nescio
3566 1950 3745 2020 qualis

2188 2062 2299 2115 sit’
2324 2078 2335 2113 :
2365 2058 2487 2130 quid
2517 2058 2699 2128 perdo,
2730 2056 2772 2110 si
2798 2053 2956 2109 credo
2989 2051 3109 2121 quia
3147 2049 3314 2102 bonus
3337 2044 3455 2100 est?
3481 2044 3536 2098 Si
3568 2044 3751 2096 incer-

2199 2160 2305 2206 tnm
2335 2159 2435 2215 est,
2466 2150 2586 2203 licet
2611 2159 2665 2201 ut
2692 2161 2899 2216 caveas,
2929 2158 2995 2198 ne
3030 2142 3164 2194 forte
3197 2152 3374 2193 verum
3400 2136 3497 2197 sit;
3526 2150 3629 2185 non
3665 2144 3750 2183 ta-

2199 2256 2319 2297 men
2362 2240 2599 2298 damnes.
2647 2249 2889 2307 tanquam
2932 2248 3109 2289 verum
3158 2230 3246 2284 sit.
3282 2227 3390 2281 Hoc
3434 2241 3531 2294 pax
3573 2222 3752 2293 jubct.

2204 2333 2381 2400 Quaere
2411 2348 2605 2399 pacem,
2638 2332 2730 2393 ait,
2764 2338 2808 2382 et
2828 2343 3024 2393 sequere
3066 2339 3173 2377 eam
3197 2318 3366 2387 (Paul.
3403 2331 3601 2380 xxxut,
3632 2314 3754 2382 15).

2196 2417 2424 2474 llieresis
2461 2416 2589 2486 quid
2638 2412 2847 2469 monet?
2888 2412 3109 2466 Damnat
3155 2408 3482 2476 incognitos,
3535 2404 3764 2458 damnat

2186 2518 2362 2561 totum
2402 2505 2691 2559 mundum:
2740 2502 2900 2556 Periit
2950 2510 3092 2554 totus
3137 2496 3396 2561 mundus,
3444 2493 3625 2550 nullus
3674 2501 3765 2547 est

2194 2600 2521 2657 Christianus
2540 2640 2555 2662 ,
2585 2595 2758 2651 Africa
2785 2593 3054 2649 remansit.
3087 2591 3231 2646 Bene
3248 2587 3513 2660 jndicasti.
3546 2586 3626 2641 De
3646 2600 3764 2655 quo

2198 2691 2441 2747 tribunali
2483 2689 2613 2743 dicis
2638 2698 2695 2742 tu
2727 2685 3038 2741 sententiam
3069 2683 3121 2737 in
3158 2684 3342 2736 orbem
3370 2677 3675 2735 terrarum?
3702 2672 3763 2731 in

2197 2800 2302 2856 quo
2326 2784 2438 2839 loro
2466 2791 2588 2838 ante
2613 2793 2665 2835 te
2693 2779 2919 2834 mundus
2937 2774 3119 2833 stetit?
3145 2774 3278 2856 Nolo
3306 2772 3437 2826 mihi
3466 2769 3760 2831 credatur,

2197 2848 2289 2933 sed
2319 2891 2415 2930 nec
2446 2874 2573 2929 tibi:
2600 2872 2808 2928 Christo
2836 2867 3101 2931 credatur,
3132 2848 3347 2936 spiritui
3384 2863 3476 2918 Dei
3499 2878 3597 2932 per
3619 2861 3764 2916 Ρω-

2199 2969 2383 3039 plietas
2424 2965 2699 3028 credatur,
2750 2962 2873 3034 Legi
2914 2960 3077 3033 Moysi
3117 2957 3382 3013 credatur.
3436 2954 3572 3022 Quid
3623 2953 3766 3007 dixit

2200 3061 2406 3133 Moyses
2431 3058 2499 3114 de
2528 3056 2712 3112 lutnris
2741 3053 2823 3110 his
2850 3049 3209 3122 temporibus?
3239 3048 3317 3103 Ad
3360 3047 3628 3103 Abraham
3678 3044 3766 3097 di-

2198 3164 2339 3209 ctum
2366 3144 2446 3208 est
2476 3169 2489 3205 :
2520 3148 2585 3204 In
2623 3150 2808 3204 semine
2853 3156 2935 3201 tuo
2979 3140 3323 3200 benedicentur
3364 3157 3540 3217 cuine:
3590 3151 3766 3212 gentes

2200 3244 2351 3318 (Gen.
2379 3258 2507 3306 χχιι,
2536 3241 2645 3313 18).
2689 3241 2768 3295 An
2791 3238 2998 3294 dubitas
3032 3235 3154 3307 quid
3194 3236 3264 3291 sit
3287 3250 3468 3289 semen
3495 3231 3765 3286 Abi-alim?

2199 3338 2334 3394 Puto
2361 3338 2481 3407 quia
2509 3351 2627 3391 cum
2656 3333 2938 3403 Apostolus
2961 3330 3173 3393 dixerit,
3196 3345 3304 3383 non
3332 3325 3599 3382 dubitabis
3623 3343 3637 3378 :
3666 3336 3765 3379 aut

2200 3428 2244 3483 si
2268 3437 2322 3483 et
2343 3428 2408 3482 de
2445 3427 2696 3496 Apostolo
2720 3423 2999 3485 dubitabis,
3036 3436 3220 3490 quare,
3246 3420 3376 3483 Pax,
3402 3432 3533 3487 pax;
3570 3427 3626 3472 et
3649 3431 3762 3471 non

2201 3529 2283 3575 est
2302 3534 2402 3590 pax
2425 3517 2634 3590 (Jerem.
2657 3532 2727 3579 vi,
2752 3514 2840 3587 Η)
2856 3515 2880 3567 ?
2899 3512 3029 3581 Quid
3052 3511 3178 3567 dicit
3202 3507 3518 3581 Apostolus?
3537 3507 3765 3561 Abrae

2201 3601 2348 3665 dicta:
2360 3618 2473 3664 sunt
2492 3606 2861 3678 promissiones,
2880 3614 2925 3658 et
2942 3603 3116 3659 semini
3134 3602 3261 3672 ejus.
3282 3599 3402 3653 Non
3417 3600 3555 3662 dicit,
3576 3595 3642 3650 Et
3675 3614 3765 3651 ae-

2201 3704 2431 3767 minibus,
2447 3711 2680 3772 tanquam
2698 3700 2750 3752 in
2766 3697 2954 3762 multis;
2970 3696 3057 3750 sed
3069 3706 3301 3762 tanquam
3319 3693 3372 3746 in
3381 3688 3570 3757 uno,Et
3581 3690 3769 3744 senili

2203 3803 2308 3858 tuo,
2336 3793 2554 3865 quodest
2575 3785 3011 3859 Christus(Gulat.
3031 3802 3107 3850 ιιι,
3138 3783 3241 3855 l6).
3270 3784 3405 3839 Ecce
3424 3791 3545 3836 ante
3590 3780 3766 3836 millia

2203 3900 2459 3940 annorum
2485 3883 2682 3937 dictum
2720 3889 2803 3935 est
2831 3878 3086 3942 Abrahae,
3118 3873 3183 3929 In
3222 3875 3408 3931 sentiae
3445 3883 3532 3927 tuo
3556 3869 3767 3927 bendi-

2203 3985 2377 4031 centur
2394 3990 2561 4030 omnes
2576 3982 2744 4044 gentes
2764 3987 2782 4024 :
2806 3968 2942 4041 quod
2965 3979 3086 4023 ante
3105 3966 3266 4021 millia
3283 3978 3541 4020 annorum
3565 3962 3769 4017 dictum

2204 4077 2306 4135 est,
2322 4066 2459 4123 etab
2482 4079 2587 4119 uno
2607 4062 2885 4126 creditum,
2909 4058 3066 4114 modo
3082 4057 3190 4128 jam
3209 4056 3447 4110 videmus
3467 4054 3767 4122 impletum.

2208 4160 2319 4215 Hac
2350 4158 2608 4229 legimus,
2639 4154 2738 4210 hac
2790 4155 3072 4216 intuemur,
3100 4159 3153 4205 et
3177 4158 3231 4203 tu
3269 4149 3471 4203 resistis
3504 4147 3571 4200 de
3593 4157 3773 4198 trans-

2174 4285 2191 4302 ι
2208 4268 2360 4308 verso
2381 4249 2626 4306 veniens?
2642 4246 2774 4316 Quid
2798 4241 3201 4301 dicturus?l\'oli
3225 4240 3463 4295 credere.
3488 4237 3611 4293 Cui?
3643 4237 3774 4303 Spi-

2210 4344 2330 4399 ritni
2363 4342 2492 4397 Dei?
2520 4341 2630 4395 Deo
2671 4337 2900 4408 loquenti
2940 4336 3005 4390 ad
3038 4333 3338 4389 Abraham?
3368 4332 3434 4386 Et
3459 4331 3541 4386 cui
3567 4320 3777 4385 credo?

2212 4434 2369 4489 Tibi?
2416 4433 2528 4487 Non
2578 4430 2679 4486 hoc
2724 4430 2859 4490 dico,
2893 4428 3115 4497 inquies.
3154 4425 3266 4480 Non
3315 4426 3412 4479 hoc
3455 4423 3632 4477 dicis?
3663 4437 3775 4477 non

2209 4526 2378 4581 dicis:
2409 4524 2530 4579 Mihi
2563 4523 2732 4592 petitis
2769 4520 2955 4581 crede,
2996 4533 3151 4587 quam
3194 4515 3410 4586 Spiritui
3445 4514 3535 4567 Dei
3575 4522 3633 4567 et
3664 4514 3774 4567 Dec

2211 4617 2442 4687 loquenti
2472 4615 2537 4669 ad
2564 4613 2866 4669 Abraham?
2891 4611 3024 4678 Quid
3047 4625 3174 4679 ergo
3201 4609 3329 4663 mihi
3354 4608 3520 4662 dicis?
3540 4607 3637 4663 Ille
3662 4616 3778 4660 tra-

2213 4709 2363 4774 dldit,
2391 4716 2444 4763 et
2470 4708 2558 4760 ille
2587 4705 2818 4760 tradidit.
2852 4704 2925 4759 De
2969 4701 3259 4770 Evangelio
3296 4700 3490 4753 recitas
3532 4697 3654 4755 hoc.
3706 4697 3783 4752 de

2216 4799 2489 4869 Apostolo,
2520 4796 2589 4852 de
2628 4794 2944 4863 Pr0phrtis?
2969 4792 3182 4848 Discute
3210 4805 3397 4847 omnes
3435 4788 3743 4857 Seripturas
3762 4824 3785 4851 ,

2215 4893 2330 4961 lege
2347 4890 2474 4944 mihi
2492 4889 2591 4943 hoc
2605 4905 2668 4942 ex
2686 4889 2764 4944 eis
2779 4887 2967 4957 quibus
2981 4885 3140 4940 credo
3159 4900 3174 4950 ;
3196 4883 3285 4939 tibi
3307 4883 3447 4938 enim
3461 4898 3564 4936 non
3589 4881 3786 4935 credo.

2222 4983 2367 5038 Unde
2412 4982 2639 5046 lecturus
2677 4979 2770 5035 es?
2818 4979 2927 5034 Hoc
2973 4977 3099 5031 mihi
3145 4985 3293 5046 pater
3334 4990 3501 5040 meus,
3540 4973 3637 5037 ait,
3679 4971 3789 5027 hoc

2219 5074 2347 5129 mihi
2373 5088 2500 5128 avus
2523 5087 2690 5137 meus,
2722 5070 2823 5126 hoc
2852 5070 2976 5123 mihi
2997 5069 3158 5127 frater
3184 5081 3351 5129 mens,
3376 5066 3475 5119 huc
3504 5064 3634 5118 mihi
3662 5067 3783 5133 cpio

2219 5179 2410 5237 scopas
2435 5181 2606 5221 meus.
2637 5164 2742 5219 Sed
2777 5164 2875 5217 hoc
2901 5161 3124 5216 Abrahze
3170 5160 3308 5214 Dens
3336 5176 3349 5210 :
3382 5156 3450 5210 In
3487 5157 3681 5210 semine
3702 5170 3794 5209 tuo

2219 5260 2566 5314 benedicentur
2585 5272 2754 5337 omnes
2771 5266 2956 5325 gentes.
2981 5253 3140 5308 Audit
3161 5266 3294 5305 unus
3315 5250 3472 5303 homo
3517 5258 3571 5302 et
3594 5248 3790 5305 credit.

2221 5364 2275 5409 et
2303 5352 2435 5407 litin
2479 5349 2656 5426 multis
2691 5358 2811 5419 post
2840 5346 3002 5401 multa
3031 5354 3291 5413 tempora.
3324 5340 3547 5409 Quando
3584 5340 3793 5394 dictum

2222 5455 2334 5513 est,
2361 5443 2634 5501 creditur:
2665 5440 2873 5512 quando
2898 5439 3169 5511 impletum
3205 5445 3318 5500 est,
3346 5434 3659 5490 dubitatur?
3683 5433 3797 5487 ιιω

2292 5603 2308 5634 ί
2337 5599 2521 5665 Aliquot
2532 5605 2665 5665 ﬁssa,
2684 5594 2962 5665 dilectionis.

2293 5666 2314 5695 ⁸
2338 5651 2769 5731 Ιιέιλιιειιιαιιρῌες.
2796 5667 2850 5708 At
2871 5658 3002 5728 add,
3348 5659 3523 5713 (uitem,
3542 5664 3656 5702 cum
3674 5651 3807 5702 ad:

2234 5714 2436 5778 senserit"
2450 5714 2645 5799 forte'de
2668 5722 2785 5772 bona
2819 5719 3028 5771 nesciens
3045 5714 3202 5780 quatis
3223 5715 3299 5767 sit.
