4042 6202
303 297 439 354 1925

301 429 428 483 ergo
468 414 597 468 dixit
642 415 880 486 Moyses,
911 417 1086 474 dicant
1125 427 1174 474 ct
1210 420 1506 490 Prophetm.
1537 423 1666 476 \‘ide
1713 438 1859 476 eom-

300 507 552 560 mercium
581 509 861 576 emptioms
893 519 1102 563 nostrai.
1129 512 1366 570 Christus
1397 514 1584 582 pendet
1611 515 1662 568 in
1686 516 1855 584 ligno;

296 595 415 648 vide
445 608 642 664 quanto
669 598 814 659 emit.
845 600 991 653 etsic
1023 599 1222 654 videbis
1251 602 1372 671 quid
1403 603 1544 657 etnit.
1577 605 1856 671 limpturns

295 696 376 740 est
415 687 644 756 aliquid;
688 689 852 756 ipsum
881 690 1075 760 aliquid
1116 693 1345 746 nondum
1389 697 1510 748 scis.
1547 696 1692 755 Vide.
1739 698 1854 752 vide

293 782 496 846 quanti,
542 792 594 834 et
614 781 819 836 videbis
867 784 1012 852 quid.
1053 785 1369 854 Sanguinem
1406 788 1557 854 fudit,
1598 792 1861 860 sanguine

293 886 388 923 suo
414 873 562 934 emit,
595 874 847 941 sanguine
878 877 1008 944 Agni
1051 877 1367 932 immaculati
1415 881 1564 945 emit,
1596 885 1849 952 sanguine

291 963 424 1014 unici
458 962 571 1016 Filii
604 964 694 1017 Dei
727 966 872 1019 emit.
900 967 1034 1032 Quid
1063 980 1294 1036 emptum
1328 981 1402 1024 est
1425 974 1676 1039 sanguine
1707 976 1844 1029 unici

290 1053 402 1107 l’ilii
419 1051 540 1108 Dei?
561 1055 744 1111 Adhuc
757 1057 874 1112 vide
894 1060 1091 1127 quanti.
1111 1061 1366 1130 Propheta
1390 1063 1518 1116 dixit
1539 1065 1692 1134 longe
1707 1078 1847 1122 ante-

284 1163 439 1212 quam
473 1148 650 1202 fieret:
681 1149 938 1204 Foderunt
963 1169 1137 1205 manus
1175 1171 1309 1208 meas
1337 1165 1380 1207 et
1406 1155 1553 1225 pedes
1583 1174 1734 1221 meos,
1763 1160 1841 1211 di-

283 1250 661 1292 mnnerrwerunt
684 1235 850 1293 omnia
870 1259 982 1295 ossa
1008 1259 1132 1296 utea.
1156 1244 1396 1313 Magnum
1421 1248 1644 1314 prelitnn
1664 1251 1836 1315 video,

281 1327 570 1393 Christe’;
612 1330 814 1383 videam
858 1333 980 1397 quid
1033 1334 1204 1388 emisti
1239 1353 1250 1388 :
1293 1335 1835 1405 Commemorabuntur,

277 1431 322 1470 et
363 1432 708 1475 convertentur
737 1425 802 1474 ad
853 1424 1118 1478 Dominum
1151 1428 1368 1482 universi
1415 1430 1538 1498 ﬁnes
1582 1443 1743 1486 ιρι-ηε.
1779 1433 1832 1487 lu

277 1526 382 1562 uno
410 1511 700 1582 eodemque
744 1516 945 1582 psalmo
972 1529 1262 1586 emptorem
1291 1520 1463 1587 video,
1504 1532 1558 1578 et
1589 1513 1833 1593 pretium,

273 1611 330 1654 et
385 1606 790 1669 possessionem.
860 1610 1077 1679 Emptor
1123 1611 1362 1667 Christus
1406 1625 1488 1669 est
1529 1657 1544 1681 ,
1613 1618 1834 1686 pretium

274 1695 509 1761 sanguis,
543 1699 808 1764 pOSS¢>Si0
850 1701 993 1755 orbis
1023 1713 1296 1757 terrarum.
1329 1704 1498 1760 Voces
1529 1707 1674 1775 ipsas
1709 1725 1833 1778 pro-

274 1783 512 1850 pheticus
536 1787 829 1851 audiamus,
850 1793 1272 1848 contradicentes
1292 1795 1638 1866 litigatoribus
1668 1799 1830 1854 haere-
1865 1786 1871 1796 ’

271 1872 415 1926 ticis.
432 1874 568 1928 Ecce
594 1882 859 1945 possessio
885 1881 1086 1936 Domini
1106 1885 1226 1938 mei.
1246 1883 1338 1938 Jus
1358 1887 1378 1916 ³
1401 1886 1515 1955 lego
1534 1888 1582 1940 in
1604 1890 1827 1957 psalmo,

270 1961 827 2035 Commemorabuntur,
854 1981 897 2023 et
931 1984 1272 2028 convertentur
1309 1976 1376 2030 ad
1405 1977 1674 2032 Dominum
1714 1984 1830 2036 uni-

266 2054 396 2106 uersi
417 2055 542 2120 ﬁnes
559 2066 728 2122 teme,
749 2070 794 2113 et
815 2061 1092 2117 adorabunt
1113 2067 1162 2117 in
1181 2077 1448 2136 conspectu
1463 2071 1569 2140 ejus
1590 2072 1830 2126 universa:

266 2145 446 2210 patriae
461 2149 700 2216 gentium.
745 2152 808 2205 Et
849 2153 967 2208 vide
993 2155 1312 2224 jurgantem,
1355 2159 1472 2214 vide
1510 2161 1596 2230 jus
1638 2163 1826 2219 defen-

263 2233 477 2290 dentem
503 2255 515 2290 :
547 2238 793 2306 Quoniam
819 2244 976 2312 ipsius
1002 2256 1074 2300 est
1108 2264 1333 2317 regnum,
1371 2260 1415 2303 et
1447 2252 1557 2320 ipse
1592 2254 1824 2310 domina-

265 2325 397 2378 bitur
435 2331 652 2393 gentium
687 2330 855 2399 (Psal.
910 2350 1021 2398 xxI,
1056 2338 1142 2400 17,
1175 2339 1261 2400 18,
1289 2339 1378 2404 9.8,
1419 2341 1532 2411 29).
1583 2343 1694 2413 Ipse
1734 2349 1822 2416 qui

262 2419 391 2470 emit
429 2417 692 2486 Christus,
736 2438 838 2475 nou
867 2425 953 2491 qui
996 2430 1314 2494 apostatavit
1341 2431 1594 2486 Donatus.
1628 2437 1826 2490 Adora-

261 2508 382 2561 bunt
422 2523 440 2562 ':
491 2521 664 2577 recte,
719 2514 996 2572 adorabunt
1046 2527 1235 2572 omnes
1269 2524 1449 2591 patria:
1501 2528 1721 2595 gentium
1768 2531 1822 2584 in

179 2593 196 2610 ‘
259 2610 525 2664 conspectu
570 2603 696 2672 ejus.
743 2603 915 2670 Quare
960 2609 1143 2662 recte?
1199 2611 1446 2678 Quoniam
1499 2615 1700 2672 Domini
1749 2631 1822 2675 est

257 2707 486 2762 regnum,
505 2703 552 2747 et
574 2696 680 2762 ipse
698 2696 1036 2753 dominabitur
1055 2703 1296 2771 gentium.
1317 2705 1446 2760 Illud
1469 2708 1694 2779 Moyses,
1721 2713 1819 2768 hoc

258 2781 568 2853 Prophetas,
599 2795 651 2840 et
697 2789 796 2841 alia
827 2791 986 2844 multa
1016 2793 1198 2846 n-illia.
1231 2797 1358 2860 Quis
1389 2811 1629 2854 numerat
1672 2805 1821 2857 testi-

257 2877 431 2929 monia
478 2875 544 2930 de
577 2877 809 2934 Ecclesia
858 2890 967 2936 toto
1008 2893 1262 2940 terrarum
1294 2889 1421 2943 orbe
1447 2891 1816 2964 diffusaiquis

256 2969 531 3021 numerat?
557 2968 670 3024 Non
717 2983 838 3024 sunt
885 2982 960 3026 tot
1001 2974 1229 3032 ha-reses
1271 2989 1452 3033 contra
1499 2983 1811 3054 Ecclesium,

252 3071 382 3127 quot
410 3070 533 3115 sunt
559 3065 852 3119 testimonia
882 3067 1035 3137 Legis
1064 3084 1161 3139 pro
1190 3071 1446 3126 Ecclesia.
1473 3075 1600 3144 Qum
1627 3081 1811 3148 pagina

252 3165 358 3202 non
387 3151 486 3205 hoc
511 3156 702 3207 sonat?
725 3157 842 3224 quis
868 3173 1050 3213 versus
1078 3177 1178 3214 non
1212 3163 1311 3218 hoc
1342 3165 1604 3235 loquitur?
1625 3169 1810 3226 Omnia

249 3241 479 3296 clamant
508 3224 605 3311 pro
621 3247 1113 3317 unitatedominica,
1146 3254 1263 3322 quia
1291 3258 1462 3325 posuit
1495 3259 1624 3314 lines
1651 3262 1808 3318 Jeru-

246 3331 411 3386 salem
443 3348 644 3402 pacem.
674 3337 749 3390 'l'u
788 3349 970 3395 contra
1007 3341 1103 3396 ista
1139 3344 1318 3412 latras,
1349 3348 1626 3408 baeretice!
1656 3353 1809 3411 Unde

249 3423 437 3477 merito
463 3423 654 3480 dicitur
694 3428 743 3480 in
777 3429 860 3482 illa
890 3433 1129 3500 civitate,
1175 3439 1315 3506 quod
1363 3441 1614 3512 scriptum
1644 3433 1804 3503 estin

247 3511 580 3583 Apocalypsi,
608 3514 766 3572 Canes
805 3523 942 3590 foras
989 3523 1166 3595 (Apoc.
1194 3543 1329 3594 xxn,
1362 3511 1481 3604 15).
1514 3535 1589 3589 Tu
1619 3550 1802 3596 contra

245 3600 344 3657 ista
376 3603 553 3658 latras.
586 3606 732 3661 Unde
765 3610 1006 3678 judicasti
1036 3615 1102 3668 de
1128 3618 1258 3673 orbe
1303 3600 1561 3678 terrarum
1583 3668 1598 3693 ,
1633 3639 1689 3682 ut
1716 3631 1802 3684 di-

243 3709 365 3751 cere
401 3712 663 3766 cmperam
686 3701 710 3753 ?
736 3717 840 3768 quo
883 3705 1160 3785 tribunali?
1187 3709 1604 3793 Praesumptione
1653 3721 1802 3775 vide-

246 3784 370 3839 licet
394 3787 570 3840 cordis
599 3789 692 3841 tui.
721 3790 894 3844 Altum
923 3780 1170 3862 tribunal,
1199 3801 1289 3852 sed
1322 3780 1612 3860 ruinosum.
1663 3811 1804 3866 Dixit

243 3874 346 3930 hoc
391 3876 633 3950 Moyses,
679 3880 923 3937 dixerunt
970 3884 1068 3940 hoc
1117 3887 1417 3958 Prophette;
1467 3905 1521 3950 et
1569 3901 1798 3956 nonduin

240 3966 484 4034 credunt,
511 3969 598 4038 qui
628 3985 686 4025 se
711 3971 1026 4028 christianos
1050 3976 1212 4032 videri
1241 3981 1424 4037 volunt
1443 3985 1498 4040 ’Ξ

311 4057 395 4111 17.
431 4058 796 4129 Torquebatur
832 4065 1042 4134 quidam
1070 4069 1216 4125 dives
1243 4075 1378 4140 apud
1405 4076 1621 4147 inferos,
1652 4083 1794 4139 desi-

237 4147 442 4204 deravit
470 4166 620 4220 aqum
640 4153 831 4208 stillam
859 4156 925 4210 de
942 4157 1102 4227 digito
1130 4168 1414 4234 contempti
1441 4181 1562 4226 ante
1580 4173 1793 4240 januam

233 4257 382 4295 suam
410 4243 672 4312 pauperis,
696 4246 942 4314 quoniam
972 4250 1216 4306 urebatur
1243 4253 1294 4307 in
1314 4254 1552 4314 flatmnis.
1587 4262 1792 4320 Etcum

231 4334 279 4386 ei
316 4351 418 4387 non
463 4335 703 4400 daretur,
749 4341 869 4406 quia
909 4342 1150 4408 judicium
1190 4347 1298 4400 sine
1334 4352 1672 4410 misericordia
1713 4358 1794 4414 illi

231 4426 315 4493 qui
347 4441 443 4477 non
467 4427 580 4495 fecit
604 4427 992 4484 irrisericordiaut
1009 4451 1026 4498 ;
1045 4449 1164 4490 cum
1191 4453 1318 4509 ergo
1343 4443 1390 4496 ei
1419 4461 1521 4498 non
1543 4447 1788 4519 daretur,

229 4513 361 4567 dixit
402 4515 465 4567 ad
507 4516 770 4572 Abraham
803 4538 815 4573 :
851 4521 1006 4577 Pater
1040 4526 1314 4595 Abraham,
1352 4535 1489 4589 mitte
1513 4513 1785 4598 Lazarum:

233 4603 407 4658 Habeo
429 4607 495 4659 ibi
519 4609 732 4679 quinque
757 4615 972 4682 fratres;
992 4621 1251 4675 annuntiet
1270 4626 1339 4678 eis
1359 4643 1469 4694 qua:
1494 4630 1573 4684 hic
1600 4637 1784 4704 patior,

228 4711 292 4749 ne
315 4706 360 4748 et
389 4697 486 4763 ipsi
511 4700 710 4753 veniunt
738 4701 790 4756 in
821 4703 984 4760 locum
1011 4707 1142 4762 hunc
1171 4720 1525 4772 tormentorum
1571 4723 1634 4777 Et
1664 4728 1786 4796 quid

223 4786 300 4840 illi
332 4789 637 4844 Abraham?
666 4791 867 4848 Habent
902 4799 1006 4853 illic
1053 4801 1266 4873 Moysen
1305 4816 1351 4860 et
1389 4786 1694 4881 Prophetas:
1720 4819 1786 4875 Et

225 4876 313 4931 ille
344 4897 357 4932 :
390 4878 529 4946 Non,
561 4893 701 4952 pater
741 4885 1030 4956 Abraham;
1067 4893 1154 4946 sed
1178 4897 1224 4949 si
1247 4899 1356 4966 quis
1379 4918 1440 4954 ea:
1467 4876 1674 4962 mortuis
1702 4927 1784 4964 re-

223 4969 513 5035 snrrexerit,
541 4975 760 5029 credent.
803 4979 867 5032 Et
895 4981 1154 5037 Abraham
1191 5004 1204 5040 :
1235 4987 1294 5042 Si
1320 4989 1548 5063 Moysen,
1580 5000 1779 5071 inquit,

223 5069 272 5112 et
303 5059 586 5132 Prophetas
609 5083 707 5120 non
730 5070 968 5138 audiunt,
1006 5091 1094 5127 nec
1117 5077 1161 5130 si
1182 5079 1292 5147 quis
1317 5098 1349 5133 a
1377 5089 1583 5141 mortuis
1611 5108 1780 5146 resur-

223 5153 424 5216 rexerit,
470 5156 667 5210 credent
697 5159 841 5229 (Luc.
884 5179 988 5225 xvr,
1025 5167 1106 5228 i9,
1154 5169 1264 5235 51),
1298 5174 1372 5228 De
1396 5180 1583 5246 quibus
1612 5183 1772 5251 dixit,

225 5241 426 5296 [labent
467 5248 535 5298 ibi
562 5249 767 5320 Moysen
807 5265 851 5307 et
901 5257 1219 5326 Prophetas?
1248 5267 1322 5322 De
1371 5241 1452 5351 liis
1482 5241 1659 5345 utique
1687 5241 1774 5347 qui

220 5331 394 5387 adhuc
436 5336 711 5406 vivebant,
757 5346 944 5413 quibtis
972 5350 1142 5405 adhuc
1186 5331 1415 5425 tempus.
1431 5369 1773 5424 correctionis

220 5421 421 5494 largum
441 5440 572 5489 erat,
591 5432 675 5498 qui
697 5437 924 5490 nondum
961 5456 1210 5500 venerant
1230 5447 1278 5501 in
1298 5448 1410 5505 loca
1435 5453 1517 5507 illa
1543 5466 1773 5514 tormen-

277 5537 292 5606 ξ
329 5537 401 5606 sic
414 5536 611 5606 aliquot
630 5549 730 5593 Mss.
750 5545 857 5594 Edd.
875 5562 1007 5606 vero,
1031 5551 1224 5605 Christi.

213 5652 231 5702 Ι
272 5589 292 5618 ⁹
318 5599 390 5646 sic
437 5589 857 5702 llegendumwciiin'
883 5589 1311 5670 'Evrf'e‘tluitiid‘ioris
1351 5632 1477 5676 nota:
1518 5635 1618 5680 Mss.
1669 5631 1774 5693 [ris

230 5667 330 5702 €00.
353 5669 445 5702 etc-

230 5667 330 5718 ego,
353 5661 469 5722 etc.]

278 5719 298 5750 ³
323 5723 458 5770 ωτι).
482 5728 564 5772 Ms.
585 5759 599 5776 .
619 5727 795 5780 notant.

1296 263 1716 361 ἐκληῐιλτιυ
1755 305 1816 360 IN
1858 305 2172 369 pssum.“
2211 317 2454 377 cxcvu.

3389 347 3522 406 1926

1970 432 2160 484 tormn.
2186 434 2381 514 [labent
2396 441 2479 503 ibi,
2505 443 2691 513 inquit,
2709 465 2836 517 quos
2858 453 3085 517 audiant,
3115 455 3324 529 Moysen
3339 473 3386 516 et
3405 465 3526 519 Pro-

1961 523 2135 590 phetas
2183 528 2292 583 Non
2332 533 2552 589 credunt
2583 537 2677 600 his,
2709 543 2796 594 sed
2824 544 2869 595 si
2888 547 2996 607 quis
3016 566 3046 599 ιι
3064 553 3269 605 mortuis
3305 572 3524 611 resurre-

1956 617 2321 678 mit,crcdent.
2340 623 2399 678 Si
2424 625 2628 696 Moysen
2647 641 2690 684 et
2712 631 2987 703 PrOphetns
3005 656 3102 692 non
3121 644 3350 710 audiunt,
3368 665 3456 702 nec
3477 653 3519 704 si

1954 708 2064 774 quis
2085 725 2115 760 a
2143 714 2346 767 mortuis
2371 722 2711 786 resurrexerit,
2741 727 2959 781 credent.
2989 730 3259 788 Sententia
3290 739 3514 797 Abraha:

1953 805 2052 848 est.
2081 798 2303 856 Abralne
2333 810 2589 862 sententia
2621 813 2738 879 ubi,
2767 826 2820 870 et
2847 820 3024 873 unde?
3057 823 3131 878 De
3159 829 3384 894 quodam
3415 849 3515 886 ex-

1951 886 2092 938 celso
2134 891 2269 953 loco,
2303 903 2356 948 et
2395 898 2549 964 pleno
2581 903 2769 968 quietis
2793 917 2844 960 et
2871 908 3166 978 felicitatis,
3199 935 3353 986 quem
3385 924 3515 980 vidit

1951 975 2056 1038 ille,
2089 983 2175 1049 qui
2220 988 2553 1044 cruciabatur
2600 994 2650 1047 in
2687 994 2894 1054 flamma
2918 1045 2930 1066 ,
2965 1004 3149 1060 levatis
3175 1009 3339 1073 oculis
3368 1017 3508 1077 suis;

1946 1071 2153 1135 quando
2181 1074 2230 1126 in
2261 1077 2374 1143 ejus
2413 1085 2614 1149 gremio
2635 1128 2647 1148 ,
2682 1088 2729 1140 id
2761 1100 2840 1144 est
2885 1093 2932 1146 in
2965 1095 3076 1164 ejus
3124 1100 3350 1168 secreto,
3381 1108 3510 1163 vidit

1948 1172 2226 1227 paupertati
2257 1165 2482 1224 feliciter
2511 1178 2858 1234 exsultantem
2892 1202 2904 1235 :
2937 1187 3054 1241 inde
3081 1193 3280 1258 prolata
3310 1207 3388 1250 est
3411 1201 3507 1253 ista

1945 1256 2221 1308 Sententia.
2269 1259 2401 1316 Vide
2443 1263 2508 1318 de
2551 1283 2653 1336 quo
2697 1274 2962 1332 tribunali.
3009 1256 3260 1338 Illi—Olli!"
3307 1289 3507 1347 habitat

1944 1341 2110 1407 Deus,
2139 1349 2257 1414 quia
2290 1351 2338 1403 iu
2367 1357 2561 1410 sanctis
2591 1359 2787 1417 habitat
2818 1368 2970 1422 Deus.
3000 1371 3144 1427 Unde.
3191 1389 3336 1444 optat
3369 1383 3507 1448 Apo-

1939 1433 2106 1487 stolus
2127 1447 2174 1489 el
2195 1439 2337 1504 dicit,
2370 1443 2587 1501 Dissolvi
2601 1461 2644 1503 et
2673 1471 2775 1507 esse
2794 1474 2907 1510 cmn
2936 1460 3149 1528 Christo;
3177 1471 3505 1542 multomagis

1938 1525 2178 1589 Optimum
2202 1529 2451 1604 (Philipp.
2478 1553 2513 1601 l,
2545 1539 2634 1610 ⁴25)
2663 1561 2675 1595 :
2701 1554 2749 1598 et
2778 1547 2966 1604 latroni
2997 1554 3069 1606 illi
3101 1525 3308 1621 dicitur,
3339 1525 3504 1619 Hodie

1937 1628 2128 1668 mecum
2175 1624 2271 1672 eris
2308 1624 2358 1676 in
2405 1631 2639 1695 paradiso
2679 1633 2826 1705 (Luc.
2870 1657 3021 1707 xxm,
3052 1645 3163 1715 45).
3207 1649 3345 1718 Ergo
3396 1654 3500 1708 lio-

1936 1705 2109 1761 minus
2152 1725 2271 1764 cum
2324 1714 2584 1773 Abraham
2631 1733 2684 1775 et
2733 1729 2781 1780 in
2813 1729 3075 1787 Abraham
3120 1754 3340 1796 manens
3370 1744 3500 1800 dixit

1929 1983 2130 2047 rexerit,
2163 1989 2363 2043 credent
2390 1994 2454 2045 ei.
2487 1995 2532 2049 Ο
2561 1997 2813 2067 haeretici,
2847 2005 3052 2064 habetis
3081 2011 3162 2067 hic
3195 2014 3408 2087 Moysen
3441 2029 3494 2074 et

1930 2069 2250 2143 Prophetas:
2272 2082 2442 2139 adhuc
2461 2088 2655 2154 vivitis,
2676 2090 2847 2149 adhuc
2862 2104 3080 2167 potestis
3098 2106 3300 2172 audire,
3320 2110 3494 2169 adhuc

1927 2161 2048 2218 licet
2062 2170 2662 2239 eorrigi,animositatem
2680 2185 2902 2252 frenare;
2921 2195 3192 2251 veritatem
3215 2209 3392 2258 tenere
3409 2205 3474 2260 ad

1926 2252 2026 2310 huc
2062 2264 2682 2341 concediturzdisceptate
2701 2280 2965 2336 vobiscum
2991 2297 3161 2340 utrum
3197 2293 3490 2352 audiendus

1925 2349 2210 2424 sitMoyses
2225 2359 2585 2432 etPropbetm,
2609 2370 2694 2436 qui
2724 2371 2963 2429 tideisuae
2993 2381 3286 2436 testimonia
3304 2396 3447 2442 tanta
3471 2390 3487 2423 ³

1923 2443 2301 2516 θκΙιὶδυθτιιη·ι;
2326 2468 2444 2508 cum
2469 2457 2738 2516 videamus
2755 2464 2841 2534 sie,
2856 2483 3069 2525 currere
3095 2489 3179 2527 res
3208 2474 3485 2546 humanas,

1923 2543 1980 2588 ut
2005 2536 2071 2591 ab
2097 2539 2221 2607 ipsis
2250 2545 2514 2611 praedictm
2556 2561 2696 2606 sunt.
2729 2555 2860 2621 Quid
2889 2559 3138 2619 dubitatis
3164 2567 3334 2623 adhuc
3371 2536 3478 2627 ere-1

1920 2624 2045 2719 dere
2071 2629 2230 2701 Moysi
2273 2645 2326 2689 et
2355 2636 2670 2709 Prophetis?
2698 2648 2821 2715 quid
2861 2651 3111 2711 dubitatis
3157 2660 3377 2716 audire?
3403 2624 3483 2719 Ain

1919 2711 2054 2771 forte
2077 2723 2310 2789 quaeritis
2339 2742 2700 2800 resurgentem
2740 2753 2765 2790 a
2807 2744 3054 2808 mortuis,
3088 2757 3262 2804 utrum
3293 2763 3346 2806 et
3372 2753 3484 2823 ipse

1917 2807 2066 2862 vobis
2089 2811 2228 2866 dicat
2249 2814 2314 2870 de
2346 2818 2576 2877 Ecclesia
2607 2828 2740 2880 sua?
2765 2830 3016 2897 Quaasivit
3043 2837 3142 2893 hoc
3172 2841 3319 2897 dives
3343 2834 3488 2915 apud

1917 2893 2015 2915 ,μη
2043 2914 2072 2915 η
2200 2903 2232 2915 ..
2491 2912 2501 2915 -
2558 2913 2566 2915 .

2787 2893 2805 2897 ᾔ
3213 2893 3216 2894 ν
3267 2893 3314 2897 μ
3345 2893 3478 2915 πη.-

1915 2893 2132 2965 inferos,
2165 2903 2392 2974 aliquem
2434 2912 2568 2966 mitti
2613 2931 2676 2969 ex
2721 2923 2942 2977 mortuis
2969 2926 3032 2979 ad
3075 2927 3263 2986 fratres
3305 2948 3430 2991 suos
3464 2955 3478 2990 :

1913 2991 2265 3058 reprehensus
2290 3010 2370 3054 est
2408 3004 2528 3074 quia
2555 3006 2653 3063 hoc
2693 3015 2968 3081 quaesivit:
2995 3021 3240 3080 sufficere
3278 3027 3476 3085 debue-

1912 3089 2034 3178 runt
2063 3080 2310 3142 fratribus
2337 3092 2450 3161 ejus
2488 3095 2693 3169 Moyses
2713 3080 2772 3157 et
2799 3104 3098 3178 Prophetas
3140 3115 3219 3169 Ad
3251 3080 3372 3173 hocw
3387 3080 3477 3178 ille

1911 3165 2102 3226 frustra
2131 3181 2408 3248 qua-sivit,
2443 3195 2498 3238 ut
2527 3203 2619 3267 vos
2661 3193 2768 3260 jam
2817 3202 3063 3269 exemplo
3093 3203 3366 3275 admoniti,
3401 3229 3469 3267 ne

1910 3259 2098 3317 frustra
2126 3277 2177 3320 et
2207 3285 2326 3325 sero
2352 3262 2669 3346 quaerentes,
2700 3285 2836 3340 sicut
2860 3288 2946 3344 ilie
2972 3299 3338 3363 torqueamiui.
3367 3303 3474 3356 Att-

1906 3351 2064 3408 diatis
2098 3357 2312 3430 Moysen
2353 3376 2404 3418 et
2445 3368 2757 3440 Prophetas.
2793 3377 2926 3446 Quid
2965 3351 3097 3438 dixit
3137 3351 3472 3460 Moyse—siin

1905 3445 2091 3498 semine
2126 3456 2210 3501 tuo
2255 3453 2604 3514 benedicentur
2638 3480 2810 3529 omnes
2829 3480 3018 3538 gentes.
3063 3473 3198 3541 Quid
3227 3478 3472 3544 dixerunt

1907 3531 2223 3603 Prophette?
2249 3543 2805 3620 Commemorabuntur,
2829 3569 2875 3612 et
2897 3575 3244 3622 convertentur
3273 3573 3341 3623 ad
3363 3573 3470 3627 Do-

1904 3625 2091 3680 minum
2118 3631 2330 3686 universi
2357 3637 2482 3702 ﬁnes
2517 3651 2678 3695 terrae.
2713 3645 2899 3702 Adhuc
2941 3652 3066 3706 mihi
3112 3655 3344 3713 dicturus
3375 3677 3467 3720 es:

1903 3711 2089 3785 Surgat
2109 3721 2297 3788 aliquis
2325 3741 2390 3780 ex
2415 3732 2662 3799 mortuis;
2687 3750 2785 3804 ego
2806 3753 2908 3791 non
2935 3744 3117 3810 credo,
3149 3751 3246 3803 nisi
3277 3753 3466 3822 aliquis

2723 3801 2740 3804 _
3105 3801 3115 3810 .
3235 3801 3245 3803 ~
3281 3801 3463 3822 η-ηςι---υ

1903 3801 2047 3857 inde-
2069 3811 2289 3874 venerit,
2318 3824 2370 3868 et
2413 3815 2644 3876 dixerit?
2681 3822 2725 3879 Ο
2754 3825 2990 3894 Domine,
3020 3836 3219 3902 gratias
3251 3841 3463 3896 miscri-

1899 3898 2094 3953 cordia:
2149 3912 2250 3956 tuae
2293 3909 2549 3965 :voluisti
2611 3917 2776 3983 mori,
2826 3929 2880 3974 ut
2929 3923 3118 3993 aliquis
3169 3929 3235 3983 ab
3283 3931 3464 3991 inferis

1899 3999 2172 4058 surgeret;
2200 4004 2251 4048 et
2273 3995 2385 4063 ipse
2409 4000 2618 4072 aliquis,
2650 4022 2752 4060 non
2773 4012 3109 4084 quicumque,
3137 4021 3228 4073 sed
3262 4021 3462 4080 Veritas

1898 4085 2124 4138 surrexit
2150 4087 2215 4140 ab
2245 4088 2441 4145 inferis.
2471 4093 2566 4162 Qui
2594 4113 2774 4153 verum
2808 4102 2874 4157 de
2905 4105 3088 4162 inferis
3113 4111 3331 4178 diceret,
3361 4119 3458 4173 etsi

1896 4172 1960 4225 ad
1993 4174 2185 4232 inferos
2225 4197 2325 4234 non
2356 4185 2589 4250 veniret;
2621 4197 2792 4246 tamen
2837 4209 3049 4264 propter
3089 4217 3244 4258 voces
3286 4207 3456 4276 impe-

1894 4263 2111 4320 ritorum
2141 4271 2419 4338 malorum,
2447 4292 2569 4332 ecce
2598 4280 2709 4350 ipse
2737 4297 2972 4342 mortuus
3002 4280 3259 4358 est,'ccce
3285 4313 3461 4354 resur-

1893 4358 2029 4412 rexit
2044 4360 2110 4414 ab
2133 4360 2332 4419 inferis.
2353 4366 2486 4434 Quid
2505 4369 2654 4436 dicis,
2681 4373 2962 4433 hmrctice?
2979 4383 3103 4450 quid
3122 4385 3252 4440 dicis
3269 4388 3457 4446 ?Modo

1893 4458 1945 4504 te
1975 4451 2203 4522 audiam,
2235 4456 2392 4513 finita:
2418 4474 2540 4516 sunt
2569 4481 2754 4521 oumes
2785 4475 3156 4530 excusationes
3189 4489 3325 4546 tum;
3353 4485 3451 4538 etsi

1890 4543 2049 4595 verba
2095 4545 2329 4611 diceres,
2379 4550 2553 4608 divitis
2580 4558 2716 4625 apud
2767 4559 2962 4616 inferos
2988 4568 3290 4637 conatitnti,
3332 4589 3450 4627 sur-

1888 4635 2026 4688 rexit
2051 4649 2078 4700 a
2106 4644 2328 4694 mortuis
2355 4643 2591 4724 Christus
2619 4665 2630 4700 :
2663 4649 2894 4720 dignaris
2921 4658 3000 4709 vel
3034 4659 3202 4726 ipsum
3233 4663 3452 4720 audire?

1890 4723 2024 4779 Ecce
2051 4729 2189 4797 quod
2233 4730 2366 4787 forte
2402 4723 2588 4791 similis
2628 4739 2776 4795 diviti
2817 4756 3024 4801 mortuo
3061 4750 3210 4804 vivos
3238 4753 3448 4810 deside-

1887 4816 2061 4884 rabas,
2090 4823 2319 4877 surrexit
2339 4825 2405 4880 ab
2434 4827 2614 4882 inferis
2637 4829 2658 4861 ³
2681 4849 2694 4884 :
2720 4847 2822 4887 non
2855 4846 3005 4903 pater
3027 4848 3165 4906 tuus,
3192 4858 3295 4898 non
3316 4861 3446 4903 avus

1884 4917 2024 4976 tuus,
2045 4927 2149 4968 non
2179 4915 2255 4970 illi
2276 4926 2715 4993 surrexeruntqui
2735 4928 2912 4982 nescio
2938 4946 3070 5000 quos
3096 4938 3308 4993 nomine
3338 4949 3442 4993 tra-

1883 5001 2097 5061 ditionis
2133 5009 2532 5069 infamaverunt.
2575 5015 2678 5071 Sed
2717 5035 2842 5076 ecce
2887 5037 2992 5078 non
3040 5027 3442 5099 infamaverunt,

1881 5109 2061 5150 verum
2088 5099 2360 5167 dixerunt;
2390 5104 2466 5158 vis
2493 5121 2648 5160 nosse
2695 5125 2849 5178 quam
2876 5112 3000 5168 nihil
3022 5116 3085 5169 ad
3111 5120 3228 5172 me?
3249 5121 3436 5192 Audiao

1880 5204 1996 5243 mus
2022 5191 2175 5246 simul
2213 5194 2336 5262 quid
2363 5195 2556 5251 dixerit
2596 5200 2683 5268 qui
2715 5205 2943 5258 surrexit
2979 5207 3046 5261 ab
3081 5207 3280 5264 inferis.
3305 5191 3440 5278 Quid

1879 5285 2114 5351 pluribus
2140 5287 2422 5343 immorer?
2462 5290 2779 5362 Audiamus,
2820 5295 2928 5366 jam
2961 5300 3225 5367 aperiatur
3267 5303 3437 5358 Evan-

1875 5378 2089 5446 gelium,
2118 5379 2318 5448 legatur
2360 5383 2498 5450 quod.
2540 5383 2731 5440 factum
2779 5398 2858 5442 est
2886 5399 3131 5460 tanquam
3183 5395 3269 5449 fiat
3295 5415 3309 5448 :
3340 5389 3436 5467 po-

1936 5514 1950 5578 ξ
1979 5510 2244 5578 ειςλαιὶίιιιος
2265 5519 2371 5578 μεθ.
2387 5513 2478 5578 ΔΑΙὶί
2503 5528 2620 5568 velo
2640 5530 2748 5567 cum
2770 5519 2902 5578 de.,
2928 5527 3126 5572 tantum.

1933 5575 1953 5604 ¹
1977 5573 2068 5620 Edd
2092 5610 2106 5624 .
2134 5573 2345 5634 derides,
2369 5575 2764 5629 dissentientibus
2780 5573 2920 5656 Mss."
2973 5649 2984 5656 Δ
3322 5648 3348 5656 Μ
3385 5645 3396 5656 .
3423 5645 3434 5655 _

1935 5636 2153 5656 ......._--
2205 5644 2246 5656 ..
2281 5646 2349 5656 ._
2398 5645 2439 5656 η.
2483 5644 2574 5656 ..__
2623 5648 2730 5656 --η
2771 5654 2786 5656 ν,

1934 5636 1955 5665 ³
1980 5641 2045 5682 tta
2066 5641 2170 5704 Mss.
2197 5644 2376 5704 At_Am._
2394 5645 2445 5686 et
2470 5644 2575 5704 Διῑικε
2615 5648 2734 5689 Ecce
2757 5642 2870 5704 quia
2893 5643 3011 5699 forte
3042 5643 3210 5696 similis
3225 5660 3275 5697 es
3301 5645 3433 5696 diri‘i

1868 5702 2070 5755 mortuo,
2092 5696 2215 5746 t'ivos
2237 5697 2546 5766 desiderabas
2563 5696 2830 5766 surgerent)
2851 5696 3034 5766 inferis.
3059 5709 3130 5757 sic
3152 5696 3297 5759 etiam
3327 5711 3422 5759 edi-

1871 5759 1940 5807 tio
1961 5764 2088 5810 Lov..
2115 5760 2202 5809 nisi
2225 5759 2354 5820 quod
2386 5759 2506 5825 loco,
2531 5759 2669 5824 vivos,
2695 5763 2860 5828 habet,
2880 5759 3025 5816 titius.
