4082 6204
581 271 714 369 tae?

587 440 778 484 natuur
799 435 921 480 ante
942 421 1130 478 oculos
1173 429 1384 476 nostros
1408 425 1550 486 gesta
1593 412 1853 484 prteterita
1872 452 1887 476 ,
1913 421 2127 480 propter

584 517 815 574 cavenda
839 515 1026 568 futura.
1053 513 1186 569 Ecce
1206 510 1446 566 Christus
1471 521 1691 578 surgens
1712 521 1744 560 a
1772 493 2012 568 mortuis,
2043 517 2130 556 us-

589 608 754 663 tendit
777 621 835 661 se
858 603 1124 675 discipulis
1147 603 1274 658 suis.
1295 600 1498 670 Νιιριίω
1527 598 1716 668 ipsius;
1749 597 1860 666 ipse
1883 608 2126 664 sponsus,

590 697 821 754 Ecclesia
841 708 1050 764 sponsa.
1073 692 1210 748 Ecce
1231 705 1454 762 sponsus
1473 689 1561 760 qui
1581 687 1851 743 dicebatur
1871 694 2128 749 mortuus,

587 789 913 855 absumptus,
946 785 1153 843 ﬁnitus;
1185 797 1309 838 ecce
1337 781 1534 850 integer
1557 779 1859 844 resurrexit,
1892 793 2016 833 ecce
2041 790 2130 832 os-

587 879 816 932 tenditur
839 875 1004 930 oculis
1027 874 1398 944 discipulorum
1419 913 1434 937 ,
1475 886 1598 926 ecce
1627 871 1892 940 praebetur
1918 880 2128 924 contre-

592 967 857 1024 ctantibus
883 965 1140 1030 manibus,
1165 978 1288 1019 ecce
1311 963 1588 1033 tetigerunt
1605 960 1891 1023 cicatrices,
1909 974 2028 1026 quae
2041 957 2137 1012 de-

591 1068 814 1129 speratae
838 1067 960 1112 sunt
983 1057 1199 1111 vulnera
1224 1056 1263 1107 ⁸.
1295 1053 1546 1109 Exhibuit
1572 1067 1632 1107 se
1655 1049 1821 1106 oculis
1848 1063 2029 1106 eorum
2057 1048 2137 1101 vi-

591 1151 820 1207 dendum
843 1190 857 1214 ,
885 1149 1126 1203 manibus
1166 1143 1592 1201 contrectandum
1625 1160 1640 1197 :
1690 1151 1870 1211 putant
1897 1139 2136 1208 spiritum

592 1256 743 1305 esse;
774 1239 1182 1310 desperaverunt
1211 1237 1350 1292 enim
1375 1233 1444 1288 de
1477 1233 1644 1288 salute
1671 1246 1785 1285 sua.
1812 1229 2138 1284 Exhortatur

594 1346 708 1396 eos,
733 1330 1009 1385 conﬁrmat
1033 1329 1085 1382 in
1112 1327 1214 1383 (ide
1237 1345 1250 1379 :
1279 1326 1510 1397 Palpate,
1537 1335 1582 1378 et
1603 1323 1774 1388 videte,
1795 1323 1910 1391 quia
1935 1322 2140 1390 spiritus

595 1439 794 1476 carnem
820 1431 866 1476 et
893 1437 1007 1475 ossa
1026 1437 1123 1474 non
1149 1419 1309 1482 habet,
1336 1419 1461 1474 sicut
1475 1435 1552 1471 me
1587 1417 1758 1470 videtis
1781 1415 1976 1469 habere.
2001 1413 2142 1468 Tan-

598 1522 760 1583 gunt,
791 1511 1048 1583 gaudent,
1094 1511 1372 1581 trepidant.
1411 1509 1608 1564 Etcum
1646 1507 1812 1562 aditus
1839 1507 2141 1575 trepidarent

602 1621 706 1674 pra:
728 1604 948 1676 gaudio;
973 1603 1050 1658 sic
1077 1603 1239 1658 habes
1264 1602 1532 1670 scriptum.
1563 1600 1672 1655 Etsi
1693 1610 1835 1653 certa
1861 1604 2000 1663 sunt,
2026 1612 2144 1666 qua:

599 1697 818 1750 multum
850 1695 968 1750 laeta
1007 1704 1129 1749 sunt
1155 1686 1238 1748 vix
1281 1693 1582 1749 creduntur.
1616 1690 1878 1746 Dubitatio
1904 1688 2142 1759 quaedam

596 1789 755 1844 veluti
784 1787 978 1842 tardius
1003 1786 1285 1852 credentis,
1308 1785 1484 1840 condit
1508 1785 1827 1839 voluntatem
1855 1780 2140 1838 tenentis’.

598 1879 822 1935 Necesse
851 1887 933 1932 est
957 1887 1014 1932 ut
1036 1877 1153 1946 plus
1187 1877 1344 1931 homo
1373 1875 1616 1947 gaudeat,
1639 1890 1762 1950 cum
1788 1875 1984 1933 venerit
2006 1869 2145 1942 quod

600 1970 991 2039 desperaverat.
1021 1967 1148 2022 Natu
1193 1967 1258 2020 ad
1307 1969 1472 2034 ipsum
1518 1965 1762 2036 gaudium
1797 1962 2143 2018 condiendum

600 2071 652 2113 et
677 2058 968 2130 augendum
987 2099 1002 2124 ,
1033 2058 1198 2112 noluit
1223 2071 1280 2112 se
1307 2057 1483 2110 statim
1495 2054 1756 2124 cognosci.
1786 2052 1975 2108 Tenuit
2003 2052 2148 2106 visus

601 2149 973 2218 discipulorum
1019 2163 1252 2210 suorum,
1298 2147 1504 2199 illorum
1541 2143 1763 2198 duorutn
1789 2157 1926 2212 quos
1948 2139 2149 2195 invenit

606 2241 656 2294 in
687 2240 768 2292 via
792 2238 1152 2308 colloquentes
1169 2231 1278 2306 jam
1310 2236 1361 2291 in
1389 2235 1776 2304 desperatione,
1802 2240 1856 2287 et
1873 2232 2107 2287 dicentes
2131 2247 2147 2285 :

609 2328 718 2383 Nos
765 2337 928 2381 autem
974 2326 1294 2398 sperabamus
1339 2324 1456 2394 quia
1498 2325 1604 2394 ipse
1643 2331 1766 2387 esset
1807 2322 2151 2392 redempturus

607 2421 786 2478 Israel.
819 2420 1132 2475 Putaverant
1173 2417 1304 2480 hoc,
1329 2417 1436 2485 jam
1466 2431 1570 2471 non
1596 2414 1862 2484 putabant.
1892 2414 2005 2470 Jam
2031 2425 2152 2482 spes

608 2528 726 2568 cum
755 2511 833 2567 eis
869 2524 971 2566 non
998 2519 1132 2575 erat,
1163 2517 1218 2563 et
1239 2507 1477 2563 Christus
1514 2521 1632 2561 cum
1659 2507 1736 2561 eis
1765 2515 1877 2560 erat
1902 2521 1916 2557 :
1945 2503 2036 2558 sed
2062 2503 2150 2574 qui

607 2619 667 2659 se
695 2602 942 2669 reddidit,
965 2610 1020 2657 et
1042 2616 1187 2671 spem
1218 2599 1442 2655 reduxit.
1465 2599 1651 2654 Postea
1681 2612 1807 2668 ergo
1833 2597 1980 2660 dixit,
2004 2604 2151 2666 post-

607 2709 826 2763 eaquam
879 2707 999 2747 eum
1048 2692 1120 2746 illi
1152 2691 1202 2745 in
1235 2692 1382 2760 panis
1409 2689 1664 2744 fractione
1687 2698 2061 2758 cognoverunt,
2099 2693 2156 2742 et

609 2785 797 2840 obtulit
818 2798 874 2838 se
901 2783 1016 2837 aliis
1053 2780 1321 2853 discipulis
1347 2781 1474 2842 suis,
1504 2795 1620 2834 cum
1647 2787 1889 2849 putarent
1912 2778 2152 2848 spiritum

609 2891 748 2942 esse,
780 2874 994 2944 Palpate
1011 2884 1057 2930 et
1077 2874 1250 2939 videte,
1275 2875 1392 2944 quia
1412 2875 1612 2944 spiritus
1631 2889 1826 2926 carnem
1852 2881 1898 2926 et
1919 2887 2031 2926 ossa
2055 2886 2155 2925 non

612 2967 773 3032 habet,
795 2967 919 3020 sicut
935 2983 1011 3020 me
1034 2966 1206 3020 videtis
1226 2966 1418 3019 habere.
1449 2965 1512 3018 Et
1537 2982 1645 3018 cum
1667 2965 1829 3018 adhuc
1855 2979 1958 3034 prta
1974 2962 2156 3034 gaudio

611 3059 953 3128 trepidarent:
986 3058 1193 3112 Habetis
1241 3059 1338 3121 hic,
1370 3059 1459 3122 ait,
1491 3059 1621 3127 quod
1659 3057 2018 3110 manducetur?
2051 3057 2152 3108 Ac-

611 3150 770 3218 cepit,
804 3148 1089 3215 benedixit,
1117 3147 1462 3210 manducavit,
1497 3157 1548 3200 et
1585 3147 1729 3200 dedit
1768 3147 1860 3199 eis.
1892 3132 2154 3211 Expressa

613 3251 694 3292 est
722 3239 915 3292 veritas
939 3239 1172 3306 corporis
1192 3279 1207 3303 ,
1237 3239 1406 3291 ablata
1435 3247 1516 3290 est
1557 3238 1727 3289 omnis
1757 3237 1982 3303 ευεμὶεῐο
2014 3234 2156 3288 falsi-

616 3329 754 3381 tatis.
800 3328 932 3393 Quid
958 3329 1184 3381 deiude?
1214 3327 1333 3380 Non
1368 3327 1592 3380 sciebatis
1629 3328 1741 3394 quia
1776 3327 2031 3395 oportebat
2059 3329 2156 3379 im-

614 3419 740 3486 pleri
760 3420 924 3470 omnia
946 3432 1056 3485 qua:
1073 3418 1256 3482 scripta
1281 3427 1392 3468 sunt
1419 3417 1466 3467 in
1493 3415 1623 3484 Lege
1644 3415 1805 3484 Moysi
1827 3425 1871 3467 et
1895 3414 2160 3483 Prop/telis

615 3519 660 3560 et
687 3507 904 3560 Psalmis
929 3507 990 3558 de
1011 3509 1124 3578 me?
1144 3507 1207 3559 Et
1227 3506 1344 3575 quia
1370 3507 1438 3559 illi
1466 3507 1746 3560 credebant
1771 3506 1930 3577 Moysi
1959 3517 2010 3560 et
2033 3507 2159 3559 Pro-

616 3597 827 3666 phctis:
874 3611 1054 3650 verum
1099 3596 1238 3650 enim
1281 3605 1395 3648 erat
1435 3595 1572 3663 quod
1611 3595 1739 3648 dixit
1783 3595 2066 3658 Abraham,
2101 3596 2160 3650 Si

616 3686 825 3756 Moysen
858 3696 904 3739 et
950 3684 1222 3752 Prophetas
1266 3703 1363 3738 non
1404 3685 1643 3749 audiunt,
1694 3701 1848 3754 neque
1891 3687 1932 3738 si
1957 3688 2065 3754 quis
2102 3703 2162 3739 ex

617 3780 824 3832 mortuis
859 3777 1198 3842 resurrexerit,
1244 3779 1438 3829 credent
1478 3794 1498 3829 :
1537 3777 1656 3844 quia
1705 3791 1831 3845 ergo
1878 3776 2162 3831 credebant

581 3875 588 3883 '
615 3870 778 3940 Moysi
825 3880 877 3923 et
906 3869 1177 3937 Prophetis
1198 3909 1211 3931 ,
1244 3877 1297 3922 et
1325 3884 1424 3920 non
1469 3877 1617 3921 erant
1645 3867 1710 3922 de
1740 3868 1864 3937 ipsis
1905 3883 2036 3937 quos
2073 3885 2161 3922 re-

617 3958 891 4027 prehendit
930 3957 1220 4020 Abraham,
1268 3957 1543 4010 audierunt
1578 3957 1716 4026 quod
1756 3959 1827 4011 ait
1879 3959 2158 4024 Dominus,

617 4049 736 4103 Non
762 4048 983 4102 sciebatis
1004 4049 1120 4118 quia
1149 4048 1398 4116 oportebat
1441 4048 1638 4118 impleri
1658 4050 1822 4101 omnia
1846 4065 1955 4118 qua:
1975 4051 2162 4119 scripta

615 4149 731 4190 sunt
769 4139 820 4190 in
847 4136 976 4208 Lege
1014 4137 1179 4207 Moysi
1222 4149 1267 4190 et
1296 4137 1561 4202 l’rophetis
1590 4147 1632 4190 et
1676 4137 1894 4191 Psalmis
1936 4139 1997 4191 de
2035 4139 2159 4192 me?

622 4227 757 4281 Ecce
805 4228 892 4296 qui
929 4227 1281 4288 crediderunt
1319 4225 1481 4297 Moysi
1523 4236 1575 4280 et
1617 4226 1894 4296 PrOphetis
1919 4268 1934 4293 ,
1987 4227 2158 4282 videte

617 4317 1052 4386 quemadmodum
1076 4333 1138 4372 ex
1171 4318 1401 4386 ipsorum
1428 4317 1724 4372 testimonio
1752 4318 1974 4373 credunt
2000 4319 2046 4372 ei
2073 4319 2158 4385 qui

619 4408 848 4460 surrexit
872 4422 901 4460 a
933 4408 1150 4461 mortuis
1178 4424 1190 4458 :
1225 4406 1362 4460 Tunc
1402 4408 1594 4474 aperuit
1618 4407 1718 4462 illis
1746 4424 1964 4474 sensum,
1994 4418 2050 4462 ut
2082 4410 2165 4462 in-

620 4497 890 4566 telligerent
918 4496 1232 4566 Scripturas;
1257 4506 1302 4549 et
1330 4496 1455 4548 dixit
1483 4497 1582 4560 eis,
1633 4496 1879 4561 Quoniam
1919 4499 1994 4551 sic
2037 4499 2164 4552 scri-

620 4600 759 4657 ptum
785 4597 876 4652 est,
917 4596 963 4639 et
999 4587 1068 4638 sic
1107 4585 1355 4656 oportebat
1391 4585 1641 4640 Christum
1673 4589 1797 4655 pati,
1824 4599 1870 4642 et
1907 4607 1936 4642 a
1964 4591 2166 4644 mortuis

622 4693 880 4746 resurgere
901 4678 1043 4730 tertia
1070 4676 1168 4730 die.
1754 4737 1756 4740 ν

693 4767 776 4821 18.
808 4766 978 4822 llabcs
999 4767 1104 4836 jam
1134 4781 1382 4836 sponsum
1408 4766 1676 4822 Ecclesiae.
1709 4768 1774 4821 Et
1813 4784 1915 4823 non
1947 4770 2066 4824 hinc
2088 4783 2166 4826 ta-

621 4858 727 4910 cuit
752 4857 976 4928 Moyses,
998 4842 1110 4912 non'
1125 4857 1247 4911 hinc
1273 4867 1545 4912 tacuerunt
1574 4858 1870 4927 Propheta,
1895 4860 2162 4915 Christum

625 4956 1039 5003 resurrecturum
1089 4965 1117 5001 a
1146 4949 1364 5002 mortuis
1410 4947 1674 5003 tertiadie
1699 4965 1713 5011 ;
1742 4963 2015 5019 passurum
2040 4992 2056 5016 ,
2083 4967 2170 5006 re-

626 5048 1004 5094 surrecturum.
1042 5039 1341 5108 Descriptus
1367 5049 1450 5094 est
1475 5039 1627 5094 nobis
1676 5020 1900 5108 sponsus
1921 5079 1934 5104 ,
1968 5049 2024 5094 ut
2062 5056 2168 5096 non

625 5145 881 5186 erremus.
909 5129 1014 5184 Sed
1045 5129 1219 5182 neScio
1244 5129 1330 5198 qui
1356 5130 1588 5183 existunt
1617 5170 1632 5195 ,
1662 5137 1714 5182 et
1739 5129 1858 5196 quia
1887 5143 1993 5183 non
2018 5145 2169 5184 erra-

627 5237 746 5276 tnus
770 5223 822 5275 in
847 5234 1040 5291 sponso
1069 5261 1083 5281 ,
1107 5229 1160 5274 et
1204 5219 1303 5288 ipsi
1330 5220 1574 5274 videntur
1601 5235 1662 5274 ea
1693 5235 1810 5288 quae
1839 5229 1891 5273 et
1922 5235 2020 5274 nos
2048 5235 2167 5276 cre-

632 5315 755 5368 dere
779 5313 845 5367 de
867 5326 1084 5381 sponso,
1108 5320 1164 5364 ut
1206 5326 1237 5364 a
1284 5311 1533 5364 membris
1559 5311 1736 5378 Sponsi
1769 5325 1864 5364 nos
1903 5319 2124 5364 avocent
2149 5353 2167 5375 ,

628 5405 808 5459 dicunt
825 5403 974 5457 nobis
1003 5421 1016 5456 :
1043 5401 1160 5470 Ipse
1187 5409 1267 5454 est
1293 5401 1499 5470 quidem
1521 5415 1744 5468 sponsus
1757 5416 1911 5470 quem
1937 5400 2168 5471 creditis,

633 5507 791 5564 quem
822 5504 875 5547 et
900 5507 996 5547 nns
1021 5491 1282 5547 credimus
1311 5509 1324 5543 :
1352 5490 1442 5545 sed
1469 5505 1659 5558 sponsa
1689 5506 1789 5542 non
1811 5503 1895 5543 csr
1921 5490 2032 5559 ipsa
2074 5491 2173 5544 Ec-

654 5641 663 5650 .
691 5585 708 5616 ι
729 5581 950 5652 Numqui
965 5581 1202 5652 desperati
1215 5587 1320 5631 sunt
1343 5579 1544 5630 vulnere.
1575 5585 1645 5626 Er.
1673 5587 1724 5629 et
1745 5576 1923 5642 aliquot
1944 5587 2066 5640 Mss,
2094 5578 2174 5639 qui

631 5643 864 5701 desperati
878 5649 981 5690 sunt
999 5643 1204 5692 vulnera.

698 5697 934 5752 "videtur
961 5704 1234 5765 legendum,
1259 5701 1536 5765 voluptatem
1550 5699 1760 5751 tsncutis.

1791 297 1847 354 S.
1889 289 2243 352 AUGUSTINI
2280 285 2576 348 EPISCOPI

3635 285 3774 344 1928

2238 427 2397 481 etesia
2426 441 2581 496 quam
2610 426 2812 480 tenetis.
2842 425 2906 479 Et
2935 441 3050 495 qua:
3093 422 3181 478 illa
3221 420 3344 477 est?
3391 417 3521 476 Pars
3567 420 3779 475 Donati.

2233 516 2301 571 Et
2329 517 2428 570 hoc
2452 527 2533 570 est
2558 515 2695 586 quod
2725 527 2776 568 tn
2803 515 2931 570 dicis
2957 533 2970 567 :
3003 515 3101 569 hoc
3128 523 3182 567 ttt
3229 511 3385 576 dicis,
3415 526 3480 565 an
3510 526 3736 580 sponsus
3755 511 3782 562 τ

2231 605 2311 662 Tu
2336 605 2485 667 dicis,
2525 621 2590 660 an
2643 595 2778 659 Deus
2825 619 2918 674 per
2955 602 3209 673 Moysen?
3239 600 3377 656 Ecce
3427 615 3521 670 per
3563 599 3781 670 Moysen

2234 695 2524 751 Ecclesium
2546 707 2701 750 teneo
2731 711 2745 747 :
2774 693 2968 748 dictum
2998 702 3078 747 est
3113 708 3141 745 a
3165 692 3363 764 Moyse,
3397 689 3461 767 In
3488 691 3674 744 semine
3695 701 3782 744 tuo

2235 785 2582 841 benedicentur
2607 803 2775 839 omnes
2802 797 2986 855 gentes.
3026 784 3099 837 Tu
3129 782 3279 844 dicis,
3309 797 3375 835 an
3421 781 3644 850 Spiritus
3691 781 3782 834 Dei

2237 894 2332 948 per
2354 878 2677 946 Prophetas?
2703 878 2835 931 Ecce
2865 891 2958 944 per
2983 875 3267 944 Prophetas
3284 871 3570 927 Eeclesiam
3591 881 3782 926 teneo:

2236 969 2432 1024 dictum
2463 978 2544 1022 est
2583 982 2676 1037 per
2728 965 3043 1035 Prophetam
3069 1006 3084 1028 ,
3130 962 3690 1029 Commemorabuntur,
3739 974 3786 1016 et

2245 1067 2588 1112 convertentur
2621 1057 2688 1109 ad
2729 1055 2999 1110 Dominum
3035 1054 3255 1108 universi
3305 1053 3432 1123 ﬁnes
3458 1063 3623 1107 terra.
3653 1053 3790 1107 Ecce

2235 1148 2343 1220 jam
2369 1159 2520 1204 teneo
2545 1148 2898 1204 testimonium
2915 1146 3083 1216 .chis
3098 1153 3154 1228 et
3173 1143 3524 1226 testimonium
3550 1142 3790 1212 Prophe-

2241 1253 2444 1308 tarum;
2475 1242 2748 1297 andiamus
2791 1249 2844 1294 et
2878 1254 2997 1294 eum
3048 1223 3136 1309 qui
3185 1223 3416 1292 surrexit
3462 1250 3492 1288 a
3543 1235 3790 1288 mortuis.

2239 1332 2480 1388 Ostendit
2505 1346 2564 1387 se
2598 1344 2872 1400 sponsum,
2898 1339 3136 1383 tenemus
3161 1342 3301 1382 cum.
3332 1325 3671 1380 Conlirmavit
3697 1323 3789 1378 de-

2243 1422 2605 1509 monstrando,
2653 1419 2958 1477 exhibendo
2986 1419 3304 1474 testimonia.
3333 1418 3445 1480 Hoc
3471 1417 3616 1473 enim
3643 1416 3791 1490 Moy-

2244 1508 2350 1581 ses,
2383 1513 2484 1568 ltoc
2509 1512 2786 1583 Pr0pheta:
2805 1553 2822 1577 ,
2848 1511 2968 1581 quia
3011 1509 3267 1578 oportebat
3295 1510 3402 1579 pati
3443 1508 3712 1572 Christum,
3747 1519 3796 1562 et

2244 1621 2503 1675 resurgere
2529 1605 2676 1658 tertia
2720 1602 2818 1656 die.
2866 1600 2982 1656 Jam
3032 1615 3159 1671 ergo
3205 1600 3326 1670 quia
3374 1607 3615 1654 tenemus
3640 1599 3798 1654 ambo

2245 1712 2496 1766 sponsum
2525 1711 2588 1750 ex
2633 1695 2761 1765 ipsis
2786 1693 2991 1759 verbis,
3031 1702 3086 1748 et
3136 1701 3260 1760 puto
3305 1692 3425 1762 quia
3468 1692 3577 1760 jam
3613 1691 3798 1760 incipis

2249 1804 2454 1844 meeum
2482 1785 2699 1842 credere
2741 1795 2795 1839 et
2827 1785 2920 1839 liis
2950 1785 3122 1838 verbis
3152 1772 3338 1854 Moysi,
3371 1793 3425 1835 et
3479 1782 3795 1852 Prophetis;

2247 1878 2526 1934 credamus
2549 1885 2602 1932 et
2629 1876 2793 1945 ei'qui
2833 1874 3122 1929 resurrexit
3162 1889 3191 1928 a
3247 1873 3489 1928 mortuis.
3517 1873 3795 1942 Sequatur.

2247 1980 2304 2024 et
2329 1970 2490 2023 dicat.
2519 1969 2562 2022 0
2591 1965 2832 2032 Domine,
2863 1965 3017 2019 video
3052 1965 3162 2033 jam
3192 1978 3443 2033 sponsum
3475 1961 3744 2017 Christum
3781 1979 3798 2028 ;

2251 2060 2443 2116 factum
2497 2068 2615 2114 est:
2647 2071 2713 2111 ne
2741 2057 2858 2125 quis
2901 2071 2986 2110 me
3013 2065 3197 2109 avocet
3227 2069 3258 2108 a
3309 2054 3561 2109 membris
3585 2067 3796 2123 sponsa:

2251 2161 2352 2207 tute
2375 2193 2390 2215 ,
2421 2160 2476 2206 et
2504 2165 2607 2204 non
2639 2149 2712 2203 sis
2749 2149 2877 2202 mihi
2902 2157 3092 2216 caput,
3121 2147 3164 2202 si
3196 2155 3294 2216 ego
3318 2145 3376 2199 in
3397 2145 3648 2200 membris
3671 2144 3790 2214 ejus

2249 2257 2355 2296 non
2381 2240 2560 2304 fuero;
2601 2237 2684 2292 dic
2707 2236 2833 2292 mihi
2861 2245 2914 2292 et
2939 2235 3008 2292 de
3033 2235 3263 2292 Ecclesia
3284 2233 3517 2303 aliquid;
3547 2235 3664 2304 quia
3685 2233 3798 2303 jam

2251 2329 2318 2386 de
2346 2343 2541 2400 sponso
2573 2328 2687 2397 ejus
2715 2342 2819 2380 non
2845 2325 3046 2381 dubito.
3080 2325 3214 2379 Audi
3242 2333 3300 2379 et
3328 2324 3395 2380 de
3422 2323 3673 2379 Ecclesia.
3703 2323 3803 2380 Sc-

2253 2422 2436 2491 quitur
2459 2427 2513 2474 et
2551 2417 2678 2473 dicit
2704 2435 2716 2470 :
2739 2405 3094 2472 Prteilicuiiin
3119 2415 3316 2468 nomine
3334 2415 3442 2484 ejus
3469 2415 3802 2484 perdtentiam

2256 2521 2304 2568 et
2326 2510 2661 2566 remissionem
2699 2517 3031 2578 peccatorum.
3059 2507 3198 2563 Nihil
3240 2508 3437 2570 verius,
3471 2506 3734 2576 praedicari
3752 2507 3802 2558 in

2254 2603 2451 2656 nomine
2474 2602 2579 2672 ejus
2626 2599 2961 2670 paenitentiam
2999 2607 3048 2651 et
3094 2597 3428 2650 remissionem
3468 2605 3800 2665 peccatorum.

2254 2691 2358 2748 Sed
2389 2691 2488 2746 hoc
2515 2689 2648 2744 ubi?
2675 2689 2776 2742 Alii
2805 2687 2945 2744 enim
2971 2687 3184 2753 dicunt,
3209 2685 3339 2740 Ecce
3367 2686 3484 2749 hic;
3513 2686 3624 2749 alii,
3675 2685 3807 2739 Ecce

2255 2783 2381 2838 illic.
2423 2783 2488 2836 Et
2515 2781 2636 2852 quid
2664 2781 2814 2852 ipse?
2840 2778 3014 2834 Nolite
3049 2779 3246 2833 credere
3264 2793 3282 2832 :
3301 2786 3564 2848 exsurgent
3593 2777 3804 2847 pseudo-

2255 2873 2430 2927 christi
2450 2882 2494 2925 et
2523 2870 3000 2942 pseudOprophetw,
3044 2879 3090 2922 et
3115 2869 3300 2934 dicent,
3332 2865 3463 2921 Ecce
3489 2866 3590 2932 hic,
3620 2879 3665 2920 et
3698 2883 3808 2920 ecce

2256 2963 2361 3018 illic
2388 2962 2593 3036 (Matth.
2615 2978 2756 3027 xxiv,
2785 2961 2875 3027 25,
2908 2961 3025 3029 2i).
3066 2959 3180 3014 Non
3207 2960 3348 3014 enim
3386 2959 3453 3014 de
3498 2960 3610 3028 ipso
3635 2960 3806 3028 capite

2258 3054 2457 3117 dicunt,
2487 3053 2616 3127 Ecce
2639 3055 2736 3118 hic,
2767 3063 2812 3107 et
2837 3070 2946 3107 ecce
2983 3053 3130 3116 illic;
3163 3063 3342 3106 notum
3369 3063 3449 3106 est
3494 3055 3633 3106 cnim
3662 3053 3804 3120 quod

2259 3145 2500 3202 Christus
2550 3147 2600 3200 in
2649 3145 2800 3199 caelis
2829 3155 2942 3198 est:
2971 3144 3063 3198 scd
3101 3145 3167 3196 de
3196 3143 3427 3196 Ecclesia
3457 3143 3540 3196 ubi
3569 3140 3810 3195 Christus

2259 3245 2362 3302 est,
2389 3236 2475 3304 qui
2500 3236 2590 3300 ait,
2624 3233 2754 3287 Ecce
2781 3250 2869 3302 ego
2889 3233 3136 3286 vobiscum
3173 3248 3283 3285 sum
3310 3249 3460 3301 usque
3483 3231 3548 3284 ad
3570 3248 3808 3283 consum-

2259 3328 2526 3380 mationem
2550 3326 2719 3378 saeculi
2750 3324 2856 3395 (Id.
2890 3341 3046 3378 xxmt
3073 3363 3087 3386 ,
3114 3324 3227 3394 9.0).
3259 3323 3361 3378 Sed
3409 3324 3482 3383 ait
3515 3323 3766 3376 Dominus
3796 3339 3811 3379 :

2265 3415 2434 3468 Nolite
2453 3417 2651 3468 credere
2673 3431 2692 3468 :
2712 3417 2799 3484 qui
2822 3414 2967 3478 dicit,
2992 3415 3121 3467 Ecce
3157 3414 3258 3480 hic,
3286 3424 3329 3466 et
3351 3429 3459 3466 ecce
3487 3413 3605 3475 illic,
3638 3423 3814 3481 partes

2263 3507 2527 3570 ostendit;
2586 3523 2683 3576 ego
2720 3516 2886 3560 totum
2936 3509 3061 3567 emi.
3097 3507 3244 3559 Dicat
3275 3505 3400 3558 mihi
3432 3505 3530 3559 hoc
3577 3505 3810 3572 Evange-

2263 3597 2388 3652 lium
2415 3615 2430 3653 :
2457 3597 2540 3652 dic
2571 3598 2668 3652 hoc
2693 3598 2804 3666 ipse
2827 3613 2891 3651 ex
2921 3597 3224 3665 Erangelio,
3249 3596 3368 3664 quia
3391 3598 3497 3662 jam
3526 3596 3810 3648 resurrexi-

2263 3687 2328 3741 sti
2357 3702 2386 3741 a
2432 3687 2651 3740 mortuis
2673 3729 2687 3752 ,
2721 3695 2780 3740 ιιι
2803 3686 3022 3741 credant
3056 3687 3148 3758 tibi
3191 3685 3279 3755 qui
3317 3685 3534 3738 credunt
3560 3683 3720 3752 Μαι)νεὶ
3761 3695 3813 3738 ct

2261 3778 2578 3847 Prophetis;
2609 3778 2694 3831 dic
2721 3778 2846 3831 mihi
2873 3777 2974 3831 hoc
3011 3787 3085 3830 ttt.
3119 3777 3285 3830 Audio
3327 3793 3339 3828 :
3370 3776 3636 3845 Oportebat
3665 3777 3809 3828 Chri.

2263 3879 2393 3921 stum
2417 3869 2520 3937 pati
2551 3878 2594 3920 et
2617 3883 2870 3935 resurgere
2895 3867 3036 3918 tertia
3058 3865 3156 3928 die,
3189 3875 3232 3918 et
3253 3865 3518 3935 prtcdicari
3545 3866 3594 3916 in
3619 3865 3814 3916 nomine

2263 3960 2372 4027 ejus
2389 3958 2728 4026 paenitentiam
2753 3967 2796 4009 et
2830 3957 3164 4008 remissionem
3191 3964 3499 4025 peccatorum
3529 3969 3615 4023 per
3639 3969 3815 4005 omnes

2265 4059 2429 4118 gentes
2452 4090 2467 4112 ,
2498 4049 2843 4116 incipientibus
2864 4047 2924 4098 ab
2947 4045 3228 4099 Jerusalem
3250 4045 3396 4115 (Luc.
3427 4061 3567 4106 xxiv,
3610 4045 3815 4112 13-47).

2264 4140 2400 4207 Quid
2427 4152 2527 4202 est,
2561 4139 2848 4193 htt‘rctice?
2888 4136 3044 4192 Certe
3093 4153 3211 4192 cum
3255 4139 3527 4192 recitarem
3561 4137 3777 4208 Moysen
3802 4177 3815 4199 ,

2267 4243 2388 4283 cum
2421 4229 2694 4282 recitarem
2726 4227 3014 4294 Prophetas
3043 4267 3056 4290 ,
3087 4226 3329 4280 distulisti
3380 4227 3443 4279 ad
3471 4237 3589 4280 cum
3617 4227 3705 4294 qui
3738 4241 3817 4279 re.

2268 4329 2600 4374 surrecturus
2643 4327 2756 4372 erat
2797 4333 2826 4371 a
2878 4319 3283 4372 mortuis:ecce
3340 4317 3665 4379 resurrexit,
3696 4331 3817 4369 ecce

2269 4409 2432 4473 dixit;
2463 4418 2566 4472 tam
2594 4407 2790 4460 nttllam
2818 4406 2978 4460 habet
3005 4407 3382 4461 dubitationem
3413 4406 3644 4460 Ecclesia
3670 4405 3817 4460 Chri-

2270 4499 2336 4552 Sti
2365 4509 2418 4552 et
2438 4513 2572 4552 ttxor
2599 4496 2816 4563 Christi,
2843 4513 2997 4566 quam
3031 4499 3227 4562 nullam
3249 4498 3413 4551 habet
3441 4497 3818 4551 dubitationem

2271 4605 2461 4659 corpus
2484 4588 2680 4644 Christi
2704 4632 2718 4654 ,
2775 4589 3191 4643 demonstratum
3219 4589 3408 4654 oculis,
3437 4599 3818 4642 contrectatam

2276 4675 2521 4734 manibus
2547 4679 2942 4750 discipulorum.
2976 4681 3110 4734 Ecce
3152 4683 3242 4749 qui
3291 4680 3578 4735 resurrexit
3607 4694 3635 4731 a
3681 4695 3823 4733 mor-

2275 4774 2376 4827 tuis
2426 4782 2708 4840 utrumque
2752 4772 2982 4826 ostendit
3032 4773 3307 4826 :OStendit
3353 4780 3510 4841 caput
3539 4813 3555 4836 ,
3589 4770 3820 4825 ostendit

2276 4861 2797 4928 membra;ostendit
2841 4875 3113 4931 sponsum,
3147 4862 3376 4916 ostendit
3400 4875 3669 4931 sponsam.
3718 4862 3822 4914 Aut

2275 4968 2554 5025 utrumque
2598 4969 2800 5008 mecum
2854 4953 3030 5017 crede,
3059 4963 3149 5007 aut
3199 4953 3323 5007 illud
3351 4954 3400 5005 in
3423 4952 3815 5007 damnationem

2275 5057 2416 5102 tuam
2441 5047 2635 5100 credis.
2666 5043 2800 5112 Quid
2831 5043 2970 5097 enim
3010 5045 3130 5113 quia
3164 5045 3454 5098 resurrexit
3500 5059 3529 5095 a
3557 5043 3778 5096 mortuis
3807 5081 3825 5108 ,

2275 5138 2395 5206 quia
2429 5138 2478 5189 in
2525 5135 2711 5189 eodem
2738 5147 2961 5203 corpore
2987 5133 3316 5186 resurrexit?
3343 5132 3506 5195 Bene,
3535 5132 3654 5201 quia
3679 5133 3826 5185 cica-

2278 5229 2437 5282 trices
2466 5225 2730 5288 ostendit;
2761 5225 2880 5294 quia
2908 5233 2964 5277 ut
2992 5223 3277 5278 cruciﬁxus
3303 5231 3386 5276 est
3413 5265 3426 5285 ,
3459 5231 3517 5275 ut
3539 5222 3777 5290 sepultus
3812 5265 3827 5284 ,

2280 5320 2351 5372 ita
2385 5316 2741 5382 redditus,'ita
2792 5315 3182 5370 demonstratus
3215 5332 3229 5368 :
3257 5314 3454 5382 optime
3478 5313 3680 5380 credis;
3708 5313 3828 5368 audi

2279 5408 2424 5463 illum
2447 5406 2749 5473 loquentem
2779 5405 2828 5458 in
2855 5419 3009 5474 quem
3036 5404 3228 5458 credis.
3263 5403 3538 5458 Prtedicari
3559 5405 3610 5455 in
3631 5405 3831 5456 nomine

2279 5499 2386 5568 ejus
2415 5487 2818 5564 penitentiam'et
2840 5493 3174 5546 remissionem
3200 5504 3535 5563 peccatorum.
3559 5492 3697 5547 Ubi?
3727 5491 3833 5544 Per

2282 5587 2415 5642 latas
2454 5594 2644 5637 terras.
2689 5584 2742 5638 Si
2773 5583 2959 5639 vellem
2990 5583 3114 5637 illud
3143 5598 3240 5652 ego
3264 5583 3463 5642 dicere.
3492 5584 3598 5650 jam
3627 5583 3832 5635 luctans

2295 5675 2546 5730 adversus
2571 5673 2842 5729 htercticos
2863 5714 2879 5741 ,
2905 5672 3004 5729 iam
3035 5687 3289 5743 pugnans,
3320 5669 3426 5741 jam
3470 5672 3667 5728 habens
3707 5684 3834 5727 cum

2525 5893 2547 5920 \
