4082 6204
425 373 557 430 19⁵39

421 506 526 561 illis
565 504 868 561 conflictum
901 511 1058 558 tanta:
1103 500 1450 565 quaestionis;
1484 516 1587 555 non
1619 501 1743 556 illud
1770 500 2004 556 dicerem

417 616 498 656 sne
519 611 705 656 contra
739 607 1029 671 praesentes
1070 598 1349 653 haereticos
1372 638 1386 664 ,
1419 597 1688 668 quomodo
1716 598 1845 654 illud
1874 599 2008 654 dixit

419 695 511 752 ille
537 704 722 750 contra
755 694 979 748 futuros.
1011 691 1150 758 Quid
1189 691 1270 746 vis
1294 691 1560 760 amplius?
1586 691 1853 746 Retnissio
1883 706 2006 762 pec-

420 795 660 839 catorum
709 786 761 839 in
818 781 1013 838 Christi
1067 781 1285 837 nomine
1333 781 1670 850 praedicatur.
1726 783 1872 838 Ubi?
1905 782 2006 836 Per

421 891 594 931 omnes
619 883 804 945 gentes.
837 872 1026 929 Unde?
1047 872 1310 943 Incipiens
1337 873 1399 926 ab
1421 872 1728 927 Jerusalem.
1752 873 2006 929 Commu-

420 964 540 1018 nica
572 964 691 1017 huic
713 963 986 1018 Ecclesiae.
1007 961 1182 1030 Quare
1208 962 1513 1033 litigamus?
1533 962 1705 1034 Coepit
1725 965 1866 1020 enim
1891 965 2007 1020 haec

424 1055 663 1110 Ecclesia
690 1053 758 1109 ah
783 1055 1080 1110 Jerusalem
1125 1056 1225 1109 ista
1255 1063 1487 1122 terrena,
1520 1066 1575 1110 ut
1600 1056 1830 1130 gaudeat
1881 1057 2007 1113 inde

415 1146 527 1202 Deo
550 1148 602 1202 in
645 1148 736 1202 illa
762 1147 1060 1204 Jerusalem
1091 1148 1314 1202 caelesti.
1340 1147 1424 1202 Ab
1455 1147 1552 1203 hac
1582 1149 1725 1203 enim
1768 1149 2002 1220 incipit,

416 1236 485 1291 ad
516 1237 662 1292 illam
693 1239 966 1294 terminat.
996 1237 1053 1292 in
1096 1238 1185 1292 illa
1217 1246 1324 1293 tota
1347 1237 1596 1295 Ecclesia
1623 1239 1725 1295 erit
1757 1282 1771 1307 ,
1805 1239 1874 1295 ab
1905 1241 2004 1295 ista

415 1328 695 1384 exordium
719 1329 840 1384 fidei
871 1329 1116 1398 sumpsit.

483 1419 576 1475 19.
602 1421 756 1508 [Lege
807 1423 974 1476 Actus
1017 1421 1395 1491 Apostolorum
1426 1464 1439 1488 ,
1485 1424 1530 1476 si
1557 1423 1696 1479 forte
1728 1423 1960 1479 mentior
1984 1466 1998 1491 ,

414 1514 684 1582 quomodo
712 1513 786 1568 ibi
826 1522 982 1569 erant
1009 1515 1316 1585 congregati
1358 1515 1625 1585 discipuli,
1659 1529 1778 1570 cum
1802 1516 2007 1571 veniret

413 1604 645 1674 Spiritus
687 1615 931 1671 sanctus;
983 1615 1042 1660 ut
1079 1606 1398 1662 ostendatur
1435 1607 1526 1662 tibi
1557 1608 1700 1676 quod
1734 1607 1868 1662 dixit
1905 1608 2005 1661 Do-

414 1697 613 1763 minus,
645 1696 1012 1767 Incipienlibus
1040 1698 1101 1752 ab
1139 1696 1466 1763 Jerusalem;
1504 1699 1773 1768 quomodo
1813 1699 2004 1769 linguis

414 1789 651 1842 omnium
682 1789 846 1844 locuti
877 1790 1084 1844 suntin
1129 1805 1268 1860 quos
1314 1791 1458 1846 venit
1505 1789 1736 1865 Spiritus
1778 1802 1999 1848 sanctus

414 1882 549 1948 (Act.
571 1897 608 1944 ι,
627 1881 789 1948 4-14;
819 1891 864 1936 et
890 1899 945 1946 ιι,
971 1881 1144 1952 1-12).
1167 1883 1345 1950 Quare
1365 1899 1470 1938 non
1490 1884 1571 1938 vis
1594 1884 1734 1954 loqui
1757 1884 1997 1937 omnium

413 1973 649 2043 linguis?
687 1974 834 2029 "Ecce
880 1974 952 2028 ibi
997 1989 1186 2028 omnes
1229 1975 1424 2046 linguae
1473 1983 1786 2030 sonuerunt.
1829 1975 2004 2042 Quare

412 2067 576 2120 modo
625 2067 708 2121 cui
780 2067 939 2121 datur
990 2067 1221 2136 Spiritus
1283 2077 1710 2144 sanctustuou
1769 2069 2005 2136 loquitur

413 2157 649 2211 omnium
691 2157 920 2228 linguis?
966 2157 1080 2212 iloc
1109 2157 1252 2213 enim
1303 2167 1427 2213 tunc
1477 2166 1593 2213 erat
1622 2158 1874 2213 iudicium
1915 2174 2004 2213 ve-

415 2251 612 2306 uiculis
631 2251 682 2304 in
713 2251 960 2306 homines
981 2250 1212 2320 Spiritus
1237 2251 1430 2318 sancti,
1459 2260 1515 2304 ιιι
1543 2251 1735 2320 linguis
1763 2251 2000 2305 omnium

412 2340 775 2411 loquerentur.
811 2341 969 2395 Modo
1000 2341 1125 2410 quid
1155 2342 1395 2396 dicturus
1424 2355 1482 2394 es
1508 2381 1522 2406 ,
1558 2341 1850 2396 haeretica?
1879 2343 2000 2410 quia

411 2447 517 2486 non
543 2431 701 2486 datur
730 2430 962 2502 Spiritus
982 2431 1234 2486 sanctus?
1261 2430 1374 2485 Non
1400 2431 1540 2498 dico,
1581 2431 1680 2486 Ubi
1719 2432 1734 2462 ¹
1760 2432 1784 2484 ?
1815 2432 1998 2498 Datur,

418 2538 486 2578 an
515 2539 622 2578 non
649 2524 845 2578 datur?
883 2523 940 2578 Si
980 2538 1084 2578 non
1136 2523 1326 2588 datur;
1369 2523 1494 2592 quid
1527 2532 1610 2576 est
1635 2523 1777 2592 quod
1802 2523 1958 2593 agitis
1983 2567 1997 2588 ,

411 2614 700 2684 loquendo,
730 2614 1070 2684 baptizando,
1105 2612 1508 2668 benedicendo?
1535 2611 1673 2680 Quid
1714 2622 1797 2668 est
1849 2613 1991 2682 quod

409 2708 609 2777 agitis?
648 2707 827 2761 lnania
859 2707 1164 2762 celebratis.
1191 2706 1333 2776 Ergo
1355 2706 1528 2760 datur.
1558 2705 1612 2761 Si
1651 2705 1839 2768 datur;
1871 2722 2000 2775 qua—

409 2814 472 2855 re
496 2799 691 2870 linguis
717 2801 958 2855 omnium
991 2815 1096 2854 non
1112 2799 1401 2868 loquuntur
1413 2798 1606 2869 quibus
1625 2798 1782 2852 datur
1802 2798 1825 2852 ?
1845 2797 2000 2851 Nutu-

409 2890 534 2959 quid
565 2889 758 2944 defecit
785 2889 981 2944 donum
1015 2889 1102 2943 Dei
1125 2930 1141 2951 ,
1181 2895 1272 2942 aut
1310 2889 1484 2942 minor
1505 2896 1585 2943 est
1612 2887 1852 2942 fructus?
1873 2885 2002 2942 Cre-

407 2991 600 3038 verunt
623 2981 820 3036 zizania
843 3024 856 3048 ,
885 2981 980 3036 sed
1022 2991 1075 3036 et
1114 2980 1347 3036 triticum
1381 2999 1394 3034 :
1429 2980 1594 3037 Sinite
1643 2991 1854 3051 utraque
1893 2997 2000 3034 cre-

406 3091 542 3128 scere
569 3091 726 3144 usque
773 3074 840 3128 ad
879 3091 1088 3128 messem
1127 3071 1341 3149 (Matth.
1374 3089 1488 3141 xm,
1522 3073 1637 3144 50).
1669 3072 1786 3128 Non
1828 3071 2003 3140 dixit,

404 3164 664 3222 Crescant
711 3167 948 3233 zizania,
1001 3165 1276 3225 decrescat
1331 3165 1998 3236 frumentum;utrumque

404 3257 591 3312 crevit.
626 3257 801 3324 Quare
831 3271 936 3310 non
961 3265 1183 3325 apparet
1209 3255 1368 3310 modo
1396 3255 1626 3326 Spiritus
1673 3265 1889 3310 sanctus
1935 3254 1992 3310 in

404 3347 598 3417 linguis
627 3347 913 3402 omnibus?
945 3346 1054 3400 lmo
1082 3361 1210 3400 vero
1230 3355 1451 3415 apparet
1477 3346 1528 3400 in
1570 3346 1762 3416 linguis
1802 3348 1976 3402 omni-

406 3438 507 3494 bus
526 3457 550 3494 -:
585 3448 711 3493 tunc
750 3439 894 3494 enim
923 3438 1158 3493 nondum
1183 3447 1301 3492 erat
1329 3438 1566 3494 Ecclesia
1595 3452 1694 3508 per
1726 3446 1990 3494 terrarum

407 3532 593 3586 orbem
621 3531 843 3598 diffusa,
879 3539 936 3586 ut
978 3531 1222 3586 membra
1262 3528 1540 3585 Christi'iu
1572 3531 1823 3585 omnibus
1853 3545 1989 3599 gen-

335 3607 338 3610 i
405 3622 545 3676 tibus
576 3621 952 3690 loquerentur.
1007 3621 1157 3674 Tunc
1225 3620 1546 3687 implebatur
1572 3620 1624 3672 in
1653 3634 1798 3684 uno,
1849 3620 1991 3686 quod

404 3713 866 3782 prmnuutiabatur
895 3712 946 3764 in
971 3711 1244 3764 omnibus.
1277 3709 1393 3763 Jam
1417 3718 1586 3763 t0tum
1610 3723 1806 3778 corpus
1831 3707 1989 3763 Chri-

405 3804 471 3856 sti
501 3803 733 3870 loquitur
769 3801 1010 3854 omnium
1054 3799 1281 3870 linguis:
1318 3808 1374 3854 et
1401 3799 1594 3868 quibus
1637 3798 1876 3853 nondum
1905 3799 1989 3853 lo-

405 3893 603 3962 quitur,
636 3891 898 3963 loquetur.
940 3891 1160 3945 Crescet
1205 3890 1346 3944 cnim
1396 3890 1656 3956 Ecclesia,
1689 3889 1862 3945 donec
1901 3905 1990 3945 oc-

402 3995 559 4056 cupet
581 4000 768 4040 omnes
797 3983 1025 4053 linguas.
1051 3982 1202 4051 Quod
1232 3997 1330 4037 vos
1355 3981 1690 4046 deseruistis,
1712 3996 1989 4052 quousque

352 4083 360 4094 ·
403 4077 609 4132 crevit!
643 4075 846 4130 Tenete
885 4073 1162 4128 nobiscum
1194 4086 1470 4142 quousque
1510 4073 1755 4138 accessit,
1801 4083 1856 4125 ut
1887 4088 1987 4127 no-

402 4171 605 4226 biscum
631 4167 951 4239 perveniatis
971 4165 1035 4220 ad
1060 4181 1178 4236 quae
1205 4164 1439 4219 nondum
1480 4163 1727 4218 accessit.
1770 4162 1988 4234 Loquor

401 4263 638 4317 omnium
667 4258 886 4330 linguis,
924 4257 1098 4312 audeo
1123 4254 1427 4310 tibidicere.
1462 4254 1515 4308 lu
1536 4269 1760 4324 corpore
1789 4253 1985 4308 Christi

399 4369 514 4408 smn
533 4397 546 4416 ,
582 4352 634 4407 in
663 4351 905 4407 Ecclesia
933 4348 1128 4405 Christi
1156 4363 1271 4404 sum
1305 4366 1317 4402 :
1347 4348 1390 4402 si
1432 4363 1626 4416 corpus
1649 4346 1850 4401 Christi
1873 4346 1983 4417 jam

399 4446 636 4499 omnium
662 4443 860 4514 linguis
887 4443 1141 4511 IOquitur,
1176 4450 1229 4495 et
1255 4456 1354 4510 ego
1378 4441 1439 4494 'in
1490 4439 1741 4493 omnibus
1786 4439 1983 4509 linguis

398 4551 514 4591 Sum
540 4554 554 4601 ;
587 4551 703 4590 mea
737 4544 819 4589 est
847 4549 1041 4605 graeca,
1065 4547 1183 4586 mea
1207 4541 1291 4588 est
1323 4547 1465 4604 syra,
1492 4547 1610 4586 mea
1635 4539 1719 4586 est
1743 4531 1980 4600 hebrara,

398 4641 515 4680 mea
546 4634 628 4678 est
654 4627 894 4679 omnium
933 4623 1192 4696 gentium,
1227 4623 1350 4693 quia
1380 4624 1431 4676 in
1463 4624 1665 4678 unitate
1711 4639 1828 4678 sum
1859 4639 1979 4678 om-

397 4718 543 4771 nium
572 4717 832 4785 gentium.

463 4807 552 4861 20.
583 4807 742 4877 Ergo,
780 4806 993 4871 fratres,
1037 4807 1202 4877 cmpit
1233 4806 1473 4862 Ecclesia
1525 4805 1591 4861 ab
1638 4805 1930 4862 Jerusalem
1962 4826 1974 4871 ;

394 4897 452 4951 iit
477 4913 570 4966 per
599 4913 784 4951 omnes
809 4906 996 4967 gentes
1021 4915 1032 4950 :
1055 4896 1182 4967 quid
1203 4897 1508 4952 evidentius
1536 4895 1636 4949 hoc
1671 4897 1978 4951 testimonio

391 4989 569 5058 Legis,
604 4989 991 5058 Prophetarum
1019 5032 1034 5056 ,
1095 4991 1265 5059 ipsius
1300 4989 1546 5043 Domini?
1599 4990 1975 5058 Apostolorum

390 5082 586 5151 ubique
615 5090 904 5150 personant
931 5095 1112 5146 voces,
1149 5080 1434 5136 reddentes
1467 5079 1830 5135 testimonium
1855 5083 1971 5150 spei

388 5179 586 5225 nostrae
612 5171 668 5225 in
715 5173 916 5225 unitate
949 5171 1195 5241 corporis
1223 5171 1443 5225 Christi.
1494 5170 1731 5225 Gaudete
1780 5171 1835 5225 in
1866 5171 1977 5226 fru-

386 5263 602 5325 mentis,
629 5261 849 5315 tolerate
877 5261 1078 5315 zizauia
1105 5305 1117 5325 ,
1144 5261 1340 5331 gemite
1371 5261 1420 5314 iu
1461 5262 1672 5325 tritura,
1711 5262 1976 5330 suspirate

335 5368 342 5373 ‘
387 5355 440 5408 in
479 5354 752 5408 horreum.
789 5353 979 5408 Veniet
1024 5354 1152 5407 illud
1187 5363 1402 5422 tempus
1439 5369 1542 5424 quo
1581 5351 1931 5422 gaudebimus
1956 5397 1970 5420 ,

387 5445 715 5498 confirmatis
753 5444 996 5499 vectibus
1028 5454 1304 5513 portarum
1337 5444 1654 5499 Jerusalem.
1689 5445 1854 5498 Intret
1881 5448 1970 5513 qui

386 5543 681 5589 intraturus
707 5535 920 5602 est.Qui
945 5537 1065 5589 'lluc
1088 5537 1398 5590 manifestus
1425 5535 1661 5599 intrabit,
1695 5536 1795 5589 huc
1821 5535 1973 5590 fictus

387 5644 491 5680 nou
535 5627 712 5680 intrat.
768 5627 868 5692 Qui
913 5636 1091 5680 autent
1141 5627 1248 5681 huc
1288 5629 1438 5681 [ictus
1486 5628 1666 5690 intrat,
1713 5627 1837 5680 foris
1865 5635 1968 5681 est.

387 5717 539 5775 Foris
561 5726 641 5772 est
666 5759 679 5780 ,
709 5727 764 5772 et
813 5719 982 5772 nescit
1014 5734 1029 5773 τ
1065 5718 1412 5772 rentilahrum
1465 5719 1712 5787 probabit
1741 5762 1755 5785 ,
1789 5727 1969 5773 vectes

447 5831 462 5859 '
488 5837 559 5876 ter.
589 5829 736 5891 Lugd.
773 5837 889 5878 Ven.
919 5837 1044 5877 l.ov.:
1074 5837 1172 5878 Non
1198 5827 1304 5878 (lico
1329 5827 1412 5878 lilii
1438 5827 1530 5877 alii.
1631 5835 1686 5876 It.

588 5915 857 5973 PA'I‘ROL.
909 5909 1024 5970 XX
1039 5909 1234 6003 ξίγιι.

1523 366 1917 423 ENARRATIO
1959 367 2024 423 IN
2064 369 2381 429 PSALMUM
2419 372 2669 433 CXLVII.

3566 391 3589 444 1
3599 391 3706 448 930

2119 484 2437 552 probabunt.
2487 489 2588 557 Qui
2625 491 2784 547 modo
2818 509 2941 551 vere
2974 497 3114 552 intus
3152 506 3205 554 et
3237 500 3494 557 veraciter
3524 502 3697 571 intus,

2116 573 2186 630 ibi
2212 575 2628 636 firmiteriutus:
2661 584 2748 652 qui
2774 594 2950 641 autem
2985 587 3072 644 hic
3099 589 3375 646 tolerando
3423 593 3594 660 intus,
3626 596 3700 652 ibi

2113 665 2396 733 gaudendo
2437 669 2600 724 intus.
2627 671 2787 729 Fines
2839 677 2980 730 enim
3027 678 3326 735 Jerusalem
3381 699 3516 752 pax;
3550 688 3698 754 quia,

2067 798 2075 802 -
2116 755 2318 826 Posuit,
2343 761 2532 832 inquit,
2585 765 2712 832 fines
2745 777 2855 822 tuos
2884 787 3078 839 pacem.
3121 773 3279 828 Modo
3329 775 3701 833 desideramus

2114 863 2321 917 pacem,
2351 868 2508 921 quam
2539 856 2625 911 hic
2655 858 2914 916 habemus
2950 862 3003 916 in
3044 879 3158 933 spe.
3210 865 3396 922 Adhuc
3451 870 3595 924 enim
3645 872 3699 925 in

2113 939 2266 993 nobis
2297 941 2425 1011 ipsis
2471 946 2644 1014 qualis
2691 948 2829 1018 pax?
2884 952 3018 1008 Caro
3068 958 3397 1026 concupiscit
3444 960 3703 1016 adversus

2113 1028 2380 1123 spiritum,
2403 1043 2457 1088 et
2481 1035 2701 1104 spiritus
2729 1039 3234 1100 adversus‘carnem
3267 1046 3463 1120 (Colat.
3492 1067 3544 1118 v,
3566 1053 3629 1105 17
3655 1054 3698 1123 ).

2115 1117 2214 1174 Ubi
2245 1123 2400 1191 plena
2429 1140 2527 1195 pax
2562 1127 2614 1182 in
2640 1145 2743 1183 uno
2776 1131 3035 1188 homine?
3069 1117 3290 1202 Quando
3317 1140 3421 1194 erit
3459 1117 3614 1210 plena
3647 1117 3699 1197 in

2112 1226 2220 1266 uno
2253 1213 2488 1284 homine,
2537 1227 2666 1275 tunc
2696 1221 2797 1275 erit
2827 1223 2983 1293 plena
3012 1225 3065 1278 in
3103 1229 3349 1284 omnibus
3384 1231 3589 1287 civibus
3609 1233 3700 1288 Je—

2111 1307 2362 1363 rusalem.
2394 1310 2618 1376 Quando
2639 1315 2737 1368 erit
2768 1316 2918 1384 plena
2944 1320 3082 1392 pax?
3106 1321 3332 1388 Quando
3355 1328 3702 1397 corruptibile

2113 1397 2213 1451 hoc
2253 1399 2483 1456 induerit
2519 1404 2978 1476 incorruptionem
3010 1454 3024 1480 ,
3079 1423 3131 1468 et
3182 1418 3408 1473 mortale
3459 1419 3560 1476 hoc
3606 1422 3691 1474 in-

2111 1485 2289 1543 duerit
2337 1491 2790 1552 immortalitatem
2822 1498 2866 1571 (I
2899 1499 3015 1554 Cor.
3072 1521 3159 1571 xv,
3201 1504 3330 1579 53):
3367 1517 3491 1564 tunc
3537 1513 3691 1580 plena

2112 1592 2210 1646 pax
2232 1620 2246 1645 ,
2286 1587 2411 1637 tunc
2441 1583 2591 1640 firma
2640 1603 2737 1657 pax
2773 1607 2786 1654 ;
2821 1589 2947 1645 nihil
2976 1592 3146 1664 litigat
3179 1597 3432 1654 adversus
3463 1604 3696 1662 animam

2111 1667 2164 1720 in
2196 1669 2433 1740 homine,
2467 1691 2572 1730 non
2619 1677 2729 1747 ipsa
2769 1679 3052 1736 adversum
3083 1701 3162 1750 se,
3191 1702 3255 1740 ex
3285 1692 3512 1758 quadam
3548 1704 3700 1762 parte

2110 1763 2323 1854 saucia;
2375 1781 2479 1820 non
2511 1769 2687 1824 carnis
2713 1769 2988 1841 fragilitas,
3047 1791 3151 1830 non
3185 1780 3472 1850 indigentia
3505 1800 3697 1854 corpo-

2112 1851 2206 1918 ris,
2244 1870 2349 1910 uon
2391 1857 2560 1914 fames
2585 1900 2599 1926 ,
2633 1876 2738 1915 non
2771 1864 2908 1930 sitis,
2963 1881 3067 1921 non
3118 1867 3304 1939 frigus,
3345 1888 3449 1926 non
3507 1851 3694 1942 aest—us,

2113 1959 2217 1998 non
2243 1945 2520 2014 lassitudo,
2545 1966 2650 2005 non
2681 1953 2785 2007 ulla
2812 1954 2990 2026 inopia
3010 1998 3024 2022 ,
3077 1974 3183 2013 non
3206 1963 3512 2030 provocatio
3542 1967 3700 2030 rixze,

2109 2049 2218 2093 non
2250 2046 2399 2092 certe
2448 2040 2561 2109 ipsa
2592 2042 2821 2097 sollicita
2847 2047 3057 2100 cautela
3086 2056 3141 2103 et
3167 2050 3364 2106 vitandi
3414 2053 3612 2110 inimici
3641 2067 3698 2110 et

2109 2124 2380 2196 diligendi.
2415 2129 2539 2186 llaec
2563 2133 2763 2198 omnia,
2798 2133 2992 2191 fratres
3019 2139 3147 2205 mei,
3176 2140 3385 2212 litigant
3405 2144 3690 2201 adversum

2110 2231 2242 2283 nos;
2278 2220 2515 2276 nondum
2541 2232 2622 2278 est
2648 2224 2807 2294 plena
2823 2235 2877 2282 et
2906 2229 3142 2298 perfecta
3169 2248 3288 2302 pax.
3313 2235 3465 2302 Quod
3496 2237 3698 2294 clama-

2107 2309 2202 2363 stis
2225 2311 2536 2380 jamdudum
2567 2317 2836 2372 nominata
2890 2334 3039 2388 pace,
3089 2338 3151 2378 ex
3205 2324 3471 2383 desiderio
3497 2330 3700 2386 clama-

2106 2403 2238 2468 stis;
2268 2404 2470 2460 clamor
2491 2417 2667 2463 vester
2711 2409 2779 2465 de
2826 2411 2914 2466 siti
2955 2412 3072 2482 fuit,
3114 2431 3222 2471 non
3277 2417 3344 2473 de
3370 2423 3647 2480 saturitate
3680 2441 3696 2480 :

2107 2495 2228 2564 quia
2286 2496 2357 2551 ibi
2414 2499 2514 2553 erit
2568 2500 2801 2584 perfecta
2835 2503 3040 2574 justitia
3077 2547 3093 2573 ,
3141 2508 3228 2562 ubi
3280 2511 3511 2580 perfecta
3561 2530 3685 2584 pax.

2105 2586 2264 2643 Modo
2331 2593 2595 2648 esurimus
2653 2604 2706 2649 et
2778 2597 2989 2653 sitimus
3048 2601 3328 2670 justitiam.
3393 2606 3540 2663 Beati
3603 2613 3695 2680 qui

2107 2681 2352 2736 esuriunt
2376 2693 2430 2737 et
2454 2685 2942 2759 sitiuutjustitiam,
2967 2694 3218 2761 quoniam
3243 2695 3344 2766 ipsi
3372 2702 3694 2758 saturabuno

2108 2779 2194 2826 tur
2225 2772 2435 2838 (Matth.
2461 2793 2509 2841 v,
2538 2777 2616 2848 6).
2646 2777 2924 2845 Quomodo
2947 2783 3046 2852 ipsi
3092 2787 3516 2846 saturabuntur?
3557 2793 3691 2849 Cum

2105 2862 2172 2916 ad
2205 2879 2388 2933 pacem
2441 2868 2764 2925 venerimus.
2800 2871 2924 2926 Ideo
2952 2888 3072 2928 cum
3106 2875 3350 2947 dixisset,
3385 2881 3484 2948 Qui
3515 2891 3684 2954 posuit

2105 2955 2364 3024 ﬁnestuos
2393 2975 2609 3026 pacem;
2651 2963 2772 3031 quia
2799 2962 2870 3017 ibi
2893 2966 3149 3021 saturitas
3192 2980 3246 3024 et
3265 2971 3417 3024 nulla
3441 2974 3692 3046 indigen—

2105 3045 2196 3112 tia,
2226 3047 2460 3102 subdidit
2486 3050 2686 3116 statim,
2719 3051 2786 3105 Et
2814 3054 2966 3126 adipe
2991 3060 3236 3126 frumenti
3258 3061 3450 3117 satiatis
3481 3073 3528 3117 te

2172 3137 2261 3193 2|.
2291 3139 2538 3206 Fratres,
2568 3143 2817 3212 quoniam
2849 3161 2955 3215 pax
3006 3148 3119 3217 ipsa
3162 3149 3229 3206 de
3267 3167 3368 3221 qua
3403 3155 3687 3225 loquimur.

2102 3231 2334 3288 nomium
2361 3236 2516 3288 estin
2549 3237 2672 3292 totis
2704 3238 2857 3292 nobis
2887 3280 2900 3304 ,
2931 3239 2983 3294 id
3015 3249 3098 3296 est
3120 3242 3181 3297 in
3220 3259 3538 3319 unoquoque
3585 3267 3679 3306 n0<

2098 3333 2268 3379 strum
2287 3333 2425 3391 tota,
2453 3326 2629 3383 adhuc
2659 3328 2790 3384 forte
2807 3330 3053 3399 spiritum
3074 3342 3309 3389 vestrum
3339 3337 3567 3394 delectat
3589 3358 3678 3397 au-

2098 3414 2250 3472 dire:
2281 3417 2373 3472 sed
2417 3419 2463 3474 si
2515 3419 2648 3475 nihil
2692 3421 2892 3476 resistit
2934 3431 2988 3476 et
3041 3425 3263 3480 rebellat
3303 3443 3370 3483 ex
3419 3445 3684 3503 corpore,

2097 3510 2344 3566 finiemus
2372 3511 2662 3567 Psaltnum.
2697 3513 2966 3584 Fatigatos
3013 3531 3109 3572 vos
3147 3534 3418 3590 nunquam
3469 3529 3684 3594 sentio;

2097 3608 2275 3655 tamen
2299 3617 2506 3667 vereor,
2540 3604 2691 3658 novit
2745 3606 2920 3671 Deus,
2970 3623 3039 3662 ne
3083 3612 3232 3664 oneri
3272 3614 3373 3667 sim
3417 3617 3567 3673 vobis
3595 3630 3690 3676 aut

2095 3689 2409 3756 quihusdam
2438 3690 2689 3746 fratribus
2724 3711 2736 3744 :
2769 3703 2822 3747 et
2847 3695 3004 3748 video
3029 3697 3203 3752 studia
3233 3703 3520 3760 multorqu
3563 3712 3683 3764 cxi-

2093 3780 2328 3848 geutiuin
2355 3781 2421 3835 de
2447 3798 2533 3837 me
2559 3783 2701 3837 hunc
2725 3783 2961 3840 laborem
2988 3795 3042 3842 et
3069 3787 3209 3844 hunc
3229 3791 3498 3862 sudorem,
3524 3814 3683 3866 quem

2093 3873 2255 3926 credo
2285 3874 2338 3928 in
2369 3874 2594 3929 Domino
2622 3891 2726 3930 non
2755 3876 2986 3932 futurum
3016 3879 3424 3939 infructuosum.
3463 3888 3645 3946 Gaude
3670 3912 3692 3942 ι.

2096 3972 2294 4018 tantam
2318 3981 2438 4021 esse
2466 3968 2792 4038 voluptatem
2825 3969 2875 4023 in
2905 3973 3127 4028 veritate
3151 3974 3295 4029 verbi
3327 3977 3454 4043 Dei,
3484 3993 3540 4035 ut
3569 3994 3682 4037 stu-

2093 4055 2237 4110 dium
2265 4065 2499 4110 vestrum
2528 4057 2723 4112 bonum
2751 4060 2804 4113 in
2833 4060 2975 4116 bono
2996 4071 3050 4117 et
3078 4063 3144 4117 de
3164 4063 3303 4118 bono
3321 4109 3334 4132 ,
3366 4069 3540 4124 vincat
3569 4082 3680 4127 stu-

2091 4145 2238 4201 dium
2271 4147 2578 4202 insanorum
2602 4148 2689 4217 qui
2711 4159 2840 4204 -sunt
2869 4151 2922 4205 in
2951 4152 3362 4222 amphitheatro.
3409 4158 3677 4231 Numquid

2092 4237 2164 4291 illi
2195 4239 2240 4292 si
2269 4247 2372 4292 tam
2404 4239 2494 4293 diu
2525 4249 2728 4294 starent
2754 4283 2769 4308 ,
2797 4238 2971 4297 adhuc
3001 4247 3348 4312 spectarent?
3375 4248 3535 4320 Ergo,
3572 4254 3677 4308 rm-

2095 4339 2202 4384 tres
2225 4373 2240 4395 ,
2296 4331 2576 4387 audiamus
2621 4342 2812 4389 cetera
2835 4377 2850 4403 ,
2897 4336 3022 4404 quia
3046 4335 3148 4392 hoc
3176 4340 3352 4394 vultis.
3386 4343 3541 4399 Adsit
3566 4347 3676 4400 Do—

2089 4424 2266 4480 minus
2295 4465 2309 4492 ,
2342 4426 2481 4480 adsit
2534 4435 2587 4481 et
2629 4427 2829 4483 viribus
2883 4437 2935 4482 et
2989 4430 3256 4486 mentibus
3309 4412 3535 4491 nostris.
3578 4441 3678 4503 Qui

2091 4518 2258 4586 posuit
2288 4519 2413 4584 ﬁnes
2443 4529 2554 4572 tuos
2575 4535 2748 4587 pacem
2772 4560 2787 4586 ,
2835 4519 2899 4573 ad
2929 4519 3070 4576 illam
3101 4521 3393 4579 Jerusalem
3425 4525 3552 4580 dicit
3585 4544 3598 4582 :
3631 4541 3676 4582 rt

2087 4610 2239 4678 adipe
2265 4610 2503 4679 frumenti
2540 4611 2730 4665 satians
2779 4620 2844 4665 te.
2885 4611 3100 4667 Transit
3141 4612 3313 4669 fames
3357 4624 3408 4670 et
3459 4619 3677 4688 sitisju-

2086 4701 2265 4765 stitiaz,
2293 4703 2529 4757 succedit
2554 4705 2823 4758 saturitas.
2857 4703 2954 4770 Qui
2984 4704 3052 4758 ibi
3081 4705 3181 4759 erit
3209 4705 3375 4776 adeps
3396 4708 3670 4775 frumenti,

2085 4795 2186 4849 nisi
2218 4796 2366 4865 panis
2397 4797 2485 4850 ille
2515 4798 2602 4866 qui
2635 4796 2908 4851 descendit
2954 4796 3020 4851 de
3067 4799 3204 4852 οωιο
3246 4799 3310 4852 ad
3353 4818 3449 4856 nos
3472 4803 3669 4874 (Joan.

2083 4903 2155 4953 vi,
2185 4888 2247 4942 5i
2287 4888 2345 4958 )?
2380 4889 2433 4942 ln
2483 4889 2651 4957 patria
2697 4888 2805 4956 ipsa
2836 4887 3104 4958 quomodo
3146 4891 3438 4958 saturabit,
3477 4895 3567 4964 qui
3620 4897 3674 4952 in

2083 4980 2501 5050 peregrinatione
2524 4979 2600 5033 sic
2624 4978 2813 5048 pavit?

2153 5071 2241 5123 22.
2273 5067 2423 5142 [vers.
2460 5067 2573 5141 15.]
2600 5069 2715 5123 Jam
2779 5069 2937 5124 modo
2975 5069 3042 5126 de
3087 5071 3197 5141 ipsa
3236 5074 3665 5144 peregrinatione

2082 5171 2266 5217 nostra
2295 5163 2565 5216 locuturus
2594 5171 2709 5229 est,
2736 5178 2839 5232 qua
2866 5164 3076 5218 venitur
3101 5164 3166 5218 ad
3199 5165 3340 5219 illam
3367 5166 3666 5224 Jerusalem

2082 5256 2171 5310 ubi
2198 5253 2616 5309 eollaudabimus
2647 5255 2927 5308 Dominum
2955 5295 2970 5321 ,
3022 5255 3354 5311 laudabimus
3383 5258 3665 5314 Dominum
3718 5244 3726 5330 ς

2085 5347 2248 5400 Deum
2283 5355 2522 5398 nostrum
2547 5387 2559 5409 ,
2595 5359 2692 5398 nos
2721 5344 3057 5411 Jerusalem,
3114 5361 3213 5399 nos
3262 5345 3422 5412 Sion,
3455 5349 3670 5416 quando

2079 5436 2534 5492 eouiirma'buntur
2557 5445 2732 5490 vectes
2758 5446 3026 5504 portarum
3075 5444 3398 5490 nostrarum.
3452 5438 3664 5495 Etenim
3711 5432 3716 5437 ’

2081 5531 2169 5585 ille
2198 5530 2287 5600 qui
2320 5537 2444 5582 tunc
2473 5528 2685 5583 satiabit
2708 5527 2866 5597 adipe
2892 5527 3165 5590 frumenti,
3192 5528 3316 5596 quid
3344 5528 3469 5584 facit
3491 5531 3541 5584 in
3565 5532 3665 5587 ista

2080 5623 2507 5694 peregrinatione
2527 5623 2552 5676 ’ἶ
2579 5622 2692 5676 Hoc
2717 5621 2858 5690 quod
2890 5621 3129 5691 sequitur
3158 5640 3171 5676 :
3209 5621 3308 5687 Qui
3333 5624 3512 5678 emittit
3556 5642 3668 5678 ver-

2081 5719 2194 5771 bum
2221 5733 2368 5769 suum
2401 5728 2565 5770 terra.
2599 5715 2737 5769 Ecce
2768 5715 2817 5767 iu
2851 5723 2984 5785 terra
3016 5714 3318 5769 laboramus
3341 5715 3464 5770 fessi
3487 5755 3504 5783 ,
3547 5715 3666 5769 lau-

2079 5811 2219 5882 snidi
2244 5852 2256 5874 ,
2313 5807 2474 5879 pigri,
2504 5806 2718 5878 frigidi:
2754 5805 2964 5876 quando
3009 5806 3308 5861 levarentur
3345 5807 3412 5861 ad
3457 5807 3664 5879 adipem

2825 5899 3378 5979 {Sotxante-une.)
