4082 6204
312 364 473 423 «σπι

332 476 586 536 frumenti
612 481 664 530 et
692 464 1059 527 satietatem“,
1084 460 1185 523 nisi
1217 456 1451 513 mitteret
1501 450 1721 507 verbum
1763 459 1917 501 suum

340 580 529 633 teme,
556 580 657 637 qua
687 560 1072 632 gravabantur;
1113 561 1298 614 terrai,
1349 559 1452 617 qua
1500 536 1921 611 impediebamur

342 614 529 633 ...ηκη
557 614 657 637 -,__
688 614 775 632 an,
1061 614 1072 620 _
1369 614 1380 617 _

339 677 373 717 a
405 657 614 715 reditu?
646 653 787 721 Misit
816 648 1034 705 verbum
1060 657 1247 706 suum,
1276 653 1384 694 non
1414 631 1649 690 deseruit
1677 629 1837 684 etiam
1867 614 1951 681 in'

336 766 525 810 eremo
541 790 555 814 ,
581 746 717 818 pluit
743 755 935 797 manna
958 738 1024 793 de
1043 736 1200 792 cmlo.
1227 731 1325 799 Qui
1347 726 1524 784 emittit
1550 721 1750 779 verbum
1776 734 1931 773 suum

314 857 525 906 aterrtc;
553 850 607 894 et
629 836 775 892 venit
801 832 868 888 ad
899 840 1069 887 terras
1090 826 1313 881 verbum
1331 820 1464 891 ejus.
1484 811 1805 884 Quomodo?
1831 816 1923 863 aut

339 935 480 1008 quod
511 942 594 989 est
638 930 865 985 verbum:
903 922 1061 995 ejus?
1110 918 1279 989 Usque
1319 916 1375 968 in
1416 911 1724 967 uelocitatem
1765 902 1924 959 currit

334 1028 538 1083 uerbum
565 1026 694 1096 ejus.
719 1020 835 1076 Non
857 993 1019 1082 diuit,
1045 1012 1213 1068 Velox
1234 1015 1318 1064 est
1340 1003 1560 1058 verbum
1586 999 1700 1069 ejus
1724 1013 1737 1047 :
1764 993 1927 1049 currit

307 1154 311 1159 η
335 1121 539 1176 uerbum
560 1088 669 1187 eius
683 1128 840 1183 usque
862 1112 915 1163 in
934 1106 1258 1162 velocitatem.
1303 1096 1683 1165 intelligamus,
1705 1088 1933 1152 fratres;

339 1227 445 1267 non
470 1180 645 1281 putuit
668 1180 865 1274 eligere
888 1198 1083 1254 melius
1107 1191 1346 1249 verbum.
1378 1183 1594 1243 Calidus
1618 1180 1796 1236 calore
1837 1190 1924 1231 ca-

326 1268 515 1365 .iescit,
537 1268 769 1368 frigidus
782 1292 977 1362 frigore
1001 1282 1267 1356 frigescit,
1290 1278 1444 1335 velox
1463 1273 1747 1330 velocitate
1766 1268 1922 1323 velox

339 1358 417 1450 fit.
437 1358 577 1459 Quid
591 1358 816 1455 cvalidius
834 1358 950 1453 ipso
978 1378 1187 1440 calore,
1214 1386 1319 1443 quo
1342 1367 1559 1425 calescit
1585 1358 1837 1435 quidquid
1866 1358 1927 1414 ιιι

339 1450 568 1543 calidum
581 1450 762 1548 ?‘Quid
780 1450 1021 1546 frigidius
1038 1472 1152 1541 ipso
1165 1466 1380 1536 frigore,
1401 1474 1506 1532 quo
1528 1455 1760 1527 frigescit
1775 1450 1924 1523 quid-

310 1608 313 1609 κ
340 1577 467 1648 quid
481 1573 723 1644 frigidum
739 1568 823 1623 ﬁt?
836 1563 971 1634 Quid
984 1574 1110 1630 ergo
1124 1556 1358 1614 velocius
1380 1552 1492 1623 ipsa
1504 1547 1805 1611 velocitate,
1824 1557 1927 1614 qua

324 1634 504 1721 velox
531 1634 589 1718 fit
606 1657 863 1732 quidquid
889 1652 1145 1710 velociter
1166 1644 1363 1704 currit?
1389 1643 1622 1699 Possunt
1640 1637 1742 1693 dici
1765 1634 1929 1690 multa

238 1762 241 1765 ’
320 1790 325 1793 -
342 1756 567 1822 velocia,
586 1763 640 1809 et
655 1751 755 1805 alia
773 1746 941 1817 magis
957 1752 1012 1799 et
1026 1742 1127 1797 alia
1144 1738 1348 1800 minus;
1370 1741 1427 1790 el.
1441 1740 1587 1787 tanto
1602 1740 1824 1799 quaeque
1842 1736 1931 1779 res

330 1850 501 1904 velo:
522 1821 625 1911 est,
649 1850 849 1914 quanto
865 1845 949 1894 est
970 1834 1236 1907 particeps
1263 1824 1580 1884 velocitatis.
1602 1821 1694 1875 llla
1714 1833 1805 1874 res
1819 1832 1932 1871 ma-

322 1970 323 1973 η
346 1944 429 2012 gis
449 1949 531 1995 est
553 1936 820 2009 particeps
835 1925 1165 1990 velocitatis;
1188 1935 1315 1991 ergo
1332 1918 1496 1988 magis
1517 1914 1671 1970 velox
1691 1930 1705 1966 :
1729 1920 1820 1964 aut
1835 1907 1936 1962 mi-

348 2050 453 2091 nus
498 2031 762 2103 particeps
806 2019 1144 2083 velocitatis;
1192 2028 1321 2083 ergo
1369 2010 1546 2065 minus
1600 2004 1777 2059 velox.
1816 1999 1939 2070 ipsa

350 2089 530 2199 itaque
552 2089 834 2180 velocitate
852 2114 978 2187 quid
999 2107 1256 2167 velocius?
1276 2105 1415 2180 Ergp
1435 2114 1542 2170 quo
1561 2109 1726 2167 usque
1746 2089 1935 2149 currit?

356 2182 527 2290 Usque
552 2217 604 2271 in
628 2182 961 2269 velocitatem.
1006 2202 1275 2272 Quantum
1316 2194 1403 2249 vis
1426 2205 1560 2261 auge
1605 2185 1746 2256 quod
1772 2182 1929 2239 velox

353 2269 685 2368 Solidum
707 2343 722 2370 ,
753 2310 809 2357 et
825 2299 917 2354 die
936 2316 951 2353 :
969 2269 1221 2350 Velocius
1240 2296 1499 2369 estquam
1524 2277 1654 2335 illud
1673 2283 1764 2331 aut
1783 2269 1935 2338 illud,

354 2360 541 2473 ⁷
564 2360 736 2459 aves,
787 2404 944 2463 quam
989 2382 1175 2448 venti,
1218 2390 1377 2449 quam
1424 2364 1643 2442 ’Angeli.
1671 2360 1939 2433 Numquid

354 2461 557 2564 aliquid
584 2490 774 2544 horum
803 2461 1004 2538 tantum
1028 2479 1271 2545 ,quanta
1298 2469 1413 2541 ipsa
1437 2461 1689 2519 velocitas
1708 2498 1722 2522 ,
1770 2466 1947 2525 usque

355 2588 410 2642 in
440 2545 608 2656 ipsam
632 2570 1013 2634 velocitatem?
1039 2562 1308 2621 velocitas
1338 2559 1451 2628 ipsa
1480 2550 1604 2625 quid
1657 2556 1774 2613 est,
1830 2545 1943 2600 fra~

344 2634 504 2732 .tresl?
536 2671 741 2739 Ubique
766 2673 884 2729 est,
913 2674 1019 2716 non
1045 2662 1128 2712 est
1154 2654 1211 2709 in
1252 2657 1426 2721 parte.
1457 2644 1571 2700 Hoc
1611 2637 1847 2711 pertinet
1871 2634 1947 2690 ad

353 2765 589 2822 Verbum
624 2736 759 2824 Dei,
785 2770 893 2811 non
936 2764 1059 2808 esse
1109 2745 1162 2801 in
1208 2749 1398 2815 parte,
1443 2736 1642 2806 ubique
1682 2745 1803 2787 esse
1846 2742 1945 2800 per

354 2861 589 2930 seipsum
618 2821 855 2910 Verbum
876 2889 892 2914 ,
920 2856 1118 2912 exque
1147 2837 1245 2894 Dei
1273 2834 1453 2891 Virtus
1480 2836 1536 2886 et
1562 2826 1653 2883 Dei
1673 2821 1948 2896 Sapientia

514 2948 531 3002 ι
558 2945 676 3002 Cor.
709 2959 748 3010 ι,
779 2939 848 2995 24
868 2912 910 3010 );
938 2933 1174 2991 nondum
1201 2932 1473 2995 assumpta
1498 2933 1681 2976 carne.
1708 2915 1763 2971 Si
1789 2912 1941 2984 cogi-

347 3003 531 3099 .temits
558 3003 1014 3093 Deum'iulorma
1057 3022 1188 3088 Dei,
1228 3016 1464 3074 Verbum
1508 3007 1713 3081 requale
1756 3003 1949 3068 Patri;

360 3136 475 3206 ipsa
504 3140 587 3187 cst
613 3128 652 3185 S
670 3123 889 3198 :pientia
914 3118 1006 3174 Dei
1031 3158 1048 3185 ,
1093 3114 1167 3172 de
1201 3125 1306 3183 qua
1348 3106 1547 3163 dictum
1576 3109 1660 3158 est
1690 3117 1705 3154 :
1734 3096 1945 3168 Attiugit

351 3190 396 3281 θ’
416 3226 518 3295 ﬁne
543 3190 705 3292 usque
730 3217 798 3270 ad
823 3214 977 3284 ﬁnem
1029 3208 1228 3281 fortiter
1275 3200 1432 3274 (Sap.
1459 3212 1570 3264 Vlll,
1615 3191 1692 3264 i).
1736 3190 1950 3259 Quanta.

357 3275 647 3378 velocitas!
677 3275 894 3375 Atlingit
923 3318 959 3354 a
985 3275 1089 3368 ﬁne
1125 3308 1282 3365 usque
1306 3289 1374 3344 ad
1411 3288 1562 3358 ﬁnem
1592 3282 1808 3353 fortiter.
1838 3275 1951 3334 Sed

350 3413 498 3464 torte
520 3389 1147 3460 immobilitatcattingit.
1176 3385 1236 3442 Si
1270 3378 1662 3443 immobilitate,
1695 3382 1951 3441 tanquam-

356 3499 531 3556 inoles
554 3492 729 3562 aliqua
778 3499 936 3542 saxea
965 3479 1189 3550 impleat
1214 3476 1399 3541 locum
1428 3468 1698 3539 aliquem;
1754 3461 1947 3517 dicitur

356 3589 504 3662 quod
528 3556 741 3654 attingit
769 3575 1010 3650 ejusdem
1041 3569 1149 3626 loci
1168 3582 1196 3622 a
1226 3565 1331 3620 (ine
1352 3574 1518 3631 usque
1538 3556 1601 3612 ad
1621 3556 1780 3610 linem
1798 3590 1815 3618 ,
1838 3564 1954 3605 non.

347 3648 540 3740 tamen
577 3648 746 3734 motu.
789 3648 933 3741 Quid
953 3679 1083 3737 cego
1104 3656 1367 3718 dicimus?
1395 3669 1503 3710 non
1550 3648 1714 3706 habet
1745 3651 1948 3700 motum

359 3733 595 3842 ista...
623 3766 749 3826 illud
775 3733 878 3834 ,ἴθι
901 3733 1176 3830 Sapientia
1202 3751 1293 3808 illa
1343 3745 1537 3805 stolida
1585 3739 1705 3798 est?
1749 3738 1818 3793 Et
1854 3733 1948 3791 ubi

360 3825 614 3938 esi-quod
639 3825 833 3918 dicitur
859 3854 928 3911 de
952 3825 1239 3938 Sapientia:
1265 3837 1498 3938 Spiritu?
1525 3834 1657 3890 Cum
1684 3829 1849 3931 multa
1870 3825 1947 3880 dl-

366 3919 443 3926 -~—
1034 3919 1043 3921 -

350 3966 616 4015 curentur
645 3968 661 4006 :
693 3950 926 4009 Acutae,
982 3936 1191 4009 inquit,
1218 3930 1453 3994 ambitis,
1497 3931 1661 3979 certus
1683 3960 1700 3988 ,
1752 3919 1950 3972 incoin-

277 4098 285 4102 .
365 4010 601 4121 quinam;
629 4040 761 4115 (Id.
789 4054 886 4104 vn,
915 4032 987 4088 93
1015 4031 1056 4103 ).
1086 4028 1176 4084 Sic
1205 4023 1388 4094 utique
1415 4014 1671 4088 sapientia
1701 4010 1792 4067 Dei
1838 4022 1953 4062 mo-

536 4138 594 4194 Si
624 4101 752 4204 ergo
777 4101 1028 4191 mobilis;
1059 4117 1273 4192 quando
1314 4113 1418 4168 hoc
1448 4106 1640 4177 tangit,
1673 4101 1801 4157 illud
1846 4112 1951 4153 non

606 4190 715 4283 au:
725 4222 830 4278 hoc
854 4216 1021 4288 tangit
1038 4255 1053 4280 ,
1077 4190 1220 4267 illud
1240 4202 1472 4263 deserit?
1503 4201 1572 4254 Et
1599 4195 1688 4252 ubi
1709 4203 1790 4249 est
1812 4190 1955 4245 velo-

270 4340 278 4355 '
366 4283 546 4379 ciuis?
566 4318 680 4375 Hoc
701 4314 826 4370 facit
844 4283 1098 4365 velocitas
1118 4342 1134 4367 ,
1165 4309 1222 4356 ut
1239 4307 1296 4354 et
1321 4294 1518 4364 ubique
1536 4301 1749 4371 semper
1772 4283 1874 4348 sit,
1901 4288 1958 4336 et

374 4423 631 4483 nusquam
661 4404 863 4460 inclusa
887 4405 1150 4454 teneatur.
1178 4388 1285 4446 Sed
1321 4384 1554 4455 cogitare
1579 4370 1678 4434 ista
1700 4390 1807 4431 non
1832 4385 1957 4443 pos-

372 4469 757 4577 sumusapigri
796 4502 1000 4546 sumus.
1028 4484 1163 4552 Quis
1202 4480 1301 4535 ista
1346 4473 1580 4544 cogitet?
1633 4469 1701 4523 Et
1724 4477 1908 4522 revera
1935 4503 1957 4533 ,

368 4600 567 4654 fratres
582 4562 879 4661 ,lquvoniam
908 4579 1016 4637 dixi
1041 4571 1308 4647 quomodo
1336 4566 1482 4640 potui
1511 4562 1595 4633 (si
1639 4571 1815 4615 tamen
1858 4572 1956 4628 po-

373 4691 451 4746 tui
471 4730 487 4755 ,
516 4686 561 4743 si
590 4648 825 4739 iuiellexi
853 4679 892 4748 ),
921 4681 976 4729 et
1000 4661 1269 4740 quomodo
1309 4656 1558 4732 potuistis
1596 4648 1956 4709 intellexistis.

373 4744 487 4840 Sed
505 4775 630 4851 quid
658 4772 789 4829 dicit
814 4744 1138 4839 Apostolus?
1158 4756 1227 4812 Ei
1253 4763 1420 4810 autem
1443 4749 1526 4819 qui
1556 4754 1732 4819 potem
1776 4752 1848 4798 est
1876 4744 1960 4813 {a-

374 4834 489 4933 gre
522 4834 693 4942 usupra
939 4858 1156 4932 petimus
1178 4893 1196 4919 ,
1226 4858 1314 4905 aut
1355 4841 1682 4914 intelligimus
1726 4834 1964 4910 (Eplles.

376 4985 456 5033 nl,
484 4964 557 5022 20
582 4925 624 5034 )”.
655 4925 792 5028 Quid
823 4953 909 5009 llic
940 4925 1219 5005 ostendit?
1238 4938 1369 5011 Quia
1385 4933 1832 5020 quotiescumque
1881 4925 1965 4980 iu-

1368 5031 1378 5034 -
1478 5027 1489 5034 -
1582 5031 1590 5034 -
1645 5021 1681 5034 Α
1839 5016 1861 5034 .,
1883 5010 1964 5034 --α

378 5010 456 5033 ⁵⁸η
490 5010 553 5022 ’ν
582 5010 624 5034 l'
662 5010 789 5028 ιητ
1270 5010 1273 5011 ,

378 5040 746 5117 tcllexerimus
769 5090 786 5118 ,
816 5060 923 5102 non
948 5036 1309 5098 intelleximus
1337 5012 1494 5086 siculi
1515 5031 1616 5081 est.
1641 5021 1818 5089 Quare
1839 5010 1964 5070 hoc?

380 5158 576 5224 Corpus
595 5148 731 5206 enim
754 5141 890 5216 quod
916 5131 1256 5203 carruntpitur
1284 5130 1524 5195 aggravet
1552 5117 1775 5171 animam
1804 5108 1966 5182 (Sap.

380 5199 456 5308 is,
484 5199 558 5301 '45
577 5241 619 5315 ).
814 5233 869 5288 in
900 5239 1041 5285 tem
1063 5199 1238 5293 frigidi
1276 5226 1481 5273 sumus.
1526 5204 1795 5264 Velocitas
1823 5199 1967 5255 enim

385 5293 600 5393 fervens
626 5341 738 5395 est;
777 5335 832 5384 et
854 5321 1032 5381 omnia
1061 5310 1320 5372 ferventia
1349 5302 1613 5362 velociora
1632 5340 1647 5366 ,
1680 5295 1858 5353 omnia
1876 5293 1972 5347 fri-

813 5417 925 5474 Nos
943 5411 1078 5468 tardi
1098 5450 1113 5476 ,
1141 5417 1270 5474 ergo
1295 5396 1489 5468 frigidi.
1521 5392 1615 5447 llla
1656 5397 1835 5443 autem
1873 5384 1972 5474 Sa-

386 5471 587 5598 ;ientia
631 5516 801 5573 currit
845 5521 1016 5579 usque
1068 5503 1120 5556 in
1177 5471 1533 5553 velocitatem.
1588 5484 1728 5552 Ergo
1759 5471 1971 5535 ferven-

1122 5591 1133 5598 -
1281 5584 1294 5598 -
1356 5575 1438 5598 --ᾗ
1462 5576 1534 5598 1-.
1586 5589 1611 5598 ..
1647 5571 1820 5598 ..ηιμ-Α
1859 5565 1971 5598 οἷα-α

1534 335 1593 393 S.
1638 324 1998 389 Al'CUSTlNl
2040 325 2339 384 EPISCOPI

3471 325 3609 381 193?.

2231 443 2383 548 [verm
2416 443 2532 549 6.]
2560 445 2667 500 Nos
2692 460 2819 517 ergo
2841 487 2857 512 ,
2882 445 2969 518 qui
2997 443 3173 516 frigidi
3214 442 3454 513 corporis
3498 451 3592 498 tar-

2023 535 2187 592 ditate
2211 578 2227 604 ,
2263 536 2481 592 vinculo
2509 545 2734 593 terrente
2761 538 2882 592 vitae
2911 536 3068 606 hujus
3089 534 3450 605 corruptibilis
3472 549 3608 589 once

2023 629 2146 697 rati,
2171 627 2445 684 nullamne
2464 643 2613 698 spem
2641 627 2899 683 habemus
2918 628 2982 682 ad
3003 627 3327 697 capiendum
3349 626 3607 690 Verbum,

2022 717 2163 790 quod
2190 734 2355 790 usque
2380 720 2434 775 in
2464 719 2796 774 velocitatem
2815 719 3096 774 currit?An
3114 733 3242 773 vero
3261 717 3349 771 ille
3367 716 3612 787 quamvis

2023 828 2091 869 ex
2119 828 2344 883 corpore
2371 813 2424 869 in
2445 813 2624 868 intima
2659 812 2945 883 depressos
2973 810 3241 867 deseruit?
3268 796 3457 866 Nonne
3496 810 3612 879 ipse

2023 906 2422 977 prmdestinavit
2451 920 2553 962 nos
2571 947 2591 972 ,
2617 913 2907 975 antequam
2928 906 2982 958 in
3009 904 3111 959 isto
3141 903 3351 958 mortali
3375 911 3429 958 et
3458 902 3613 973 pigro

2024 1014 2251 1070 corpore
2291 998 2671 1057 nasceremur?
2709 997 2811 1066 Qui
2856 1012 2983 1068 ergo
3036 995 3435 1067 praedestinavit
3471 1008 3610 1061 nos,

2026 1093 2173 1150 dedit
2207 1101 2361 1148 terrae
2400 1092 2574 1148 nivem
2600 1133 2615 1159 ,
2671 1091 2817 1162 ipsos
2846 1104 2964 1147 nos.
2991 1089 3106 1145 Jam
3147 1088 3290 1144 enim
3335 1087 3623 1143 veniamus

2028 1185 2238 1246 adillos
2261 1185 2459 1242 Psalmi
2486 1199 2673 1241 versus
2701 1183 3099 1246 subobscuros;
3134 1181 3387 1252 incipiant
3416 1180 3504 1235 illa
3528 1181 3618 1233 in-

2026 1280 2248 1335 volucra
2296 1276 2469 1333 evolvi
2500 1294 2513 1330 :
2543 1276 2794 1347 quoniam
2842 1289 2937 1330 vos
2986 1273 3207 1329 verbum
3255 1271 3381 1336 Dei,
3412 1281 3613 1341 qmuto

2029 1370 2197 1441 magis
2222 1384 2320 1440 per
2341 1383 2440 1424 nos
2468 1358 2700 1431 dicitur;
2723 1374 2870 1421 tanto
2913 1363 3181 1420 avidiores
3206 1361 3427 1419 invenit.
3475 1362 3616 1417 Ecce

2030 1478 2130 1520 nos
2179 1462 2312 1533 pigri
2363 1460 2415 1515 in
2446 1460 2547 1514 hac
2586 1468 2725 1515 terra
2765 1456 2918 1529 quasi
2961 1456 3357 1528 congelavimns
3399 1454 3503 1509 hic.
3548 1455 3621 1510 Et

2030 1553 2303 1624 quomodo
2332 1550 2597 1623 contingit
2619 1550 2871 1614 nivibus;
2895 1562 3106 1605 sursum
3147 1549 3287 1602 enim
3316 1546 3497 1618 gelant
3521 1588 3537 1611 ,
3565 1557 3625 1602 et

2032 1649 2087 1703 in
2109 1648 2213 1702 ima
2242 1646 2497 1702 decidunt
2522 1663 2535 1699 :
2563 1645 2641 1700 sic
2662 1643 2980 1716 frigescente
3008 1642 3266 1698 cbaritate
3295 1640 3492 1695 decidit
3519 1640 3622 1693 hu-

2034 1753 2189 1794 mana
2215 1748 2405 1793 natura
2432 1737 2488 1792 in
2516 1736 2615 1791 has
2643 1744 2812 1792 terras
2829 1774 2849 1800 ,
2870 1742 2925 1790 et
2953 1734 3102 1804 pigro
3128 1746 3353 1801 corpore
3381 1730 3621 1785 involuta

2034 1832 2182 1904 velut
2210 1831 2297 1887 uix
2332 1830 2465 1886 facta
2495 1838 2597 1885 est.
2624 1828 2735 1886 Sed
2762 1828 2815 1883 in
2842 1828 2945 1883 ista
2968 1826 3089 1881 nive
3105 1834 3229 1880 sunt
3256 1821 3625 1894 prmdestinatl

2038 1926 2132 1980 filii
2163 1925 2279 1980 Dei.
2312 1924 2411 1979 Dat
2431 1923 2575 1979 enim
2602 1922 2692 1977 ille
2719 1921 2887 1977 nivem
2924 1921 3057 1974 velut
3085 1920 3277 1974 lanam.
3316 1916 3454 1986 Quid
3499 1925 3580 1972 est
3603 1957 3623 1982 ,

2035 2015 2411 2071 velutlauam?
2442 2013 2639 2082 idest,
2672 2011 2739 2068 de
2782 2011 2903 2067 nive
2944 2025 3102 2083 quam
3151 1978 3362 2074 dedit:
3388 2008 3458 2064 de
3510 1978 3626 2062 istis
3706 1978 3711 1979 ί

2039 2106 2203 2177 pigris
2227 2105 2403 2160 adhuc
2424 2104 2611 2174 spiritu
2656 2112 2711 2158 et
2750 2102 2958 2174 frigidis
3001 2116 3145 2171 quos
3188 2098 3627 2171 praedestinavit,

2038 2198 2275 2254 facturus
2299 2207 2382 2254 est
2417 2195 2635 2267 aliquid.
2668 2195 2814 2251 Lana
2842 2194 2993 2251 enim
3010 2193 3262 2249 materies
3289 2191 3453 2248 vestis
3495 2198 3581 2246 est
3611 2205 3634 2244 τ

2041 2292 2161 2347 lana
2215 2305 2336 2346 cum
2363 2287 2598 2355 videtur,
2628 2286 2796 2343 veluti
2844 2284 3163 2356 prteparatio
3203 2294 3285 2338 est
3334 2281 3510 2352 aliqua
3561 2280 3629 2336 ad

2040 2394 2269 2438 vestem.
2294 2382 2434 2453 Ergo
2454 2380 2574 2451 quia
2601 2376 3000 2450 praedestinavit
3029 2375 3128 2432 hos
3172 2374 3261 2446 qui
3304 2373 3371 2428 ad
3415 2383 3627 2443 tempus

2042 2473 2217 2544 frigidi
2244 2481 2439 2544 repunt
2470 2470 2524 2526 iu
2552 2479 2692 2526 terra
2716 2511 2739 2534 ,.
2791 2477 2847 2523 et
2901 2467 3137 2523 nondum
3192 2465 3401 2520 fervent
3445 2463 3633 2534 spiritu

2042 2565 2323 2621 charitatis
2343 2563 2363 2637 (
2385 2562 2454 2619 de
2482 2559 2955 2633 prcedestinatione
2978 2557 3121 2613 enim
3148 2555 3323 2611 adhuc
3349 2553 3641 2624 loquitur).

2041 2656 2209 2714 veluti
2233 2655 2409 2711 lanam
2439 2652 2585 2709 dedit
2610 2651 2708 2708 hos
2744 2650 2915 2716 Deus;
2956 2649 3194 2706 facturus
3236 2655 3320 2703 est
3365 2646 3490 2703 inde
3534 2660 3627 2700 ve-

2043 2758 2206 2809 stem.
2237 2746 2424 2803 Merito
2452 2745 2506 2800 in
2532 2752 2713 2799 monte
2742 2742 2904 2797 vestis
2932 2739 3131 2796 Christi
3163 2737 3339 2803 fulsit,
3380 2737 3519 2792 sicut
3543 2736 3636 2790 nix

2049 2840 2285 2915 (Matth.
2312 2853 2445 2904 xvn,
2469 2836 2506 2890 2
2532 2835 2573 2907 ).
2606 2831 2864 2905 Fulgehat
2891 2832 3053 2887 vestis
3074 2828 3311 2896 Christi,
3343 2829 3480 2883 sicut
3501 2827 3590 2882 uix
3614 2867 3634 2894 ,

2045 2940 2296 3004 tanquam
2324 2928 2391 2985 de
2421 2926 2511 2982 illa
2542 2926 2663 2981 lana
2682 2925 2793 2995 jam
2819 2921 2958 2978 facta
3006 2928 3123 2978 erat
3172 2919 3380 2985 tunica;
3418 2916 3488 2973 de
3531 2931 3637 2987 qua

2046 3022 2200 3091 lana,
2227 3021 2282 3077 id
2309 3029 2393 3077 est
2411 3019 2479 3076 de
2508 3019 2630 3075 nive
2657 3030 2817 3088 quam
2844 3012 2992 3070 dedit
3018 3013 3155 3069 sicut
3192 3010 3374 3073 lanam
3397 3050 3412 3073 ,
3461 3006 3639 3062 adhuc

2021 3112 2412 3187 'praldestinati
2435 3153 2451 3176 ,
2479 3110 2615 3181 pigri
2640 3115 2796 3164 erant
2826 3122 2839 3159 :
2872 3103 2968 3160 sed
3013 3110 3295 3172 exspecta,
3341 3098 3463 3155 vide
3511 3097 3643 3169 quid

2047 3213 2334 3279 sequatur;
2359 3202 2482 3274 quia
2506 3200 2643 3256 sicut
2666 3199 2840 3253 lanam
2869 3194 3018 3251 dedit
3043 3206 3136 3248 eos
3153 3233 3168 3258 ,
3202 3192 3259 3246 fit
3286 3190 3408 3246 inde
3431 3190 3635 3245 tunica.

2048 3298 2328 3373 Quomodo
2342 3295 2484 3353 enim
2511 3293 2706 3349 dicitur
2723 3288 2960 3346 Ecclesia
2982 3302 3177 3355 corpus
3202 3282 3423 3350 Christi,
3446 3280 3642 3337 dicitur

2049 3372 2101 3457 et
2128 3393 2504 3450 vestimentum
2528 3384 2727 3441 Christi
2755 3383 2866 3453 ipsa
2896 3380 3044 3436 Eccl.
3059 3379 3135 3433 sia
3161 3395 3174 3428 :
3207 3376 3331 3431 inde
3383 3384 3467 3430 est
3510 3372 3647 3428 illud

2049 3484 2192 3559 quod
2242 3484 2319 3538 ait
2344 3478 2666 3551 Apostolus,
2700 3474 2767 3530 Ut
2816 3471 3069 3528 exhiberet
3095 3469 3190 3523 sibi
3235 3466 3509 3538 gloriosam
3535 3463 3642 3517 Ec-

2051 3552 2255 3635 tilaiam
2278 3615 2294 3643 ,
2339 3588 2443 3627 non
2491 3569 2753 3624 habentem
2800 3560 3053 3618 maculam
3087 3569 3172 3614 aut
3193 3574 3375 3628 rugam
3400 3558 3416 3627 (
3444 3552 3636 3624 EpIm.

2051 3688 2106 3737 v,
2131 3670 2202 3726 27
2227 3669 2269 3740 ).
2296 3668 2437 3737 Ergo
2461 3662 2712 3720 exhibeat
2739 3657 2841 3714 sibi
2879 3654 3163 3725 gloriosam
3192 3649 3505 3712 Ecclesium,
3532 3660 3639 3700 non

2052 3735 2339 3820 habentem
2369 3735 2629 3815 maculam
2657 3761 2750 3807 aut
2772 3762 2954 3819 rugam
2980 3762 2996 3812 ;
3028 3743 3183 3797 faciat
3210 3741 3312 3795 sibi
3343 3747 3545 3793 vestem
3570 3735 3645 3789 de‘

2054 3854 2142 3911 illa
2167 3852 2285 3906 lana
2315 3861 2474 3918 quam
2505 3836 2901 3914 prmdestinavit
2926 3834 2977 3887 in
3000 3830 3142 3886 nive.
3173 3826 3362 3882 Adhuc
3389 3824 3441 3879 in
3465 3821 3641 3878 homi-

2056 3944 2213 4001 nibus
2242 3916 2567 4000 incredulis,
2597 3938 2652 3986 et
2678 3925 2883 3998 frigidis
2908 3965 2923 3990 ,
2956 3933 3011 3978 et
3034 3917 3198 3991 pigris
3219 3959 3236 3985 ,
3263 3916 3421 3971 faciat
3440 3920 3641 3967 vestem

2056 4034 2123 4090 de
2147 4032 2250 4087 hac
2272 4030 2413 4085 lana.
2443 4024 2513 4081 Ut
2537 4022 2783 4077 abluatur
2807 4031 2838 4072 a
2865 4012 3091 4069 maculis
3112 4053 3127 4077 ,
3161 4007 3446 4063 mundetur
3490 4003 3597 4057 fide
3623 4018 3641 4067 ;

2057 4134 2116 4181 ut
2162 4134 2345 4191 rugam
2389 4131 2498 4172 non
2537 4111 2759 4175 habeat,
2815 4103 3062 4161 tendatur
3092 4101 3146 4155 in
3173 4111 3349 4154 cruce.
3413 4093 3515 4161 Qui
3554 4091 3646 4145 dat

2059 4217 2220 4273 nivem
2240 4213 2366 4266 sicut
2389 4209 2581 4263 lanam.

2128 4306 2220 4361 24.
2248 4302 2365 4359 Jatn
2388 4299 2433 4355 si
2460 4289 2820 4369 praedestinati
2847 4294 2972 4343 sunt
2994 4325 3010 4351 ,
3056 4278 3287 4338 vocandi
3316 4284 3459 4333 sunt.
3505 4275 3645 4341 Quos

2060 4397 2203 4457 enim
2231 4362 2640 4467 praedestinavit,
2663 4383 2779 4437 illos
2807 4388 2851 4434 et
2885 4376 3074 4432 vocavit
3117 4375 3134 4443 (
3161 4370 3311 4426 Rom.
3360 4384 3474 4432 vlli,
3506 4366 3575 4420 '50
3599 4362 3644 4435 ).

2061 4489 2185 4545 Jama
2208 4479 2475 4555 quomodo
2499 4481 2761 4531 vocantur
2798 4486 2865 4525 ex
2905 4468 3162 4538 languore
3186 4460 3430 4530 corporis
3459 4456 3601 4512 illius
3627 4497 3644 4523 ,

2063 4587 2124 4636 ut
2147 4547 2264 4632 sani
2290 4570 2459 4627 ﬁant?
2485 4561 2755 4639 quomodo
2780 4554 3062 4614 vocantur?
3092 4551 3228 4608 Audi
3261 4547 3602 4617 Evangelium
3628 4561 3645 4598 :

2067 4671 2190 4729 Non
2214 4666 2325 4722 veni
2348 4676 2526 4718 vocare
2563 4659 2753 4728 justas,
2790 4652 2877 4707 sed
2905 4656 3189 4722 peccatores
3228 4643 3293 4697 in
3311 4638 3649 4712 paenitentiam

2070 4760 2303 4837 (Matth.
2332 4772 2407 4822 lx,
2441 4748 2577 4818 15).
2629 4745 2815 4815 Incipit
2863 4756 2990 4812 ergo
3024 4738 3135 4809 jam
3185 4729 3652 4806 prmdestinatione‘

2066 4855 2204 4912 nivis
2251 4851 2393 4907 illius
2418 4848 2455 4920 ί,
2484 4852 2806 4913 cognoscere
2856 4844 3122 4904 torporem
3175 4840 3331 4882 suum
3352 4867 3366 4887 ,
3396 4833 3653 4876 accusare

2069 4953 2347 5020 peccatum
2374 4917 2550 5002 suum;
2575 4931 2758 5001 incipit
2783 4925 3058 4983 vocatione
3083 4920 3266 4974 venire
3290 4915 3355 4970 ad
3382 4912 3655 4984 paeniten-

2248 5032 2437 5091 Merito
2463 5043 2589 5098 ergo
2616 5024 2700 5096 qui
2722 5022 2809 5076 dat
2834 5019 2997 5073 nivem
3037 5012 3166 5068 velut
3192 5012 3363 5065 lanam
3387 5049 3402 5072 ,
3433 5012 3655 5077 propter

2071 5131 2373 5190 confectum
2400 5123 2592 5178 tunica:
2617 5117 2838 5178 futural;
2872 5110 3031 5166 etiam
3076 5111 3295 5175 preptcr
3319 5100 3656 5153 vocationem

2073 5226 2126 5282 in
2156 5217 2521 5296 paenitentiam
2545 5253 2561 5279 ,
2587 5208 2817 5265 nebulam
2841 5203 2972 5259 velut
2999 5201 3211 5254 cinerem
3240 5193 3452 5265 spargit.
3485 5186 3661 5243 Nebu-

2076 5281 2181 5376 lani
2200 5361 2215 5384 ,
2239 5315 2429 5386 inquit,
2457 5310 2589 5365 velut
2618 5306 2831 5359 cinerem
2856 5297 3048 5369 spargit
3072 5311 3089 5349 :
3120 5288 3276 5363 quis?
3319 5286 3419 5354 Qui
3467 5283 3553 5336 dat
3581 5281 3665 5334 ui-

2078 5428 2186 5468 uam
2211 5409 2340 5465 sicut
2362 5406 2553 5460 lanam.
2582 5398 2726 5468 Quos
2753 5394 2897 5448 enim
2945 5380 3346 5461 praedestinavit
3364 5421 3378 5444 ,
3405 5382 3560 5431 vocat
3609 5372 3667 5426 in

2080 5498 2484 5576 pcenitentiam;
2514 5490 2635 5562 quia
2662 5501 2788 5559 quos
2817 5477 3190 5554 praedestinavit
3214 5513 3230 5541 ,
3272 5471 3388 5527 illo:
3426 5476 3469 5522 et
3518 5480 3671 5520 voca-

2149 5638 2168 5671 ι
2194 5633 2426 5697 Plerique
2448 5615 3012 5697 Mssapragdestiuatione
3030 5603 3673 5697 visuilliits.|Nonnt.tllLver3

2084 5668 2728 5815 wWiiﬁﬁﬁé'EEou;
2737 5668 3059 5746 cognoscere.
3098 5681 3239 5726 Forte
3267 5668 3558 5734 legendum,
3582 5671 3674 5713 tua:
