4042 6202
472 386 615 447 i933

453 505 562 559 -vit.
595 505 738 561 Cinis
767 512 943 559 autem
993 501 1059 557 ad
1107 497 1467 571 paenitentiam
1514 495 1764 566 pertinet.
1796 491 1931 546 Audi
1955 505 2052 546 vo-

471 605 682 650 cantem
709 595 775 650 ad
804 592 1168 665 paenitentiam
1185 633 1206 658 ν
1226 605 1348 645 cum
1375 587 1715 658 exprobravit
1741 583 2054 656 quibusdam

471 689 774 744 civitatibus
798 729 812 753 ,
842 685 1029 742 dicens
1054 704 1068 740 :
1112 683 1198 739 Va:
1226 683 1320 738 tibi
1356 681 1619 736 Corozaim
1645 721 1658 745 ,
1682 694 1754 732 vw
1785 677 1870 731 tibi
1898 675 2055 730 Beth-

473 780 660 842 saida;
689 779 808 849 quia
830 779 876 833 si
897 779 950 831 in
978 776 1112 848 Tyro
1156 784 1205 830 et
1231 775 1424 830 Sidone
1463 776 1610 844 facta:
1640 781 1801 825 essent
1854 771 2056 871 virtutes

471 887 585 940 quae
604 875 752 942 factae
771 880 886 924 sunt
911 871 962 923 in
987 869 1152 934 vobis,
1183 868 1324 932 olim,
1351 866 1537 936 inquit,
1566 868 1618 917 in
1644 865 1806 917 cilicio
1834 871 1878 914 et
1895 865 2058 914 cinere

475 962 812 1030 pomitmtiam
832 961 1045 1031 egissent
1062 957 1272 1032 (Matth.
1293 974 1366 1026 xl,
1386 957 1499 1028 2‘1).
1522 955 1664 1025 Ergo
1681 953 1910 1008 nebulam
1927 953 2056 1006 velut

474 1054 688 1107 cinerem
740 1053 951 1124 spargit.
1015 1051 1150 1120 Quid
1200 1063 1319 1116 est,
1371 1048 1625 1104 Nebulam
1671 1047 1800 1101 velut
1843 1047 2057 1099 cinerem

471 1146 700 1215 spargit?
717 1145 850 1199 Cum
873 1151 1091 1198 vocatur
1106 1144 1330 1214 quisque
1351 1141 1418 1197 ad
1441 1138 1842 1210 intelligendum
1865 1138 2052 1202 Deum,

472 1244 525 1289 ct
553 1235 746 1290 dicitur
774 1235 884 1300 illi,
935 1234 1078 1305 Cape
1129 1236 1402 1290 veritatem
1426 1275 1440 1299 ,
1471 1233 1654 1302 incipit
1700 1231 1836 1287 velle
1862 1244 2054 1299 capere

473 1327 748 1381 veritatem
775 1367 791 1392 ,
821 1341 924 1381 non
948 1325 1175 1391 sufficit,
1203 1327 1344 1380 videt
1375 1341 1433 1379 se
1460 1323 1741 1394 quamdam
1769 1323 2052 1392 caliginem

472 1419 578 1488 pali
606 1445 620 1484 -,
646 1433 802 1487 quam
831 1427 984 1473 antea
1016 1434 1119 1472 non
1152 1417 1385 1473 videbat.
1417 1418 1496 1471 Ad
1529 1417 1628 1470 hoc
1653 1424 1735 1470 est
1763 1416 1778 1446 ί
1807 1429 1934 1484 ergo
1967 1414 2054 1467 illa

473 1508 662 1564 nebula
682 1549 697 1575 ,
727 1519 783 1564 ut
810 1511 1020 1576 noveris
1050 1510 1257 1566 nescire
1288 1519 1339 1564 te
1359 1552 1373 1576 ,
1406 1517 1460 1564 et
1501 1509 1714 1564 noveris
1757 1507 1882 1578 quid
1919 1507 2056 1561 scire

473 1609 748 1670 oporteat,
783 1609 838 1656 et
864 1602 1046 1657 videas
1076 1611 1126 1656 te
1153 1602 1444 1658 invalidum
1497 1602 1563 1656 ad
1604 1601 1734 1656 illud
1778 1601 2053 1656 sciendum

473 1693 613 1760 quod
643 1702 854 1762 oportet
886 1695 1028 1748 sciri.
1054 1693 1184 1748 Nam
1213 1696 1256 1749 si
1301 1695 1354 1750 in
1408 1695 1506 1750 ista
1553 1694 1742 1749 nebula
1779 1694 1888 1765 jam
1933 1702 2056 1748 ante

474 1785 879 1853 praesumpseris
908 1786 1045 1840 scire
1067 1827 1082 1851 ,
1111 1785 1295 1842 audies
1316 1786 1382 1840 ab
1409 1785 1662 1854 Apostolo
1683 1802 1694 1838 :
1716 1785 1885 1852 Quise
1913 1792 2058 1854 putat

473 1873 666 1940 aliquid
690 1875 818 1928 seire
839 1918 853 1942 ,
884 1877 1109 1930 nondum
1129 1877 1220 1930 scit
1243 1877 1666 1948 quemadmodum
1693 1885 1922 1946 aperteat
1943 1893 2056 1930 eum

471 1964 600 2018 scire
627 1963 685 2035 (Ι
715 1963 832 2020 Cor.
868 1981 979 2032 vm,
1009 1967 1044 2020 2
1068 1967 1108 2037 ).
1140 1969 1278 2037 Ergo
1305 1968 1537 2024 nendum
1568 1969 2053 2038 comprehendisti,

472 2052 644 2109 adhuc
672 2055 918 2109 nebulam
951 2057 1168 2125 pateris.
1199 2057 1304 2112 Sed
1328 2073 1432 2112 non
1470 2067 1521 2114 te
1562 2058 1797 2114 deseruit
1835 2059 1922 2128 qui
1968 2074 2054 2112 ac-

470 2144 648 2198 cendit
693 2145 783 2199 tibi
838 2146 1111 2202 lucernam
1151 2150 1325 2203 carnis
1350 2165 1480 2204 sum.
1518 2148 1632 2206 Non
1660 2165 1807 2205 erras
1828 2153 1848 2180 '
1872 2151 1924 2205 in
1954 2167 2051 2206 ne-

470 2235 623 2301 bula;
673 2237 777 2291 fide
806 2252 1048 2308 sequere.
1083 2240 1191 2296 Sed
1225 2241 1346 2311 quia
1370 2243 1581 2297 conaris
1623 2244 1806 2299 videre
1831 2286 1844 2311 ,
1876 2253 1928 2299 et
1950 2261 2055 2299 non

468 2338 656 2398 potes,
688 2331 942 2399 pwuiteat
981 2341 1031 2388 te
1074 2344 1455 2403 peccatorum;
1505 2335 1625 2404 quia
1674 2337 1866 2391 nebula
1914 2339 2059 2391 velut

468 2420 604 2475 cinis
647 2437 832 2490 sparsa
877 2431 979 2478 est.
1021 2423 1139 2478 Jam
1183 2434 1233 2480 te
1284 2428 1541 2494 poeniteat
1581 2438 1950 2480 contumacem
2003 2437 2055 2481 te

469 2510 634 2568 fuisse
659 2514 911 2570 adversus
949 2515 1145 2583 Deum;
1170 2517 1280 2587 jam
1323 2527 1374 2572 te
1410 2519 1663 2587 pmniteat
1717 2529 1956 2574 secutum
2005 2529 2054 2573 te

469 2605 630 2660 fuisse
652 2607 762 2661 vias
798 2617 914 2663 tuas
943 2609 1134 2663 malas.
1166 2609 1456 2665 Pervenisti
1502 2611 1554 2663 in
1584 2612 1735 2664 istam
1764 2610 2052 2665 difficulta~

462 2703 575 2766 tem
622 2697 761 2751 illius
789 2699 954 2753 beata:
982 2699 1202 2754 visionis
1227 2717 1240 2764 ;
1267 2710 1319 2755 et
1356 2702 1456 2755 erit
1486 2701 1576 2755 tibi
1599 2701 1827 2756 salubris
1859 2703 2051 2756 nebula

465 2801 622 2856 quam
651 2788 784 2842 sicut
814 2789 1050 2844 cinerem
1076 2792 1274 2861 spargit
1313 2791 1472 2847 Deus.
1505 2791 1583 2846 Tu
1628 2792 1741 2862 ipse
1793 2808 1851 2847 es
1880 2794 2056 2849 adhuc

457 2876 655 2931 nebula
675 2919 690 2943 ,
722 2878 816 2933 sed
846 2879 1156 2936 velntcinis.
1188 2881 1375 2938 Adhuc
1401 2885 1540 2937 enim
1563 2884 1882 2954 peenilentes
1905 2886 2057 2941 volu-

468 2973 652 3020 tantur
713 2969 766 3022 in
815 2970 994 3026 cinere
1019 3013 1034 3038 ,
1079 2972 1274 3027 fratres
1307 2974 1408 3028 mei
1436 3015 1450 3040 ,
1478 2982 1728 3045 tanquam
1758 2976 1957 3032 similes
1998 2992 2057 3034 se

477 3065 869 3127 contestantes,
930 3059 1168 3118 dicentes
1224 3063 1334 3118 Deo
1381 3079 1479 3118 suo
1529 3083 1542 3119 :
1592 3066 1728 3122 Cinis
1757 3083 1886 3121 sum.
1919 3068 2058 3124 Dixit

464 3147 604 3200 enim
636 3149 877 3218 qua-dam
905 3150 1175 3221 Scriptura
1211 3171 1224 3207 :
1257 3154 1476 3224 Despexi
1524 3156 1766 3227 meipsum
1809 3166 1854 3212 et
1885 3159 2046 3212 dista-

449 3236 575 3302 Jtui,
605 3249 650 3291 et
681 3242 925 3295 wstimavi
953 3260 1029 3298 me
1058 3253 1238 3299 terram
1265 3255 1312 3299 et
1341 3247 1551 3301 cinerem
1573 3236 1600 3318 ’(
1626 3247 1726 3303 Job
1751 3267 1875 3318 xxx,
1915 3251 1980 3307 {9
2004 3251 2043 3322 ).

464 3325 586 3382 Haec
616 3339 698 3382 est
725 3329 992 3386 humilitas
1016 3335 1342 3403 pmnitentis.
1374 3337 1596 3406 Quando
1644 3340 1917 3396 Abraham
1962 3342 2043 3398 lo-

464 3418 641 3486 quitur
665 3420 729 3473 ad
762 3422 923 3476 Deum
954 3438 1106 3479 suum
1127 3467 1142 3491 ,
1172 3436 1224 3480 et
1249 3428 1461 3496 quando
1483 3429 1594 3483 vult
1623 3430 1724 3484 sibi
1750 3433 1944 3501 aperiri
1971 3433 2046 3487 in-

463 3509 708 3564 cendium
733 3511 1121 3570 Sodomorum:
1154 3515 1290 3589 Ego,
1311 3519 1478 3590 inquit
1501 3563 1516 3587 ,
1545 3529 1678 3575 terra
1703 3533 1749 3577 et
1785 3525 1912 3580 cinis
1937 3543 2049 3580 sum

465 3613 482 3669 ί
519 3600 648 3654 Gen.
677 3618 802 3657 xvm
827 3646 842 3671 ,
868 3605 936 3657 27
963 3605 1004 3676 ).
1034 3607 1314 3674 Quomodo
1344 3609 1441 3664 fuit
1489 3611 1586 3664 ista
1618 3628 1832 3683 semper
1869 3615 2048 3671 humi-

463 3690 582 3744 litas
613 3693 664 3745 in
693 3696 896 3763 magnis
919 3706 971 3748 et
1019 3697 1220 3751 sanctis
1247 3699 1417 3751 viris?
1466 3699 1718 3754 Nebulam
1761 3719 1887 3779 ergo
1916 3708 2046 3760 velut

461 3783 673 3835 cinerem
702 3786 893 3855 spargit
921 3801 939 3838 :
964 3789 1171 3856 quare?
1209 3788 1339 3856 Quia
1366 3807 1496 3858 quos
1512 3794 1908 3864 prwdestinavit,
1932 3799 2048 3854 illos

463 3884 508 3924 et
533 3873 760 3938 vocavit,
793 3877 880 3945 qui
907 3892 1014 3932 non
1037 3879 1182 3934 venit
1207 3883 1566 3952 eocarejustos
1590 3926 1604 3950 ,
1636 3887 1724 3939 secl
1764 3899 2046 3957 peccatores

462 3962 515 4016 in
544 3964 907 4032 pmuitentiam.

445 4063 448 4067 '
531 4053 617 4108 25.
649 4053 797 4128 [vers.
829 4059 914 4124 Π,
950 4060 1060 4134 18.]
1096 4061 1200 4128 Qui
1221 4063 1372 4118 mittit
1402 4067 1701 4136 crystallum
1740 4086 1886 4124 suum
1915 4075 2046 4128 velut

461 4145 623 4214 frusta
651 4147 817 4214 panis.
859 4147 972 4203 Non
999 4151 1175 4208 denuo
1201 4154 1545 4210 laborandum
1577 4167 1658 4214 cst
1701 4160 1879 4216 dicere
1921 4165 2044 4233 quid

458 4233 527 4286 sit
553 4237 880 4306 crystallum.
906 4239 1186 4297 Prselocuti
1213 4245 1358 4300 enim
1383 4261 1565 4301 sumus
1586 4294 1599 4316 ,
1642 4259 1696 4304 et
1731 4253 1893 4306 credo
1939 4271 2043 4310 non

459 4327 718 4383 excidisse
746 4329 1000 4388 Charitati
1026 4345 1237 4390 vestrae.
1262 4337 1398 4404 Quid
1429 4348 1511 4393 est
1552 4355 1707 4410 ergo,
1739 4343 1896 4399 Mittit
1923 4363 2041 4418 cry-

456 4417 662 4472 stallum
706 4437 851 4475 suum
889 4425 1019 4478 velut
1064 4430 1226 4496 frusta
1266 4430 1759 4498 panis?Quomndo
1805 4435 1893 4489 nix
1951 4417 2040 4492 illa

466 4509 652 4580 ipsius,
669 4515 788 4582 quia
811 4518 1306 4584 praedestinatorum
1328 4533 1427 4588 est;
1445 4527 1712 4593 quomodo
1735 4530 1924 4583 nebula
1952 4531 2042 4586 illa

457 4600 622 4669 ipsius
643 4645 656 4667 ,
691 4607 812 4674 quia
841 4608 937 4677 ipsi
969 4621 1226 4666 vocantur
1249 4614 1312 4668 ad
1353 4618 1717 4684 pmnitcutiam
1738 4663 1751 4684 ,
1781 4623 1866 4688 qni
1898 4637 2037 4690 pra:-

457 4690 704 4747 destinati
728 4706 850 4750 sunt
875 4699 939 4753 ad
970 4701 1198 4757 salutem
1232 4722 1245 4759 :
1277 4705 1352 4760 sic
1381 4717 1462 4761 est
1498 4709 1891 4778 quodammodo
1916 4729 2039 4785 cry-

455 4783 666 4837 stallum
694 4785 877 4856 ipsius.
897 4789 1033 4857 Quid
1058 4802 1138 4848 est
1164 4797 1510 4866 crystallum?
1527 4800 1742 4856 Multum
1766 4783 2036 4873 obduruit,

457 4874 682 4928 nmltum
708 4881 1042 4948 congelavit;
1075 4899 1178 4938 non
1197 4885 1304 4954 jam
1328 4888 1464 4943 sicut
1490 4890 1576 4946 nix
1610 4891 1761 4948 facile
1783 4896 1912 4950 solvi
1945 4913 2040 4966 po-

456 4974 578 5020 test.
613 4969 710 5023 Nix
739 4971 1025 5028 multorum
1051 4993 1311 5032 annorum
1342 4991 1580 5052 tempore
1605 4986 1786 5039 durata
1818 4997 1870 5041 et
1899 4991 2038 5046 serie

454 5061 771 5116 smculorum
796 5105 809 5130 ,
836 5066 1142 5136 crystallum
1172 5069 1367 5125 dicitur
1400 5117 1407 5124 .
1446 5083 1498 5128 et
1547 5075 1646 5130 hoc
1694 5079 1853 5132 mittit
1896 5082 2038 5136 velut

453 5151 617 5206 frusta
652 5155 820 5223 panis.
850 5157 984 5224 Quid
1015 5160 1114 5215 hoc
1141 5163 1241 5218 sibi
1272 5165 1421 5219 vult?
1450 5166 1685 5224 Fuerunt
1715 5170 1870 5226 nimis
1893 5171 2031 5241 duri,

451 5257 556 5295 non
584 5243 695 5327 jam
718 5247 843 5310 nivi,
873 5249 965 5303 sed
994 5253 1244 5322 crystallo
1270 5259 1609 5324 comparandi
1642 5277 1655 5313 τ
1689 5271 1743 5316 et
1772 5263 1868 5330 ipsi
1898 5279 2034 5332 prte-

450 5316 697 5389 destiuati
724 5349 878 5402 sunt,
907 5351 960 5395 et
982 5345 1184 5410 vocati;
1214 5356 1266 5400 et
1296 5348 1510 5417 quidam
1540 5367 1725 5407 eorum
1761 5354 1829 5408 ita
1860 5365 1915 5409 ut
1941 5371 2034 5426 pa-

447 5436 660 5479 scercnt
687 5429 854 5492 alios.
879 5441 933 5486 et
971 5445 1152 5489 essent
1195 5437 1348 5492 utiles
1378 5450 1432 5493 et
1476 5441 1614 5495 aliis.
1649 5443 1717 5497 Et
1745 5445 1869 5514 quid
1901 5461 2035 5517 Opus

446 5523 527 5568 est
559 5525 614 5570 ut
658 5535 998 5576 numeremus
1027 5526 1222 5581 multos
1254 5528 1388 5585 forte
1417 5546 1549 5600 quos
1577 5535 1820 5588 novimus
1840 5578 1855 5602 ,
1887 5537 2032 5594 illum

444 5615 534 5660 aut
575 5607 762 5662 illum?
792 5610 1032 5668 Occurrit
1059 5617 1344 5689 unicuique
1370 5621 1618 5691 cogitanti
1644 5665 1660 5690 ,
1703 5641 1768 5680 ex
1810 5627 1875 5682 iis
1901 5645 2033 5698 quos

509 5765 524 5792 ί
553 5769 624 5833 sic
644 5769 717 5811 err.
747 5772 797 5813 et
795 5769 990 5877 James
1012 5775 1118 5819 Mss.
1147 5779 1199 5822 At
1222 5781 1322 5824 Am.
1346 5783 1398 5826 et
1422 5781 1552 5840 Lov.,
1573 5777 1732 5831 adhuc
1753 5787 1840 5833 est.

509 5824 524 5853 '
549 5833 620 5872 ste
647 5833 746 5876 \tss.
776 5834 801 5873 F
837 5829 884 5877 d.
916 5844 1050 5877 vero.
1076 5845 1225 5877 erres.

504 5824 524 5853 ι
549 5825 620 5872 sic
647 5833 746 5876 uss.
776 5824 884 5878 illd.
916 5844 1050 5894 vero,
1076 5845 1225 5884 erres.

1545 336 1959 434 ἘΝᾹΠΒΑΤΙΟ
1999 373 2063 428 IN
2104 372 2426 430 PSALMUM
2464 373 2711 430 CLXVII.

3616 381 3749 438 195i

2172 489 2351 556 novit,
2383 504 2540 558 quam
2583 490 2719 547 forte
2761 491 2876 548 duri
2915 503 2968 548 et
3021 496 3314 565 pertinaces
3352 506 3405 553 et
3450 499 3754 558 obnitentes

2167 579 2422 635 adversus
2447 582 2726 637 veritatem
2748 582 2998 653 fuerunt,
3027 593 3082 642 et
3110 587 3269 644 modo
3297 590 3583 659 praedicant
3607 595 3753 649 veri-

2168 678 2330 726 tatem
2363 670 2526 727 :faeti
2561 682 2686 729 sunt
2727 675 2890 730 frusta
2920 678 3093 748 panis.
3122 679 3252 746 Quis
3281 682 3370 736 ille
3401 699 3536 739 unus
3559 687 3751 754 panis!

2167 760 2339 826 Multi,
2359 763 2527 833 inquit
2547 766 2850 834 Apostolus,
2878 767 3047 823 Unum
3075 787 3260 842 corpus
3279 790 3454 829 sumus
3473 777 3524 829 in
3550 777 3752 834 Christo

2167 851 2340 922 (Rom.
2365 870 2462 920 xu,
2484 855 2537 924 5)
2563 873 2575 908 :
2606 873 2737 912 unus
2767 861 2930 927 panis,
2955 878 3112 916 unum
3152 879 3335 934 corpus
3359 869 3504 921 multi
3529 886 3703 925 sumus
3735 915 3749 938 ,

2168 942 2282 1010 ipse
2322 944 2528 1014 dicit(l
2553 945 2670 1001 Cor.
2705 949 2889 1020 x,l7).
2915 951 3054 1022 Ergo
3093 955 3137 1008 si
3188 971 3326 1012 unus
3379 959 3530 1028 panis
3583 969 3752 1017 totum

2165 1048 2360 1106 corpus
2385 1037 2606 1103 Christi,
2637 1042 2872 1097 membra
2904 1043 3098 1100 Christi
3131 1047 3294 1104 frusta
3323 1053 3473 1121 panis
3505 1065 3647 1109 sunt.
3679 1057 3755 1112 De

2165 1127 2478 1195 quibusdam
2509 1129 2655 1186 duris
2683 1132 2806 1187 facit
2843 1137 3082 1191 membra
3123 1154 3236 1207 sua,
3268 1151 3322 1196 et
3347 1143 3491 1199 utilia
3524 1145 3590 1199 ad
3619 1147 3754 1202 alios

2165 1219 2481 1285 pascendos.
2513 1221 2808 1289 Quid'ituus
2835 1243 2930 1296 per
2959 1230 3199 1285 multos?
3227 1232 3570 1291 Notissimum
3600 1239 3752 1296 illum

2166 1307 2388 1363 Paulum
2433 1314 2732 1381 apostolum
2783 1317 3103 1375 intueamur.
3129 1321 3272 1378 Nihil
3320 1327 3475 1381 nobis
3507 1330 3607 1383 isto
3634 1331 3749 1386 viro

2166 1403 2345 1456 notius
2366 1445 2379 1467 ,
2414 1405 2545 1458 nihil
2575 1409 2824 1476 suavius,
2857 1411 2988 1466 nihil
3031 1414 3082 1467 in
3111 1415 3399 1486 Scripturis
3440 1420 3752 1480 familiarius

2164 1495 2264 1548 est.
2297 1494 2360 1548 Et
2385 1497 2426 1549 si
2452 1496 2645 1552 fuerint
2679 1501 2768 1570 qui
2803 1516 2868 1557 ex
2903 1512 3045 1559 tanta
3070 1507 3262 1564 duritia
3286 1553 3299 1576 ,
3325 1512 3376 1565 in
3407 1524 3604 1584 quanta
3636 1520 3752 1587 ipse

2167 1582 2295 1649 fuit,
2325 1587 2478 1654 panis
2523 1588 2713 1644 flerent
2742 1593 2794 1656 ¹;
2829 1593 2944 1664 ipso
2970 1599 3244 1667 proposito
3291 1601 3357 1656 ad
3402 1582 3707 1676 exemplum
3732 1649 3748 1673 ,

2164 1690 2353 1732 omnes
2405 1691 2720 1750 occurrant,
2752 1694 2812 1739 ut
2859 1687 3156 1757 explicetur
3195 1708 3386 1750 sensus
3433 1697 3562 1762 iste,
3594 1700 3751 1754 Mittit

2164 1770 2458 1844 crystallum
2497 1789 2645 1826 suum
2674 1775 2804 1829 sicut
2846 1779 3016 1847 frusta
3057 1784 3223 1851 panis.
3255 1785 3394 1842 Ecce
3436 1792 3748 1859 crystallum

2163 1868 2281 1914 erat
2309 1863 2586 1930 apostolus
2608 1864 2823 1932 Paulus,
2855 1870 3052 1937 durus,
3083 1874 3330 1932 obnitens
3369 1881 3610 1948 veritati,
3643 1885 3752 1938 cla-

2165 1963 2318 2004 mans
2363 1951 2621 2009 adversus
2651 1956 2996 2028 Evangelium
3019 2004 3033 2027 ,
3068 1971 3318 2035 tanquam
3364 1971 3620 2028 indurans
3661 1977 3748 2030 ad-

2162 2053 2352 2096 versus
2378 2044 2568 2099 solem.
2591 2046 2692 2103 lste
2720 2065 2875 2119 quam
2909 2053 3072 2109 durus
3102 2055 3219 2123 fuit,
3244 2065 3749 2139 crescensiuLego,

2163 2133 2404 2190 eruditus
2420 2136 2488 2191 ad
2508 2138 2669 2207 pedes
2691 2140 2997 2201 Gamalielis
3019 2147 3178 2219 Legis
3196 2150 3432 2210 doctoris
3460 2158 3592 2228 (Act.
3621 2133 3748 2228 usu,

2164 2224 2402 2291 3)!Non
2453 2229 2701 2286 audiebat
2754 2233 2970 2305 Moysen
3031 2247 3085 2293 et
3136 2240 3431 2312 Prophetas
3470 2224 3752 2308 Christum

2163 2316 2749 2392 praedicantesnllagua
2778 2324 3002 2380 duritia!
3027 2327 3182 2385 Certe
3211 2331 3410 2391 Gentes
3436 2354 3540 2394 non
3572 2344 3754 2400 audie-

2166 2414 2282 2458 rant
2311 2406 2624 2478 Propltetas,
2654 2428 2757 2466 non
2787 2415 3068 2472 audierant
3091 2419 3309 2492 Moysen
3339 2425 3550 2498 :frigidi
3576 2443 3747 2501 erant,

2165 2498 2258 2553 sed
2291 2503 2600 2570 crystallum
2642 2520 2748 2559 non
2780 2517 2954 2562 erant.
2989 2509 3082 2566 lllc
3108 2515 3199 2583 qui
3221 2517 3470 2574 credebat
3498 2525 3517 2555 ²
3547 2523 3597 2577 in
3631 2542 3751 2580 ver-

2166 2589 2246 2644 bis
2274 2591 2688 2660 praedicantibus
2714 2598 3014 2670 Christum,
3041 2611 3095 2658 et
3121 2603 3337 2663 Christo
3379 2612 3610 2669 venienti
3645 2633 3749 2672 non

2163 2681 2418 2738 credebat
2444 2726 2458 2751 ,
2490 2686 2649 2742 nimis
2695 2689 3073 2748 obduraverat.
3117 2697 3247 2764 Quia
3289 2715 3416 2772 ergo
3441 2708 3749 2775 crystallum

2163 2781 2309 2837 erat,
2341 2774 2537 2830 nitidus
2590 2777 2869 2836 videbatur
2916 2791 2973 2838 et
3016 2786 3312 2857 candidus;
3345 2794 3441 2848 sed
3489 2774 3654 2853 durus
3698 2810 3752 2856 et

2163 2864 2383 2919 nimium
2406 2868 2633 2936 gelidus.
2659 2871 2939 2939 Quomodo
2967 2877 3168 2935 nitidus
3212 2891 3264 2937 et
3289 2887 3591 2945 candidus?
3635 2893 3748 2948 lle-

2163 2954 2330 3008 brteus
2361 2973 2424 3010 ea:
2454 2957 2682 3014 chrtcis
2701 3002 2715 3026 ,
2744 2965 3022 3020 secundum
3055 2967 3242 3039 Legem
3271 2973 3584 3036 Phariswus.
3617 2983 3750 3042 Vid‘e

2162 3044 2388 3100 nitorem
2437 3050 2697 3119 crystalli.
2737 3054 2877 3110 Audi
2929 3056 3177 3115 duritiam
3231 3069 3467 3134 crystalli
3502 3089 3514 3125 :
3549 3073 3751 3132 Secun-

2138 3181 2140 3188 ι
2159 3136 2282 3191 dum
2294 3140 2662 3198 cumulationem
2675 3162 2971 3218 persequens
2984 3150 3266 3209 Ecclesium
3283 3157 3470 3223 Christi
3490 3163 3746 3239 (Philipp.

2162 3243 2240 3294 ut,
2269 3231 2322 3296 5,
2357 3229 2433 3302 6).
2465 3231 2610 3289 inter
2637 3235 2959 3306 lapidatores
2987 3245 3158 3300 sancti
3185 3245 3444 3319 Stephani
3475 3229 3742 3329 martyris,

2158 3321 2230 3376 ibi
2253 3333 2369 3378 erat
2395 3324 2498 3380 iste
2544 3327 2740 3392 durus,
2771 3340 2825 3385 et
2866 3331 3006 3388 forte
3033 3339 3243 3393 caeteris
3267 3340 3488 3401 durior:
3510 3321 3745 3408 omnium

2156 3415 2298 3468 enim
2348 3415 2696 3486 lapidantium
2736 3425 3053 3485 vestimenta
3093 3433 3373 3503 servabat,
3407 3446 3464 3493 ut
3508 3444 3744 3501 omnium

2156 3505 2402 3561 manibus
2432 3508 2696 3578 lapidaret
2727 3512 2860 3583 (Act.
2890 3531 2981 3584 vn,
3010 3519 3128 3591 57).

2226 3595 2316 3649 26.
2349 3597 2487 3665 Ergo
2526 3601 2772 3657 videmus
2822 3606 2996 3661 nivem
3020 3650 3035 3674 ,
3075 3612 3354 3682 nebulam,
3386 3626 3692 3693 crystallum
3727 3648 3740 3685 :

2154 3686 2353 3741 bonum
2385 3697 2468 3743 est
2493 3700 2552 3744 ut
2579 3692 2666 3746 ille
2707 3695 2904 3763 spirct,
2939 3705 2994 3752 et
3022 3701 3212 3758 solvat.
3242 3706 3299 3762 Si
3335 3686 3476 3768 enim
3505 3715 3594 3772 ille
3635 3737 3741 3780 non

2153 3777 2468 3844 spiraverit,
2500 3781 2542 3834 si
2577 3798 2680 3836 non
2714 3784 2830 3853 ipse
2873 3787 3122 3845 duritiam
3149 3794 3335 3864 glaciei
3365 3799 3520 3872 hujus
3546 3808 3745 3866 dissol-

2151 3868 2319 3934 verit,
2353 3867 2419 3924 Ιη
2449 3873 2630 3941 facient
2670 3876 2877 3945 [rigoris
2905 3881 3012 3948 ejus
3035 3884 3147 3952 quis
3175 3867 3448 3947 subsistet};
3470 3895 3533 3949 In
3559 3900 3741 3969 faciem

2154 3959 2359 4030 frigoris
2382 3963 2532 4031 ejus,
2564 3964 2751 4034 cujus?
2780 3967 2893 4023 Dei.
2928 3969 3084 4028 Unde
3113 3985 3194 4030 est
3219 3978 3337 4046 ejus
3363 3982 3526 4054 frigus
3550 3959 3571 4043 ἑ
3601 3959 3739 4052 Ecca

2152 4049 2352 4106 deserit
2376 4064 2712 4121 peccatorem
2735 4099 2748 4123 ,
2781 4074 2906 4114 ecce
2931 4078 3036 4116 non
3063 4067 3249 4135 'vocat,
3278 4087 3404 4130 ecce
3433 4093 3536 4133 non
3569 4089 3741 4152 apt-rit

2151 4159 2370 4201 sensum
2400 4190 2415 4212 ,
2447 4163 2572 4204 ecce
2601 4169 2704 4207 non
2734 4153 2960 4211 infundit
2990 4162 3216 4228 gratiam
3250 4183 3262 4218 :
3292 4171 3526 4228 solvatur
3555 4179 3732 4248 homo,

2150 4237 2194 4290 si
2244 4244 2644 4313 potest,glacie
2679 4249 2936 4304 stultitiae.
2988 4252 3102 4309 Non
3151 4268 3327 4327 potest
3353 4263 3390 4314 ³.
3414 4265 3586 4334 Quare
3633 4237 3734 4331 non

2149 4339 2328 4398 potest
2349 4333 2381 4421 1’.
2401 4333 2467 4388 In
2515 4337 2696 4404 faciem
2743 4341 2949 4412 frigoris
2988 4348 3096 4416 ejus
3141 4351 3254 4421 quis
3297 4333 3578 4417 subsistet?
3605 4366 3734 4425 Vide

2151 4435 2278 4489 ergo
2326 4411 2784 4494 congelasccntem
2843 4433 2988 4489 illum
3023 4479 3038 4504 ,
3093 4448 3147 4495 et
3201 4444 3463 4504 dicentem
3495 4450 3523 4507 ἰ
3584 4456 3736 4515 Video

2149 4510 2305 4585 alium
2333 4513 2492 4584 legem
2513 4517 2564 4570 in
2595 4521 2828 4578 membris
2856 4527 2979 4581 meis
2996 4571 3008 4592 ,
3043 4546 3406 4604 repugnantem
3434 4543 3532 4613 legi
3557 4553 3737 4606 utentis

2149 4619 2290 4669 mete,
2325 4616 2370 4658 et
2395 4610 2645 4675 captivum
2677 4630 2755 4666 me
2781 4616 3042 4672 ducentem
3077 4622 3128 4676 in
3159 4625 3266 4696 lege
3285 4610 3504 4699 peccati,
3527 4655 3639 4708 qum
3664 4653 3736 4696 est

2145 4695 2200 4748 in
2252 4700 2482 4755 membris
2533 4706 2673 4758 meis.
2706 4706 2863 4762 Miser
2916 4728 3005 4781 ego
3045 4715 3227 4783 homo,
3260 4722 3371 4789 quis
3420 4743 3499 4781 me
3548 4731 3733 4788 libera-

2150 4788 2218 4841 bit
2247 4790 2310 4843 de
2325 4808 2540 4863 corpore
2567 4799 2740 4852 mortis
2767 4801 2917 4868 hujus
2940 4803 2966 4854 ?
2999 4805 3134 4861 Ecce
3160 4788 3389 4881 frigesco
3409 4859 3422 4882 ,
3454 4835 3577 4876 ecce
3607 4840 3736 4879 con.

2145 4880 2389 4948 gelasco;
2415 4900 2520 4954 quo
2546 4888 2728 4942 ealnrc
2754 4891 2948 4957 solvar,
2984 4904 3044 4949 ut
3074 4880 3323 4957 curram?
3353 4907 3479 4972 Quis
3505 4928 3583 4966 me
3607 4916 3734 4971 libe-

2144 4971 2275 5026 rabit
2308 4975 2370 5028 de
2400 4992 2608 5045 corpore
2636 4981 2811 5034 mortis
2841 4982 3040 5052 hujus?
3067 4986 3133 5042 In
3163 4995 3344 5061 faciem
3382 5000 3588 5070 frigoris
3625 5009 3734 5076 ejus

2143 5067 2254 5134 quis
2282 5067 2562 5122 subsistet?
2586 5070 2653 5124 Et
2686 5073 2802 5140 quis
2829 5075 3063 5144 seipsum
3093 5080 3338 5140 liberabit
3357 5067 3556 5154 ,siiille
3575 5067 3733 5153 desc-

2145 5157 2356 5210 rucrit?
2384 5157 2451 5211 Et
2492 5161 2610 5228 quis
2641 5161 2869 5218 liberat?
2897 5165 3074 5222 Gratia
3096 5169 3224 5237 Dei,
3250 5192 3341 5245 per
3372 5177 3549 5235 Iesum
3581 5185 3732 5242 Chri-

2141 5257 2275 5300 stum
2314 5247 2589 5305 Domiuum
2629 5266 2852 5308 nostrum
2898 5257 3073 5325 (Rom.
3106 5279 3213 5328 vn,
3241 5265 3453 5342 23-95).
3484 5275 3620 5331 Audi
3674 5291 3728 5335 et

2143 5340 2230 5396 hic
2268 5344 2488 5412 gratiam
2537 5345 2630 5401 Dci
2665 5365 2678 5402 :
2716 5349 2818 5415 Qui
2862 5352 3014 5406 mittit
3055 5359 3352 5425 crystallum
3399 5340 3544 5421 suum
3593 5372 3724 5428 sicut

2206 5539 2221 5570 ι
2249 5541 2327 5617 sie
2358 5539 2592 5617 meliores
2627 5549 2735 5617 Mss.
2759 5551 2816 5615 A_t
2846 5551 2937 5617 Er._
2963 5554 3016 5617 et
3049 5554 3180 5617 Lov.,
3206 5552 3292 5617 qui
3312 5568 3376 5605 ea:
3399 5563 3531 5609 tanta
3549 5563 3733 5617 duritia

2141 5602 2566 5682 εοιξυες·ιηῃιιιιε,“ξη
2589 5605 2891 5682 qztantaipse
2907 5607 3018 5672 fuit,
3038 5602 3179 5673 panis
3202 5602 3614 5682 ﬁeuttlpsofeutc‘:

2205 5665 2224 5692 ²
2251 5661 2471 5725 Plerique
2496 5661 2623 5724 Mssl,
2645 5661 2877 5717 creverat.

2553 5735 2676 5808 vim:
2694 5737 2756 5808 ‘et
2774 5730 3019 5808 Eovq’si
3029 5740 3182 5808 potest
3213 5740 3405 5808 gratus,
3452 5756 3544 5796 non
3581 5754 3732 5808 potest

2773 5797 2868 5855 Eia,
2898 5783 2943 5844 si
2965 5783 3057 5846 non

2142 5847 2354 5897 stultitia:
2374 5861 2390 5897 :
2416 5857 2587 5912 Quare,
2615 5858 2710 5901 etc.
