4082 6204
360 349 496 409 ιοδε

355 456 523 538 frusta
564 462 708 535 panis
743 462 835 516 :in
881 460 1059 531 faciem
1105 459 1310 531 frigoris
1351 459 1464 529 ejus
1512 459 1626 528 quis
1668 458 1943 513 subsistet?

356 558 499 627 Ergo
529 556 833 626 desperatio
870 554 991 608 est?
1019 552 1189 608 Absit.
1221 551 1478 622 Sequitur
1519 551 1663 606 enim
1691 568 1703 605 :
1732 549 1940 604 Eminet

354 648 557 703 verbum
576 663 752 712 suum,
780 655 829 701 et
850 643 1110 714 tabefaciet
1136 660 1216 697 ea.
1245 642 1361 698 Non
1388 657 1519 713 ergo
1545 642 1796 712 desperet
1827 642 1939 707 nix,

354 754 463 796 non
508 739 755 809 desperet
798 736 1025 800 nebula,
1057 751 1163 790 non
1193 734 1449 805 desperet
1490 734 1820 806 crystallum.
1868 734 1944 789 De

355 832 477 887 nive
513 844 740 899 namque
772 879 775 882 .
824 838 1073 897 tanquam
1113 825 1182 881 de
1222 824 1378 890 lana,
1419 824 1701 880 conﬁcitur
1742 824 1939 878 tunica.

350 921 553 978 Nebula
582 921 670 975 illa
701 920 753 974 in
780 919 1101 990 poenitentia
1130 916 1359 973 salutem
1386 916 1626 979 invenit;
1661 916 1783 986 quia
1816 931 1943 985 quos

352 1011 749 1083 prcedestinavit,
778 1011 894 1064 illos
924 1017 969 1063 et
996 1009 1207 1064 vocavit.
1232 1006 1337 1063 Sed
1369 1007 1495 1061 licet
1519 1006 1628 1061 sint
1655 1006 1794 1061 inter
1818 1022 1944 1074 prac-

353 1106 649 1161 destinatos
662 1103 975 1169 durissimi,
1010 1111 1065 1158 et
1102 1096 1270 1156 multo
1295 1100 1445 1170 quasi
1475 1108 1719 1169 tempore
1743 1113 1943 1167 conge-

355 1197 611 1263 laverint,
640 1204 695 1251 et
722 1194 1030 1266 crystallum
1062 1191 1186 1248 facti
1215 1192 1450 1257 fuerint;
1485 1206 1591 1245 non
1622 1200 1780 1246 erunt
1820 1189 1939 1245 duri

350 1290 735 1347 misericordiae
763 1290 876 1345 Dei.
912 1288 1118 1343 Emittet
1158 1287 1360 1342 verbum
1388 1302 1534 1342 suum
1555 1328 1570 1354 ,
1602 1295 1648 1339 et
1677 1284 1940 1356 tabefaciet

351 1400 429 1438 ea.
460 1381 736 1451 Quidcst,
767 1380 1038 1450 tabefaciet
1059 1379 1085 1433 ?
1110 1378 1188 1434 Ne
1214 1378 1350 1435 forte
1388 1379 1440 1433 in
1465 1376 1939 1447 malolintelligatis

350 1473 653 1545 tabefaciet;
685 1470 1020 1539 liquefaciet,
1051 1470 1328 1525 dissolvet.
1363 1469 1497 1545 Duri
1526 1477 1651 1524 sunt
1672 1467 1814 1523 enim
1843 1481 1940 1537 per

350 1566 679 1637 superbiam.
721 1564 909 1620 Merito
939 1571 994 1619 et
1018 1561 1283 1633 superbia
1314 1569 1500 1631 stupor
1524 1558 1749 1624 dicitur;
1781 1557 1938 1629 quid-

349 1659 477 1729 quid
506 1659 646 1712 enim
668 1655 938 1726 stupidum
964 1663 1080 1719 est,
1114 1652 1358 1724 frigidum
1380 1661 1485 1708 est.
1510 1651 1763 1721 Rigorem
1798 1649 1939 1720 passi

351 1750 598 1804 homines
649 1746 887 1818 quotidie
931 1745 1158 1810 dicunt,
1190 1743 1471 1814 Obstupui.
1502 1742 1645 1813 Ergo
1687 1740 1938 1818 superbia

348 1850 539 1909 stupor
563 1816 897 1895 estIEmittet
938 1836 1139 1890 verbum
1169 1851 1347 1901 suum,
1380 1844 1427 1888 et
1466 1833 1728 1903 tabefacjet
1754 1816 1845 1886 ea.’
1871 1831 1941 1887 Et

306 1982 318 1993 ,
350 1948 537 1987 revera
570 1931 767 1987 cumuli
799 1930 937 1984 nivis
965 1943 1087 1984 cum
1124 1927 1375 1983 caleﬁuut
1408 1927 1424 1958 ¹
1445 1967 1460 1993 ,
1487 1926 1860 1997 deliqueseunt
1884 1926 1939 1980 in

349 2025 668 2080 humilitate.
702 2022 982 2090 Quomodo
1008 2035 1136 2092 ergo
1160 2019 1313 2091 quasi
1349 2016 1583 2075 montem
1602 2012 1755 2075 'nivis
1783 2019 1941 2090 erigit

351 2123 575 2186 stupor,
605 2114 684 2168 sic
727 2113 922 2168 stultos
964 2112 1125 2182 erigit
1161 2112 1434 2181 superbia.
1489 2111 1697 2166 Emittet
1734 2110 1940 2166 verbum

344 2223 522 2270 suum,
548 2215 594 2261 et
614 2204 873 2275 tabefaciet
893 2220 971 2258 ea.
993 2203 1131 2258 Ecce
1156 2203 1302 2258 venit
1321 2200 1449 2257 illud
1472 2202 1783 2273 crystallum
1805 2203 1941 2258 Sau-

350 2299 436 2354 ius
479 2306 600 2367 post
629 2295 843 2351 eaedem
890 2304 946 2349 et
992 2292 1374 2362 lapidationem
1420 2291 1713 2362 Stephani,
1743 2291 1938 2347 duritia

350 2389 579 2460 quadam
610 2385 856 2457 stupidus
885 2384 940 2439 in
970 2383 1261 2449 Christum,
1294 2383 1449 2454 petiit
1477 2383 1681 2439 litteras
1706 2397 1735 2437 a
1763 2398 1941 2438 sacer-

350 2478 569 2534 dotibus
593 2519 608 2545 ,
638 2486 697 2532 ut
720 2476 964 2547 undique
993 2474 1244 2531 exhibeat
1270 2473 1604 2531 Christianos
1629 2515 1646 2542 ,
1680 2473 1940 2529 anhelans

338 2571 548 2627 caedes.
581 2571 754 2625 Durus
779 2577 860 2624 est
904 2567 1005 2623 iste
1036 2575 1109 2622 iet
1148 2564 1361 2637 gelidus
1403 2574 1595 2620 contra
1618 2566 1793 2637 ignem
1823 2565 1935 2620 Dei.

338 2662 460 2719 .Scd
483 2676 785 2734 quanquam
812 2661 834 2692 ¹
854 2666 998 2715 esset
1017 2656 1202 2725 durus,
1227 2671 1531 2727 quanquam
1555 2656 1784 2727 gelidus,
1813 2671 1941 2713 ecce

338 2757 444 2812 ille
467 2761 557 2826 qui
583 2750 769 2809 emittet
796 2752 998 2807 verbum
1022 2766 1169 2805 suum
1188 2792 1202 2816 ,
1227 2759 1273 2804 et
1295 2748 1559 2821 tabefaciet
1579 2766 1661 2816 ea,
1683 2748 1938 2805 clamavit

350 2848 419 2903 de
445 2847 586 2903 omlo
611 2844 871 2908 fervidus,
901 2843 1061 2899 Saule
1082 2885 1097 2909 ,
1131 2841 1291 2898 Saule
1308 2882 1323 2909 ,
1349 2843 1471 2914 quid
1514 2860 1592 2898 me
1631 2843 1940 2914 persequeris

338 2939 490 3009 (Act.
523 2955 595 3002 Ix,
630 2935 790 3010 1-4)?
834 2935 947 2992 Una
979 2936 1066 2990 illa
1097 2950 1226 2992 voce
1247 2976 1260 2998 .
1297 2945 1441 2991 tanta
1472 2936 1563 2991 illa
1586 2936 1779 2992 duritia
1809 2952 1937 3008 cry-

349 3032 491 3088 stalli
515 3030 748 3086 resoluta
771 3039 873 3085 est.
903 3027 1111 3083 Emittet
1139 3043 1267 3099 ergo
1289 3029 1493 3084 verbum
1522 3046 1689 3097 suum,
1719 3041 1767 3085 et
1798 3031 1939 3086 tabe-

337 3123 504 3194 faciet
530 3138 610 3178 ea.
641 3120 761 3177 Non
789 3120 1106 3191 desperctur
1133 3119 1200 3176 de
1227 3120 1512 3192 crystallo;
1541 3131 1738 3193 quanto
1764 3123 1939 3180 minus

349 3212 420 3269 de
441 3213 583 3279 nive,
611 3212 694 3267 vel
725 3211 793 3266 de
818 3210 1052 3266 nebula?
1079 3210 1155 3267 De
1182 3210 1300 3281 ipso
1327 3212 1583 3283 crystallo
1610 3229 1716 3269 non
1743 3214 1938 3286 despe-

349 3314 524 3360 retur.
556 3303 693 3358 Audi
720 3316 907 3357 vocem
934 3300 1221 3371 quamdam
1248 3302 1488 3373 crystalli
1516 3320 1531 3356 :
1564 3303 1667 3371 Qui
1695 3306 1838 3376 prius
1859 3308 1937 3378 fui

337 3395 674 3465 blasphemus
697 3433 714 3458 ,
742 3400 788 3446 et
839 3397 1156 3462 persecutor,
1183 3399 1231 3443 et
1279 3390 1579 3460 injuriosus.
1616 3393 1723 3449 Sed
1775 3411 1941 3466 quare

349 3490 503 3545 solvit
522 3484 831 3558 crystallum
856 3482 1035 3539 Deus?
1055 3482 1132 3538 Ne
1148 3481 1216 3538 de
1233 3497 1293 3540 se
1317 3483 1405 3538 nis
1434 3483 1548 3555 ipsa
1575 3485 1942 3557 desperet.Ait

340 3581 494 3638 enim
514 3621 527 3644 ,
557 3578 687 3633 Ideo
736 3574 1140 3631 misericordiam
1169 3583 1468 3630 consecutus
1516 3592 1627 3632 sum
1646 3618 1661 3643 ,
1685 3588 1738 3631 ut
1768 3579 1822 3634 in
1863 3597 1942 3636 me

339 3669 632 3726 ostenderet
662 3665 892 3722 Christus
921 3665 1071 3720 Iesus
1098 3680 1295 3719 omnem
1323 3666 1618 3735 patientiam
1641 3709 1657 3735 ,
1687 3669 1756 3723 ad
1781 3669 1942 3741 infor-

352 3755 1209 3826 mationemeorumquicredituni
1237 3764 1352 3810 sunt
1393 3757 1472 3812 illi
1508 3760 1561 3812 in
1599 3759 1750 3814 vitam
1793 3771 1939 3816 aeter-

351 3870 471 3908 nam
499 3850 696 3925 (ltTim.
728 3845 1251 3919 1,15,16)..Clamat
1277 3862 1405 3917 ergo
1446 3847 1587 3904 Deus
1626 3849 1692 3903 ad
1720 3862 1936 3922 gentes;

334 3944 497 4009 .Solvi
525 3940 859 4014 crystallum,
889 3939 1069 3993 venite
1096 3937 1266 3993 nives.
1298 3935 1507 3993 Emittet
1533 3940 1735 3995 verbum
1755 3959 1936 4012 suum,

352 4047 399 4089 et
427 4033 690 4102 labefaciat
715 4047 806 4096 ea;
836 4028 1047 4101 spirabit
1090 4029 1298 4097 spiritus
1338 4029 1446 4101 ejus
1464 4070 1480 4096 ,
1509 4039 1557 4085 et
1583 4033 1745 4101 ﬂuent
1772 4050 1936 4105 aqum.

352 4129 493 4183 Ecce
519 4124 828 4196 crystallum
859 4130 915 4177 ct
939 4121 1087 4176 nives
1110 4120 1472 4188 resnlvuntur,
1500 4135 1630 4177 eunt
1660 4124 1711 4180 in
1740 4141 1936 4197 aquas;

286 4216 295 4225 '
336 4219 447 4290 .qui
479 4218 688 4287 sitiunt,
721 4214 939 4270 veniant
966 4223 1021 4269 et
1048 4213 1256 4268 bibant.
1299 4212 1491 4269 Saulus
1533 4214 1699 4271 durus
1731 4227 1788 4272 ut
1814 4233 1941 4291 cry-

338 4310 590 4374 stallum,
622 4303 1057 4376 Stephanum‘est
1087 4312 1399 4374 persecutus
1424 4303 1492 4359 ad
1522 4315 1782 4373 mortem;
1806 4309 1941 4364 Pau-

338 4402 441 4456 lus
463 4401 571 4471 jam
596 4399 650 4453 in
680 4412 817 4467 aqua
842 4398 958 4450 viva
984 4403 1348 4465 gentesvoeat
1371 4395 1438 4450 ad
1462 4394 1687 4453 fontem.
1712 4398 1941 4471 Spirabit

334 4493 563 4567 .spiritus
586 4491 699 4562 ejus
723 4530 738 4557 ,
770 4497 817 4542 ct
857 4478 1016 4556 ﬂuent
1040 4502 1206 4556 aqum.
1245 4485 1475 4556 Spiritus
1512 4487 1724 4547 fervens
1756 4510 1768 4547 :
1800 4492 1941 4559 unde

348 4586 565 4640 dictum
607 4590 691 4638 est
729 4580 782 4635 in
804 4578 911 4633 alio
940 4576 1145 4647 psalmo
1169 4617 1182 4642 ,
1214 4575 1485 4644 Converte,
1513 4577 1755 4647 Domine,
1779 4585 1941 4653 capti-

346 4680 557 4733 vitatem
582 4682 828 4735 nostram,
854 4669 983 4723 sicut
1009 4679 1203 4722 torrens
1226 4667 1280 4722 in
1300 4677 1473 4722 austro
1501 4667 1835 4741 (Psal.cxxv,
1859 4675 1937 4745 4).

311 4765 579 4840 ‘Captiva
626 4765 768 4822 enim
810 4760 1111 4819 Jerusalem
1158 4769 1409 4831 tanquam
1468 4763 1837 4832 congelaverat
1883 4754 1949 4821 in.

350 4859 646 4933 Babylonia
678 4874 691 4912 :
719 4856 813 4911 ﬁat
839 4861 1042 4919 auster,
1066 4850 1289 4907 solvitur
1328 4851 1475 4923 rigor
1500 4852 1855 4921 captivitatis,
1884 4864 1940 4911 et

344 4954 521 5009 currit
548 4951 598 5006 in
630 4948 795 5003 Deum
810 4944 1004 5000 .fervor
1031 4941 1563 5012 cbaritatis.Spirabit
1585 4943 1790 5016 spiritus
1807 4947 1936 5018 ejus,

352 5055 399 5099 et
420 5044 577 5114 [luent
608 5053 772 5111 aquuz.
798 5034 917 5091 Fiet
944 5035 997 5088 in
1025 5048 1119 5089 eos
1150 5034 1268 5088 fons
1303 5048 1455 5105 aquae
1485 5035 1727 5092 salientis
1765 5037 1818 5093 in
1860 5039 1941 5093 vi-

353 5151 463 5191 tam
495 5146 752 5190 solertiam
786 5127 964 5200 (Ioan.
988 5120 1189 5197 μέμ).

422 5230 514 5284 επ.
544 5226 711 5301 [vers.
742 5220 856 5295 19.]
888 5219 1209 5275 Annuntians
1237 5219 1441 5274 verbum
1466 5236 1614 5275 suum
1641 5221 1823 5292 Iacob,
1849 5224 1938 5289 iu-

353 5322 524 5378 stitia:
550 5328 598 5375 et
620 5316 821 5390 judicia
844 5330 938 5368 sua
958 5311 1152 5367 Israel.
1185 5312 1330 5378 Quas
1355 5311 1626 5381 justitias?
1651 5330 1770 5385 qua!
1791 5314 1937 5384 judi—

352 5413 476 5469 cia?
501 5410 635 5478 Quia
663 5415 721 5463 et
749 5402 1005 5476 quidquid
1033 5402 1122 5457 hic
1147 5402 1436 5456 humanum
1463 5418 1629 5474 genus
1656 5413 1779 5459 ante
1814 5420 1939 5476 per-

352 5519 568 5576 pessum
600 5508 701 5569 est,
725 5513 849 5555 cum
872 5504 1017 5552 esset
1042 5496 1151 5563 nis,
1186 5502 1241 5550 et
1269 5494 1484 5561 nebula,
1510 5504 1561 5550 et
1589 5496 1897 5568 crystallum
1919 5539 1935 5564 ,

354 5595 549 5651 luerim
610 5602 889 5659 erpessum
917 5594 1001 5642 est
1022 5584 1287 5657 superbia:
1314 5594 1369 5642 et
1391 5585 1638 5643 elationis
1659 5588 1710 5642 in
1735 5588 1924 5645 Deum.

406 5681 420 5711 ¹
464 5690 566 5740 διεη
590 5674 833 5740 taoeﬁunt.

407 5754 428 5782 ι
554 5736 564 5740 ⁷
598 5736 760 5788 Ηισει
793 5736 915 5789 infra
932 5736 1058 5799 loco,
1096 5751 1387 5803 quanquam,
1433 5747 1712 5793 constanter
1734 5741 1934 5807 habent,

347 5819 593 5880 quantum.

1584 344 1654 398 ‘S.
1698 342 2061 402 AL'GUSTlNI
2103 348 2402 408 EPISCOPI

3501 357 3641 416 i956

2056 463 2414 521 Rccurramus
2456 467 2522 523 ad
2570 467 2830 539 originem
2876 483 3035 524 casus
3065 469 3255 533 nostri,
3283 475 3342 523 et
3368 468 3657 533 videamus.

2052 559 2175 627 quia
2209 559 2489 615 verissime
2510 561 2563 616 in
2594 562 2801 633 psalmo
2819 572 3063 635 cantatur
3093 579 3106 615 :
3138 561 3443 632 Priusquam
3466 563 3637 616 humi—

2053 652 2226 715 liarer,
2252 669 2344 722 ego
2387 653 2594 724 deliqui.
2624 654 2731 710 Sed
2780 654 2871 725 qui
2914 654 3080 723 dicit,
3112 653 3420 724 Priusquam
3466 653 3641 707 humid-

2053 741 2229 807 liarer,
2256 760 2349 813 ego
2376 744 2606 815 deliqui;
2634 745 2752 815 ipse
2786 745 2956 812 dicit,
2987 745 3186 800 Bonum
3234 744 3363 798 mihi
3393 754 3464 798 est
3514 760 3644 813 quo-

2051 836 2187 889 niam
2217 836 2495 892 Itumiliasti
2516 854 2611 904 me,
2638 847 2691 892 ut
2712 837 2907 892 discam
2923 836 3308 908 justiﬁcationes
3331 846 3445 890 tuas
3464 834 3638 905 (Psal.

2049 942 2235 992 cxvm,
2266 927 2355 992 67,
2385 928 2497 999 Ἡ).
2529 927 2635 984 Has
2663 943 2794 1000 ergo
2814 927 3223 1000 justiﬁcatioues
3249 944 3280 983 a
3312 928 3429 983 Deo
3453 927 3642 983 didicit

2047 1017 2241 1084 Iacob,
2273 1019 2363 1088 qui
2396 1018 2520 1074 fecit
2548 1019 2726 1089 ipsum
2752 1019 2920 1075 Iacob
2946 1018 3140 1074 luctari
3155 1033 3277 1073 cum
3305 1018 3551 1089 Angelo;
3582 1019 3641 1077 in

2048 1109 2200 1178 cujus
2244 1109 2432 1179 Angeli
2479 1124 2709 1180 persona
2750 1111 2865 1181 ipse
2908 1109 3171 1165 Dominus
3217 1117 3334 1165 erat
3381 1110 3635 1165 luctatus.

2048 1198 2264 1267 Tenuit,
2298 1201 2404 1255 vim
2455 1200 2582 1257 fecit
2624 1211 2685 1258 ut
2723 1201 3223 1268 teneret,invaluit
3272 1210 3330 1255 ut
3380 1210 3633 1256 teneret:

2047 1290 2175 1346 fecit
2204 1307 2263 1347 se
2291 1292 2463 1347 teneri
2500 1292 2868 1349 misericordia
2894 1334 2910 1359 ,
2943 1307 3050 1348 non
3072 1291 3411 1347 inﬁrmitate.
3440 1290 3639 1345 Laeta-

2050 1393 2134 1438 tus
2159 1398 2289 1455 ergo
2312 1383 2478 1440 Iacob
2521 1385 2827 1477 praevaluit,
2853 1385 3059 1450 tenuit;
3089 1394 3144 1439 et
3168 1399 3328 1455 quem
3358 1383 3636 1440 videbatur

2046 1475 2240 1530 vicisse
2258 1516 2273 1542 ,
2302 1483 2458 1545 rogat
2486 1484 2542 1530 ut
2566 1474 2934 1532 benedicatur
2958 1476 3027 1531 ab
3065 1490 3132 1531 eo
3155 1475 3306 1545 (Gen.
3336 1491 3496 1541 sun,
3528 1474 3634 1529 24-

2046 1565 2161 1637 26).
2186 1566 2468 1635 Quomodo
2499 1566 2832 1638 intelligebat
2858 1582 2980 1622 cum
3008 1581 3117 1637 quo
3160 1567 3394 1621 luctatus
3418 1568 3587 1622 fuerat
3612 1605 3634 1632 ,

2046 1670 2204 1725 quem
2252 1646 2528 1712 tenuerit?
2552 1656 2731 1723 Quare
2780 1656 3045 1711 violenter
3074 1665 3157 1711 est
3180 1656 3435 1722 luctatus,
3465 1663 3520 1711 et
3549 1664 3635 1709 te-

2046 1746 2196 1801 nuit?
2223 1745 2355 1815 Quia
2382 1763 2594 1819 regnum
2627 1746 2868 1802 ctelornm
2891 1747 2991 1801 vim
3007 1747 3217 1818 patitur,
3241 1756 3288 1801 et
3314 1747 3399 1816 qui
3422 1747 3521 1801 vim
3549 1751 3636 1817 [a—

2046 1838 2217 1905 ciunt,
2242 1838 2490 1909 diripiunt
2515 1837 2646 1893 illud
2674 1838 2887 1910 (Matth.
2911 1853 2985 1903 ιιι,
3024 1838 3139 1909 12).
3171 1837 3312 1908 Ergo
3338 1853 3505 1908 quare
3551 1838 3637 1891 lu.-

2045 1932 2254 1986 ctatus?
2279 1931 2411 1999 Quia
2448 1946 2569 1986 cum
2616 1930 2818 1985 labore.
2863 1930 3041 1999 Quare
3091 1929 3178 1984 vix
3206 1938 3449 1985 tenemus
3489 1928 3636 2000 quod

2045 2021 2495 2099 facileamisimus
2511 2022 2533 2075 t
2548 2020 2627 2077 Ne
2647 2020 2804 2076 facile
2827 2020 3138 2091 recipiendo
3157 2019 3301 2091 quod
3324 2020 3626 2087 amisimus,

2045 2113 2314 2169 discamus
2361 2112 2586 2183 perdere
2630 2111 2772 2183 quod
2814 2122 3076 2168 tenemus.
3111 2110 3345 2169 Laboret
3370 2112 3534 2167 homo
3573 2121 3637 2167 ut

2046 2213 2265 2272 teneat;
2299 2206 2503 2261 tenebit
2530 2205 2596 2261 ad
2627 2205 2933 2269 firmitatem
2971 2205 3117 2277 quod
3148 2204 3379 2262 tenuerit
3398 2213 3528 2276 post
3552 2204 3634 2259 la-

2046 2296 2256 2351 borem.
2283 2296 2420 2366 Ergo
2441 2295 2769 2365 hiecjudieia
2793 2310 2888 2352 sua
2915 2296 3059 2350 Deus
3086 2295 3445 2351 manifestavit
3467 2294 3636 2351 Iacob

2044 2398 2100 2445 et
2126 2388 2312 2444 Israel.
2344 2389 2593 2460 Apertius
2620 2388 2794 2443 dicam
2828 2405 2843 2441 :
2877 2387 2930 2443 id
2981 2394 3067 2444 est
3087 2428 3103 2454 ,
3130 2388 3254 2460 quia
3296 2397 3352 2444 et
3385 2387 3516 2458 justi
3542 2387 3637 2458 qui

2046 2480 2135 2537 hic
2161 2488 2328 2549 sunt,
2357 2480 2591 2547 labores,
2616 2479 2872 2549 pericula,
2893 2479 3193 2547 molestias,
3228 2479 3511 2550 passiones
3529 2492 3637 2548 pro

2047 2572 2245 2628 merito
2288 2571 2590 2642 patiuntur,
2617 2570 2765 2640 justo
2809 2569 3014 2639 judicio
3046 2570 3170 2625 .Dci.
3196 2568 3332 2638 Quia
3359 2568 3451 2625 ille
3479 2569 3630 2624 solus

2046 2672 2227 2736 potest
2274 2664 2493 2731 dicere,
2524 2664 2640 2718 sine
2686 2677 2846 2718 causa
2877 2663 2964 2718 hic
3008 2677 3068 2719 se
3105 2677 3362 2733 passum;
3389 2662 3636 2733 quamvis

2046 2756 2169 2813 ideo
2219 2771 2325 2813 non
2377 2755 2493 2812 sine
2535 2770 2697 2810 causa
2723 2796 2736 2820 ,
2759 2754 2892 2825 quia
2938 2763 3157 2825 propter
3191 2770 3291 2811 nos
3321 2772 3335 2807 :
3363 2754 3456 2825 qui
3484 2750 3635 2811 solu's

2046 2858 2224 2921 potest
2247 2849 2428 2904 dicere
2453 2890 2467 2915 ,
2501 2848 2627 2914 Qua:
2650 2863 2749 2901 non
2777 2847 2948 2918 rapui,
2969 2856 3088 2901 tunc
3117 2847 3436 2903 exsolvebam
3458 2846 3631 2920 (Psal.

2046 2955 2236 3005 vaul,
2266 2940 2471 3010 5);qui
2516 2939 2666 2994 solus
2709 2937 2890 2994 dicere
2915 2939 3122 3009 potuit,
3147 2937 3282 2994 Ecce
3317 2940 3450 2993 venit
3490 2937 3634 3008 prin-

2046 3048 2164 3103 ceps
2192 3032 2344 3104 hujus
2368 3031 2568 3098 mundi,
2600 3039 2646 3085 et
2673 3030 2725 3083 in
2755 3046 2838 3084 me
2864 3030 2995 3084 nihil
3017 3031 3256 3085 inveniet.
3284 3030 3355 3085 Et
3377 3030 3526 3101 quasi
3550 3027 3638 3084 di-

2050 3132 2266 3181 ceretur
2304 3124 2397 3189 ei,
2421 3128 2598 3191 Quare
2643 3137 2772 3193 ergo
2817 3122 3057 3193 pateris?
3082 3120 3324 3193 sequitur
3369 3131 3425 3178 et
3465 3120 3635 3178 dicit:

2047 3216 2155 3274 Sed
2174 3227 2228 3270 ut
2257 3218 2417 3270 sciant
2447 3231 2618 3269 ontnes
2636 3214 2758 3286 quia
2795 3204 3103 3269 voluntatem
3132 3213 3308 3269 Patris
3329 3214 3427 3268 mei
3456 3213 3635 3284 facio,

2045 3310 2235 3381 surgite
2255 3351 2271 3376 ,
2304 3324 2476 3363 eamus
2516 3307 2632 3360 hinc
2666 3305 2854 3375 (Ioan.
2885 3322 2994 3373 xlv,
3020 3306 3113 3373 '50,
3145 3304 3259 3377 5|).
3286 3304 3479 3361 Cameri
3512 3318 3637 3358 ont-

2040 3414 2143 3455 nes
2189 3398 2385 3453 merito
2423 3411 2523 3452 suo
2543 3437 2557 3461 ,
2581 3395 2786 3466 judicio
2814 3396 2939 3462 Dei,
2970 3404 3025 3452 et
3051 3411 3149 3467 pro
3169 3396 3376 3466 justitia
3400 3395 3495 3466 qui
3537 3408 3637 3464 pa-

2043 3490 2270 3553 tiuntur,
2301 3500 2405 3541 non
2433 3484 2536 3540 sibi
2562 3492 2837 3555 arrogent,
2860 3486 3011 3557 quasi
3032 3487 3345 3556 passionem
3377 3484 3639 3541 innocen-

2046 3579 2134 3634 tia:
2158 3579 2198 3646 ’,
2217 3576 2390 3647 qualis
2406 3576 2471 3631 in
2497 3574 2718 3631 Christo
2745 3586 2881 3631 erat.
2907 3575 3044 3631 Audi
3070 3575 3373 3646 apostolum
3386 3575 3631 3631 Petrum:

2049 3670 2270 3741 Tempus
2295 3678 2404 3735 est,
2433 3666 2641 3738 inquit,
2671 3677 2727 3722 ut
2735 3667 2991 3738 judicium
3030 3667 3251 3738 incipiat
3278 3682 3310 3720 a
3333 3650 3497 3722 doma
3527 3666 3635 3720 Do-

2047 3763 2192 3818 mini.
2216 3754 2528 3817 Exhortaus
2570 3768 2834 3832 martyres
2879 3768 2935 3817 et
2979 3767 3144 3816 testes
3182 3760 3314 3826 Dei,
3346 3770 3406 3816 ut
3447 3773 3637 3815 euntes

2049 3857 2253 3911 minas.
2278 3854 2560 3910 frementis
2614 3853 2799 3911 saeculi
2840 3852 3234 3924 patientissime
3271 3852 3540 3918 tolerent,
3562 3860 3640 3907 ait

2046 3948 2153 4003 illis
2188 3964 2203 4002 :
2235 3946 2471 4015 Tempus
2499 3952 2583 4000 est
2605 3942 2947 3999 incltoationis
2962 3943 3155 4014 judicii
3175 3959 3238 3997 ex
3263 3942 3412 3997 domo
3436 3940 3553 3996 Dei.
3574 3940 3638 3997 Si

2046 4049 2215 4093 autem
2250 4036 2512 4090 initiuma
2535 4033 2712 4100 nobis,
2764 4033 2877 4104 quis
2909 4033 3028 4103 ﬁnis
3062 4048 3235 4088 eorum
3269 4032 3355 4103 qui
3380 4048 3482 4087 non
3522 4047 3634 4085 cre-

2052 4132 2180 4186 dunt
2207 4127 2306 4183 Dei
2323 4125 2609 4199 Evangelia
2627 4126 2654 4180 ?
2676 4134 2725 4180 et
2751 4125 2796 4180 si
2806 4126 2979 4197 justus
3001 4124 3086 4178 via:
3104 4123 3272 4180 salvus
3299 4122 3379 4190 ﬁt,
3404 4131 3641 4192 peccator

2046 4231 2094 4278 et
2118 4221 2305 4291 impius
2324 4216 2675 4290 ubiiparebunt
2700 4215 2719 4288 (
2742 4214 2759 4268 l
2786 4213 2929 4270 Petr.
2957 4230 3032 4282 tv,
3055 4216 3111 4283 4,
3138 4216 3231 4283 l7,
3257 4212 3346 4287 18)
3365 4215 3390 4267 ‘l
3418 4213 3637 4268 Asinus:-

2048 4314 2180 4368 tians
2208 4311 2407 4366 verbum
2431 4305 2775 4375 suumIacob,
2791 4306 3021 4377 justitias
3045 4317 3091 4361 et
3103 4306 3306 4378 judicia
3329 4323 3422 4360 sua
3445 4304 3634 4362 Israel.

2117 4404 2207 4460 ‘28.
2239 4401 2402 4475 [vers.
2432 4398 2523 4455 20.
2550 4396 2571 4471 ]
2597 4395 2719 4451 Non
2759 4397 2877 4469 fecit
2912 4398 2985 4452 sic
3014 4397 3260 4452 universae
3279 4382 3441 4469 genti:
3464 4396 3638 4453 Nemo

2047 4510 2143 4551 vos
2183 4494 2330 4548 fallat
2360 4507 2375 4545 :
2402 4505 2508 4545 non
2551 4488 2851 4543 nuntiatum
2880 4497 2963 4544 est
2996 4488 3156 4544 alicui
3183 4488 3329 4560 genti
3368 4487 3470 4544 hoc
3492 4487 3633 4558 judi«

2046 4587 2185 4641 cium
2208 4584 2330 4651 Dei,
2360 4580 2628 4653 quomodo
2647 4580 2918 4651 patiantur
2942 4586 2997 4635 et
3019 4579 3150 4649 justi
3175 4590 3229 4635 et
3254 4578 3434 4650 injusti
3464 4596 3476 4634 :
3502 4594 3636 4650 quo-

2048 4678 2206 4735 modo
2232 4691 2331 4747 pro
2357 4674 2548 4730 merito
2577 4687 2783 4738 omnes;
2812 4672 3080 4741 quomodo
3110 4672 3159 4725 in
3192 4672 3357 4742 gratia
3388 4671 3503 4737 Dei,
3527 4686 3633 4726 non

2047 4772 2100 4826 in
2129 4769 2239 4825 suis
2262 4767 2469 4822 meritis
2493 4765 2785 4821 liberentur
2811 4764 2911 4834 ipsi
2934 4763 3080 4834 justi.
3115 4763 3231 4819 Non
3262 4765 3633 4820 annuntiatum

2047 4870 2128 4917 est
2177 4859 2278 4914 hoc
2304 4858 2570 4913 universae
2594 4855 2737 4926 genti
2765 4871 2781 4921 ;
2808 4853 2902 4910 sed
2944 4854 3044 4933 soli
3088 4854 3285 4922 Iacob,
3318 4857 3418 4911 soli
3449 4855 3634 4911 lsrael.

2046 4951 2182 5020 Quid
2213 4966 2341 5021 ergo
2370 4963 2470 5005 nos
2499 4947 2724 5002 facimus
2746 4987 2762 5013 ,
2786 4945 2830 5001 si
2873 4960 2985 5000 non
3010 4946 3343 5002 annuntiavit
3372 4947 3640 5004 universa:

2044 5043 2223 5115 genti,
2241 5041 2336 5097 sed
2380 5049 2584 5095 tantum
2614 5035 2780 5094 Iacob
2802 5078 2818 5104 ,
2842 5044 3044 5092 tantum
3085 5035 3275 5093 lsrael?
3302 5037 3404 5095 Ubi
3437 5039 3639 5096 erimus

2048 5135 2189 5190 nos?
2213 5134 2270 5189 In
2308 5131 2474 5188 Iacob
2516 5140 2571 5185 et
2611 5131 2664 5185 in
2705 5128 2890 5185 Israel.
2921 5127 3128 5183 Iudicia
3156 5145 3251 5184 suo
3290 5147 3389 5186 non
3422 5132 3644 5203 manife-

2045 5229 2192 5285 stavit
2232 5227 2322 5282 eis.
2363 5224 2603 5291 Quibus?
2640 5222 2902 5279 Omnibus
2949 5222 3216 5293 gentibus.
3254 5222 3324 5278 Et
3367 5223 3641 5294 quomodo

2046 5331 2248 5377 vocata:
2274 5326 2397 5374 sunt
2424 5318 2595 5382 nives,
2614 5315 2789 5371 soluto
2818 5313 3114 5385 crystallo?
3138 5312 3407 5383 quomodo
3433 5323 3641 5372 vocatas

2046 5426 2167 5470 sunt
2187 5424 2394 5485 gentes,
2408 5411 2701 5483 justiﬁcato
2720 5409 2917 5464 Paulo?
2936 5400 3238 5476 Quomodo,
3255 5408 3357 5463 nisi
3381 5417 3435 5463 ut
3449 5418 3641 5465 essent

2048 5509 2101 5563 in
2142 5507 2345 5563 Iacob?
2370 5505 2633 5561 Pr.ccisus
2671 5512 2754 5558 est
2796 5501 3066 5567 oleaster,
3113 5507 3171 5555 ut
3207 5500 3537 5557 insereretur
3582 5502 3640 5558 in

2045 5600 2241 5656 olivam
2274 5596 2447 5671 (Rom.
2479 5612 2537 5652 λι
2557 5637 2572 5663 ,
2605 5594 2719 5666 l7).
2749 5592 2867 5649 Iam
2894 5590 2961 5647 ad
2987 5590 3183 5648 olivam
3212 5592 3500 5663 pertinent;
3526 5592 3640 5662 jam

2115 5739 2130 5770 ι
2159 5738 2230 5800 sic
2249 5733 2447 5800 aliquot
2484 5741 2589 5783 Mss.
2627 5739 2683 5800 At
2705 5730 2840 5800 laid,
2864 5737 2910 5800 et
2933 5742 3023 5794 pro
3035 5727 3234 5800 justitia
3249 5740 3359 5792 quae
3375 5728 3645 5800 patiuntur,

2055 5812 2147 5853 non
2164 5796 2258 5850 sibi
2276 5792 2518 5862 arrogant,
2541 5794 2679 5859 quasi
2702 5792 2907 5844 habeant
2925 5792 3192 5857 passionem
3216 5792 3497 5843 numerata
