4042 6202
990 261 1021 291 θ

448 368 472 424 I
483 363 583 424 957

447 479 553 538 non
583 481 779 537 debent
798 476 901 533 dici
930 480 1135 547 gentes,
1163 468 1257 527 sed
1282 483 1387 525 una
1410 481 1539 539 gens
1567 466 1619 519 in
1640 463 1875 527 Christo,
1892 469 2024 531 gens

444 573 612 630 Jaeob
631 614 647 638 ,
676 585 807 642 gens
833 566 1010 623 Israel.
1040 563 1216 632 Quare
1238 574 1369 632 gens
1393 556 1559 615 Jaeob
1582 565 1636 611 et
1660 569 1791 626 gens
1819 551 2026 608 Israel?

444 665 578 732 Quia
605 662 769 719 Jacob
797 660 864 714 de
888 657 1052 721 Isaac,
1084 654 1232 709 Isaae
1259 653 1326 707 de
1353 648 1647 712 Abraham,
1674 646 1900 701 Abraha:
1925 659 2023 698 au-

446 765 552 812 tem
577 754 702 826 quid
722 753 918 808 dictum
945 747 1060 803 est?
1088 745 1113 800 Ι
1121 764 1152 800 ιι
1172 745 1357 799 semine
1378 750 1461 795 tuo
1485 740 1834 794 benedicentur
1853 752 2025 789 omnes

446 825 630 920 gentes.
652 843 760 900 Hoc
788 842 925 897 idem
950 839 1149 894 dictum
1179 844 1261 891 est
1283 833 1349 889 ad
1374 834 1540 896 Isaac,
1562 829 1666 885 hoc
1690 837 1743 885 et
1767 827 1833 882 ad
1859 825 2024 883 Jacob

449 937 597 1009 (Gen.
630 950 758 999 xxu,
788 933 885 999 18;
910 946 1057 995 xxvi,
1088 930 1157 995 ις
1182 940 1368 993 xxvm,
1390 923 1500 995 I4).
1530 923 1868 979 Pertinemus
1894 934 2023 990 ergo

443 1029 510 1084 ad
545 1026 741 1092 Jacob;
770 1025 894 1096 quia
934 1022 1262 1093 pertinemus
1285 1018 1352 1075 ad
1375 1017 1522 1072 Isaac
1541 1058 1556 1082 ,
1580 1015 1914 1087 pertinemus
1953 1011 2022 1066 ad

442 1117 732 1175 Abraham.
763 1116 957 1172 Semen
986 1114 1129 1170 enim
1156 1110 1406 1176 Abrahae,
1430 1123 1535 1164 non
1563 1122 1651 1162 me
1680 1106 1762 1161 vel
1786 1103 2023 1175 quolibet

442 1207 658 1263 homine
674 1248 693 1275 ,
722 1206 817 1263 sed
842 1204 1097 1276 Apostolo
1122 1210 1307 1258 sancto
1334 1201 1716 1270 interpretante
1735 1239 1750 1263 ,
1775 1196 2022 1252 Christus

439 1306 549 1353 est:
569 1307 623 1353 et
646 1298 759 1367 ipse
772 1297 866 1363 ait,
889 1294 1007 1351 Non
1022 1294 1163 1358 dicit,
1184 1292 1249 1346 Et
1266 1290 1537 1348 seminibus
1564 1300 1802 1359 tauquam
1820 1289 1874 1342 in
1890 1288 2026 1342 mul-

438 1392 526 1455 tis;
556 1390 645 1445 sed
670 1399 905 1461 tanquam
932 1389 984 1442 in
1010 1404 1139 1455 uno,
1165 1385 1234 1439 Et
1261 1384 1439 1440 semini
1462 1393 1548 1436 tuo
1572 1422 1587 1447 ,
1615 1382 1750 1452 quod
1778 1390 1849 1437 est
1870 1380 2022 1436 Chri-

439 1490 547 1535 stus
567 1478 762 1550 (Galat.
791 1495 867 1547 Ill,
888 1478 996 1550 16).
1019 1478 1072 1535 Si
1098 1492 1266 1532 unum
1290 1490 1492 1536 semen,
1512 1489 1651 1528 unus
1674 1472 1859 1538 Jacob,
1887 1486 2021 1528 unus

440 1570 645 1635 Israel,
678 1578 732 1626 et
758 1584 945 1625 omnes
986 1575 1172 1640 gentes
1200 1580 1336 1622 unus
1368 1566 1384 1597 ¹
1411 1565 1463 1619 in
1492 1564 1726 1621 Christo.
1769 1563 1911 1633 Ergo
1952 1561 2021 1617 ad

440 1675 628 1715 omnes
664 1659 894 1731 pertinet
917 1667 1102 1729 gentes
1125 1699 1141 1725 ,
1167 1655 1310 1728 quod
1336 1654 1588 1712 revelavit
1625 1654 1724 1724 ipsi
1766 1652 1931 1709 Jaeob
1968 1658 2023 1706 ct

441 1753 540 1821 ipsi
566 1750 750 1817 Israel;
773 1760 828 1807 et
852 1751 927 1805 illi
955 1750 1053 1805 soli
1080 1749 1131 1804 in
1152 1748 1272 1804 aliis
1296 1747 1540 1819 gentibus
1565 1743 1851 1817 deputandi
1876 1751 2018 1808 sunt,

439 1846 529 1914 qui
560 1844 798 1899 nolentes
826 1842 1044 1899 credere
1070 1842 1122 1897 in
1150 1841 1441 1905 Christum,
1469 1840 1655 1895 nolunt
1679 1834 1928 1893 recedere
1955 1836 2024 1891 ab

439 1935 672 1989 oleastro
701 1942 763 1990 et
782 1934 940 1989 inseri
971 1933 1146 1988 olivae.
1166 1931 1535 1987 Remanebunt
1557 1930 1609 1985 in
1626 1930 1836 1985 silvosis
1852 1929 1984 1983 rami
2000 1931 2020 1961 ³

440 2025 648 2080 steriles
669 2033 724 2079 et
741 2024 926 2078 amari.
942 2022 1183 2079 Gaudeat
1205 2022 1386 2078 Jacob.
1404 2020 1540 2090 Quid
1566 2030 1647 2077 est
1664 2018 1853 2075 Iacob?
1881 2019 2023 2088 Sup-

440 2116 722 2185 plantator;
745 2115 1243 2186 quia’supplantavit
1262 2114 1476 2169 fratrem
1492 2112 1657 2168 Iacob
1676 2111 1826 2184 (Gen.
1847 2127 2016 2175 xxvu,

437 2204 779 2275 36).Carcitas
797 2206 936 2261 enim
958 2222 1021 2259 ea:
1046 2215 1190 2276 parte
1213 2205 1378 2260 Israel
1403 2205 1540 2274 facta
1565 2213 1660 2271 est,
1686 2212 1741 2257 ut
1763 2202 2023 2272 plenitudo

438 2298 672 2354 Gentium
688 2300 895 2353 intraret
910 2299 1163 2371 (Rom.xt,
1175 2297 1371 2370 25).Dc
1382 2297 1546 2353 Iacob
1555 2296 1726 2353 factus
1736 2305 1818 2351 est
1834 2296 2017 2351 Israel.

436 2387 572 2455 Quid
584 2399 665 2445 est
679 2387 866 2444 Israel?
878 2387 908 2443 Ι
911 2404 994 2442 am
1013 2403 1201 2444 omnes
1208 2388 1505 2453 audiamus,
1523 2400 1711 2442 omnes
1724 2385 1881 2441 Israel
1891 2385 2023 2452 ,sive

436 2478 526 2549 qui
554 2479 640 2534 hic
665 2479 795 2534 estis
822 2478 875 2533 in
900 2478 1153 2534 membris
1175 2476 1392 2546 Christi,
1418 2478 1532 2533 sive
1558 2477 1648 2548 qui
1674 2476 1805 2531 foris
1833 2485 1885 2530 et
1916 2489 2020 2530 non

438 2568 589 2637 foris,
611 2578 664 2624 et
692 2584 788 2639 per
815 2583 1003 2625 omnes
1028 2576 1213 2640 gentes
1238 2569 1436 2640 ubique
1463 2567 1613 2633 foris,
1639 2567 1830 2638 ubique
1857 2566 2020 2633 intus;

436 2661 616 2715 audiat
642 2660 754 2730 ipse
779 2659 962 2726 Israel,
984 2660 1074 2730 qui
1099 2674 1165 2715 ex
1188 2658 1355 2715 Iacob
1379 2659 1548 2715 lactus
1573 2667 1657 2715 est
1678 2658 1858 2714 Israel.
1883 2657 2022 2726 Quid

436 2765 519 2809 est
547 2752 745 2808 Israel?
766 2752 964 2808 Videns
989 2752 1177 2807 Deum.
1200 2750 1303 2809 Ubi
1333 2751 1532 2807 videbit
1563 2751 1763 2806 Deum?
1783 2749 1840 2805 In
1869 2764 2019 2819 pace.

436 2843 497 2898 In
525 2859 626 2913 qua
657 2843 820 2913 pace?
848 2843 983 2899 Pace
1010 2842 1307 2898 Jerusalem
1332 2859 1349 2908 ;
1379 2842 1522 2915 quia,
1556 2840 1777 2909 Posuit,
1810 2840 2020 2910 inquit,

437 2935 564 3003 ﬁnes
593 2944 705 2987 tuos
731 2949 924 3004 pacem.
953 2931 1029 2988 Ibi
1053 2931 1387 2988 laudabimus
1410 2974 1428 3002 ,
1453 2947 1643 2989 omnes
1670 2947 1808 2988 unus
1834 2932 1885 2986 in
1917 2946 2023 2988 uno

435 3021 503 3076 ad
554 3038 716 3077 unum
757 3023 997 3090 erimus;
1025 3022 1149 3094 quia
1174 3021 1426 3094 deinceps
1465 3022 1618 3078 multi
1661 3022 1889 3095 dispersi
1915 3035 2021 3077 non

437 3113 657 3166 erimus.
904 3132 911 3139 ·

436 3238 717 3253 ῤ’..

794 3317 874 3377 IN
918 3315 1296 3378 PSALMUM
1337 3316 1646 3379 CXLVIII

1023 3440 1440 3497 ENARRATIO.

969 3568 1141 3610 SERMO
1170 3570 1237 3608 ΔΙ)
1269 3569 1494 3609 Ριειιειι.

508 3642 766 3741 1.’[υι·νε.
802 3670 850 3723 l.
881 3667 901 3739 ]
932 3668 1196 3721 Meditatio
1236 3667 1515 3736 przesentis
1560 3667 1683 3721 vine
1727 3674 1924 3722 nostrae
1965 3667 2018 3721 in

435 3759 593 3813 Iatule
626 3760 715 3812 Dei
744 3773 862 3812 esse
891 3757 1049 3812 debet
1076 3775 1089 3811 :
1118 3757 1239 3826 quia
1274 3757 1559 3812 exsultatio
1587 3756 1910 3827 sempiterna
1938 3756 2019 3811 l'u-

437 3858 570 3902 turm
601 3856 795 3901 nostra:
828 3848 968 3914 vitae,
997 3848 1113 3903 laus
1139 3848 1231 3903 Dei
1262 3848 1363 3903 erit
1390 3863 1406 3913 ;
1440 3856 1494 3903 et
1519 3862 1676 3904 nemo
1703 3832 1878 3918 potest
1904 3847 2018 3903 ido-

437 3956 573 3996 neus
613 3940 721 3994 fieri
764 3938 954 3995 futurae
980 3940 1137 4008 vitae,
1163 3941 1254 4011 qui
1300 3957 1406 3997 non
1454 3956 1513 3997 se
1560 3941 1626 3997 ad
1666 3942 1811 3997 illam
1856 3941 2018 3997 modo

436 4030 753 4087 exercuerit.
785 4029 941 4085 Modo
965 4028 1091 4101 ergo
1116 4031 1392 4087 laudamus
1421 4032 1586 4088 Deum
1615 4051 1628 4086 :
1661 4032 1757 4089 sed
1785 4042 1839 4089 et
1862 4048 2014 4105 roga-

437 4142 555 4179 mus
587 4123 773 4179 Deum.
805 4124 944 4180 Laus
973 4136 1151 4179 nostra
1179 4125 1417 4193 laetitiam
1449 4124 1627 4192 habet,
1654 4127 1826 4182 oratio
1848 4127 2015 4198 gemi-

436 4228 571 4274 tum.
598 4217 923 4273 Proinissum
947 4225 1029 4272 est
1047 4218 1187 4272 enim
1211 4217 1363 4273 nobis
1387 4218 1584 4289 aliquid
1611 4220 1751 4290 quod
1780 4219 2015 4275 nondum

438 4307 714 4384 habemus;
746 4316 800 4364 et
827 4308 947 4378 quia
978 4323 1136 4363 verax
1164 4319 1245 4364 est
1269 4310 1360 4379 qui
1388 4310 1662 4378 promisit,
1688 4312 1741 4366 in
1766 4327 1862 4382 spe
1889 4327 2018 4383 gan-

437 4397 623 4453 detnus
652 4416 665 4452 :
694 4399 817 4469 quia
865 4408 1040 4454 tamen
1078 4399 1313 4455 nondum
1344 4399 1599 4455 habemus
1627 4443 1642 4468 ,
1670 4402 1721 4456 in
1749 4402 2019 4458 desiderio

435 4492 718 4561 gemimus.
746 4491 947 4546 Bonum
973 4499 1056 4547 est
1079 4492 1230 4547 nobis
1258 4507 1597 4561 perseverare
1624 4494 1675 4548 in
1704 4495 2002 4563 desiderio,

436 4581 608 4637 donec
635 4586 813 4637 veniat
844 4584 982 4653 quod
1010 4584 1326 4654 promissum
1352 4594 1473 4653 est,
1501 4595 1556 4641 et
1585 4594 1819 4642 transeat
1842 4588 2012 4659 gemi-

438 4677 543 4737 tus,
570 4671 819 4727 succedat
843 4674 952 4727 sola
974 4673 1225 4728 laudatio.
1247 4674 1470 4744 Propter
1490 4675 1602 4731 haec
1618 4676 1723 4731 duo
1751 4686 2012 4747 tempora,

435 4778 598 4816 unum
628 4761 767 4833 quod
809 4778 951 4818 nune
978 4771 1061 4818 est
1089 4764 1141 4818 in
1174 4764 1554 4821 tentationibus
1579 4775 1632 4822 et
1658 4767 2011 4822 tribulationi-

436 4852 534 4906 bus
566 4852 724 4921 hujus
750 4853 871 4908 vitm
894 4895 909 4921 ,
939 4854 1163 4909 alterum
1188 4854 1330 4925 quod
1362 4864 1486 4911 tunc
1519 4859 1622 4913 erit
1652 4858 1702 4913 in
1730 4859 2013 4913 securitate

435 4952 489 4995 et
534 4943 889 4999 exsultatione
938 4953 1226 5015 perpetua,
1258 4946 1495 5002 instituta
1534 4957 1616 5003 est
1662 4949 1814 5004 nobis
1851 4949 2011 5004 etiam

435 5035 722 5089 celebratio
763 5036 986 5091 duorum
1029 5047 1326 5108 temporum
1347 5080 1362 5106 ,
1390 5047 1513 5095 ante
1540 5039 1779 5104 Pascha,
1811 5051 1865 5096 et
1896 5050 2013 5112 post

436 5126 659 5183 Pascha.
689 5126 819 5182 Illud
846 5128 986 5198 quod
1012 5137 1095 5184 est
1115 5138 1238 5184 ante
1260 5130 1482 5195 Pascha,
1510 5131 1771 5202 significat
1797 5133 2013 5188 tribula-

437 5217 632 5271 tionem
666 5218 717 5272 in
748 5233 848 5289 qua
880 5219 1038 5275 modo
1062 5235 1247 5275 sumus
1278 5239 1292 5277 :
1323 5221 1464 5291 quod
1490 5238 1617 5278 vero
1641 5239 1783 5280 nunc
1807 5225 2014 5295 agimus

436 5316 559 5379 post
598 5309 834 5374 Pascha,
862 5310 1123 5381 signiflcat
1164 5312 1545 5368 beatitudinem
1590 5314 1641 5368 in
1685 5330 1787 5385 qua
1828 5324 2013 5386 postea

439 5400 654 5455 erimus.
686 5401 823 5456 Ante
861 5401 1063 5457 Pascha
1107 5418 1235 5472 ergo
1263 5404 1403 5473 quod
1433 5405 1760 5461 celebramus
1779 5448 1795 5473 ,
1823 5406 1924 5462 hoc
1960 5415 2017 5463 et

439 5490 642 5559 agimus
665 5509 678 5543 ε
703 5499 823 5560 post
847 5492 1045 5547 Pascha
1071 5502 1246 5548 autem
1277 5495 1415 5564 quod
1446 5495 1776 5552 celebramus
1800 5539 1815 5563 ,
1845 5496 2013 5568 signi-

439 5580 658 5636 ﬁcamus
681 5582 820 5651 quod
846 5583 1080 5637 nondum
1111 5593 1369 5639 tenemus.
1397 5587 1680 5657 Propterea
1712 5588 1844 5644 illud
1882 5598 2014 5648 tem-

504 5718 518 5746 ¹
545 5713 676 5767 Ftld..
702 5729 878 5775 unum;
901 5717 1305 5767 dissentientibus
1326 5727 1427 5769 Vss.

506 5778 526 5810 ³
547 5779 619 5827 sic
635 5777 815 5841 aliquot
833 5785 937 5828 Mss.
967 5785 1018 5828 at
1042 5779 1173 5840 t-_‘.dd.,
1200 5782 1362 5830 ramis.

1502 345 1895 408 ENARRATIO
1923 343 1987 401 IN
2027 340 2349 404 PSALIIUM
2386 347 2658 406 CXLVIII.

3581 355 3725 414 I938

2130 473 2229 529 pus
2263 460 2316 515 in
2355 460 2574 531 jejuniis
2615 470 2669 515 et
2705 459 3032 516 orationibus
3062 476 3408 528 exercemus;
3442 462 3542 519 hoc
3583 479 3723 523 vero

2131 560 2339 623 tempus
2369 553 2618 609 relaxatis
2638 554 2854 624 jejuuiis
2885 554 2939 609 in
2965 554 3460 627 laudibusagimus.
3493 557 3605 612 lloc
3631 567 3723 613 esto

2130 646 2293 711 enim,
2317 646 2555 710 Alleluia,
2583 645 2721 717 quod
2749 656 3026 701 cantamus
3049 664 3063 713 ;
3095 647 3236 717 quod
3265 648 3426 702 latine
3452 649 3718 719 interpres

2130 747 2287 804 tatur,
2317 748 2376 793 ut
2402 738 2588 806 nostis,
2613 738 2846 793 Laudate
2871 739 3170 795 Dominum.
3202 740 3326 794 Idea
3348 740 3477 795 illud
3503 750 3711 811 tempus

2129 839 2253 884 ante
2273 828 2744 896 resurrectionem,
2768 831 2871 885 hoc
2897 839 3106 899 tempus
3130 839 3247 902 post
3268 830 3722 886 resurrectionem-

2128 921 2336 976 Domini
2358 930 2459 978 est.
2481 920 2598 990 Quo
2616 929 2856 992 tempore
2874 922 3198 991 significatur
3218 922 3321 976 vita
3340 922 3535 990 futura,
3554 937 3713 992 quam

2127 1014 2361 1070 nondum
2388 1024 2662 1079 tenemus;
2685 1014 2806 1084 quia
2831 1014 2971 1085 quod
3006 1014 3367 1084 significamus
3389 1023 3511 1083 post
3533 1029 3716 1069 resur-

2125 1106 2418 1161 rectionem
2465 1104 2710 1169 Domini,
2753 1104 3050 1159 tenebimus
3104 1113 3231 1173 post
3263 1102 3709 1159 resurrectionem

2122 1204 2386 1252 nostram.
2417 1195 2475 1251 In
2502 1196 2676 1267 capite
2702 1195 2842 1250 enim
2869 1203 3052 1250 nostro
3074 1196 3227 1251 nobis
3256 1205 3539 1265 utrumque
3575 1196 3713 1266 figu-

2126 1298 2298 1346 ratum
2319 1299 2420 1358 est,
2442 1297 2723 1360 utrumque
2738 1289 3157 1345 demonstratum
3176 1299 3276 1344 est.
3301 1290 3484 1345 Passio
3503 1289 3713 1344 Domini
3782 1338 3789 1345 .

2126 1381 2360 1436 ostendit
2386 1380 2539 1436 nobis
2558 1381 2716 1435 vitam
2737 1381 3015 1450 praesentis
3036 1380 3387 1447 necessitatis,
3411 1381 3530 1451 quia
3552 1394 3713 1449 opor-

2126 1478 2205 1527 tet
2224 1471 2464 1527 laborare
2489 1514 2503 1538 ,
2534 1480 2589 1526 et
2619 1470 2855 1526 tribulari
2878 1511 2891 1535 ,
2921 1479 2974 1526 et
2999 1470 3065 1525 ad
3093 1478 3391 1526 extremum
3418 1470 3550 1523 mori
3583 1489 3596 1523 :
3628 1485 3711 1524 re-

2126 1563 2386 1618 surrectio
2420 1578 2550 1619 vero
2593 1570 2648 1618 et
2672 1556 2977 1618 clarificatio
3024 1562 3232 1617 Domini
3278 1562 3512 1617 ostendit
3558 1561 3711 1617 nobis

2126 1654 2289 1709 vitam
2313 1671 2470 1726 quam
2501 1655 2768 1725 accepturi
2793 1670 3005 1722 sumus,
3036 1669 3159 1709 cum
3185 1655 3392 1709 venerit
3413 1655 3712 1710 retribuere

2127 1745 2282 1817 digna
2329 1746 2502 1817 dignis
2529 1789 2543 1815 ,
2574 1747 2712 1801 mala
2760 1746 2914 1801 malis
2943 1787 2958 1813 ,
2989 1744 3128 1800 bona
3176 1745 3349 1801 bonis.
3382 1746 3451 1800 Et
3496 1746 3716 1814 quidem

2127 1837 2287 1892 modo
2304 1837 2427 1891 mali
2451 1851 2636 1892 omnes
2656 1846 2872 1893 cantare
2893 1836 3165 1891 nobiscum
3188 1845 3430 1905 possunt,
3448 1835 3670 1889 Alleluia
3695 1853 3714 1890 :

2127 1928 2172 1982 si
2219 1937 2396 1983 autem
2442 1928 2494 1984 in
2542 1928 2741 1983 malitia
2779 1942 2872 1981 sua
2919 1928 3412 1998 perseveraverint,
3445 1929 3711 1983 canticum

2125 2019 2251 2074 vita:
2298 2027 2493 2073 nostrae
2534 2016 2724 2072 futura:
2768 2017 2922 2072 labiis
2972 2016 3155 2072 dicere
3204 2026 3490 2087 poterunt;
3540 2018 3715 2085 ipsam

2126 2125 2256 2165 vero
2291 2110 2451 2164 vitam
2474 2151 2489 2174 ,
2513 2125 2631 2180 qua:
2662 2117 2789 2164 tunc
2815 2112 2915 2164 erit
2962 2109 3016 2163 in
3057 2124 3120 2164 ea
3156 2109 3379 2165 veritate
3407 2125 3524 2180 qua:
3571 2126 3716 2166 nunc

2127 2200 2493 2271 significatur,
2531 2200 2774 2255 obtinere
2812 2214 2917 2253 non
2963 2207 3216 2269 possunt;
3263 2200 3385 2270 quia
3430 2199 3719 2256 noluerunt

2127 2293 2394 2362 meditari,
2413 2301 2701 2363 antequam
2726 2292 2954 2357 veniret,
2977 2301 3031 2347 et
3059 2300 3242 2348 tenere
3265 2292 3406 2363 quod
3428 2300 3719 2348 venturum

2127 2390 2262 2439 erat.

2197 2473 2253 2527 2.
2292 2473 2443 2530 Nunc
2474 2488 2624 2545 ergo.
2653 2474 2861 2541 fratres,
2889 2473 3232 2530 exhortamur
3271 2488 3365 2529 vos
3391 2482 3449 2529 ut
3482 2472 3717 2532 laudetis

2128 2564 2320 2631 Deum;
2342 2576 2396 2622 et
2421 2565 2524 2622 hoc
2551 2575 2633 2622 est
2659 2566 2801 2637 quod
2831 2567 2984 2623 nobis
3012 2566 3200 2623 omnes
3230 2567 3479 2634 dicimus,
3495 2568 3720 2638 quando-

2127 2655 2856 2721 dieimus,Alleluia.—Laudate
2868 2657 3151 2713 Dominum
3161 2658 3311 2723 ,dieis
3324 2666 3376 2713 tu
3391 2658 3566 2724 alteri,
3580 2658 3721 2714 dicit

2128 2749 2243 2819 ipse
2278 2749 2369 2805 tibi
2394 2767 2407 2803 :
2431 2764 2552 2806 cum
2594 2764 2654 2807 se
2681 2765 2868 2807 omnes
2890 2751 3271 2822 exhortantur,
3298 2768 3487 2810 omnes
3510 2753 3719 2809 faciunt

2128 2841 2268 2910 quod
2296 2841 2594 2897 hortantur.
2621 2841 2726 2899 Sed
2748 2843 2958 2899 laudate
2976 2843 3045 2899 de
3065 2845 3189 2900 totis
3208 2843 3421 2910 vobis‘;
3453 2844 3514 2900 id
3525 2854 3627 2911 est,
3655 2855 3721 2899 ut

2128 2948 2238 2989 non
2261 2934 2372 2989 sola
2389 2934 2565 3006 lingua
2590 2942 2644 2990 et
2667 2951 2770 2990 vox
2796 2946 2973 2992 vestra
2995 2936 3171 2992 laudet
3192 2937 3380 3003 Deum,
3399 2937 3494 2993 sed
3515 2946 3567 2992 ct
3583 2952 3712 2992 cono

2128 3024 2349 3081 scientia
2369 3034 2564 3093 vestra,
2586 3025 2691 3082 vita
2707 3034 2903 3095 vestra,
2926 3027 3059 3084 facta
3080 3036 3279 3084 vestra.
3304 3027 3514 3084 Etenim
3532 3028 3716 3083 lauda—

2129 3133 2249 3173 mus
2263 3118 2421 3173 modo
2432 3117 2483 3174 in
2495 3120 2714 3176 ecclesia
2727 3121 2941 3193 quando
2950 3136 3477 3192 congregamur;cum
3490 3121 3713 3192 quisque

2129 3208 2356 3265 discedit
2377 3210 2442 3266 ad
2483 3212 2694 3281 propria
2715 3254 2730 3279 ,
2758 3214 2906 3283 quasi
2936 3220 3112 3269 cessat
3136 3211 3352 3269 laudare
3382 3214 3565 3269 Deum.
3593 3213 3708 3267 Non

2129 3310 2302 3357 cesset
2333 3300 2472 3357 bene
2523 3302 2701 3358 vivere
2724 3344 2738 3368 ,
2762 3312 2817 3358 et
2857 3318 3069 3373 semper
3118 3303 3294 3358 laudat
3351 3303 3537 3359 Deum.
3561 3302 3714 3358 Tunc

2127 3391 2329 3447 desinis
2369 3392 2587 3448 laudare
2628 3394 2792 3448 Deum
2816 3435 2830 3459 ,
2865 3393 3077 3463 quando
3116 3409 3144 3447 a
3176 3393 3374 3464 iustitia
3398 3401 3491 3457 ,et
3531 3393 3599 3449 ab
3643 3409 3716 3449 eo

2126 3482 2268 3552 quod
2290 3482 2365 3538 illi
2390 3482 2579 3552 placet,
2603 3484 2859 3540 decliuas.
2887 3485 3015 3538 Nam
3035 3484 3080 3538 si
3107 3500 3136 3538 a
3157 3485 3264 3539 vita
3284 3484 3422 3539 bona
3437 3500 3716 3556 nunquam

2127 3572 2393 3638 declines;
2425 3573 2603 3641 IEngua
2633 3583 2721 3627 tua
2752 3582 2889 3628 tacet
2913 3614 2928 3637 ,
2956 3577 3062 3627 vita
3091 3584 3177 3629 tua
3203 3575 3399 3630 clamat
3429 3592 3443 3640 ;
3469 3586 3521 3630 et
3550 3592 3711 3632 aures

2128 3661 2226 3716 Dei
2268 3661 2335 3717 ad
2374 3677 2469 3717 cor
2510 3673 2674 3716 tuum.
2704 3663 2981 3735 Quomodo
3025 3664 3165 3717 enim
3205 3679 3363 3719 aures
3404 3674 3602 3721 nostra:
3639 3667 3709 3721 atl

2126 3767 2286 3809 voces
2313 3761 2524 3809 nostras
2544 3794 2558 3819 ,
2588 3755 2664 3808 sic
2690 3769 2847 3809 aures
2876 3754 2966 3809 Dei
2996 3753 3062 3808 ad
3095 3754 3445 3825 cogitationes
3474 3763 3704 3810 nostras.

2124 3845 2239 3900 Non
2268 3853 2442 3914 potest
2460 3855 2634 3899 autem
2667 3844 2777 3900 fieri
2810 3855 2865 3899 ut
2884 3844 3075 3900 habeat
3094 3844 3228 3899 mala
3253 3844 3409 3909 facta,
3434 3846 3523 3916 qui
3546 3845 3707 3901 habet

2125 3936 2292 3993 bonas
2320 3938 2688 4007 cogitationes.
2720 3937 2877 3991 Facta
2906 3936 3047 3992 enim
3078 3937 3145 3991 de
3172 3938 3488 4007 cogitatione
3515 3953 3707 4008 prece-

2124 4027 2294 4094 dunt;
2324 4043 2424 4084 nec
2448 4029 2723 4099 quisquam
2751 4036 2927 4098 potest
2947 4027 3144 4097 aliquid
3175 4028 3370 4092 facere,
3400 4037 3492 4084 aut
3517 4028 3584 4083 ad
3606 4029 3707 4084 ali-

2123 4121 2248 4192 quid
2276 4119 2572 4176 l‘aciendum
2598 4120 2834 4175 membra
2866 4134 3083 4175 movere
3102 4161 3117 4185 ,
3143 4119 3242 4174 nisi
3272 4120 3444 4190 primo
3475 4135 3704 4190 pra'ces-

2123 4214 2253 4268 serit
2272 4212 2443 4282 jnssio
2463 4210 2795 4281 cogitationis
2817 4229 2830 4264 :
2850 4209 3119 4281 quomodo
3139 4209 3206 4265 de
3228 4210 3464 4268 interiori
3483 4211 3701 4280 palatio.

2123 4303 2377 4374 quidquid
2393 4303 2612 4374 jusserit
2635 4302 2946 4371 Imperator,
2976 4316 3071 4370 per
3093 4301 3374 4370 imperium
3400 4302 3704 4357 Romanum

2120 4404 2335 4453 emanat
2352 4437 2366 4458 ,
2388 4394 2642 4466 quidquid
2666 4393 2856 4450 videtis
2880 4393 2960 4464 agi
2992 4408 3088 4463 per
3116 4393 3435 4463 provincias.
3462 4392 3703 4460 Quantus

2119 4496 2297 4542 motus
2324 4486 2380 4541 fit
2406 4485 2473 4541 ad
2505 4501 2661 4541 unam
2679 4485 2974 4555 jussionem
2995 4485 3335 4556 Imperatoris
3355 4484 3495 4540 intus
3511 4484 3704 4540 seden-

2122 4577 2234 4633 tis?
2258 4576 2430 4632 Movet
2458 4577 2627 4631 solum
2656 4576 2745 4632 ille
2771 4576 2907 4631 labia
2931 4618 2946 4639 ,
2974 4589 3094 4631 cum
3123 4574 3394 4645 loquitur;
3424 4583 3480 4629 et
3516 4589 3703 4631 move-

2122 4678 2209 4725 tur
2236 4669 2409 4725 omnis
2439 4667 2704 4739 provincia
2730 4708 2748 4733 ,
2768 4683 2889 4723 cum
2917 4666 2975 4723 fit
3001 4666 3141 4738 quod
3164 4666 3416 4737 loquitur.
3449 4665 3539 4722 Sic
3565 4673 3620 4722 et
3648 4666 3703 4721 in

2120 4779 2439 4834 unoquoque
2487 4761 2760 4816 hominum
2792 4761 2934 4814 intus
2972 4769 3055 4814 est
3099 4760 3429 4829 imperator,
3457 4758 3511 4814 in
3540 4758 3704 4814 cordo

2119 4856 2271 4912 sedet
2299 4872 2313 4909 :
2341 4856 2383 4909 si
2413 4854 2584 4908 bonus
2607 4853 2743 4907 bona
2762 4852 2932 4921 jubet,
2962 4852 3096 4906 bona
3126 4850 3277 4917 ﬁunt;
3299 4852 3343 4907 si
3373 4851 3546 4906 malus
3564 4851 3705 4906 mala

2115 4947 2287 5018 jubet,
2310 4946 2446 5001 mala
2479 4946 2630 4999 fiunt.
2659 4944 2790 4998 Cum
2818 4942 2885 4997 ibi
2912 4943 3062 4998 sedet
3083 4940 3353 5010 Christus,
3371 4943 3499 5015 quid
3529 4952 3707 5013 potest

2114 5038 2324 5109 jubere,
2348 5037 2448 5091 nisi
2477 5035 2658 5090 bona?
2682 5034 2813 5090 Cum
2838 5034 3072 5103 possidet
3094 5033 3359 5102 diabolus,
3381 5034 3504 5104 quid
3528 5044 3706 5104 potest

2115 5129 2305 5198 jubere
2327 5169 2342 5194 ,
2375 5127 2475 5180 nisi
2504 5126 2679 5180 mala?
2704 5124 2761 5179 In
2794 5134 2892 5179 tuo
2909 5134 3088 5182 autem
3115 5125 3337 5182 arbitrio
3366 5125 3509 5182 Deus
3532 5128 3553 5157 ³
3582 5140 3706 5181 esse

2121 5223 2306 5289 voluit,
2327 5221 2410 5277 cui
2437 5236 2593 5292 pares
2619 5221 2823 5285 locum,
2860 5220 3001 5288 Deo,
3031 5233 3097 5275 an
3123 5219 3336 5276 diabolo
3360 5234 3519 5275 zeum
3545 5233 3701 5290 para-

2121 5313 2262 5368 veris
2284 5353 2300 5378 ,
2332 5314 2419 5382 qui
2445 5310 2774 5382 possidebit,
2801 5310 2914 5380 ipse
2939 5310 3240 5380 imperabit.
3265 5310 3403 5380 Ergo
3423 5351 3437 5374 ,
3466 5309 3657 5365 fratres
3682 5353 3699 5378 ,

2121 5421 2228 5459 non
2258 5412 2460 5457 tantum
2488 5401 2552 5455 ad
2578 5417 2767 5457 sonum
2790 5400 3050 5456 attendite
3075 5419 3089 5453 :
3112 5416 3233 5455 cum
3257 5400 3482 5455 laudatis
3508 5401 3697 5466 Deum,

2126 5497 2220 5552 toti
2260 5496 2505 5560 laudate;
2538 5503 2715 5549 cantet
2738 5509 2840 5547 vox
2866 5532 2881 5559 ,
2911 5500 3088 5548 cantet
3115 5492 3217 5546 vita
3242 5531 3258 5559 ,
3286 5502 3500 5547 cantent
3540 5494 3698 5548 facta.
3746 5526 3757 5549 τ

2189 5656 2302 5703 ‘Sic
2338 5661 2445 5702 Mss.
2479 5661 2533 5701 Al.
2570 5660 2667 5700 Am.
2708 5659 2759 5700 et
2793 5658 2923 5699 I.ov.:
2960 5649 3051 5697 sed
3084 5647 3277 5697 laudate
3315 5646 3423 5709 totis
3467 5647 3601 5709 rotis,
3645 5647 3701 5698 id

2126 5723 2211 5773 est,
2241 5724 2335 5765 etc.
2361 5722 2453 5763 t~'.r.:
2477 5712 2567 5763 Sed
2594 5712 2787 5762 laudate
2812 5710 2919 5761 totis
2938 5709 3071 5773 rotis,
3097 5709 3157 5759 de
3177 5709 3283 5759 totis
3308 5708 3450 5768 rubis,
3478 5718 3572 5761 etc.

2194 5781 2215 5811 ⁸
2238 5778 2369 5839 ωδ..
2394 5784 2437 5826 te
2455 5788 2554 5827 esse
2580 5772 2737 5826 voluit.
2764 5772 3009 5834 t'articula,
3047 5779 3108 5834 te,
3134 5773 3270 5823 abest
3293 5784 3321 5822 a
3343 5778 3448 5822 Mss.
3499 5809 3511 5816 .
