4082 6204
379 309 403 364 Ι
414 304 517 365 9'59

374 425 487 480 Etsi
517 430 602 479 est
627 421 802 478 adhuc
821 420 1050 492 gemitus
1071 459 1085 485 ,
1111 418 1382 476 tribulatio
1406 459 1421 484 ,
1453 416 1677 474 tentatio
1701 433 1717 485 ;
1746 423 1957 489 sperate

372 516 658 571 transitura
702 514 919 579 omnia,
944 522 1001 568 et
1041 511 1190 567 illum
1218 518 1499 566 venturum
1530 509 1670 565 diem
1713 522 1819 579 quo
1844 508 1959 562 sine

370 607 583 663 defectu
634 605 989 661 laudabimus.
1042 604 1184 660 Ecce
1230 604 1332 661 iste
1382 604 1657 674 psalmus,
1703 602 1957 673 quoniam

369 697 683 752 manifestus
721 705 802 750 est
825 738 839 761 ,
874 695 1170 751 currendus
1198 703 1279 751 est
1308 695 1482 749 nobis.
1516 692 1790 749 Distribuit
1813 693 1953 747 enim

368 789 671 843 universam
699 797 998 843 creaturam
1033 787 1340 843 laudantem
1371 788 1534 843 Deum
1560 828 1577 855 ,
1608 795 1662 842 et
1704 795 1953 857 tanquam

367 879 614 934 hortatur
640 889 696 933 ut
723 878 922 943 laudet,
950 879 1101 949 quasi
1133 879 1398 933 invenerit
1423 886 1705 933 tacentem.

440 974 493 1027 5.
544 972 774 1026 Laudato
800 972 1073 1027 Dominum
1101 973 1164 1027 de
1191 972 1347 1025 artis.
1379 970 1539 1038 Quasi
1580 970 1841 1026 invenerit
1870 979 1951 1025 ta-

364 1074 548 1121 centes
574 1066 625 1119 in
648 1066 798 1120 caelis
820 1065 1028 1119 laudem
1055 1063 1286 1129 Domini,
1318 1062 1631 1119 exhortatur
1655 1070 1714 1117 ut
1736 1068 1955 1131 surgant

364 1166 421 1211 et
446 1156 665 1211 laudent
723 1156 1006 1225 Nunquam
1047 1155 1285 1211 crelestia
1318 1154 1499 1208 laudes
1537 1152 1841 1208 Conditoris
1869 1152 1950 1206 sui

364 1256 675 1312 tacuerunt,
704 1262 972 1317 nunquam
1011 1247 1280 1309 terrestria
1312 1246 1480 1301 Deum
1518 1244 1736 1299 laudare
1773 1258 1951 1298 cessa-

360 1352 507 1397 runt.
549 1340 655 1397 Sed
692 1341 847 1410 plane
888 1349 1012 1394 sunt
1056 1338 1298 1408 quaedam
1329 1353 1446 1408 qua:
1475 1336 1674 1391 habent
1705 1336 1949 1405 spiritum

362 1432 611 1487 laudandi
644 1432 809 1486 Deum
838 1432 890 1484 in
917 1445 982 1484 eo
1006 1428 1197 1485 affectu
1228 1443 1330 1498 quo
1351 1428 1428 1483 eis
1454 1428 1626 1497 placet
1657 1428 1814 1482 Deus.
1846 1425 1949 1482 Ne-

360 1540 451 1580 mo
475 1526 617 1580 enim
640 1524 850 1590 laudat,
884 1523 985 1577 nisi
1013 1519 1153 1593 quod
1183 1522 1230 1577 ei
1260 1522 1451 1591 placet.
1481 1519 1616 1576 Sunt
1637 1527 1816 1574 autem
1845 1519 1945 1573 alia

360 1631 481 1685 qua:
505 1615 750 1685 spiritum
772 1615 891 1668 vita:
916 1622 970 1669 et
993 1613 1320 1668 intellectum
1343 1610 1411 1665 ad
1432 1609 1751 1664 laudandum
1778 1609 1945 1663 Deum

359 1720 467 1760 non
497 1705 731 1772 habent,
759 1704 854 1760 sed
884 1704 1006 1775 quia
1027 1713 1079 1758 et
1102 1704 1213 1773 ipsa
1245 1701 1381 1756 bona
1403 1709 1525 1755 sunt
1554 1741 1566 1763 ,
1595 1709 1648 1753 et
1675 1699 1727 1753 in
1758 1698 1945 1753 ordine

359 1812 458 1852 suo
487 1798 689 1867 integre
712 1795 968 1866 distiosita
992 1836 1005 1861 ,
1034 1802 1088 1849 et
1112 1792 1176 1847 ad
1210 1791 1652 1862 pulchritudinem
1683 1789 1943 1843 universi-

361 1888 482 1943 tatis
525 1885 870 1951 referuntur,
895 1901 1052 1955 quam
1094 1882 1330 1938 condidit
1372 1881 1546 1945 Deus;
1576 1882 1687 1951 ipsa
1729 1877 1942 1948 quidem

358 1993 458 2048 per
485 1992 543 2033 se
567 1992 698 2032 voce
722 1992 816 2031 sua
840 1986 892 2030 et
912 1975 1075 2031 corde
1102 1988 1200 2028 suo
1226 1988 1332 2028 non
1363 1968 1583 2026 laudant
1607 1970 1775 2025 Deum
1802 1987 1814 2033 ;
1848 1968 1943 2024 sed

358 2086 479 2127 eum
506 2072 573 2127 ab
594 2069 1008 2141 intelligentibus
1029 2067 1457 2131 considerantur,
1486 2080 1581 2136 per
1610 2064 1719 2133 ipsa
1753 2061 1940 2116 lauda-

356 2163 513 2218 datur
546 2162 718 2227 Deus;
743 2170 941 2216 etcum
967 2175 1062 2230 per
1088 2159 1201 2230 ipsa
1224 2156 1472 2213 laudatur
1500 2141 1677 2220 Deus,
1706 2154 1939 2227 quodam

354 2253 516 2309 modo
558 2261 614 2309 et
656 2252 768 2323 ipsa
797 2252 1015 2307 laudant
1054 2251 1240 2305 Deum.
1285 2248 1442 2304 Verbi
1485 2247 1653 2318 gratia
1676 2288 1693 2313 ,
1724 2244 1941 2301 laudant

355 2344 523 2400 Deum
569 2345 622 2399 in
655 2344 791 2400 creto
826 2343 1005 2398 omnia
1049 2356 1169 2412 quae
1208 2340 1403 2395 habent
1433 2337 1677 2409 spiritum
1713 2338 1855 2405 vitae,
1884 2346 1939 2392 et

353 2436 677 2491 intellectum
702 2447 892 2504 purum
915 2432 982 2488 ad
1006 2447 1127 2488 eum
1148 2429 1621 2500 contemplandum
1640 2438 1694 2484 et
1720 2429 1835 2484 sine
1852 2427 1937 2481 fa-

351 2527 511 2582 stidio
539 2534 594 2582 et
616 2525 826 2582 defectu
852 2524 1197 2595 diligendum.
1222 2522 1466 2578 Laudant
1487 2531 1664 2576 autem
1690 2521 1853 2575 Deum
1881 2521 1935 2575 in

350 2629 489 2674 terra
530 2633 624 2689 per
662 2618 988 2674 intellectum
1026 2614 1364 2672 discernendi
1395 2615 1591 2670 bonum
1612 2622 1671 2668 et
1697 2613 1890 2667 malum
1915 2652 1931 2679 ,

346 2726 447 2782 per
469 2711 791 2766 intellectum
820 2707 1175 2780 cognoscendi
1202 2715 1501 2763 creaturam
1526 2713 1582 2760 et
1601 2704 1929 2767 Creatorem,

348 2802 593 2856 homines
641 2800 728 2870 qui
771 2800 869 2854 ista
909 2799 1177 2869 cogitant,
1207 2797 1405 2868 quibus
1453 2795 1636 2850 tribuit
1677 2793 1931 2850 Dominus

350 2900 584 2947 mentem
612 2887 952 2945 discernendi
978 2888 1108 2955 ista,
1137 2886 1438 2943 delectandi
1473 2896 1629 2955 atque
1659 2883 1928 2938 laudandi.

348 2983 604 3039 Homines
651 2989 872 3054 possunt
916 3000 928 3036 :
970 2996 1161 3052 pecora
1210 2978 1464 3050 numquid
1516 2977 1714 3032 habent
1742 2975 1928 3046 hujus-

353 3075 497 3131 modi
524 3075 884 3131 intellectum?
914 3072 969 3130 Si
994 3072 1249 3129 haberent
1273 3071 1575 3141 huiusmodi
1598 3069 1927 3125 intellectum

346 3184 558 3241 pecora,
576 3187 689 3225 non
711 3169 863 3225 nobis
884 3170 1082 3225 diceret
1103 3168 1274 3223 Deus:
1302 3165 1474 3220 Nolite
1501 3181 1607 3219 esse
1624 3165 1754 3218 sicut
1773 3179 1928 3234 equus

345 3274 391 3318 et
435 3266 619 3331 mutus,
650 3264 831 3333 quibus
876 3278 977 3316 non
1023 3269 1094 3314 est
1131 3259 1413 3314 intellectus
1440 3256 1612 3327 (Psat.
1659 3255 1924 3326 xxxr,9).

342 3356 567 3423 Quando
591 3356 831 3409 hortatur
855 3369 951 3409 nos
974 3361 1031 3407 ut
1058 3367 1164 3408 non
1191 3353 1358 3407 simus
1384 3351 1521 3405 sicut
1542 3365 1735 3420 pecora
1765 3390 1781 3417 ,
1810 3349 1927 3403 sine

344 3446 621 3502 intellectu
644 3485 657 3509 ,
689 3444 923 3499 ostendit
962 3443 1116 3498 nobis
1159 3442 1281 3511 quia
1313 3440 1514 3495 homini
1559 3439 1743 3495 tribuit
1772 3439 1927 3495 intel-

343 3539 536 3593 lectum
580 3537 646 3591 ad
678 3535 999 3592 laudandum
1048 3534 1236 3589 Deum.
1268 3532 1502 3588 Arbores
1545 3531 1802 3602 numquid
1841 3531 1926 3587 vel

341 3633 503 3685 vitam
536 3631 705 3700 ipsam
737 3629 1079 3699 hubenl,’qua
1108 3627 1340 3683 sentiant
1369 3625 1506 3682 sicut
1532 3625 1768 3695 pecora?
1793 3625 1923 3681 Nam

338 3734 531 3791 pecora
556 3762 571 3787 ,
604 3720 703 3775 etsi
734 3734 951 3775 sensum
981 3718 1289 3774 interiorem
1332 3716 1647 3773 rationalem
1688 3725 1744 3773 et
1771 3732 1924 3774 men-

341 3824 448 3868 tem
492 3812 870 3882 intclligentem
915 3821 1076 3880 atque
1119 3808 1511 3865 discernentem
1537 3822 1645 3863 non
1681 3807 1920 3875 habent,

341 3920 501 3976 quam
526 3904 688 3958 homo
714 3903 894 3969 habet,
922 3913 981 3957 ut
1009 3901 1230 3958 laudent
1259 3902 1426 3957 Deum
1454 3917 1469 3955 :
1506 3899 1704 3957 habent
1745 3908 1923 3957 tamen

340 3997 501 4051 vitam
528 3992 861 4050 manifestam
881 4035 896 4060 ,
919 3993 1058 4049 sicut
1079 4006 1267 4048 omnes
1297 3990 1541 4047 novimus
1567 3992 1608 4059 ί,
1640 3990 1925 4062 appetendi

342 4088 542 4154 cibum,
573 4088 723 4143 utilia
753 4086 1022 4153 sumendi,
1051 4085 1208 4142 noxia
1240 4085 1526 4156 respuendi
1551 4101 1565 4151 ;
1589 4099 1779 4140 sensus
1799 4100 1924 4141 cor-

346 4182 541 4250 poralia
582 4179 959 4247 discernendi;
988 4180 1158 4234 visum
1203 4178 1269 4233 ad
1307 4177 1518 4234 colores
1546 4218 1562 4244 ,
1592 4178 1827 4234 auditum
1857 4178 1925 4234 ad

342 4290 521 4339 voces,
552 4274 802 4329 olfactnm
829 4273 896 4327 ad
924 4272 1137 4340 odores,
1167 4279 1431 4342 gustatum
1459 4271 1523 4325 ad
1550 4285 1788 4341 sapores,
1813 4286 1927 4325 mo-

341 4376 428 4421 tus
472 4366 556 4420 vel
592 4365 984 4435 advolnptates
1008 4382 1023 4427 ;
1051 4363 1187 4418 vela
1218 4363 1475 4417 molestiis
1505 4364 1548 4417 ⁸.
1580 4360 1925 4431 Intelligimus

343 4460 475 4525 haec,
505 4468 558 4514 et
580 4457 820 4517 videmus
845 4465 968 4512 ante
996 4456 1180 4511 oculos
1208 4463 1439 4512 nostros.
1466 4454 1582 4509 Non
1613 4454 1809 4510 habent
1836 4468 1925 4508 ra-

341 4553 541 4606 tionem
573 4547 917 4619 intelligendi;
939 4546 1034 4602 sed
1062 4546 1256 4600 habent
1281 4544 1522 4615 spiritum
1548 4546 1788 4615 corporis
1812 4545 1927 4600 ani-

340 4643 491 4705 mati,
516 4651 569 4698 et
593 4642 754 4696 vitam
784 4638 1117 4694 manifestam
1146 4654 1160 4691 :
1189 4636 1406 4691 arbores
1426 4645 1601 4691 autem
1631 4652 1729 4693 nec
1758 4638 1923 4707 ipsam

342 4734 560 4796 habent;
584 4743 639 4787 et
658 4741 833 4787 tamen
855 4730 1031 4786 omnia
1063 4728 1276 4785 laudant
1303 4729 1491 4783 Deum.
1511 4728 1686 4795 Quare
1713 4727 1926 4783 laudant

342 4822 721 4891 DeumiQuia
769 4837 890 4877 cum
946 4822 1369 4908 ista'videmns,
1422 4830 1476 4876 et
1527 4821 1927 4877 consideramus

341 4919 650 4972 Creatorem
682 4913 772 4986 qui
797 4929 858 4969 ea
889 4913 1033 4981 fecit,
1061 4913 1127 4968 de
1156 4914 1260 4968 illis
1288 4912 1518 4968 nascitur
1548 4913 1601 4966 in
1631 4913 1783 4967 nobis
1812 4912 1926 4968 laus

343 5009 440 5064 Dei
464 5026 478 5074 ;
506 5018 559 5064 et
601 5023 720 5062 cum
752 5006 985 5076 ipsorum
1015 5005 1443 5060 consideratione
1472 5003 1715 5058 laudatur
1744 5004 1882 5057 Deus
1907 5044 1923 5069 ,

344 5100 527 5155 omnia
559 5096 777 5154 laudant
800 5097 987 5152 Deum.
1019 5094 1195 5165 Coepit
1216 5111 1343 5165 ergo
1372 5096 1470 5150 iste
1509 5095 1575 5149 de
1617 5093 1754 5149 cmlo
1778 5112 1792 5149 :
1816 5094 1926 5149 lan-

346 5192 476 5247 dant
504 5192 680 5249 omnia
707 5233 721 5257 ,
751 5199 807 5246 et
830 5188 959 5245 dicit
977 5230 991 5256 ,
1020 5187 1268 5242 Laudate.
1299 5188 1496 5254 Quare,
1525 5202 1643 5241 cum
1672 5186 1885 5243 laudent
1908 5227 1923 5253 ,

347 5286 494 5351 dicit,
519 5284 785 5338 Laudatc?
804 5282 936 5350 Quia
957 5280 1252 5337 delectatus
1274 5280 1421 5334 estin
1444 5294 1509 5334 eo
1529 5280 1668 5348 quod
1691 5279 1923 5345 laudant,

348 5388 402 5433 et
430 5379 621 5447 placuit
649 5378 697 5432 ei
723 5375 873 5445 quasi
903 5375 1190 5445 adjungere
1212 5373 1563 5427 hortationem
1592 5357 1762 5427 suam:
1785 5372 1928 5440 Quo-

351 5471 511 5525 modo
540 5470 583 5525 si
612 5470 795 5524 vcnias
820 5468 888 5521 ad
914 5467 1155 5521 homines
1185 5466 1380 5521 bonum
1410 5464 1621 5534 aliquod
1648 5474 1928 5534 operantes

352 5577 474 5616 cum
494 5561 706 5630 gaudio,
740 5561 851 5614 sive
881 5558 934 5612 in
961 5557 1137 5621 vinea,
1171 5557 1279 5611 sive
1306 5557 1356 5608 in
1384 5569 1586 5621 messe,
1619 5554 1731 5609 sive
1753 5555 1802 5609 in
1830 5556 1928 5609 ali-

417 5700 434 5732 ¹
462 5704 589 5751 Mss,
614 5696 759 5760 vitant
778 5693 1056 5760 (manifesta
1079 5698 1164 5760 est,
1191 5689 1421 5760 norimus)
1445 5689 1717 5753 apprtcndt',
1738 5698 1830 5760 etc.

423 5761 443 5793 ι
477 5760 549 5810 sic
573 5764 677 5805 Mss.
696 5752 809 5805 Edd.
836 5752 1018 5815 autem,
1053 5755 1123 5804 ret
1145 5753 1210 5804 ad
1230 5752 1467 5804 molestias
1490 5752 1853 5815 cognoscendas.

1618 302 1675 359 S.
1715 297 2081 359 AUGUSTINI
2122 300 2421 360 EPISCOPI

3518 311 3661 371 {950

2068 431 2172 486 qua
2219 417 2569 488 agricultura;
2601 419 2774 490 placet
2812 410 2928 479 tibi.
2952 421 3096 494 quod
3143 422 3380 492 faciunt,
3408 435 3457 479 et
3481 425 3654 494 dicis,

2062 509 2275 577 Facite,
2306 511 2445 583 agite
2474 530 2488 567 :
2518 527 2625 569 non
2664 522 2721 569 ut
2748 523 2870 570 tunc
2897 514 3153 586 incipiant
3193 515 3368 572 facere
3392 558 3409 583 ,
3437 519 3655 588 quando

2062 600 2214 667 dicis;
2237 601 2331 657 sed
2356 603 2479 674 quia
2501 604 2674 675 placet
2699 605 2789 661 tibi
2815 606 2954 677 quod
2972 605 3224 663 facientes
3251 607 3539 673 inveneris,
3557 610 3654 664 ad-

2056 694 2236 766 jungis
2264 688 2672 766 gratulationem
2700 708 2755 754 et
2779 698 3200 755 exhortationem
3224 709 3389 754 tuam.
3415 700 3652 756 Dicendo

2061 788 2236 855 enim,
2270 789 2451 846 Facite
2476 832 2489 857 ,
2518 800 2572 847 et
2618 791 2949 848 exhortando
2984 791 3238 848 facientes
3264 834 3280 858 ,
3326 801 3452 848 voto
3493 795 3649 863 quasi

2060 879 2188 938 facis
2214 896 2333 937 cum
2356 882 2477 938 illis.
2509 882 2566 938 In
2586 884 2683 939 hac
2703 898 2831 954 ergo
2847 883 3213 939 exhortatione
3233 884 3423 953 plenus
3447 883 3650 954 Spiritu

2059 971 2324 1043 Propheta
2345 973 2473 1028 dicit
2495 973 2631 1030 haec.

2128 1066 2182 1120 4.
2230 1066 2296 1121 Ει
2336 1065 2579 1123 Psalmus
2623 1077 2704 1123 est
2731 1066 2909 1138 Aggwi
2948 1075 2992 1121 et
3022 1064 3289 1124 Zachariae
3320 1083 3338 1121 :
3364 1067 3442 1122 sic
3474 1067 3647 1122 habet

2061 1157 2291 1212 titulum.
2326 1157 2412 1212 Isti
2437 1157 2544 1212 duo
2582 1158 2883 1229 prophetas,
2911 1173 2978 1214 eo
3000 1167 3239 1237 tempore
3265 1174 3370 1229 quo
3398 1159 3644 1237 captivus

2058 1247 2285 1318 populus
2316 1248 2597 1304 tenebatur
2640 1248 2694 1303 in
2724 1247 3012 1320 Babylonia
3035 1232 3063 1316 ,⁷
3098 1247 3485 1319 prephetabant
3523 1232 3636 1319 jam

2056 1338 2293 1394 futurum
2326 1339 2487 1395 finem
2536 1340 2891 1408 captivitatis,
2938 1348 2997 1394 ut
3037 1350 3431 1395 restauraretur
3454 1341 3642 1395 civitas

2054 1431 2349 1487 Jerusalem
2384 1430 2426 1504 (Ι
2456 1431 2636 1487 Eadm:
2664 1449 2697 1487 v
2722 1475 2736 1494 .
2767 1434 2817 1499 l,
2851 1432 2885 1486 2
2910 1449 2924 1498 ;
2953 1441 3001 1487 et
3029 1447 3080 1487 vr
3105 1474 3120 1500 ,
3152 1432 3240 1501 14)
3266 1471 3282 1499 ,
3334 1448 3453 1504 qua:
3496 1431 3640 1487 bello

2053 1524 2335 1579 ceciderat.
2378 1524 2820 1596 Signiﬁcaverunt
2844 1538 2970 1597 ergo
2997 1524 3154 1580 nobis
3181 1524 3231 1578 in
3264 1524 3519 1596 mysterio
3550 1523 3636 1578 vi-

2052 1623 2159 1669 tam
2193 1616 2441 1682 futuram,
2471 1617 2558 1673 ubi
2584 1617 2915 1672 laudabimus
2933 1617 3101 1672 Deum
3128 1623 3251 1686 post
3268 1616 3634 1687 captivitatem

2053 1708 2174 1762 vita:
2223 1709 2538 1778 praesentis;
2598 1707 2685 1762 ubi
2735 1708 2839 1763 erit
2882 1706 3156 1762 innovatio
3210 1707 3440 1761 civitatis
3489 1705 3637 1760 illius

2052 1815 2256 1870 magnre
2282 1801 2576 1856 Jerusalem
2610 1799 2748 1855 unde
2776 1797 3045 1871 peregrini
3071 1798 3430 1867 suspiramus,
3459 1794 3635 1867 capti-

2050 1895 2154 1947 vati
2185 1893 2362 1948 adhuc
2390 1892 2489 1948 sub
2531 1907 2698 1948 onere
2735 1899 2790 1947 et
2824 1891 3036 1946 sarcina
3079 1889 3319 1959 corporis
3353 1886 3593 1943 mortalis
3612 1886 3639 1953 ;'

2050 1984 2191 2039 unde
2219 1983 2393 2038 adhuc
2430 1983 2695 2053 gemimus
2734 1983 2788 2038 in
2829 1981 3290 2052 peregrinatione,
3338 1978 3633 2034 exsultabi-

2047 2080 2169 2132 inus
2191 2085 2370 2132 autem
2398 2076 2448 2130 in
2474 2075 2664 2147 patria.
2711 2073 2812 2141 Qui
2849 2082 3026 2128 autem
3057 2086 3162 2127 non
3201 2069 3367 2142 gemit
3392 2069 3635 2139 peregri-'

2046 2182 2165 2234 nus,
2196 2182 2301 2222 non
2329 2167 2579 2235 gaudebit
2603 2165 2734 2221 civis
2758 2180 2772 2230 ;
2818 2165 2941 2235 quia
2968 2162 3292 2218 desiderium
3317 2176 3423 2215 non
3464 2166 3546 2215 est
3572 2159 3629 2213 in

2046 2258 2156 2311 illo.
2218 2256 2495 2327 Propheta
2534 2270 2661 2326 ergo
2701 2250 2788 2310 isti
2831 2252 3002 2308 sancti
3034 2266 3280 2321 magnam
3306 2248 3629 2305 consolatio.

2045 2366 2164 2407 nem
2211 2351 2553 2421 praebuerunt
2602 2357 2730 2403 tunc
2766 2346 3038 2416 captivato
3087 2344 3282 2414 populo
3334 2339 3626 2398 secundum

2042 2457 2259 2499 carnem
2282 2483 2298 2508 ,
2328 2441 2381 2495 id
2420 2449 2502 2496 est
2526 2482 2541 2507 ,
2569 2439 2857 2495 constituto
2884 2437 2939 2494 in
2968 2435 3260 2507 Babylonia
3286 2433 3385 2489 sub
3412 2431 3627 2503 regibus

2042 2536 2372 2606 alienigenis.
2414 2532 2782 2589 Ostendebant
2826 2531 2971 2587 enim
3002 2544 3098 2600 per
3129 2525 3465 2600 prophetiam
3491 2566 3508 2592 ,
3549 2522 3631 2578 fu-

2042 2635 2217 2682 turum
2261 2635 2470 2695 tempus
2516 2623 2847 2680 liberationis
2890 2637 2921 2677 a
2958 2620 3305 2691 captivitate,
3356 2617 3625 2671 instaurao

2040 2719 2197 2774 tionis
2222 2716 2538 2774 Jerusalem.
2584 2714 2690 2772 Sed
2721 2714 2810 2769 illa
2830 2713 3015 2769 omnia
3045 2712 3100 2766 in
3128 2709 3293 2782 ﬁgura
3323 2716 3472 2779 gesta
3499 2711 3627 2762 sunt

2038 2812 2082 2885 (Ι
2112 2810 2228 2867 Cor.
2262 2826 2299 2865 x
2324 2852 2339 2877 ,
2365 2810 2418 2880 6)
2446 2826 2461 2876 ;
2504 2809 2700 2864 habent
2726 2809 3004 2863 veritatem
3031 2820 3184 2861 suam
3209 2822 3224 2859 :
3255 2803 3473 2875 figurata
3498 2811 3626 2856 sunt

2037 2904 2089 2958 in
2118 2901 2348 2971 antiquis
2373 2942 2387 2964 ,
2436 2899 2717 2970 praesentia
2757 2896 3111 2954 ostenduntur
3150 2896 3203 2950 in
3242 2894 3418 2952 nobis.
3462 2890 3621 2947 Modo

2035 3009 2164 3064 ergo
2192 2992 2319 3063 quid
2356 2991 2488 3047 dicit
2524 2989 2853 3062 Apostolus?
2907 2988 3164 3056 Quamdiu
3204 3002 3377 3042 sumus
3406 2986 3458 3038 in
3498 3000 3617 3037 cor-

2037 3102 2174 3155 pore,
2210 3083 2589 3155 peregrinantur
2611 3098 2644 3135 a
2672 3076 2892 3136 Domino
2918 3079 2986 3152 (Il
3006 3079 3125 3135 Cor.
3153 3094 3188 3133 v
3208 3120 3222 3145 ,
3256 3076 3334 3149 6).
3366 3075 3619 3132 Nondum

2033 3190 2218 3231 sumus
2247 3175 2300 3230 in
2326 3172 2496 3243 patria
2525 3190 2537 3225 :
2569 3171 2783 3243 quando
2811 3172 3010 3226 erimus
3054 3170 3107 3225 in
3139 3167 3349 3239 patria?
3389 3163 3620 3233 Quando

2036 3265 2486 3338 triumphabirnus
2510 3264 2717 3321 devicto
2744 3264 2960 3319 inimico
2983 3262 3215 3328 diabolo,
3239 3258 3451 3331 quando
3480 3274 3619 3312 mors

2032 3344 2303 3414 novissima
2338 3357 2544 3410 inimica
2581 3355 2863 3409 destruetur
2891 3370 2909 3407 :
2930 3361 3048 3407 tunc
3072 3352 3157 3422 ﬁet
3191 3365 3356 3406 sermo
3380 3350 3465 3419 qui
3488 3348 3618 3403 scri-

2032 3458 2149 3521 ptus
2173 3457 2265 3515 est,
2293 3447 2542 3518 Absorpta
2567 3456 2640 3500 est
2660 3444 2869 3500 mervin
2896 3443 3177 3497 victoriam.
3209 3440 3307 3497 Ubi
3335 3449 3428 3503 est.
3456 3454 3613 3504 mors.

2031 3540 2280 3595 contentio
2319 3538 2445 3593 tua?
2468 3536 2553 3590 ubi
2576 3545 2649 3591 est
2669 3577 2684 3602 ,
2710 3550 2881 3600 more,
2917 3533 3123 3588 aculeus
3153 3542 3267 3585 tuus
3304 3531 3348 3603 (l
3374 3529 3492 3585 Cor.
3520 3544 3612 3595 xv,

2030 3632 2124 3700 26,
2156 3632 2246 3699 54,
2276 3631 2409 3702 55)?
2438 3628 2660 3698 Quando
2681 3643 2808 3698 ergo
2831 3625 2974 3681 nulla
2992 3625 3090 3681 erit
3113 3623 3300 3678 mortis
3318 3621 3609 3687 contentio,

2033 3741 2151 3797 quin
2179 3725 2340 3780 modo
2366 3731 2470 3791 est,
2500 3731 2555 3779 et
2579 3721 2703 3776 facit
2727 3734 2826 3776 nos
2848 3734 3063 3791 gemere
3087 3732 3159 3773 ex
3185 3717 3391 3773 defectu
3415 3724 3467 3771 et
3493 3731 3612 3769 mu-

2032 3818 2289 3873 tabilitate
2315 3830 2514 3880 rerum,
2546 3830 2612 3870 ex
2644 3813 2927 3884 fragilitate
2950 3811 3127 3867 carnis
3157 3810 3403 3864 humana:
3422 3808 3447 3860 Ἰ
3472 3807 3614 3863 Con-

2031 3909 2254 3965 tendunt
2298 3908 2571 3964 nobiscum
2618 3905 2855 3977 quotidie
2886 3903 3242 3965 tentationcs,
3284 3898 3616 3956 contendunt

2031 4001 2270 4072 quotidie
2298 3999 2679 4056 delectationes
2704 4014 2717 4050 :
2740 3996 2839 4051 etsi
2868 4010 2974 4049 non
2994 3992 3411 4056 consentiamus,
3434 4000 3614 4045 tamen

2032 4093 2334 4149 molestiam
2366 4092 2619 4163 patimur,
2651 4096 2705 4143 et
2731 4085 3125 4151 contendimus,
3156 4093 3212 4138 et
3236 4095 3486 4152 magnum
3510 4095 3611 4149 pe-

2032 4187 2256 4243 riculum
2284 4193 2366 4242 est
2395 4199 2463 4240 ne
2490 4182 2579 4254 qui
2608 4180 2880 4238 contendit
2906 4179 3182 4243 vincatur;
3224 4175 3271 4231 si
3295 4182 3472 4229 autem
3500 4186 3612 4227 non

2032 4280 2416 4339 consentiendo
2464 4278 2766 4340 vincamus,
2818 4271 3117 4327 molestiam
3164 4277 3343 4324 tamen
3381 4266 3616 4337 patimur

2031 4373 2333 4431 resistendo
2359 4366 2818 4426 delectationibus.
2846 4364 2962 4418 Non
2988 4369 3166 4417 cessat
3190 4403 3205 4427 ,
3234 4368 3289 4416 et
3317 4373 3423 4413 non
3448 4356 3616 4411 mori-

2037 4476 2121 4520 tur
2142 4465 2333 4530 hostis,
2365 4462 2466 4518 nisi
2493 4460 2545 4514 in
2569 4456 2965 4513 resurrectione
2984 4463 3336 4509 mortuorum.
3358 4449 3465 4506 Sed
3484 4464 3617 4516 prato

2032 4570 2327 4617 sumamus,
2364 4551 2608 4617 fidamus,
2629 4548 2839 4619 erigunt
2858 4561 2956 4602 nos
2976 4546 3200 4615 Aggazus
3217 4553 3271 4599 et
3294 4540 3612 4605 Zacharias;

2037 4653 2254 4703 cantant
2281 4643 2510 4698 futuram
2538 4639 2911 4696 liberationem
2944 4645 3201 4690 nostram.
3232 4633 3287 4689 Si
3319 4632 3392 4686 illi
3417 4631 3615 4701 populo

2032 4746 2397 4804 cantaverunt,
2428 4742 2482 4791 et
2500 4734 2772 4805 impletum
2796 4739 2909 4796 est;
2937 4728 3229 4783 christiano
3256 4724 3454 4797 populo
3470 4722 3615 4793 quod

2032 4840 2315 4897 cantatur,
2362 4843 2470 4884 non
2514 4822 2860 4895 implebitur?
2907 4820 3092 4877 Securi
3133 4827 3307 4875 estote
3338 4835 3351 4871 :
3378 4824 3617 4871 tantum-

2033 4924 2193 4981 modo
2237 4924 2290 4978 in
2336 4922 2435 4976 ista
2483 4916 2911 4991 peregrinatione
2958 4913 3077 4967 vita:
3121 4908 3389 4980 quomodo
3418 4906 3607 4978 agatis.

2033 5015 2213 5070 videte
2245 5015 2282 5067 ¹.
2314 5012 2429 5067 Νοη
2470 5009 2621 5065 vobis
2648 5008 2851 5079 placeat
2877 5019 3031 5060 amor
3056 5001 3385 5073 Babylonizn,
3421 5013 3490 5053 ne
3514 4997 3614 5053 ob-

2034 5105 2349 5162 liviscamini
2380 5103 2646 5158 civitatem
2662 5097 2980 5154 Jerusalem.
3014 5094 3129 5149 Etsi
3155 5103 3351 5163 corpus
3373 5099 3612 5153 vestrum

2034 5201 2209 5256 adhuc
2240 5199 2290 5253 in
2320 5196 2606 5266 Babylonia
2640 5200 2882 5257 tenetur,
2912 5204 3007 5244 eor
3039 5194 3274 5242 vestrum
3302 5182 3367 5239 ad
3396 5181 3617 5238 Jerusa~

2036 5293 2137 5347 lem
2169 5289 2543 5361 prtetnittatur.
2576 5283 2779 5339 Laudet
2806 5284 2827 5314 ¹
2851 5295 2981 5351 ergo
3014 5287 3127 5334 tota
3155 5283 3398 5332 creatura
3429 5272 3611 5328 Domi-

2035 5400 2158 5439 num
2186 5399 2201 5445 ;
2247 5381 2367 5451 quia
2393 5378 2494 5433 hoc
2523 5377 2594 5432 ibi
2625 5374 2816 5431 facturi
2845 5385 3031 5429 sumus
3050 5411 3066 5437 ,
3097 5366 3238 5440 quod
3269 5366 3354 5423 hic
3381 5379 3619 5437 prteme~

2035 5480 2284 5532 ditantur.

2101 5626 2113 5654 ι
2142 5629 2211 5669 Sic
2233 5625 2338 5681 atss.
2369 5612 2577 5681 At_Ftld.,
2596 5623 2688 5681 ηρῃ
2714 5605 3040 5681 {culimurton
3056 5603 3220 5681 ista
3241 5593 3631 5667 peregrinatione

2036 5686 2143 5736 vitm
2167 5668 2326 5741 Itujus,
2352 5678 2439 5728 sed
2461 5668 2697 5741 quanto'tto
2719 5672 2797 5722 hic
2816 5668 2969 5735 agatis
2989 5668 3159 5718 ridete.

2105 5749 2123 5777 ε
2162 5735 2381 5804 murique
2404 5735 2533 5799 Msa,
2560 5735 2743 5787 laudat.
