4082 6204
498 367 629 426 1941

566 483 620 540 5.
653 480 883 538 Laudate
900 480 1173 537 Dominum
1188 477 1251 534 de
1273 475 1443 549 uelis;
1466 474 1671 528 laudate
1694 486 1807 527 eum
1829 469 1881 522 in
1910 463 2066 523 excel-

497 573 590 630 sis.
634 572 814 630 Primo
836 571 902 628 de
920 571 1074 627 caelis
1104 568 1272 635 dicit,
1302 575 1487 638 postea
1513 564 1581 620 de
1608 572 1752 619 terra
1784 579 1798 617 :
1826 558 2072 615 laudatur

448 722 458 732 ,
497 671 639 719 enlm
677 664 817 719 Deus
843 661 931 733 qui
954 661 1079 716 fecit
1105 660 1298 716 ctelum
1330 666 1384 713 et
1404 666 1625 713 terram.
1651 652 1905 710 Coelestia
1928 659 2074 705 tran-

494 754 661 824 quilla
691 760 845 818 sunt,
878 759 1062 821 pacata
1093 758 1245 815 sunt;
1289 748 1359 803 ibi
1389 761 1603 816 semper
1630 743 1899 816 gaudium,
1918 739 2071 797 nulla

499 862 645 901 mors
671 887 686 911 ,
715 845 855 900 nulla
885 842 1146 915 aegritudo
1170 883 1186 909 ,
1217 840 1362 895 nulla
1394 837 1675 903 molestia;
1706 848 1918 905 semper
1952 831 2072 887 lau-

498 936 627 991 dant
663 937 829 990 Deum
860 933 1001 990 beati
1030 946 1172 987 :nos
1193 940 1367 986 autem
1392 928 1566 984 adhuc
1599 928 1781 998 jusum
1819 939 2002 981 sumus
2029 924 2069 989 ¹,

495 1027 587 1083 sed
614 1040 733 1081 cum
750 1026 1053 1093 cogitamus
1095 1022 1360 1093 quomodo
1399 1021 1468 1077 ibi
1507 1019 1755 1075 laudetur
1778 1019 1921 1079 Deus
1942 1058 1956 1081 ,
1979 1030 2073 1071 cor

497 1116 568 1171 ibi
597 1115 883 1171 habeamus
906 1155 920 1179 ,
944 1122 1002 1169 et
1020 1128 1132 1168 non
1162 1104 1279 1169 sine
1305 1126 1464 1168 causa
1493 1111 1772 1168 audiamus
1792 1152 1807 1177 ,
1848 1108 2070 1165 Sursum

486 1205 675 1263 corda.
717 1203 979 1260 Levcmus
1007 1217 1100 1258 cor
1136 1213 1345 1258 sursum
1369 1243 1384 1267 ,
1418 1216 1487 1257 ne
1517 1208 1783 1272 putrescat
1807 1198 1859 1253 in
1888 1206 2029 1253 terra
2053 1212 2068 1263 ;

492 1296 744 1365 quoniam
787 1292 962 1362 placet
1003 1292 1156 1349 nobis
1194 1290 1340 1363 quod
1368 1290 1440 1345 ibi
1470 1299 1632 1360 agunt
1663 1288 1874 1358 Angeli.
1916 1284 2072 1341 Modo

494 1400 593 1441 nos
621 1399 755 1455 spe;
798 1391 984 1453 postea
1012 1398 1109 1450 re,
1152 1397 1273 1438 cum
1314 1381 1442 1437 illuc
1481 1379 1804 1437 venerimus.
1852 1378 2075 1432 Laudate

494 1489 622 1545 ergo
648 1491 760 1529 eum
784 1474 836 1528 in
852 1474 1079 1529 excelsis.

565 1567 618 1621 6.
651 1565 800 1639 [rem
831 1564 973 1639 2-5.]
1002 1565 1230 1623 Laudate
1255 1581 1370 1620 eum
1395 1580 1566 1621 omnes
1589 1563 1771 1635 Angeli
1792 1563 1921 1633 ejus,
1954 1572 2072 1615 tau-

490 1657 611 1711 date
631 1673 742 1710 eum
770 1673 940 1713 anznes
967 1657 1171 1712 virtutes
1195 1657 1323 1727 ejus.
1362 1655 1590 1710 Laudate
1617 1671 1728 1709 eum
1751 1653 1830 1709 sol
1857 1663 1903 1709 et
1929 1653 2072 1721 luna,

497 1747 702 1802 laudate
731 1764 841 1804 eum
871 1765 1039 1807 omnes
1069 1749 1227 1803 stellae
1253 1757 1300 1803 et
1334 1749 1521 1804 lumen.
1570 1747 1800 1801 L'audute
1827 1762 1939 1801 eum
1963 1744 2076 1800 cteli

495 1840 754 1905 certorum,
778 1849 823 1893 et
842 1856 987 1910 aquae
1004 1856 1117 1911 qua!
1139 1857 1289 1910 super
1313 1840 1462 1901 cmlos
1490 1847 1628 1906 sunt,
1657 1839 1865 1895 laudent
1892 1855 2074 1894 nomen

496 1927 725 1982 Domini.
773 1929 997 1999 Quando
1042 1927 1279 1999 explicat
1319 1929 1496 1986 omnia
1548 1928 1910 1984 numerando?
1965 1927 2074 1984 Sed

499 2028 675 2073 tamen
699 2020 1003 2077 summatim
1031 2029 1085 2076 et
1114 2021 1263 2090 quasi
1295 2020 1475 2079 omnia
1501 2020 1829 2089 perstrinxit,
1861 2028 1914 2077 et
1939 2034 2073 2075 con-

504 2107 652 2162 :lusit
679 2109 857 2162 omnia
884 2109 1122 2167 cmlestia
1153 2109 1420 2164 laudantia
1448 2108 1756 2165 Creatorem
1779 2126 1955 2169 suum.

569 2199 620 2252 7.
654 2198 721 2253 Et
758 2200 909 2269 quasi
954 2199 1224 2257 diceretur
1264 2200 1313 2254 ei
1337 2241 1351 2265 ,
1402 2202 1580 2267 Quare
1627 2200 1773 2255 illum
1813 2199 2072 2258 laudant?

495 2288 620 2360 quid
651 2289 726 2345 illi
755 2288 984 2357 debent,
1024 2290 1150 2362 quid
1177 2291 1283 2346 illis
1302 2291 1547 2358 contulit,
1580 2300 1636 2346 ut
1662 2291 1878 2347 laudent
1901 2291 2071 2348 cum?

494 2383 734 2451 sequitur
757 2399 770 2434 :
799 2380 1049 2449 Quoniam
1077 2382 1182 2453 ipse
1207 2382 1354 2446 dixit,
1385 2389 1429 2435 et
1452 2382 1589 2451 facta
1612 2391 1759 2447 sunt;
1790 2383 1901 2451 ipse
1926 2398 2072 2436 man-

493 2472 662 2535 davit,
695 2480 741 2524 et
786 2480 954 2525 creata
996 2483 1133 2525 sunt.
1184 2471 1301 2526 Non
1352 2472 1545 2526 mirum
1572 2471 1616 2527 si
1647 2486 1808 2541 opera
1850 2472 2072 2528 laudant

492 2566 854 2631 ope‘ratorem,
878 2576 983 2615 non
1005 2562 1195 2619 mirum
1223 2572 1305 2617 est
1330 2562 1372 2616 si
1392 2563 1526 2615 facta
1552 2561 1771 2619 laudant
1787 2563 2065 2630 factorem,

492 2664 598 2709 non
625 2650 817 2704 mirum
844 2650 888 2705 si
918 2658 1163 2709 creatura
1190 2650 1374 2711 laudat
1397 2650 1732 2713 Creatorem.
1754 2652 1835 2712 lbi
1855 2652 2071 2709 etChri-

490 2748 606 2795 stus
629 2741 935 2796 nominatus
960 2749 1073 2808 est,
1121 2748 1177 2805 et
1203 2741 1351 2813 quasi
1380 2758 1485 2797 non
1528 2742 1829 2801 audivimus
1873 2759 2068 2802 nomen

490 2829 678 2899 ipsius.
727 2830 860 2898 Quis
892 2840 974 2887 est
997 2831 1283 2888 Christus?
1322 2832 1391 2887 In
1414 2833 1669 2906 principio
1689 2844 1795 2895 erat
1827 2833 2064 2903 Verbum,

489 2929 536 2974 et
573 2919 788 2975 Verbum
822 2931 930 2977 erat
973 2923 1114 2994 apud
1154 2921 1358 2989 Deum,
1400 2933 1447 2979 et
1484 2923 1625 2980 Deus
1657 2935 1763 2979 erat
1802 2924 2020 2980 Verbum
2051 2942 2069 2980 :

489 3011 583 3065 hoc
620 3021 726 3066 erat
766 3012 822 3066 in
862 3013 1112 3083 principio
1147 3014 1285 3084 apud
1314 3013 1496 3069 Deum.
1552 3013 1737 3070 Omnia
1777 3032 1867 3085 per
1900 3016 2070 3086 ipsum

489 3104 625 3174 facta
650 3112 765 3158 sunt
784 3144 800 3170 ,
830 3112 879 3158 et
905 3105 1013 3158 sine
1032 3105 1143 3175 ipso
1172 3107 1361 3177 factum
1387 3115 1460 3159 est
1489 3106 1618 3160 nihil
1651 3105 1827 3177 (Joan.
1858 3123 1896 3175 ι,
1927 3107 2066 3177 1-5).

406 3256 409 3261 _
489 3192 591 3248 Per
623 3194 748 3264 quid
788 3193 927 3250 facta
974 3195 1144 3252 sunt?
1195 3195 1299 3252 Per
1348 3196 1602 3252 Verbum.
1653 3196 1934 3264 Quomodo
1983 3198 2070 3254 hic

487 3284 723 3338 ostendit
759 3285 884 3356 quia
923 3300 1020 3356 per
1046 3285 1282 3342 Verbum
1311 3286 1447 3343 facta
1478 3288 1636 3344 sunt?
1678 3287 1802 3358 Ipse
1825 3289 1988 3358 dixit,
2021 3298 2069 3349 et

489 3377 625 3448 facta
647 3385 800 3443 sunt;
836 3377 947 3448 ipse
973 3378 1249 3445 mandavit,
1280 3387 1327 3433 et
1352 3389 1520 3435 creata
1562 3388 1700 3435 sunt.
1723 3379 1892 3437 Nemo
1915 3380 2063 3446 dicit,

487 3481 647 3522 nemo
673 3467 907 3531 mandat,
938 3468 1039 3523 nisi
1070 3468 1256 3524 verbo.

557 3558 611 3613 8.
640 3557 802 3631 [vers.
829 3557 917 3634 6.]
956 3559 1147 3615 Statuit
1187 3576 1248 3615 ea
1284 3561 1337 3614 in
1371 3562 1612 3616 saeculum
1649 3571 1696 3616 et
1741 3562 1792 3616 in
1827 3563 2067 3617 suculam

487 3649 677 3702 seaculi.
726 3647 914 3704 Omnia
955 3651 1191 3704 caelestia
1215 3689 1231 3714 ,
1285 3651 1463 3705 omnia
1504 3652 1816 3720 superiora,
1844 3654 2068 3708 virtutes

487 3753 675 3792 omnes
695 3748 854 3807 atque
877 3738 1129 3808 Angelos,
1154 3738 1420 3793 civitatem
1446 3740 1729 3809 quamdam
1756 3754 2062 3810 supernam,

488 3830 705 3896 bonam,
739 3840 998 3896 sanctam,
1024 3830 1234 3886 beatam
1271 3850 1283 3885 :
1315 3831 1454 3887 unde
1483 3833 1730 3901 quoniam
1758 3835 2070 3904 peregrina-

488 3939 643 3988 mur,
689 3922 868 3977 miseri
899 3921 1072 3977 adhuc
1098 3938 1315 3988 sumus;
1361 3930 1416 3978 et
1452 3939 1558 3993 quo
1583 3924 1840 3990 redituri,
1889 3924 1942 3980 in
1969 3939 2067 3996 spe

487 4012 663 4080 beati;
709 4021 763 4068 et
807 4029 913 4083 quo
942 4028 1061 4069 cum
1102 4012 1421 4068 redierimus
1447 4055 1460 4076 ,
1496 4014 1545 4067 in
1578 4028 1638 4069 re
1665 4013 1826 4072 beati.
1874 4014 2067 4071 Statuit

487 4121 545 4158 ea
572 4105 622 4159 in
649 4104 888 4160 saeculum
910 4106 1022 4159 etin
1043 4106 1284 4159 sreculum
1301 4106 1474 4160 swculi
1504 4121 1522 4160 :
1546 4116 1852 4178 praeoptarit
1876 4103 2064 4177 posuit,

486 4207 534 4251 et
561 4212 662 4250 non
704 4197 994 4266 praeteribit.
1044 4196 1211 4265 Quale
1253 4205 1576 4266 praeceptum
1624 4197 1824 4267 putatis
1868 4197 2065 4252 habere

486 4288 725 4344 coelestia
750 4298 803 4344 et
832 4290 1064 4360 Angelos
1087 4290 1346 4344 sanctos?
1386 4289 1543 4360 quale
1569 4299 1889 4360 prmceptum
1918 4289 2065 4346 dedit

485 4381 591 4436 illis
614 4381 793 4439 Deus?
830 4381 1029 4450 Quale,
1068 4382 1168 4436 nisi
1198 4391 1252 4435 ut
1278 4382 1493 4437 laudent
1524 4382 1713 4436 illum?
1751 4382 1900 4439 Beati
1930 4398 2065 4454 quo-

405 4532 416 4543 ,
481 4482 602 4527 rum
649 4473 750 4528 hoc
777 4483 859 4531 est
889 4479 1159 4545 negotium
1186 4516 1200 4537 ,
1246 4474 1461 4531 laudare
1508 4476 1695 4529 Deum.
1743 4475 1858 4531 Non
1888 4486 2060 4543 arant,

486 4580 592 4619 non
635 4567 934 4631 seminant,
979 4582 1085 4625 non
1134 4566 1382 4629 molunt,
1431 4581 1535 4623 ιιοιι
1581 4575 1857 4636 coquunt:
1899 4582 2063 4638 opera

485 4655 626 4710 enim
657 4664 775 4710 sunt
810 4657 908 4711 ista
960 4656 1332 4721 necessitatis;
1391 4657 1460 4711 ibi
1507 4657 1799 4711 necessitas
1825 4672 1930 4711 non
1958 4666 2060 4712 est.

485 4747 599 4803 Non
638 4746 914 4813 furantur,
948 4765 1055 4803 non
1085 4748 1477 4818 deprmdantur,
1523 4765 1629 4803 non
1651 4748 2059 4805 adulterantur:

485 4834 647 4909 opera
670 4839 812 4894 enim
841 4848 965 4897 sunt
989 4839 1085 4893 ista
1109 4838 1430 4910 iniquitatis,
1454 4838 1523 4893 ibi
1549 4840 1799 4909 iniquitas
1822 4856 1924 4895 non
1956 4848 2058 4895 est.

485 4931 601 4987 Non
631 4930 878 5003 frangunt
912 4947 1101 5000 panem
1129 4931 1421 4996 esurienti,
1448 4945 1550 4985 non
1582 4932 1816 4986 vestiunt
1841 4931 2060 4999 nudum,

487 5037 592 5077 non
619 5021 914 5092 suscipiunt
958 5022 1329 5092 peregrinum,
1381 5037 1485 5075 non
1531 5023 1745 5081 visitant
1781 5033 2061 5093 aegrotum,

486 5128 588 5169 non
610 5113 936 5169 concordant
972 5114 1257 5184 litigiosum
1284 5155 1298 5179 ,
1327 5128 1430 5167 non
1458 5115 1722 5182 sepeliunt
1754 5125 2016 5170 mortuum
2044 5134 2059 5171 t

485 5217 644 5272 opera
671 5203 811 5261 enim
844 5212 970 5257 sunt
999 5202 1099 5257 i5ta
1129 5202 1529 5257 misericordiae“
1574 5204 1643 5257 ibi
1672 5206 1813 5259 nulla
1843 5206 2061 5261 miseria

485 5303 566 5348 est
607 5295 657 5348 in
684 5310 786 5365 qua
814 5294 906 5347 ﬁat
944 5293 1331 5349 misericordia.
1364 5292 1408 5348 Ο
1435 5293 1611 5350 beati!
1659 5294 1931 5357 Putanms,
1960 5300 2063 5350 eri-

485 5400 601 5440 mus
626 5394 681 5440 et
705 5400 802 5440 nos
829 5385 906 5439 sic
930 5384 954 5438 ?
1007 5383 1098 5438 Eia
1122 5426 1136 5452 ,
1164 5384 1513 5453 suSpiremus,
1541 5383 1606 5438 de
1636 5376 1866 5454 SttSpirio
1891 5401 2063 5455 gema-

486 5491 621 5532 mus.
666 5476 731 5531 Et
769 5475 896 5553 quid
928 5490 1142 5543 sumus,
1184 5483 1244 5529 ut
1275 5474 1346 5529 ibi
1372 5475 1582 5528 simus?
1611 5473 1898 5543 Mortales,
1934 5491 2061 5545 pro-

482 5571 603 5625 ‘ccti
632 5612 645 5637 ,
675 5553 867 5638 abjecti
892 5609 907 5637 ,
937 5579 1077 5624 terra
1107 5575 1160 5623 et
1188 5567 1343 5622 cinis.
1375 5566 1480 5622 Sed
1510 5567 1599 5637 qui
1625 5568 1870 5637 promisit
1890 5569 2060 5624 omni~

543 5722 557 5754 ι
587 5721 719 5773 Ειιιι..
742 5719 792 5787 in
819 5720 918 5771 into
939 5727 1198 5787 sumus._At
1219 5727 1344 5787 Mss,
1360 5720 1527 5783 jusum
1549 5734 1714 5787 smnus
1737 5735 1754 5773 .‘
1779 5723 1904 5787 quod
1933 5724 2060 5775 idem

476 5792 616 5834 sonat
657 5786 827 5833 confer
851 5789 1054 5833 Tractat.
1078 5782 1110 5831 8
1129 5784 1334 5847 iuAEpist.
1360 5782 1476 5833 toan
1499 5816 1516 5845 ,
1536 5797 1585 5832 ιι.
1602 5786 1650 5832 ξ’..
1796 5782 1825 5815 ἶ

1546 350 1937 412 εΝΑιιιιΑτιο
1975 334 2398 408 lu‘psamtuu
2439 346 2709 408 CXLVIII.

3625 353 3793 411 litim

2185 474 2379 538 potens
2417 472 2520 524 est.
2568 465 2624 523 Si
2651 463 2720 521 ad
2749 477 2846 520 nos
2890 462 3260 530 attendamus,
3284 465 3419 533 quid
3450 471 3671 540 sumus?
3718 471 3766 523 si

2182 562 2249 617 ad
2278 559 2451 626 illum,
2480 559 2620 616 Deus
2645 565 2728 615 est
2746 599 2762 626 ,
2792 557 3133 628 omnipotens
3159 568 3259 614 est.
3288 558 3402 613 Non
3418 568 3510 612 est
3532 559 3766 613 facturus

2179 653 2426 725 angelum
2467 667 2531 706 ex
2576 650 2831 717 homine,
2865 651 2955 722 qui
2997 650 3118 706 fecit
3153 638 3422 706 hominem
3463 667 3526 707 ex
3559 648 3763 705 nihilo?

2181 754 2274 802 aut
2299 758 2551 815 veropro
2588 745 2807 800 minimo
2844 743 3007 800 habet
3042 744 3183 799 Deus
3211 743 3505 811 hominem,
3546 754 3764 814 propter

2182 850 2340 906 quem
2391 834 2523 889 mori
2572 833 2738 888 voluit
2784 832 3011 889 Unicum
3063 833 3252 887 suum?
3297 833 3651 887 Attendamus
3694 834 3774 886 ad

2183 927 2433 983 iudicium
2474 926 2778 982 dilectionis
2812 928 2851 979 ί.
2884 926 3260 982 Promissionis
3293 927 3387 981 Dei
3422 927 3550 981 tales
3578 926 3767 981 arrhas

2166 1026 2520 1097 accepimus;
2569 1030 2810 1077 tenemus
2848 1031 3072 1076 mortem
3099 1020 3295 1076 Christi
3322 1063 3335 1086 ,
3367 1030 3610 1077 tenemus
3639 1036 3763 1073 san-

2180 1113 2393 1183 guinem
2420 1111 2635 1167 Christi.
2685 1111 2814 1179 Quis
2841 1120 3082 1169 mortuus
3125 1111 3244 1166 est?
3278 1109 3494 1164 Unicus.
3528 1109 3767 1180 Proqui-

2182 1204 2282 1259 bus
2331 1212 2574 1259 mortuus
2623 1203 2744 1258 est?
2794 1202 3010 1259 Utinam
3056 1217 3155 1273 pro
3202 1201 3386 1268 bonis,
3434 1201 3636 1255 utinam
3668 1216 3803 1272 pro-

2177 1297 2357 1366 justis.
2385 1296 2493 1352 Sed
2522 1295 2687 1366 quid?
2726 1294 2930 1350 Etenim
2961 1294 3208 1360 Christus,
3240 1295 3314 1348 ait
3340 1294 3645 1364 Apostolus,
3674 1311 3772 1364 pro

2181 1388 2349 1459 impiis
2377 1396 2604 1441 mortuus
2632 1396 2704 1441 est
2749 1386 2926 1456 (Rom.
2949 1402 2981 1439 v
3005 1427 3020 1454 ,
3051 1384 3131 1455 6).
3178 1385 3276 1454 Qui
3322 1384 3541 1438 donavit
3590 1374 3767 1453 impiis

2184 1485 2412 1532 mortem
2440 1490 2613 1542 suam,
2664 1474 2791 1545 quid
2822 1484 3001 1529 servat
3036 1473 3214 1544 iustis,
3242 1474 3344 1528 nisi
3377 1472 3537 1526 vitam
3570 1472 3766 1526 suam?

2184 1565 2367 1637 Erigat
2390 1580 2518 1635 ergo
2546 1580 2606 1620 se
2635 1564 2862 1618 humana
2894 1562 3148 1634 fragilitas
3169 1605 3184 1629 ,
3214 1577 3319 1617 non
3352 1563 3630 1634 desperet,
3658 1577 3794 1616 non.-

2178 1671 2243 1721 _se
2270 1657 2487 1714 collidat
2508 1699 2523 1723 ,
2552 1672 2657 1712 non
2682 1672 2741 1712 se
2768 1665 3009 1724 avertat,
3042 1670 3146 1709 non
3177 1655 3338 1721 dicat,
3368 1654 3482 1708 Non
3516 1670 3629 1708 ero.
3662 1653 3765 1720 Qui

2182 1750 2462 1821 promisit,
2506 1749 2648 1804 Deus
2680 1757 2763 1804 est
2792 1766 2805 1801 :
2834 1758 2888 1803 et
2911 1748 3088 1815 venit,
3115 1757 3173 1801 ut
3194 1746 3571 1818 promitteret;
3600 1761 3767 1815 appa~

2183 1845 2291 1901 ruit
2326 1844 2664 1909 bominibus,
2716 1842 2863 1898 venit
2912 1842 3185 1910 suscipere
3230 1847 3455 1894 mortem
3502 1850 3763 1900 nostram,

2183 1936 2500 2008 promittere
2523 1936 2687 1990 vitam
2713 1948 2886 1990 suam.
2930 1932 3092 1988 Venit
3119 1931 3184 1987 ad
3215 1932 3491 2001 regionem
3531 1930 3767 1999 peregri-

2185 2028 2415 2085 nationis
2447 2034 2644 2083 nostrte
2667 2066 2683 2093 ,
2715 2025 2958 2096 accipere
2985 2024 3072 2079 hic
3102 2023 3243 2093 quod
3272 2023 3359 2078 hic
3384 2021 3635 2085 abundat,
3668 2037 3765 2093 op-

2182 2120 2397 2189 probria
2420 2159 2435 2185 ,
2467 2117 2673 2187 ﬂagella
2692 2157 2708 2184 ,
2736 2116 3023 2187 colaphos,
3052 2123 3204 2186 sputa
3236 2114 3287 2168 in
3322 2113 3549 2180 faciem,
3576 2121 3767 2167 contu-

2182 2210 2367 2265 melius
2390 2250 2406 2275 ,
2457 2209 2698 2279 spineam
2745 2221 3032 2275 coronam,
3075 2206 3482 2276 suspensionem
3512 2204 3563 2257 in
3594 2204 3762 2274 ligno,

2179 2316 2395 2359 crucem
2414 2343 2430 2368 ,
2461 2308 2713 2356 mortem.
2766 2299 2893 2354 llmc
2917 2297 3188 2353 abundant
3214 2297 3268 2353 in
3301 2296 3518 2366 regione
3543 2303 3719 2353 nostra
3745 2310 3763 2360 ;

2180 2393 2247 2448 ad
2275 2391 2397 2447 talia
2420 2390 2743 2447 commercia
2772 2389 2935 2445 venit.
2965 2389 3101 2457 Quid
3134 2387 3220 2443 hic
3244 2385 3426 2452 dedit,
3457 2385 3583 2456 quid
3612 2400 3769 2440 accc-

2178 2485 2297 2556 pit?
2320 2482 2478 2539 Dedit
2505 2480 2956 2547 exhortationem,
2987 2478 3135 2535 dedit
3155 2478 3472 2544 doctrinam,
3505 2475 3652 2533 dedit
3679 2492 3765 2530 re-

2178 2577 2489 2633 missionem
2507 2583 2849 2648 peccatorum
2867 2589 2882 2639 ;
2904 2573 3108 2642 accepit
3122 2571 3495 2635 contumelias,
3511 2579 3769 2634 mortem,

2176 2682 2413 2725 crucem.
2433 2667 2621 2723 Attulit
2634 2665 2788 2721 nobis
2802 2665 2868 2721 dc
2886 2665 2971 2720 illa
2985 2665 3199 2743 regione
3211 2664 3368 2734 bona,
3402 2672 3455 2719 et
3478 2662 3529 2717 in
3544 2662 3761 2733 regione

2174 2768 2354 2816 nostra
2359 2759 2575 2832 pertulit
2589 2757 2999 2812 mala.Promisit
3012 2764 3187 2812 tamen
3199 2755 3353 2811 nobis
3364 2753 3503 2824 quod
3520 2754 3589 2809 ibi
3603 2753 3762 2811 futuri
3779 2780 3785 2783 -

2177 2851 2343 2906 simus
2359 2849 2498 2905 unde
2514 2849 2692 2916 venit;
2723 2857 2779 2904 et
2803 2847 2876 2903 ait
2906 2863 2926 2903 :
2951 2845 3128 2913 Pater,
3146 2846 3257 2902 volo
3272 2856 3327 2901 ut
3342 2846 3428 2900 ubi
3457 2863 3547 2918 ego
3562 2862 3693 2909 sum,
3713 2855 3764 2899 et

2175 2942 2276 3011 ipsi
2298 2942 2400 2996 sint
2435 2957 2628 2995 mecum
2653 2939 2832 3011 (Joan.
2855 2954 2960 2993 xvn
2982 2979 2999 3007 ,
3027 2937 3145 3010 9.4).
3178 2938 3344 2993 Tanta
3378 2938 3652 3008 praecessit
3677 2936 3763 2991 di-

2176 3033 2372 3090 lectio!
2403 3032 2533 3100 Quia
2558 3032 2645 3087 ubi
2674 3047 2773 3087 nos
2792 3046 3026 3098 eramus,
3050 3030 3149 3085 fuit
3173 3030 3455 3085 nobiscum
3480 3046 3494 3096 ;
3529 3029 3617 3085 ubi
3648 3030 3765 3100 ipse

2175 3131 2279 3188 est,
2309 3124 2509 3179 erimus
2527 3138 2648 3179 cum
2669 3124 2783 3178 illo.
2813 3121 2949 3188 Quid
2978 3121 3067 3177 tibi
3087 3121 3329 3192 promisit
3354 3120 3516 3188 Deus,
3547 3135 3580 3176 o
3600 3119 3766 3176 homo

2175 3215 2458 3271 mortalis?
2499 3214 2631 3282 Quia
2661 3214 2895 3271 victurus
2922 3228 2982 3270 es
3007 3213 3057 3268 in
3090 3221 3369 3268 aeternum.
3400 3211 3516 3267 Non
3547 3212 3721 3267 credis
3740 3212 3770 3264 ἲ

2175 3304 2371 3373 Crede,
2401 3306 2578 3363 crede.
2615 3307 2753 3362 .Plus
2798 3315 2881 3363 est
2911 3304 3021 3375 jam
3052 3303 3193 3375 quod
3226 3302 3353 3359 fecit
3375 3343 3389 3368 ,
3432 3318 3587 3374 quam
3621 3304 3764 3373 quod

2170 3398 2438 3469 promisit.
2469 3395 2605 3464 Quid
2641 3395 2808 3457 fecit?
2853 3395 3090 3450 Mortuus
3122 3402 3204 3449 est
3231 3408 3329 3464 pro
3355 3404 3425 3448 te.
3462 3392 3611 3462 Quid
3640 3408 3764 3462 pro-

2173 3490 2363 3546 misit?
2408 3487 2480 3545 Ut
2529 3489 2676 3543 vivas
2729 3501 2849 3545 cum
2906 3486 3020 3541 illo.
3064 3484 3435 3542 Incredibilius
3490 3492 3573 3540 est
3618 3494 3763 3553 quod

2166 3588 2417 3637 mortuus
2437 3588 2518 3633 est
2547 3588 2800 3643 :cternus,
2824 3592 2983 3646 quam
3006 3584 3062 3631 ut
3083 3578 3135 3630 in
3162 3584 3420 3632 aeternum
3449 3576 3595 3630 vivat
3614 3590 3762 3629 mor-

2174 3670 2315 3724 talis.
2345 3668 2462 3725 Jam
2488 3666 2631 3737 quod
2660 3665 3021 3721 incredibilius
3046 3674 3128 3720 est
3153 3672 3416 3720 tenemus.
3462 3663 3517 3720 Si
3542 3674 3757 3735 propter

2176 3757 2449 3813 hominem
2481 3766 2724 3811 mortuus
2751 3764 2833 3811 est
2863 3754 3006 3809 Deus
3029 3794 3045 3822 ,
3091 3768 3197 3808 non
3225 3763 3308 3809 est
3336 3755 3570 3809 victurus
3595 3754 3767 3807 imma-

2175 3865 2297 3906 eum
2349 3849 2501 3905 Deo?
2543 3864 2651 3903 non
2695 3857 2779 3904 est
2823 3846 3061 3903 victurus
3103 3830 3345 3900 mortalis
3389 3846 3442 3899 in
3472 3854 3755 3913 :etcrnum,

2174 3952 2392 4019 propter
2415 3958 2573 4015 quem
2605 3950 2846 3999 mortuus
2874 3949 2957 3995 est
2976 3938 3065 4010 qui
3088 3938 3215 3993 vivit
3245 3939 3295 3992 in
3326 3938 3626 3992 aeternum?
3648 3937 3753 3993 Sed

2176 4034 2444 4107 quomodo
2465 4042 2705 4090 mortuus
2719 4041 2800 4087 est
2820 4031 2978 4095 Deus,
2994 4028 3200 4085 etuude
3220 4037 3460 4084 mortuus
3471 4037 3555 4083 est
3577 4029 3757 4083 Dens?

2176 4136 2231 4183 et
2254 4134 2429 4197 potest
2455 4125 2589 4179 mori
2620 4123 2802 4178 Deus?
2836 4121 3055 4191 Accepit
3080 4136 3146 4176 ex
3178 4127 3251 4186 te,
3281 4119 3423 4175 unde
3453 4129 3759 4176 moreretur

2176 4232 2274 4288 pro
2301 4225 2373 4271 te.
2405 4215 2520 4271 Non
2549 4221 2731 4283 posset
2756 4213 2911 4277 mori,
2936 4211 3035 4265 nisi
3063 4223 3223 4275 caro;
3254 4225 3357 4265 non
3387 4212 3753 4279 possct'mori,

2176 4308 2277 4367 nisi
2308 4307 2531 4362 mortale
2560 4320 2753 4375 corpus
2787 4322 2799 4358 :
2834 4304 3003 4358 induit
3028 4318 3087 4357 se
3114 4303 3203 4359 ubi
3231 4317 3326 4373 pro
3359 4314 3409 4357 te
3436 4311 3755 4366 moreretur,

2178 4401 2365 4463 induet
2388 4410 2444 4456 te
2462 4399 2555 4454 ubi
2579 4414 2699 4453 cum
2729 4398 2819 4451 illo
2841 4398 3006 4451 vivas.
3038 4396 3135 4452 Ubi
3162 4411 3219 4453 se
3247 4396 3416 4450 induit
3446 4398 3663 4455 morte?
3696 4396 3765 4450 hs

2174 4492 2473 4559 virginitate
2500 4490 2709 4544 matris.
2755 4487 2858 4544 Ubi
2885 4496 2936 4543 te
2966 4486 3151 4542 induet
3188 4487 3328 4542 vita?
3369 4488 3427 4542 In
3459 4487 3758 4557 mqualitate

2173 4582 2368 4639 Patris.
2410 4581 2585 4652 Elegit
2614 4579 2712 4636 sibi
2745 4580 2832 4635 hic
2860 4580 3149 4635 thalamum
3172 4589 3399 4643 castum,
3425 4579 3511 4632 ubi
3533 4579 3761 4647 conjun-

2174 4684 2390 4745 gerctur
2438 4686 2665 4743 sponsus
2706 4686 2940 4740 sponsm.
2982 4667 3216 4725 Verbum
3267 4684 3392 4724 earo
3434 4668 3631 4724 factum
3673 4679 3756 4723 est

2174 4764 2288 4835 (id.
2321 4783 2359 4832 ι,
2388 4765 2477 4837 Η)
2506 4807 2520 4831 ,
2568 4773 2624 4818 ιιι
2653 4762 2807 4818 ﬁeret
2835 4770 2994 4833 caput
3024 4761 3298 4816 Ecclesim.
3345 4761 3577 4816 Verbum
3611 4759 3755 4815 enim

2174 4861 2348 4931 ipsum
2377 4874 2484 4914 non
2509 4866 2592 4913 est
2612 4871 2735 4926 pars
2764 4855 3047 4921 Ecclesiae;
3081 4854 3174 4910 sed
3199 4863 3256 4910 ut
3282 4863 3425 4909 esset
3453 4861 3615 4921 caput
3643 4851 3750 4906 Ec-

2175 4953 2379 5018 clesim,
2431 4965 2644 5006 carnem
2693 4948 3001 5017 assumpsit.
3051 4945 3312 5013 Quiddam
3362 4954 3601 5000 nostrum
3642 4943 3752 5014 jam

2174 5058 2384 5099 sursum
2413 5050 2534 5106 est,
2571 5038 2713 5110 quod
2741 5038 2827 5094 hic
2860 5038 3067 5108 accepit
3090 5077 3106 5102 ,
3141 5036 3230 5091 ubi
3259 5044 3500 5091 mortuus
3526 5044 3630 5100 est,
3663 5033 3752 5087 nhi

2175 5131 2460 5188 cruciﬁxus
2481 5138 2565 5187 est
2587 5147 2601 5184 :
2623 5129 2731 5200 jam
2759 5128 3000 5198 quaedam
3033 5128 3279 5198 primitiae
3324 5138 3428 5193 tua;
3468 5138 3758 5196 praecesse-

2172 5233 2317 5290 runt,
2346 5232 2401 5278 et
2421 5221 2630 5277 dubitas
2651 5221 2772 5291 quia
2793 5229 3071 5275 secuturus
3096 5219 3188 5274 cs!

2242 5315 2297 5372 9.
2327 5313 2489 5388 [verm
2514 5312 2595 5387 7.]
2620 5311 2764 5384 Ergo
2789 5320 3062 5368 convertat
3088 5325 3148 5366 se
3185 5317 3241 5365 et
3269 5310 3336 5363 ad
3363 5316 3568 5363 terrena
3585 5348 3603 5375 ,
3630 5307 3752 5376 quia

2169 5408 2275 5477 jam
2321 5406 2453 5461 dixit
2501 5404 2684 5460 laudes
2726 5404 3046 5459 caelestium.
3110 5400 3341 5455 Laudate
3387 5399 3653 5452 Dominum
3693 5401 3757 5452 de

2175 5509 2327 5553 terra.
2365 5498 2619 5568 Superius
2644 5498 2786 5552 enim
2811 5497 2950 5550 unde
2978 5495 3184 5565 (ζωιιίιῖ
3212 5493 3440 5548 Laudate
3462 5491 3743 5546 Dominum
3794 5510 3803 5520 ν

2124 5570 2129 5575 ’
2175 5590 2238 5642 de
2260 5591 2429 5646 cazlis.‘
2451 5599 2503 5642 et
2528 5588 2793 5642 enarravit
2819 5586 3057 5641 cmlestia
3092 5603 3104 5639 :
3128 5584 3286 5639 modo
3311 5583 3434 5638 audi
3455 5581 3749 5638 terrestria.

2174 5780 2216 5831 lc
2236 5721 2250 5750 ι
2278 5724 2350 5830 Si?
2369 5726 2474 5770 Mss.
2518 5725 2570 5768 Αι
2604 5717 2739 5779 Edd.,
2778 5712 3045 5768 dilectionis
3075 5723 3119 5767 et
3151 5713 3475 5779 pronu'ssionis
3513 5710 3614 5763 Dei.
3659 5719 3749 5760 ταρ

2219 5795 2261 5831 s.
2284 5796 2312 5829 c
2335 5795 2379 5831 c.

2219 5795 2261 5845 δ,
2284 5795 2379 5831 etc.
