4082 6204
284 276 422 333 ις).ίὸ
1509 268 1565 325 s.
1607 265 1971 348 incusum
2012 265 2316 323 EPISCOPI
3422 276 3560 331 tots

280 388 538 443 Dracones
558 393 788 442 etomnes
816 358 1005 453 abyssi.
1035 381 1250 453 Abyssi,
1279 379 1666 453 profunditates
1697 394 1863 450 aqua.

276 495 396 534 rum
425 487 551 534 sunt
581 496 593 532 :
623 478 788 532 maria
816 475 1016 539 omnia,
1051 474 1326 530 nubil'osus
1352 473 1451 528 iste
1477 486 1570 526 aer
1595 470 1667 525 ad
1693 472 1858 542 abys-

276 588 394 626 sum
426 571 673 641 pertinet.
704 567 801 625 Ubi
832 567 1002 622 nubes
1023 609 1037 634 ,
1067 566 1154 622 ubi
1182 566 1349 632 venti,
1378 564 1467 619 ubi
1490 571 1857 634 tempestates,

276 661 367 716 ubi
398 661 616 733 pluviae,
645 659 1045 716 coruscationes
1069 699 1085 724 ,
1118 656 1372 723 tonitrua,
1402 654 1714 726 grandines,
1744 653 1856 717 nix,

275 765 332 809 et
373 752 625 823 quidquid
656 753 766 806 vult
815 751 955 807 Deus
992 750 1105 805 fieri
1150 764 1311 819 super
1338 757 1509 804 terras
1536 748 1604 804 de
1632 749 1736 802 isto
1764 746 1863 801 btt-

278 845 425 900 niido
471 851 526 898 et
563 842 857 914 caliginoso
898 857 1023 897 aere
1046 881 1063 908 ,
1113 850 1285 896 totum
1312 840 1414 895 hoc
1446 848 1602 894 terrae
1642 839 1860 894 nomine

274 936 598 1007 appellavit,
626 936 747 1006 quia
776 935 937 990 nimis
970 934 987 966 ¹
1019 935 1273 990 mutabile
1301 943 1383 988 est
1407 942 1565 1003 atque
1592 933 1818 988 mortale
1843 951 1857 985 :

272 1024 377 1085 nisi
406 1029 540 1084 forte
562 1016 760 1098 putatis
789 1027 910 1097 quia
937 1040 1149 1082 sursum
1172 1025 1304 1095 pluit
1324 1025 1512 1079 stellis.
1544 1022 1733 1078 Omnia
1757 1024 1856 1077 ista

274 1120 361 1174 llic
387 1119 520 1175 fiunt
548 1134 713 1190 prope
739 1118 807 1173 ad
835 1127 1051 1174 terram.
1106 1117 1174 1172 Et
1199 1116 1484 1187 aliquando
1527 1124 1651 1170 sunt
1680 1114 1857 1168 homi-

275 1226 372 1266 nes
396 1210 448 1266 in
474 1209 839 1265 cacuminibus
866 1209 1147 1275 montium,
1166 1216 1218 1264 et
1245 1208 1414 1263 nubes
1439 1207 1535 1263 sub
1560 1221 1620 1262 se
1650 1207 1853 1269 vident,

272 1312 330 1358 et
352 1304 485 1359 fiunt
509 1304 822 1374 plerumque
852 1303 1046 1374 pluviae
1076 1318 1091 1355 :
1121 1310 1175 1357 et
1196 1309 1455 1372 apparent
1473 1301 1609 1356 bene
1640 1300 1859 1362 intentis

273 1395 453 1451 omnia
503 1396 637 1461 ista,
686 1411 804 1465 qua:
839 1393 1150 1464 perturbato
1191 1408 1317 1448 aere
1359 1395 1726 1457 concitantur,
1772 1391 1859 1444 hic

274 1487 389 1541 lteri
416 1487 470 1541 in
496 1486 595 1541 ista
619 1485 801 1540 mundi
828 1494 977 1555 parte
1007 1483 1206 1540 intima.
1234 1484 1522 1554 PrOpterea
1548 1482 1615 1537 ad
1641 1482 1737 1538 ista
1765 1496 1858 1537 ca-

271 1578 519 1648 liginosa,
546 1577 599 1633 id
626 1585 708 1633 est
727 1576 793 1632 ad
822 1577 961 1631 hunc
977 1591 1176 1643 aerem,
1203 1585 1451 1646 tanquam
1477 1575 1543 1630 ad
1563 1589 1854 1640 carcerem,

271 1671 555 1726 damnatus
584 1677 667 1726 est
695 1668 938 1725 diabolus
962 1710 976 1734 ,
1005 1668 1073 1723 de
1112 1676 1367 1738 apparatu
1393 1669 1726 1737 superiorum
1756 1668 1859 1720 An-

272 1761 514 1831 gelorum
559 1761 739 1830 lapsus
776 1775 895 1816 cum
947 1758 1151 1829 angelis
1195 1759 1305 1814 suis
1344 1776 1356 1811 :
1391 1773 1513 1812 nam
1568 1756 1856 1826 Apostolus

270 1855 374 1907 hoc
403 1852 469 1907 de
493 1852 584 1908 illo
606 1851 774 1918 dicit,
804 1850 1097 1905 Secundum
1124 1849 1403 1921 principem
1432 1848 1694 1918 potestatis
1722 1847 1853 1900 aeris

271 1945 459 2016 hujus,
500 1945 587 2014 qui
625 1960 759 1997 nunc
786 1952 1022 2015 aperatur
1058 1942 1111 1995 in
1148 1942 1269 2010 ﬁnis
1298 1939 1593 2010 cii/fidentia
1633 1937 1851 2008 (Ep/tes.

268 2051 344 2101 ιι,
374 2034 453 2106 2).
486 2034 551 2088 Et
582 2033 717 2088 alius
751 2032 1025 2103 apostolus
1053 2031 1218 2100 dicit,
1250 2031 1311 2085 Si
1338 2032 1470 2084 enim
1500 2030 1634 2083 Deus
1659 2029 1854 2100 angelis

270 2126 589 2197 peccantibus
613 2142 712 2180 non
741 2125 980 2194 pepercit,
998 2123 1086 2177 sed
1101 2121 1384 2177 carceribus
1403 2122 1636 2193 caliginis
1664 2122 1855 2191 inferni

254 2218 552 2285 ~retrudens,
574 2216 782 2271 tradidit
798 2217 849 2269 in
864 2215 1065 2285 judicio
1083 2213 1365 2286 puniendos
1394 2214 1584 2269 servari
1614 2212 1678 2284 (11
1704 2211 1847 2267 Petr.

267 2327 325 2375 tt,
353 2309 408 2381 4)
442 2329 455 2363 :
489 2308 756 2365 infernum
786 2309 886 2362 hoc
911 2308 1185 2379 appellans
1210 2347 1225 2373 ,
1276 2306 1419 2377 quod
1461 2304 1683 2361 inferior
1724 2319 1850 2375 pars

266 2402 450 2457 mundi
475 2404 564 2457 sit.
609 2400 728 2456 Noli
756 2400 897 2456 enim
925 2401 1160 2470 cogitare
1186 2399 1312 2471 quid
1346 2399 1551 2471 accepit
1586 2397 1847 2463 diabolus,
1884 2435 1893 2441 -

264 2495 360 2552 sed
384 2493 509 2565 quid
535 2492 784 2564 perdidit.
816 2491 1003 2548 Omnia
1025 2506 1152 2562 ergo
1179 2491 1278 2547 ista
1302 2491 1491 2546 videtis
1505 2489 1680 2562 qualia
1704 2497 1848 2556 sunt,

264 2586 537 2641 mutabilia
561 2626 577 2650 ,
621 2584 828 2639 turbata
849 2626 865 2651 ,
898 2583 1190 2649 terribilia,
1227 2581 1591 2652 corruptibilia
1625 2599 1638 2633 :
1670 2590 1847 2635 tamen

264 2678 464 2734 habent
486 2677 661 2733 locum
689 2691 844 2732 suum
863 2717 878 2741 ,
910 2675 1112 2731 habent
1140 2674 1385 2730 ordinem
1414 2689 1592 2739 suum,
1624 2674 1851 2742 implent

264 2781 320 2825 et
362 2769 475 2841 ipsa
514 2769 748 2825 universi
795 2766 1247 2838 pulchritudinem
1291 2782 1388 2838 pro
1426 2766 1588 2822 modo
1616 2781 1714 2821 suo
1738 2807 1754 2833 ,
1797 2774 1852 2819 et

262 2861 385 2917 ideo
413 2860 630 2916 laudant
657 2859 961 2914 Dominum.
1008 2858 1313 2915 Conversus
1337 2873 1466 2929 ergo
1494 2858 1561 2913 ad
1584 2858 1695 2924 illa,
1727 2865 1847 2911 tan-

262 2969 423 3024 quam
448 2951 739 3008 exhortans
761 2960 813 3007 et
832 2951 979 3021 ipsa;
1009 2950 1118 3005 imo
1135 2950 1424 3006 exhortans
1441 2964 1558 3015 nos,
1583 2958 1642 3004 ut
1662 2963 1848 3002 eorum

263 3043 690 3100 consideratione
713 3042 994 3097 laudemus
1021 3041 1305 3096 Dominum
1334 3040 1435 3114 (sic
1454 3040 1597 3096 enim
1629 3039 1847 3093 laudant

261 3135 430 3191 Deum
451 3175 466 3198 ,
493 3149 615 3189 cum
654 3132 988 3188 considerata
1022 3132 1235 3202 pariunt
1263 3131 1475 3186 laudem
1504 3130 1654 3201 Dei),
1685 3130 1849 3200 carpit

262 3228 470 3291 dicere,
508 3224 737 3279 Laudate
762 3223 1037 3278 Dominum
1061 3224 1124 3277 de
1151 3232 1305 3291 terra,
1335 3223 1579 3277 dracones
1605 3231 1654 3277 et
1679 3237 1850 3276 omnes

263 3316 453 3385 abyssi.
496 3314 768 3370 Dracones
794 3314 935 3367 circa
964 3328 1157 3382 aquam
1185 3321 1468 3367 versantur
1491 3354 1506 3379 ,
1533 3311 1600 3367 de
1628 3313 1849 3381 spelun-

262 3412 342 3462 cis
381 3406 714 3477 procedunt,
749 3404 995 3458 feruntur
1023 3403 1075 3457 in
1108 3418 1235 3458 aera
1263 3419 1278 3468 ;
1305 3403 1602 3457 concitatur
1632 3412 1849 3472 propter

263 3515 356 3555 eos
383 3513 476 3553 aer
505 3515 518 3552 :
547 3511 739 3566 magna
779 3494 1022 3565 quaedam
1074 3503 1199 3548 sunt
1236 3493 1523 3547 animantia
1562 3492 1846 3561 dracones,

264 3590 465 3660 majora
487 3603 594 3643 non
624 3598 746 3642 sunt
773 3601 933 3658 super
964 3594 1181 3641 terram.
1211 3585 1500 3656 PrOptcrca
1528 3584 1651 3641 inde
1681 3585 1850 3656 etrapit

263 3684 477 3748 dicere,
531 3680 789 3735 Dracones
829 3689 875 3733 et
900 3696 1072 3734 omnes
1100 3679 1288 3749 abyssi.
1337 3678 1476 3734 Sunt
1513 3687 1692 3734 autem
1722 3692 1848 3748 spe-

170 3778 175 3779 ⁷
265 3778 434 3831 Iunca:
480 3789 739 3840 aquarum
783 3772 1062 3828 latentium
1090 3814 1104 3836 ,
1146 3771 1287 3828 unde
1313 3771 1523 3838 fontes,
1576 3771 1716 3828 unde
1743 3771 1844 3828 ilu-

263 3869 405 3921 mina
437 3864 776 3937 procedunt;
813 3872 867 3918 et
903 3864 1006 3918 alia
1033 3863 1362 3933 procedunt,
1415 3872 1470 3918 ut
1498 3861 1665 3918 ﬂuant
1686 3877 1850 3933 super

264 3972 480 4024 terram,
511 3958 613 4012 alia
630 3958 837 4013 occulte
857 3956 1038 4011 subter
1060 3964 1189 4012 eunt
1218 3973 1230 4008 :
1260 3964 1315 4010 et
1343 3962 1510 4010 totum
1541 3955 1664 4025 hoc,
1690 3964 1849 4025 atque

266 4053 441 4105 omnis
466 4049 569 4104 ista
596 4048 810 4103 humida
834 4057 1022 4102 natura
1049 4062 1306 4118 aquarum
1330 4088 1346 4115 ,
1379 4047 1539 4101 simul
1569 4060 1691 4102 cum
1716 4045 1850 4101 mari

265 4153 321 4197 ιιι
349 4143 454 4198 isto
478 4141 661 4196 intimo
689 4155 835 4207 aere,
867 4140 1095 4211 abyssus
1122 4140 1203 4194 vel
1235 4139 1415 4212 abyssi
1444 4147 1725 4205 vocantur,
1758 4138 1850 4193 ubi

263 4237 449 4291 vivunt
475 4235 735 4290 dracones
773 4242 827 4288 et
869 4233 1090 4288 laudant
1133 4234 1319 4288 Deum.
1372 4231 1552 4301 Quid?
1598 4241 1850 4304 putamus

265 4329 388 4399 quia
416 4327 611 4383 choros
632 4327 833 4382 faciunt
854 4325 1117 4382 dracones
1139 4369 1153 4393 ,
1190 4336 1246 4382 et
1271 4325 1489 4381 laudant
1510 4325 1712 4381 Deum?
1742 4324 1853 4379 Ab-

268 4420 357 4472 sit.
389 4417 497 4473 Sed
524 4431 624 4473 vos.
649 4416 1055 4472 considerantes
1082 4416 1348 4472 dracones
1366 4457 1381 4483 ,
1433 4415 1695 4473 attendite
1717 4414 1851 4470 arti-

267 4512 419 4563 ticem
458 4508 773 4573 draconum,
806 4516 1102 4564 creatorem
1134 4507 1462 4574 draconum;
1494 4517 1549 4564 et
1588 4524 1710 4564 cum
1754 4508 1853 4563 mi-

250 4601 460 4678 ramini
503 4600 795 4667 dracones,
845 4609 900 4655 et
935 4600 1148 4663 dicitis,
1189 4600 1408 4672 Magnus
1444 4601 1587 4658 Deus
1614 4600 1704 4672 qui
1739 4602 1855 4657 haec

264 4672 431 4758 feci“,
481 4694 741 4749 dracones
787 4693 1009 4749 laudant
1048 4694 1214 4748 Deum
1254 4693 1323 4749 de
1361 4692 1583 4750 vocibus
1613 4695 1848 4752 vestris:

265 4787 527 4870 Dracgnes
550 4796 597 4839 et
620 4802 791 4841 omnes
816 4784 1000 4857 abyssi.

339 4879 427 4934 10.
471 4874 638 4950 [υενις.
668 4877 721 4933 8.
749 4876 956 4950 ]lynis,
991 4878 1207 4951 grando,
1251 4880 1358 4945 nix,
1398 4878 1602 4949 glacies,
1650 4880 1854 4951 spiritus

266 4972 592 5042 tempestatis,
621 4987 732 5040 qua:
763 4970 956 5042 faciunt
985 4971 1188 5026 uerbum
1211 4976 1342 5041 ejus.
1374 4973 1552 5040 Quare
1580 4972 1669 5027 hic
1697 4972 1849 5028 addi-

266 5065 365 5127 dit,
401 5079 515 5133 quae
547 5063 738 5134 faciunt
765 5061 965 5116 verbum
994 5064 1148 5133 ejus?
1170 5064 1317 5119 Μιιῐιί
1354 5064 1502 5119 stulti
1529 5058 1635 5120 lion
1669 5065 1854 5120 valen-

267 5166 347 5210 tes
376 5163 516 5209 οοιιιι
536 5154 721 5225 mplari
752 5163 806 5209 et
826 5153 1131 5211 discernere
1159 5165 1455 5211 creaturam
1495 5156 1627 5213 locis
1655 5156 1767 5213 suis
1804 5166 1859 5214 et

242 5250 454 5305 “ordine
473 5240 591 5309 suo.
614 5250 712 5305 sub
732 5266 750 5304 ι
790 5258 867 5305 .tu
889 5260 942 5305 et
954 5250 1104 5321 jussu
1133 5252 1222 5307 Dei
1243 5262 1487 5323 agentem
1511 5264 1684 5309 motus
1706 5268 1858 5320 suos,

265 5340 436 5395 visum
470 5342 676 5395 csttllis
702 5346 823 5411 quta
850 5342 1126 5412 superiora
1170 5343 1347 5396 omnia
1392 5343 1530 5398 Deus
1571 5344 1850 5413 gubernat,

266 5430 520 5488 inferiora
532 5448 658 5489 vero
676 5433 917 5503 ἀεερίοἱι,
938 5435 1138 5505 abjicit,
1152 5434 1369 5503 deserit,
1390 5446 1447 5491 ut
1461 5452 1557 5492 nec
1573 5450 1720 5494 curet
1736 5440 1854 5506 ista,

267 5521 367 5577 nec
386 5523 664 5591 gubernet,
685 5540 781 5580 nec
796 5536 962 5595 regat;
978 5526 1069 5582 sed
1086 5527 1295 5581 casibus
1308 5538 1577 5599 rogantur,
1593 5529 1859 5600 quomodo

333 5677 653 5750 {Siciissxftt
670 5678 806 5738 ﬁdit,
829 5679 954 5750 quia.
974 5679 1025 5730 in
1053 5680 1179 5733 imis.
1208 5681 1351 5733 Paulo
1376 5690 1483 5746 [ost
1503 5691 1612 5735 .\tss.
1637 5659 1861 5750 plerique

275 5738 477 5801 habent,
497 5738 620 5801 pluit
640 5751 832 5790 sursum
843 5738 1026 5795 stellas.

1972 388 2216 450 possunt,
2250 394 2351 452 qua
2380 389 2605 453 possunt
2636 400 2648 436 :
2688 392 2742 439 et
2790 394 3005 441 movent
3046 386 3164 443 illos
3185 402 3302 457 quae
3333 389 3347 420 ¹
3376 388 3565 445 dicunt

1971 471 2255 543 aliquando
2276 474 2374 529 sibi
2393 474 2510 545 (sed
2537 491 2642 530 non
2669 476 2843 532 dicant
2865 478 2977 543 tibi,
2998 478 3173 546 idest,
3204 496 3271 536 ne
3294 481 3561 537 audiendo

1972 566 2276 622 consentias
2295 568 2508 638 quando
2551 568 2651 623 ista
2682 569 2898 635 dicunt;
2925 571 3237 644 blaSpbema
3259 574 3399 629 enim
3438 584 3562 630 sunt

1972 666 2027 713 et
2049 659 2397 716 exsecrabilia
2429 661 2591 731 Deo),
2625 661 2681 717 Si
2710 662 2849 717 Deus
2872 664 3098 733 plueret,
3132 666 3388 735 numquid
3415 667 3567 735 plue—

1972 758 2053 804 ret
2082 750 2135 804 in
2180 751 2369 807 mare?
2392 750 2596 819 Qualis,
2628 753 2891 823 inquiunt,
2939 756 3309 823 providentia?
3350 757 3561 813 Getulia

1971 841 2104 907 sitit,
2123 852 2175 897 et
2196 858 2342 898 mare
2355 845 2696 915 compluitur.
2726 847 2892 901 Acute
2916 847 3016 901 sibi
3035 847 3282 905 videntur
3307 856 3559 905 tractare:

1971 932 2163 1002 quibus
2192 933 2472 989 dicendum
2515 944 2598 990 est
2638 935 2756 1001 hoc,
2796 935 3006 991 Getulia
3043 938 3129 993 vel
3157 938 3310 1005 sitit;
3340 948 3417 1005 tu,
3455 954 3559 995 nec

1970 1023 2089 1078 sitis
2112 1025 2152 1077 '.
2177 1025 2382 1080 Bonum
2407 1026 2548 1080 enim
2579 1035 2696 1081 erat
2723 1035 2779 1081 ut
2807 1026 3016 1084 diceres
3043 1028 3156 1083 Deo
3186 1046 3200 1082 :
3229 1030 3413 1084 Anima
3440 1047 3555 1085 mea

1971 1114 2103 1169 velut
2132 1124 2265 1168 terra
2292 1115 2399 1169 sine
2423 1131 2557 1187 aqua
2592 1116 2681 1170 tibi
2721 1117 2740 1186 (
2765 1115 2910 1172 Psal.
2934 1133 3094 1183 cun,
3126 1118 3216 1190 6).
3252 1119 3400 1187 Quod
3445 1121 3558 1177 alio

1972 1205 2089 1260 loco
2116 1216 2299 1275 aperte
2313 1206 2536 1262 dicitur:
2564 1207 2733 1262 Sitivit
2762 1206 2850 1260 tibi
2864 1208 3035 1262 anima
3055 1209 3185 1276 mea,
3218 1223 3365 1278 quam
3382 1211 3564 1264 multi-

1973 1298 2166 1367 pliciter
2190 1299 2276 1351 tibi
2304 1308 2347 1351 et
2369 1315 2487 1352 caro
2514 1315 2624 1353 mea
2649 1299 2668 1371 (
2692 1298 2838 1353 Psal.
2872 1315 2996 1365 an,
3016 1299 3053 1353 2
3071 1300 3110 1370 ),
3135 1300 3201 1354 Et
3222 1301 3475 1356 Dominus
3505 1302 3560 1357 in

1971 1389 2260 1461 Evangelio
2288 1408 2300 1443 :
2332 1390 2473 1444 Beati
2496 1391 2582 1461 qui
2609 1392 2837 1445 esuriant
2861 1401 2910 1446 et
2933 1392 3107 1447 sitiunt
3127 1392 3400 1464 justitiam,
3431 1411 3560 1465 quo-

1970 1482 2107 1535 niam
2147 1482 2245 1551 ipsi
2280 1483 2639 1536 saturabuntur
2677 1481 2889 1556 (Matth.
2919 1499 2974 1547 ν,
3008 1482 3086 1553 6).
3130 1482 3232 1540 Iste
3265 1485 3405 1539 enim
3448 1486 3562 1555 jam

1968 1581 2235 1628 saturatus
2277 1583 2398 1639 est,
2444 1573 2532 1644 qui
2573 1573 2693 1628 talia
2725 1575 2990 1644 disputat;
3037 1575 3188 1647 quasi
3231 1576 3331 1631 sibi
3372 1575 3565 1633 doctus

1969 1664 2197 1730 videtur,
2232 1680 2329 1720 nec
2355 1666 2467 1720 vult
2491 1666 2717 1733 discere,
2748 1666 2868 1723 ideo
2891 1681 2995 1745 non
3032 1668 3163 1723 sitit.
3210 1667 3344 1724 Nam
3368 1669 3414 1725 si
3439 1670 3560 1725 siti-

1969 1769 2069 1823 ret,
2102 1761 2261 1815 vellet
2287 1760 2533 1827 discere;
2561 1768 2616 1816 et
2638 1761 2900 1817 inveniret
2925 1761 3048 1831 quia
3078 1770 3244 1816 totum
3289 1763 3383 1818 Dei
3430 1779 3561 1833 pro-

1970 1844 2201 1907 videntia
2252 1851 2311 1906 iit
2344 1853 2395 1906 in
2435 1860 2613 1918 terra;
2661 1861 2716 1907 et
2762 1853 3047 1909 miraretur
3091 1853 3349 1925 disposita
3395 1854 3561 1911 etiam

1971 1943 2210 1999 membra
2236 1943 2446 2013 pulicis.
2472 1944 2724 2000 Attendat
2748 1944 2994 2002 Charitas
3033 1956 3230 2004 vestra.
3273 1946 3402 2015 Quis
3442 1948 3560 2003 dis-

1966 2035 2144 2105 posuit
2180 2032 2423 2091 membra
2452 2034 2638 2105 pulicis
2663 2042 2718 2091 et
2741 2035 2946 2104 culicis,
2974 2044 3031 2091 ut
3055 2036 3286 2092 habeant
3315 2038 3558 2093 ordinem

1965 2137 2119 2181 suum
2140 2167 2156 2193 ,
2186 2125 2419 2181 habeant
2455 2125 2618 2181 vitam
2649 2140 2798 2180 suam
2821 2167 2836 2194 ,
2865 2125 3095 2181 habeant
3120 2137 3320 2181 motum
3360 2128 3560 2181 suum?

1965 2215 2139 2272 Unam
2180 2216 2460 2273 bestiolam
2509 2216 2749 2284 brevem,
2793 2216 3203 2273 minutissimum
3256 2218 3556 2284 considera,

1931 2311 2124 2378 'quam
2166 2307 2419 2365 volueris.
2467 2306 2523 2364 Si
2565 2308 2877 2365 consideres
2904 2308 3149 2365 ordinem
3197 2309 3560 2365 membrorum

1964 2398 2132 2468 ipsius
2150 2440 2165 2464 ,
2194 2408 2249 2456 et
2277 2399 2654 2456 animationem
2690 2400 2811 2455 vita:
2840 2416 2943 2472 qua
2973 2408 3250 2469 movetur;
3290 2410 3349 2457 ut
3376 2417 3476 2472 pro
3498 2417 3563 2459 se

1963 2490 2337 2562 fugitmortem
2366 2492 2464 2564 (a),
2484 2501 2628 2548 amat
2660 2492 2845 2562 vitam,
2876 2495 3077 2565 appetit
3107 2495 3427 2566 voluptates,
3459 2495 3559 2552 de-

1962 2585 2092 2641 vitat
2117 2586 2409 2653 molestias,
2435 2586 2633 2643 exserit
2661 2582 2852 2643 sensus
2867 2586 3132 2653 diversos,
3158 2587 3303 2659 viget
3326 2587 3379 2644 in
3404 2598 3560 2645 motu

1962 2690 2198 2749 congruo
2215 2677 2313 2733 sibi
2338 2680 2352 2733 !
2384 2677 2513 2746 Quis
2533 2678 2681 2734 dedit
2704 2678 2947 2736 aculeum
2971 2679 3148 2748 culici,
3196 2694 3303 2751 quo
3328 2680 3554 2752 sangui~

1963 2784 2084 2825 nem
2114 2770 2303 2840 sugat?
2327 2770 2495 2839 Quam
2527 2771 2700 2826 tenuis
2722 2770 2892 2827 fistula
2915 2779 2999 2827 est
3024 2785 3128 2842 qua
3161 2768 3344 2837 sorbet
3381 2772 3395 2826 !
3427 2771 3559 2840 Quis

1963 2860 2225 2930 disposuit
2252 2860 2540 2933 istaiquis
2578 2860 2702 2917 fecit
2739 2862 2880 2918 ista?
2918 2861 3238 2933 Expavescis
3293 2864 3347 2918 in
3393 2865 3557 2919 mini-

1963 2954 2065 3009 mis
2088 2970 2102 3019 ;
2124 2954 2277 3009 lauda
2319 2968 2589 3026 magnum.
2621 2953 2732 3009 lloc
2759 2955 2935 3025 itaque
2964 2964 3162 3021 tenete,
3194 2953 3386 3012 fratres
3407 2956 3553 3023 mei;

1964 3058 2122 3100 nemo
2171 3059 2268 3099 vos
2316 3043 2386 3100 de
2434 3044 2537 3100 ﬁde
2568 3044 2826 3113 excutiat,
2880 3054 2934 3100 et
2973 3044 3041 3101 de
3077 3060 3206 3101 sana
3245 3045 3484 3102 doctrina
3508 3046 3553 3100 ³.

1962 3134 2064 3201 Qui
2107 3134 2234 3190 fecit
2279 3136 2334 3190 iu
2371 3136 2510 3191 coelo
2559 3135 2826 3205 angelum,
2857 3135 2970 3205 ipse
3004 3134 3131 3192 fecit
3167 3136 3220 3191 in
3256 3145 3395 3193 terra
3433 3153 3556 3192 ver-

1960 3226 2215 3283 miculum
2246 3245 2261 3281 :
2286 3225 2387 3282 sed
2413 3227 2659 3298 angelum
2704 3227 2757 3281 in
2787 3226 2925 3282 coelo
2950 3241 3047 3296 pro
3081 3226 3406 3284 habitatione
3439 3242 3574 3286 ραι-ι

1962 3317 2106 3383 lesti,
2136 3317 2483 3372 vermiculum
2527 3318 2579 3373 in
2611 3327 2753 3373 terra
2792 3332 2889 3388 pro
2916 3299 3242 3375 habitatione
3288 3321 3553 3376 terrestri.

1961 3408 2225 3479 Numquid
2250 3410 2496 3479 angelum
2525 3410 2647 3466 fecit
2674 3426 2863 3479 repere
2901 3411 2957 3466 in
2985 3426 3162 3479 caeno,
3188 3421 3244 3467 et
3282 3413 3545 3468 vermicu-

1960 3500 2069 3554 lum
2101 3500 2154 3556 in
2195 3500 2372 3556 coelo?
2400 3500 2677 3556 Distribuit
2711 3500 2927 3556 sedibus
2962 3501 3324 3567 habitatores;
3371 3502 3551 3558 ineor-

1961 3590 2265 3661 ruptionem
2322 3589 2647 3661 incorruptis
2700 3591 2915 3648 sedibus
2965 3592 3129 3659 dedit,
3183 3594 3546 3663 corruptibilia

1960 3681 2391 3752 corruptibilibus
2440 3680 2591 3736 locis.
2629 3683 2820 3738 Totum
2868 3683 3105 3750 attende,
3165 3692 3334 3739 totum
3369 3684 3544 3740 lauda.

1960 3773 2060 3840 Qui
2086 3788 2213 3842 ergo
2241 3773 2500 3843 disposuit
2529 3772 2765 3829 membra
2796 3775 3096 3844 vermiculi,
3137 3791 3242 3830 non
3288 3777 3551 3848 gubernat

1962 3865 2175 3921 nubes?
2213 3864 2280 3919 Et
2318 3878 2483 3935 quare
2520 3865 2571 3919 in
2604 3879 2751 3920 mare
2796 3866 2965 3935 pluit?
3000 3866 3159 3935 Quasi
3198 3883 3304 3922 non
3345 3869 3453 3923 sint
3496 3868 3553 3923 in

1962 3959 2117 4022 mari,
2151 3956 2268 4029 qua:
2306 3957 2517 4013 alantur
2542 3958 2758 4028 pluvia;
2789 3958 2942 4028 quasi
2966 3974 3075 4014 non
3106 3960 3177 4015 ibi
3202 3960 3323 4016 fecit
3353 3961 3549 4031 pisces,

1961 4049 2111 4119 quasi
2138 4064 2243 4102 non
2271 4048 2342 4103 ibi
2372 4047 2494 4104 fecit
2517 4048 2787 4104 animalia.
2809 4049 3080 4106 Attendite
3117 4050 3385 4121 quomodo
3421 4065 3544 4106 cur-

1962 4149 2089 4194 runt
2113 4140 2286 4210 pisces
2311 4139 2375 4194 ad
2402 4154 2590 4210 aquam
2634 4137 2863 4194 dulcem.
2893 4138 2960 4194 Et
2985 4154 3169 4210 quare,
3200 4138 3387 4209 inquit,
3416 4140 3550 4210 pisci

1962 4233 2117 4303 pluit,
2148 4241 2201 4288 et
2228 4232 2358 4286 mibi
2383 4231 2669 4302 aliquando
2711 4246 2817 4287 non
2854 4232 3025 4303 pluit?
3055 4231 3124 4288 Ut
3158 4232 3358 4304 cogites
3398 4239 3452 4287 te
3493 4232 3549 4287 in
3602 4222 3615 4229 ”

1960 4324 2178 4395 regione
2219 4337 2340 4379 esse
2382 4322 2604 4389 deserti,
2644 4329 2698 4376 et
2735 4325 2787 4375 in
2825 4321 3254 4393 peregrinatione
3285 4322 3447 4387 vitat;
3493 4329 3552 4377 et

1961 4421 2258 4469 amarcscat
2298 4412 2392 4468 tibi
2425 4412 2533 4467 vita
2567 4425 2823 4482 praesens,
2870 4421 2929 4467 ut
2971 4410 3204 4467 futuram
3238 4410 3547 4476 desideres;

1960 4513 2054 4559 aut
2091 4513 2148 4558 ut
2172 4502 2478 4574 flagelleris,
2524 4511 2578 4557 et
2612 4502 2940 4573 corripiaris,
2970 4511 3026 4557 et
3067 4501 3369 4574 corrigaris.
3400 4500 3549 4570 Quo-

1960 4593 2122 4651 inodo
2146 4603 2323 4649 autem
2350 4593 2618 4649 distribuit
2642 4594 2854 4665 propria
2883 4594 3196 4666 regionum?
3221 4595 3381 4658 Ecce,
3422 4593 3549 4665 quia

1963 4687 2031 4744 de
2058 4688 2268 4744 Getulia
2298 4687 2458 4742 locuti
2484 4702 2688 4751 sumus,
2716 4687 2848 4756 pluit
2874 4687 2959 4742 hic
2976 4701 3144 4757 prope
3195 4687 3337 4742 omni
3381 4700 3545 4752 anno,

1963 4788 2019 4835 et
2046 4779 2190 4835 omni
2211 4794 2352 4834 anno
2373 4777 2469 4834 dat
2483 4776 2806 4834 frumentum
2838 4796 2852 4833 :
2884 4779 3083 4833 servari
3110 4777 3197 4833 hic
3224 4777 3549 4833 frumentum

1964 4886 2071 4927 non
2097 4879 2289 4942 potest,
2312 4871 2419 4926 cito
2442 4870 2836 4941 corrumpitur;
2867 4869 2990 4940 quia
3019 4870 3163 4925 omni
3193 4885 3336 4925 anno
3355 4869 3543 4925 datur:

1966 4962 2062 5028 ibi,
2085 4961 2207 5032 quia
2234 4975 2379 5029 raro,
2399 4969 2453 5015 et
2483 4961 2705 5015 multum
2735 4959 2911 5026 datur,
2944 4968 2997 5015 et
3027 4960 3118 5015 diu
3147 4970 3412 5017 servatur.
3443 4960 3553 5016 Sed

1964 5053 2101 5108 forte
2128 5061 2280 5123 putas
2319 5051 2437 5121 quia
2464 5052 2535 5106 ibi
2561 5051 2757 5107 deserit
2779 5052 2918 5108 Deus
2937 5050 3202 5120 homines,
3228 5062 3318 5107 aut
3339 5068 3443 5107 non
3480 5050 3551 5108 ibi

1967 5143 2259 5199 secundum
2282 5142 2667 5214 iucunditatem
2690 5158 2838 5197 suam
2864 5152 2918 5198 et
2935 5142 3149 5197 laudant
3173 5151 3228 5198 et
3247 5143 3554 5215 glorificaut

1968 5235 2172 5291 Deum?
2205 5234 2559 5306 Apprehende
2597 5233 2720 5291 inde
2752 5232 3022 5302 Getulum,
3065 5249 3201 5304 pone
3244 5234 3382 5290 inter
3424 5235 3558 5290 istas

1966 5326 2185 5381 arbores
2209 5339 2485 5392 amoenas;
2516 5322 2701 5397 fugere
2722 5323 2848 5380 hinc
2884 5324 3014 5392 vult,
3050 5333 3105 5379 et
3132 5325 3309 5381 redire
3348 5325 3415 5380 ad
3452 5341 3559 5380 nu-

2034 5441 2048 5469 ²
2072 5444 2146 5502 Er.
2169 5436 2464 5500 t.ugd..ven.
2485 5444 2537 5487 et
2555 5444 2685 5497 tov.,
2711 5436 2823 5502 qui,
2911 5446 2967 5502 at.

2031 5502 2050 5531 ²
2077 5501 2150 5562 sic
2171 5497 2278 5562 Mss.
2296 5506 2348 5548 Αι
2365 5508 2462 5547 Am.
2482 5506 2543 5562 et
2555 5506 2651 5559 En,
2672 5497 2856 5551 Getulia
2877 5499 2992 5560 sitit,
3013 5505 3063 5550 ut
3084 5504 3137 5549 tu
3156 5513 3215 5551 ne
3231 5499 3557 5562 sitires.t.ov.,

1967 5560 2154 5611 Getulia
2175 5559 2292 5619 sitit,
2317 5567 2446 5610 netu
2465 5559 2641 5611 sitires.

1998 5624 2061 5734 ιδ,
2081 5622 2305 5685 Plerique
2327 5629 2456 5683 Mss,
2490 5635 2628 5674 nemo
2650 5622 2776 5674 vobis
2799 5623 2860 5674 de
2887 5623 2987 5687 ﬁde
3023 5625 3237 5675 excutiat
3268 5638 3437 5677 sanam
3474 5625 3559 5675 do-

2019 5699 2191 5734 rutam.

1971 5699 2271 5809 ωἶέιιῗῗίᾶιιρ
2287 5748 2358 5799 sic
2372 5746 2653 5811 legendum,
2678 5760 2772 5810 qua
2786 5754 2997 5802 movetur
3015 5761 3100 5817 per
3115 5763 3187 5811 se,
3204 5746 3328 5813 fugit
3343 5756 3571 5801 mouente
