4082 6204
441 365 579 423 1945

437 483 559 538 dam
580 477 844 536 Getuliam
864 477 900 530 ί.
922 473 1174 530 Omnibus
1198 487 1324 541 ergo
1349 470 1493 525 Deus
1511 470 1663 536 locis,
1685 467 2032 540 regionibus;

438 569 789 640 temporibus,
818 581 911 620 sua
949 579 1170 634 quaeque
1211 540 1480 616 distribuit
1526 568 1581 614 et
1623 540 1913 612 ordinavit.
1946 555 2015 610 Et

439 663 651 731 longum
695 666 776 714 est
811 669 1229 711 commemorare
1276 650 1663 721 diligentiorem
1702 646 2011 703 considera-

439 757 633 809 tionem
665 751 897 806 omnium
931 764 1128 802 rerum.
1160 745 1289 812 Quis
1323 745 1463 797 illam
1504 741 1769 812 explicat?
1812 740 2014 794 Tamen

436 844 524 914 qui
567 844 750 898 oculos
779 840 989 902 habent,
1037 837 1198 891 multa
1230 835 1298 889 ibi
1335 832 1520 887 vident
1553 850 1566 886 :
1599 847 1718 884 cum
1758 828 2008 893 viderint,

437 934 679 1003 placent;
729 945 848 984 cum
890 925 1202 996 placuerint,
1241 921 1550 986 laudantur,
1604 935 1711 973 non
1769 927 2013 988 tanquam

437 1025 570 1094 ipsa,
593 1022 681 1076 sed
711 1021 798 1074 ille
824 1019 913 1088 qui
940 1017 1064 1072 fecit
1092 1033 1105 1070 :
1135 1015 1202 1068 ita
1224 1011 1400 1068 omnia
1431 1009 1720 1065 laudabunt
1743 1009 1928 1062 Deum.

507 1117 592 1170 Η.
632 1113 758 1168 Hcce
783 1108 1126 1166 considerans
1144 1105 1357 1176 spiritus
1379 1102 1678 1171 PrOpbetze,
1705 1115 1823 1154 cum
1851 1096 2015 1152 dixis-

438 1213 538 1268 set,
584 1201 750 1273 Ignis,
800 1197 1016 1270 grando,
1051 1197 1157 1261 nix,
1205 1193 1408 1266 glacies,
1435 1192 1642 1262 spiritus
1689 1186 2012 1254 tempestatis,

434 1310 551 1363 qum
598 1291 776 1346 omnia
826 1289 1035 1344 turbata
1076 1285 1322 1340 videntur
1360 1280 1674 1353 quibusdam
1716 1279 1912 1341 stultis,
1953 1286 2008 1332 et

433 1383 584 1450 quasi
604 1380 818 1435 casibus
837 1376 1048 1448 agitari,
1069 1374 1290 1439 addidit,
1315 1373 1444 1438 Quce
1459 1372 1649 1442 faciunt
1666 1368 1867 1421 verbum
1879 1367 2010 1437 ejus.

431 1475 545 1530 Non
575 1475 662 1527 tibi
695 1487 821 1542 ergo
863 1469 1142 1524 videantur
1177 1465 1387 1520 casibus
1428 1462 1650 1527 moveri,
1692 1476 1810 1531 qure
1848 1460 2009 1513 verbo

433 1566 526 1620 Dei
572 1565 622 1618 in
653 1563 797 1617 omni
841 1569 988 1616 motu
1027 1574 1124 1613 suo
1155 1557 1481 1612 deserviunt.
1529 1554 1645 1622 Quo
1689 1552 1801 1606 vult
1843 1551 2004 1615 Deus,

434 1657 560 1711 illuc
586 1655 720 1724 ignis
743 1657 786 1720 ',
816 1653 942 1708 illuc
973 1651 1140 1706 fertur
1162 1650 1351 1715 nubes,
1376 1649 1488 1702 sive
1504 1646 1755 1716 pluviam,
1784 1643 1896 1697 sive
1931 1641 2014 1694 ni-

436 1761 575 1807 vem,
607 1745 720 1799 sive
747 1743 1058 1814 grandinem
1089 1747 1283 1810 portet.
1310 1737 1377 1792 Et
1405 1751 1568 1807 quare
1589 1732 1872 1803 aliquando
1905 1743 2016 1799 per-

432 1838 634 1890 cutiunt
665 1843 895 1888 montem
924 1832 1160 1896 fulmina,
1187 1839 1241 1884 et
1264 1844 1368 1882 non
1392 1826 1690 1897 percutiunt
1714 1821 2016 1876 latronem?

437 1929 821 1997 Quodcumque
874 1939 1096 1995 possum
1132 1922 1308 1976 dicere
1338 1909 1432 1989 pro
1453 1927 1608 1987 captu
1638 1914 1831 1970 mentis
1856 1926 2012 1977 mete,

389 2030 396 2107 ς
433 2030 684 2089 quantum
751 2020 886 2072 Deus
951 2017 1153 2070 donare
1194 2013 1482 2081 dignatur:
1517 2009 1745 2078 majores
1807 2005 2012 2072 majora

391 2096 395 2154 ἶ
435 2112 693 2174 noverint,
729 2117 782 2163 et
806 2108 1036 2189 amplius
1081 2104 1409 2174 intelligant;
1455 2109 1507 2155 et
1544 2101 1635 2153 det
1673 2097 1823 2152 vobis
1872 2096 2010 2149 Deus

431 2206 549 2274 plus
574 2218 759 2270 sapere
786 2186 942 2271 quam
970 2199 1109 2263 dico,
1139 2207 1314 2251 tamen
1334 2207 1454 2248 cum
1487 2187 1851 2261 temperantia,
1897 2186 2022 2241 sine

431 2293 673 2362 superbia
697 2311 709 2344 :
729 2306 941 2360 possum
960 2304 1086 2359 ergo
1103 2288 1124 2318 ³
1159 2301 1256 2356 pro
1276 2282 1492 2338 modulo
1508 2295 1628 2336 meo
1660 2279 1838 2334 dicere
1852 2289 2016 2348 quare

432 2385 730 2453 percutiant
751 2389 1005 2444 montem,
1035 2388 1212 2432 etnon
1239 2373 1537 2444 percutiant
1561 2371 1819 2424 latronem
1842 2385 1854 2419 :
1891 2365 2021 2434 quia

432 2477 570 2528 forte
610 2472 786 2526 adhuc
811 2469 1030 2523 latronis
1079 2466 1483 2521 conversionem
1527 2460 1754 2530 quaerit;
1803 2465 1859 2510 et
1895 2454 2016 2510 ideo

433 2565 728 2636 percutitur
760 2577 914 2615 mons
943 2560 1030 2629 qui
1061 2573 1164 2611 non
1189 2557 1360 2620 timet,
1387 2563 1445 2608 ut
1474 2559 1709 2606 mutetur
1731 2550 1891 2602 hoino
1925 2543 2016 2614 qui

437 2657 609 2711 timet.
645 2650 942 2722 Aliquando
969 2659 1022 2704 et
1044 2659 1120 2713 tu,
1148 2661 1267 2700 cum
1295 2645 1390 2700 das
1415 2641 1773 2710 disciplinam,
1819 2645 2014 2691 terram

435 2750 581 2813 feris,
607 2755 665 2801 ut
691 2746 860 2824 infpns
881 2748 1219 2813 expavescat.
1247 2739 1311 2793 Et
1331 2733 1617 2807 aliquando
1642 2732 1762 2787 ferit
1787 2738 1840 2784 et
1858 2741 2015 2798 quem

435 2843 548 2896 vult
576 2822 864 2895 hominem.
891 2835 1000 2890 Sed
1021 2835 1152 2890 dicis
1173 2832 1302 2887 mihi
1326 2848 1340 2884 :
1371 2831 1510 2885 Ecce
1536 2827 1655 2883 ferit
1689 2822 2017 2879 innocentio—

435 2951 583 3000 rem,
615 2941 666 2986 et
703 2930 918 2984 dimittit
962 2927 1373 2982 sceleratiorem.
1424 2922 1538 2976 Noli
1589 2919 1768 2974 mirari
1803 2933 1819 2971 :
1849 2915 2017 2970 unde-

435 3038 660 3092 cumque
706 3034 850 3073 mors
895 3019 983 3087 pio
1025 3018 1159 3070 bona
1191 3025 1270 3068 est
1297 3013 1338 3067 ‘.
1367 3011 1520 3068 Unde
1562 3017 1735 3064 autem
1785 3007 1890 3060 scis
1941 3003 2018 3058 illi

436 3111 786 3176 sceleratiori,
818 3109 860 3162 si
887 3125 944 3162 se
983 3116 1189 3159 mutare
1222 3103 1474 3166 noluerit,
1507 3099 1630 3169 quid
1658 3109 1934 3166 poenarum
1966 3093 2019 3146 in

436 3202 646 3254 occulto
673 3199 956 3254 servetur?
1006 3196 1192 3250 Nonne
1230 3194 1445 3247 mallent
1474 3189 1688 3243 fulmine
1718 3185 1928 3240 incendi
1957 3184 1978 3216 ⁸
2000 3223 2014 3248 ,

435 3293 624 3360 quibus
653 3292 703 3344 in
737 3291 837 3343 line
864 3289 1068 3343 dicetur
1101 3306 1114 3340 :
1148 3285 1224 3338 lle
1244 3287 1294 3338 in
1335 3286 1498 3355 ignem
1527 3292 1768 3335 (eternum
1793 3277 2016 3349 (Matth.

435 3398 561 3444 xxv,
595 3383 656 3434 il
686 3380 910 3450 )?Opus
933 3388 1014 3431 est
1042 3387 1098 3432 ut
1127 3378 1380 3430 innocens
1410 3375 1502 3428 sis.
1529 3371 1664 3439 Quid
1690 3371 1832 3425 enim
1855 3369 1878 3422 ?
1906 3383 2018 3421 ma-

438 3480 545 3532 lum
597 3488 677 3533 est
708 3479 838 3532 mori
880 3475 1172 3545 naufragio,
1219 3482 1272 3527 et
1313 3473 1509 3525 bonmn
1541 3477 1620 3523 est
1665 3466 1796 3520 mori
1830 3462 2019 3517 febre?

436 3572 559 3625 Sive
612 3570 753 3636 inde,
797 3570 907 3622 sive
973 3567 1094 3620 inde
1153 3565 1430 3628 moriatur,
1487 3574 1667 3628 quaere
1719 3556 1890 3625 qualis
1952 3553 2023 3606 sit

438 3662 526 3731 qui
551 3661 805 3722 moritur;
845 3671 947 3726 quo
977 3663 1095 3723 post
1135 3663 1356 3705 mortem
1398 3651 1566 3701 iturus
1595 3654 1696 3705 est,
1731 3659 1835 3696 non
1882 3640 2022 3693 unde

438 3751 505 3804 de
550 3752 652 3802 vita
722 3750 979 3802 exiturus.
1029 3743 1369 3810 Quacumque
1406 3737 1704 3798 occasione,
1749 3732 1871 3784 hinc
1909 3728 2022 3782 exi-

442 3840 541 3894 turi
581 3852 794 3902 sumus,
827 3835 1026 3902 Quibus
1054 3831 1280 3884 exitibus
1315 3836 1573 3896 martyres
1613 3822 1759 3876 exire
1815 3831 2025 3872 merue-

440 3933 599 3987 runt?
646 3927 896 3996 mnnquid
955 3923 1227 3987 febribus,
1301 3915 1566 3989 quomodo
1631 3912 1782 3968 multi
1842 3916 2026 3979 Optaut

444 4033 502 4076 ut
535 4023 680 4075 febre
711 4017 1014 4074 solvantur?
1046 4015 1146 4068 Alii
1175 4029 1277 4066 uno
1304 4013 1408 4065 ictu
1437 4007 1634 4079 gladii,
1662 4005 1749 4058 alii
1790 4002 2022 4072 ignibus,

442 4115 528 4168 alii
553 4113 755 4168 bestiis.
779 4111 845 4164 Et
862 4110 1246 4164 devoraverunt
1264 4103 1444 4158 bestia:
1466 4113 1688 4168 corpora
1710 4103 2024 4166 martyrum,

442 4218 496 4260 ct
524 4221 629 4259 non
669 4205 958 4257 timuerunt
987 4213 1055 4253 ne
1087 4197 1318 4268 perirent
1339 4207 1562 4262 corpora
1610 4192 1867 4260 ipsorum.
1911 4185 2015 4241 Un~

441 4297 600 4365 dique
621 4295 761 4349 enim
792 4293 930 4346 Deus
962 4290 1177 4344 reducet
1200 4301 1422 4357 corpora
1448 4291 1750 4338 sanctorum
1783 4292 2020 4341 suorum,

443 4391 525 4443 cui
551 4387 725 4456 capilli
749 4385 914 4439 nostri
941 4380 1200 4436 numerati
1220 4386 1342 4434 sunt
1363 4376 1473 4448 (1d.
1505 4390 1559 4434 x,
1585 4371 1700 4444 30).
1727 4371 1794 4424 Et
1812 4368 2025 4438 quando

442 4479 628 4541 voluit,
659 4485 768 4530 tres
788 4488 984 4545 pueros
1005 4472 1070 4525 ab
1087 4472 1206 4540 igne
1226 4466 1464 4522 liberavit
1494 4463 1654 4534 (Dan.
1681 4477 1756 4525 ιιι,
1779 4459 1870 4524 ει,
1894 4458 1986 4525 95)
2012 4474 2026 4511 :

445 4568 698 4636 numquid
723 4567 841 4621 ideo
863 4562 1193 4619 Machabaros
1227 4560 1279 4613 in
1307 4560 1427 4630 igne
1448 4553 1683 4611 deseruit
1702 4551 1766 4620 (ll
1790 4548 2029 4606 Mue/tab.

447 4659 588 4731 vn)?
616 4658 738 4711 Illos
776 4664 956 4725 aperte
996 4653 1274 4715 liberavit,
1322 4650 1452 4704 istos
1493 4645 1699 4701 occulte
1731 4641 2029 4697 coronavit.

447 4751 604 4807 Novit
644 4750 802 4819 igitur
842 4747 977 4801 Deus
1007 4743 1131 4814 quid
1161 4751 1299 4813 agat.
1325 4739 1406 4795 Tu
1435 4738 1581 4801 time,
1611 4744 1665 4790 et
1691 4734 1864 4789 bonus
1889 4740 2028 4786 esto.

449 4843 824 4910 Undecumque
851 4839 1076 4891 voluerit
1103 4844 1160 4889 ut
1187 4847 1346 4888 exeas
1367 4831 1510 4895 hinc,
1534 4837 1774 4899 paratum
1798 4834 1850 4880 te
1894 4825 2034 4879 inve-

447 4935 577 4986 niat.
592 4930 879 4999 inquilinus
891 4927 1026 4982 enim
1043 4941 1100 4981 es
1115 4923 1284 4996 (Psal.
1303 4936 1487 4988 cxvtu,
1504 4919 1616 4990 l9),
1633 4931 1738 4973 non
1761 4928 2036 4987 possessor

443 5025 655 5078 domus.
701 5021 896 5076 Locata
944 5027 1025 5074 est
1073 5017 1214 5072 enim
1279 5013 1374 5068 tibi
1412 5011 1643 5075 domus;
1695 5008 1886 5062 domus
1932 5006 2035 5061 ista

451 5117 540 5170 tibi
571 5117 738 5168 locata
783 5121 882 5177 est,
917 5127 1018 5165 non
1047 5109 1276 5172 donata;
1305 5106 1404 5161 etsi
1445 5104 1602 5168 nolis,
1643 5099 1936 5172 migrabis:
1982 5107 2037 5153 et

450 5223 553 5260 non
587 5220 702 5259 eam
733 5203 819 5257 tali
842 5201 1148 5256 conditione
1169 5239 1182 5261 ,
1211 5195 1462 5266 accepisti
1486 5235 1501 5260 ,
1535 5202 1590 5246 ut
1616 5191 1768 5262 quasi
1795 5199 2035 5257 tempora

450 5306 596 5352 certa
627 5295 718 5348 tibi
742 5295 862 5348 sint.
896 5291 1031 5359 Quid
1057 5289 1200 5346 dixit
1226 5286 1481 5342 Dominus
1512 5279 1914 5350 tuus?Quando
1944 5293 2037 5332 vo-

512 5429 531 5459 ¹
561 5435 689 5484 Iov.,
718 5426 784 5476 ad
803 5425 936 5474 nuda
957 5421 1154 5472 Getnlia:
1184 5433 1200 5470 :
1223 5418 1625 5484 dissentientibus
1664 5415 1857 5484 caneris
1879 5411 2033 5460 libris.

518 5491 542 5520 ²
565 5496 638 5537 Er.
663 5477 810 5549 tiugd.
838 5495 956 5535 ven.
993 5481 1330 5549 ett.ov.,itlu_c
1353 5477 1632 5549 lucet
1713 5483 1785 5546 ιι.

518 5549 538 5582 ⁸
566 5531 1112 5611 iiii'glif°i-eo.',"iahien
1140 5531 1263 5595 cum
1300 5531 1612 5604 temperantia
1633 5572 1649 5599 ,
1681 5537 1783 5588 sine
1813 5531 2039 5600 superbia

454 5624 645 5675 possunt
668 5624 772 5675 ego,
802 5618 896 5660 etc.
993 5615 1050 5656 Μ.

519 5674 537 5702 ⁵
562 5679 690 5730 Mss,
717 5671 885 5721 bonum
911 5676 997 5719 est.

458 5795 484 5846 ὑ
518 5737 536 5765 ⁵
560 5717 888 5844 εἶιίήδίςέίῇωι
911 5717 1046 5793 vero,
1072 5726 1268 5793 fulmine
1295 5725 1484 5777 incendi
1509 5721 1660 5790 potius
1695 5719 1905 5780 interire,
1938 5717 2040 5782 qui-

489 5813 560 5846 us.
584 5808 611 5846 e
633 5808 676 5846 c.

519 5831 560 5858 ΙΙ.
584 5831 676 5846 νιν.

1449 353 1845 411 ENARBATIO
1883 351 1948 408 IN
1987 348 2304 408 PSALMUM
2343 351 2622 409 CXLVIII.

3569 355 3712 413 1946

2119 465 2288 532 luero,
2321 480 2442 522 cum
2471 466 2678 531 dixero,
2703 464 2904 535 Migra;
2948 472 3160 534 paratus
3218 474 3354 521 esto.
3395 465 3619 536 Expello
3661 480 3716 523 te

2117 554 2184 611 de
2214 553 2465 625 hospitio,
2494 556 2589 611 sed
2615 556 2752 610 dabo
2779 557 2993 611 domum
3022 573 3035 611 :
3063 557 3352 627 inquilinus
3379 573 3438 613 es
3467 559 3518 612 in
3543 567 3709 624 terra,

2117 646 2224 701 eris
2245 661 2521 715 possessor
2546 646 2599 700 in
2628 647 2784 701 caelo.

2190 737 2276 792 12.
2318 737 2582 807 Quidquid
2633 752 2760 807 ergo
2798 737 2883 792 hic
2911 737 3102 792 accidit
3143 747 3328 792 contra
3379 737 3724 792 voluntatem-

2117 838 2376 893 nostram,
2399 828 2650 881 noveritis
2675 845 2777 882 non
2800 829 3062 894 accidere,
3089 829 3185 882 nisi
3201 829 3266 882 de
3287 829 3558 883 voluntate
3586 830 3704 896 Dei,

2117 920 2184 976 de
2205 920 2530 991 providentia
2553 921 2735 988 ipsius,
2755 920 2820 975 de
2850 921 3034 975 ordine
3065 921 3251 989 ipsius,
3275 921 3340 974 de
3366 931 3494 974 nutu
3522 920 3708 991 ipsius,

2119 1011 2186 1068 de
2231 1012 2432 1083 legibus
2476 1011 2685 1080 ipsius:
2719 1020 2772 1066 et
2808 1011 2852 1064 si
2902 1027 2998 1065 nos
3037 1027 3145 1066 non
3189 1011 3530 1081 intelligimus
3583 1010 3728 1081 quid'

2119 1119 2284 1173 quare
2315 1103 2424 1170 fiat,
2449 1103 2637 1158 demus
2661 1103 2762 1156 hoc
2791 1103 3139 1172 providentiae
3168 1103 3352 1172 ipsius,
3377 1104 3498 1173 quia
3524 1119 3626 1156 non
3653 1103 3725 1158 fit.

2119 1197 2235 1252 sine
2263 1212 2444 1261 causa,
2473 1205 2527 1251 et
2551 1212 2656 1249 non
2683 1195 3168 1265 biaspbemabimus
3199 1195 3236 1248 ¹.
3268 1197 3398 1248 Cum
3431 1195 3570 1249 enim
3597 1211 3710 1250 ca:-

2079 1348 2087 1355 ,
2118 1287 2354 1356 perimus
2374 1287 2638 1354 diSputare
2668 1285 2732 1341 de
2761 1285 3011 1354 operibus
3034 1285 3148 1350 Dei,
3179 1285 3355 1352 Quare
3381 1284 3503 1351 hoc,
3541 1301 3726 1354 quare-

2119 1376 2287 1440 illud;
2316 1383 2388 1441 et,
2427 1375 2539 1430 Non
2562 1375 2742 1429 debuit
2767 1375 2842 1428 sic
2864 1375 3058 1438 facere,
3083 1374 3224 1428 male
3274 1373 3396 1428 fecit
3441 1373 3544 1428 hoc
3573 1391 3584 1426 :
3620 1374 3709 1429 ubi

2118 1477 2201 1522 est
2228 1467 2340 1520 laus
2368 1466 2503 1520 Dei?
2530 1464 2813 1519 Perdidisti
2834 1464 3081 1518 Alleluia.
3104 1463 3292 1518 Omnia
3307 1464 3382 1517 sic
3399 1462 3721 1528 considera,

2116 1557 2384 1627 quomodo
2417 1557 2625 1625 placeas
2653 1557 2781 1621 Deo,
2828 1564 2882 1611 et
2936 1555 3122 1610 laudes
3149 1555 3428 1610 artificem.
3481 1555 3614 1620 Quia
3656 1555 3704 1609 si

2118 1649 2346 1703 intrares
2372 1647 2506 1702 forte
2526 1648 2579 1702 in
2606 1648 2868 1702 officinam
2897 1647 3027 1702 fabri
3055 1646 3281 1713 ferrarii,
3327 1662 3432 1700 non
3485 1646 3726 1700 auderes-

2116 1739 2508 1810 reprcbendere
2533 1739 2705 1805 folles,
2731 1739 2972 1805 incudes,
3001 1737 3243 1792 malleos.
3293 1737 3358 1791 Et
3385 1737 3450 1791 da
3489 1737 3705 1805 imperi-

2119 1840 2228 1884 tum
2261 1830 2526 1883 hominem
2567 1827 2892 1882 nescientem
2934 1827 3059 1896 quid
3094 1840 3260 1896 quare
3300 1826 3390 1889 sit,
3433 1834 3486 1879 et
3532 1825 3712 1878 omnia

2115 1919 2479 1990 reprehendit.
2501 1917 2603 1974 Sed
2618 1918 2661 1972 si
2685 1933 2788 1972 non
2805 1917 2998 1972 habeat
3017 1917 3259 1986 peritiam
3280 1915 3517 1979 artificis,
3539 1925 3592 1969 et
3610 1914 3711 1969 ha-

2116 2011 2239 2066 beat
2263 2011 2453 2064 saltem
2489 2007 2971 2062 considerationem
2999 2006 3248 2073 hominis,
3273 2005 3398 2074 quid
3427 2005 3524 2059 sibi
3546 2004 3710 2058 dicit?

2116 2102 2232 2157 Non
2245 2103 2358 2156 sine
2377 2115 2533 2154 causa
2555 2098 2657 2153 hoc
2686 2098 2803 2153 loco
2823 2097 2975 2152 folles
2992 2098 3149 2167 positi
3165 2107 3286 2151 sunt
3303 2113 3318 2161 ;
3340 2095 3525 2150 artifex
3567 2097 3723 2148 novit-

2116 2208 2301 2263 quare,
2334 2191 2435 2246 etsi
2463 2205 2564 2260 ego
2585 2203 2692 2245 non
2727 2187 2869 2243 novi.
2897 2187 2956 2242 In
3001 2185 3210 2241 officina
3239 2201 3344 2240 non
3388 2185 3547 2239 audet
3568 2184 3713 2238 vitu-

2116 2298 2309 2354 perure
2328 2284 2568 2348 fabrum;
2599 2292 2652 2337 et
2677 2280 2835 2336 audet
2862 2279 3256 2349 reprehendere
3291 2277 3343 2331 in
3371 2276 3473 2330 hoc
3513 2276 3715 2330 mundo

2120 2375 2322 2431 Deum!
2348 2375 2509 2445 Ergo,
2538 2372 2985 2443 quemadmodum
3019 2371 3172 2441 ignis,
3202 2368 3418 2439 grando,
3463 2367 3570 2434 nix,
3598 2366 3715 2438 gla-

2119 2466 2236 2532 cies,
2268 2465 2477 2535 spiritus
2505 2463 2832 2532 tempestatis,
2861 2477 2974 2532 qua:
3003 2461 3198 2532 faciunt
3242 2457 3442 2512 verbum
3471 2459 3616 2528 ejus;
3638 2457 3718 2512 sic

2117 2554 2296 2611 omnia
2319 2571 2439 2625 qua:
2482 2553 2633 2608 vanis
2678 2552 2926 2607 videntur
2967 2552 3018 2604 in
3060 2565 3236 2606 rerum
3280 2558 3464 2603 natura
3513 2558 3718 2603 temere

2119 2646 2232 2701 ﬁeri
2259 2688 2274 2712 ,
2321 2661 2425 2700 non
2476 2645 2677 2701 faciunt
2717 2644 2815 2698 nisi
2852 2641 3070 2697 verbum
3097 2642 3232 2710 ejus,
3288 2640 3405 2694 auia
3434 2654 3540 2693 non
3582 2637 3718 2691 fiunt

2118 2739 2220 2794 nisi
2245 2739 2394 2808 jussu
2415 2737 2550 2808 ejus.

2195 2829 2281 2883 15.
2315 2827 2464 2899 [νει-δ.
2489 2824 2670 2897 9-12.]
2695 2822 2895 2879 Deinde
2919 2821 3067 2888 dicit,
3089 2829 3143 2874 ut
3164 2820 3442 2873 Dominum
3469 2817 3707 2872 laudent:

2123 2919 2323 2974 Montes
2357 2929 2404 2972 et
2433 2934 2603 2972 omnes
2626 2917 2778 2970 colles
2797 2957 2810 2981 ,
2837 2915 2973 2985 ligna
2997 2913 3258 2983 fructifera
3287 2919 3333 2963 et
3361 2926 3533 2963 omnes
3554 2909 3726 2973 cedri;

2123 3011 2290 3064 bestia:
2327 3019 2373 3063 et
2419 3009 2588 3063 omnia
2628 3023 2808 3078 pecora
2833 3047 2846 3067 ,
2877 3005 3076 3074 reptilia
3113 3012 3158 3055 et
3208 3000 3432 3054 volatilia
3471 3007 3735 3068 pennata-

2123 3101 2326 3158 Deiude
2372 3099 2437 3154 ad
2489 3097 2732 3152 homines
2784 3113 2796 3148 :
2839 3091 3000 3163 Reges
3046 3103 3194 3144 teme
3221 3099 3268 3144 et
3299 3105 3468 3142 omnes
3498 3087 3712 3157 populi,

2123 3194 2375 3266 principes
2405 3201 2450 3243 et
2477 3204 2647 3241 omnes
2686 3186 2886 3257 judices
2915 3193 3060 3236 terra:
3088 3199 3106 3246 ;
3142 3181 3351 3250 juvenes
3379 3189 3426 3232 et
3453 3178 3670 3247 virgines
3695 3216 3712 3242 ,

2123 3286 2342 3341 seniores
2371 3299 2484 3335 cum
2502 3280 2790 3350 junioribus
2820 3277 3023 3330 laudent
3051 3289 3228 3326 nomen
3269 3272 3496 3324 Domini.
3531 3269 3716 3339 Expli-

2125 3386 2237 3432 cata
2271 3385 2351 3429 cst
2378 3375 2493 3428 laus
2516 3373 2582 3426 de
2609 3370 2767 3434 coelo,
2798 3368 3056 3437 explicata
3081 3376 3163 3420 est
3184 3365 3297 3419 laus
3325 3364 3392 3418 de
3421 3372 3587 3417 terra.

2203 3469 2266 3521 Η
2313 3465 2462 3538 [vcrs.
2495 3462 2604 3534 15.]
2633 3463 2763 3528 Quia
2792 3462 3068 3513 exaltatum
3097 3466 3166 3510 est
3197 3475 3375 3510 nomen
3405 3457 3520 3526 ejus
3539 3455 3716 3508 solius.

2125 3561 2292 3614 Nemo
2346 3556 2624 3610 hominum
2674 3561 2875 3622 quazrat
2919 3551 3152 3604 exaltare
3194 3565 3385 3602 nomen
3429 3563 3599 3601 suum.
3625 3545 3719 3599 Vis

2126 3647 2384 3702 exaltari?
2435 3645 2509 3696 Illi
2561 3652 2614 3696 te
2669 3642 2834 3695 subde
2860 3681 2872 3703 ,
2905 3641 2993 3707 qui
3043 3655 3146 3692 non
3182 3646 3357 3706 potest
3397 3635 3659 3691 lmtniliari
3697 3652 3712 3688 :

2128 3739 2421 3793 Ea‘ttltatnm
2448 3744 2518 3788 est
2549 3750 2726 3786 nomen
2753 3733 2862 3800 ejus
2887 3731 3062 3783 solius.

2203 3830 2287 3883 15.
2340 3826 2507 3899 [vers.
2539 3821 2670 3895 14.]
2721 3822 2978 3893 Confessio
3026 3821 3134 3889 ejus
3186 3821 3238 3872 in
3288 3829 3422 3873 terra
3449 3827 3493 3870 et
3521 3817 3646 3871 cazlo
3671 3819 3715 3870 '.

2128 3921 2266 3988 Quid
2317 3929 2426 3983 est,
2479 3917 2735 3987 Confessio
2781 3917 2888 3984 ejus
2934 3915 2988 3966 in
3036 3924 3169 3965 terra
3195 3921 3241 3965 et
3283 3911 3575 3977 cmlo?qua
3606 3910 3720 3977 ipse

2131 4010 2454 4067 comitetur?
2506 4008 2656 4070 Non;
2687 4005 2779 4060 scd
2809 4019 2910 4074 qua
2941 4004 3086 4057 illum
3131 4003 3308 4057 omnia
3364 4001 3680 4055 confitentur
3701 4039 3717 4064 ,

2134 4103 2312 4158 omnia
2359 4103 2590 4155 clamant
2622 4117 2636 4154 :
2667 4096 2902 4151 omnium
2932 4093 3273 4164 pulchritudo
3303 4091 3530 4161 quodam
3561 4090 3724 4143 modo

2133 4213 2232 4251 vox
2259 4209 2444 4249 eorum
2474 4201 2555 4244 est
2586 4231 2599 4255 ,
2653 4188 3020 4244 confitentium
3051 4187 3238 4239 Deum.
3290 4183 3497 4238 Clamat
3524 4182 3724 4237 caelum

2135 4288 2246 4342 Deo
2276 4303 2288 4339 :
2323 4284 2401 4338 Tu
2429 4299 2512 4336 me
2543 4280 2746 4347 fecisti,
2776 4294 2880 4332 nou
2909 4293 3026 4347 ego.
3057 4275 3263 4330 Clamat
3305 4281 3446 4327 terra
3481 4289 3494 4324 :
3527 4273 3603 4326 Tu
3636 4288 3724 4327 me

2133 4376 2440 4440 condidisti,
2470 4388 2575 4428 non
2601 4387 2718 4442 ego.
2749 4369 3026 4438 Quomodo
3051 4367 3282 4421 clamant
3329 4364 3465 4419 ista?
3491 4361 3719 4431 Quando

2135 4468 2563 4531 considerantur,
2595 4474 2648 4519 et
2700 4463 2801 4516 hoc
2852 4460 3148 4524 invenitur;
3175 4473 3240 4513 ex
3281 4465 3367 4510 tua
3411 4454 3724 4510 considera-

2138 4563 2282 4616 tione
2306 4559 2558 4622 clamant,
2586 4571 2648 4609 ex
2677 4568 2808 4608 voce
2834 4561 2920 4606 tua
2959 4551 3210 4606 clamant.
3241 4546 3500 4618 Confessio
3525 4546 3634 4614 ejus
3671 4545 3728 4597 in

2139 4664 2272 4707 terra
2301 4659 2345 4703 et
2373 4649 2516 4703 caelo.
2546 4645 2777 4700 Attende
2805 4644 3020 4709 cadum,
3052 4640 3333 4711 pulchrum
3360 4649 3441 4692 est
3465 4654 3479 4703 ;
3513 4627 3762 4707 attende'_

2141 4753 2353 4808 terram,
2382 4739 2598 4812 pulchra
2639 4746 2721 4793 est
2749 4753 2763 4790 :
2792 4745 3076 4804 utrumque
3098 4734 3254 4788 simul
3277 4731 3428 4786 valde
3449 4731 3726 4801 pulchrum

2140 4843 2242 4890 est.
2268 4833 2384 4903 Ipse
2411 4830 2537 4885 fecit
2558 4871 2571 4894 ,
2603 4829 2717 4898 ipse
2762 4826 2899 4896 regit
2925 4865 2942 4892 ,
2974 4825 3138 4894 ipsius
3169 4832 3296 4878 nutu
3343 4823 3725 4892 gubernantur,

2139 4929 2254 4999 ipse
2283 4925 2478 4996 trajicit
2507 4933 2746 4992 tempora
2775 4960 2789 4982 ,
2821 4927 3091 4974 momenta
3136 4916 3252 4986 ipse
3303 4915 3562 4969 instaurat
3588 4953 3602 4978 ,
3635 4927 3728 4981 per

2111 5029 2114 5032 ‘
2141 5021 2374 5092 seipsum
2414 5019 2691 5073 instaurat.
2723 5012 2916 5067 Omnia
2954 5010 2976 5041 ³
3001 5022 3128 5079 ergo
3170 5008 3269 5062 ista
3295 5005 3508 5061 laudant
3539 5005 3684 5059 illum
3712 5047 3727 5071 ,

2141 5112 2254 5167 sive
2281 5111 2333 5164 in
2361 5117 2500 5162 statu
2527 5147 2542 5172 ,
2585 5105 2700 5159 sive
2726 5103 2778 5156 in
2804 5111 2951 5156 motu
2978 5141 2992 5164 ,
3022 5100 3134 5155 sive
3161 5097 3228 5153 de
3269 5105 3408 5150 terra
3435 5095 3684 5150 deorsum
3711 5137 3728 5162 ,

2144 5206 2257 5259 sive
2283 5202 2350 5257 de
2379 5199 2516 5255 coelo
2542 5211 2775 5260 sursum,
2803 5194 2916 5248 sive
2940 5193 2992 5246 in
3021 5196 3302 5253 vetustate,
3335 5185 3447 5242 sive
3474 5185 3528 5240 in
3566 5201 3728 5241 reno-

2143 5295 2374 5350 vatione.
2391 5291 2524 5346 Cum
2543 5289 2692 5343 vides
2716 5287 2830 5340 hate
2848 5295 2901 5340 et
2920 5283 3138 5354 gaudes,
3153 5289 3205 5335 et
3219 5278 3541 5333 attollerisin
3564 5276 3731 5330 artifi-

2144 5401 2282 5451 cem,
2303 5393 2357 5440 et
2374 5381 2654 5437 invisibilia
2673 5379 2807 5447 ejus,
2824 5392 2920 5447 per
2936 5391 2996 5430 ea
3014 5388 3130 5444 qua:
3149 5371 3283 5426 facta
3302 5378 3447 5436 sunt,
3462 5370 3730 5423 intellecta

2146 5475 2411 5532 conlueris
2430 5473 2607 5543 (Rom;
2624 5487 2660 5534 ι,
2683 5469 2796 5539 20),
2813 5465 3070 5538 Confessio
3095 5465 3205 5533 ejus
3230 5462 3282 5516 in
3309 5470 3440 5515 terra
3457 5469 3502 5514 et
3514 5461 3662 5523 mlo;
3679 5458 3730 5513 id

2211 5595 2225 5622 ¹
2255 5597 2302 5638 In
2327 5595 2396 5647 8.,
2421 5583 2816 5647 blasphemamus.
2844 5587 2918 5629 Er.
2944 5577 3092 5641 Lugd.
3116 5585 3236 5626 Ven.
3271 5583 3324 5624 et
3347 5581 3477 5635 Lov.,
3511 5571 3733 5636 blasphe-

2199 5651 2398 5700 ttbimus.
2501 5656 2554 5694 Μ.

2199 5668 2214 5700 ι·
2235 5657 2243 5662 ’
2267 5657 2289 5691 ⁷1
2357 5685 2365 5699 .
2387 5686 2398 5697 .
2501 5657 2520 5694 ἢ
2543 5682 2554 5694 .

2149 5667 2194 5702 m
2213 5664 2456 5760 ivia'i="3.ss.
2473 5657 2607 5771 ju'xta
2627 5713 2752 5754 LXX.
2780 5704 2890 5767 edd.
2920 5714 3056 5771 vero,
3081 5699 3130 5749 in
3152 5696 3271 5771 ratio
3292 5704 3344 5771 et
3356 5696 3406 5746 in
3424 5701 3577 5771 terra.

2218 5778 2235 5807 ³
2261 5782 2392 5835 Mss,
2416 5760 2500 5835 pe'r
2520 5769 2674 5836 ipsum
2694 5763 2868 5818 omnia.
2889 5775 3011 5828 Ergo
3039 5765 3130 5816 ista
3147 5760 3177 5812 lt
3195 5760 3375 5820 udum,
3390 5766 3487 5809 etc.
