4042 6202
411 310 549 368 1947

407 430 524 492 est,
553 419 826 478 conﬁteris
876 418 927 473 et
975 414 1042 472 de
1084 413 1245 471 rebus
1272 407 1812 472 terrenis.conliteris
1839 407 1887 463 ci
1923 407 1995 465 de

410 512 577 569 rebus
590 510 921 568 caelestibus.
951 506 1021 563 Et
1044 505 1167 576 quia
1199 504 1313 574 ipse
1340 501 1467 557 fecit
1494 498 1697 564 omnia,
1726 508 1780 554 et
1802 498 1999 555 melius

344 580 361 615 "
410 602 506 659 illo
548 618 652 658 non
695 611 778 656 est
822 597 1056 669 aliquid,
1102 593 1356 667 quidquid
1382 591 1544 660 fecit,
1577 592 1713 646 intra
1749 588 1824 664 (α)
1852 591 1999 647 illum

411 706 495 750 est
512 703 595 760 ;et
619 690 871 762 quidquid
891 692 942 744 in
956 688 1046 744 his
1063 687 1155 757 tibi
1174 686 1367 757 placet,
1388 684 1566 740 minus
1587 691 1668 737 est
1684 697 1840 752 quam
1865 681 1997 750 ipso.

413 785 529 840 Non
556 798 684 853 ergo
703 784 774 837 ita
801 781 896 837 tibi
925 782 1132 851 placeat
1149 777 1290 849 quod
1322 777 1444 831 fecit
1466 816 1482 842 ,
1512 783 1569 828 ut
1598 773 1822 830 recedas
1840 772 1907 826 ab
1934 786 2000 826 co

412 876 499 948 qui
527 876 680 940 fecit;
724 873 816 930 sed
841 873 890 929 si
922 886 1073 927 ainas
1096 869 1237 955 qupd
1279 868 1405 924 fecit
1427 908 1443 934 ,
1473 866 1639 921 multo
1674 864 1999 955 magisAeum

413 968 502 1039 qui
530 966 676 1022 fecit.
707 964 763 1021 Si
796 963 1014 1034 pulchra
1043 952 1309 1030 suntquae
1330 958 1474 1023 fecit,
1504 967 1704 1027 quanto
1730 952 2002 1026 pulchrior

412 1068 493 1115 est
513 1059 602 1129 qui
629 1057 794 1112 fecit?
818 1054 1083 1126 Confessio
1106 1054 1216 1124 ejus
1242 1053 1297 1106 in
1324 1060 1456 1104 terra
1485 1058 1530 1103 et
1559 1048 1701 1102 caelo.

482 1151 573 1206 16.
611 1149 676 1203 Et
704 1147 945 1204 exaltabit
972 1163 1131 1201 cornu
1157 1143 1334 1215 populi
1358 1142 1456 1197 sui.
1503 1141 1640 1196 Ecce
1686 1139 1829 1211 quod
1872 1154 2005 1210 pro-

412 1240 705 1311 phetabant
727 1240 956 1310 Aggaaus
993 1248 1047 1293 et
1091 1234 1397 1290 Zacharias.
1436 1231 1594 1286 Modo
1622 1245 1788 1285 cornu
1820 1229 2001 1300 populi

412 1333 582 1400 ipsius
602 1330 802 1385 humile
821 1340 903 1385 est
924 1330 983 1383 in
1004 1328 1227 1389 trituris,
1257 1326 1311 1379 in
1336 1322 1782 1389 tribulationibus,
1808 1322 1861 1375 in
1888 1330 2003 1376 ten-

414 1423 704 1479 tatiouihus
729 1462 744 1488 ,
784 1422 838 1475 in
870 1421 1113 1476 tunsicne
1139 1427 1411 1487 pectorum
1450 1433 1464 1470 :
1498 1415 1711 1486 quando
1760 1414 2004 1470 exaltabit

413 1530 572 1569 conm
602 1513 774 1584 populi
797 1513 920 1567 sui?
951 1509 1187 1579 Quando
1216 1507 1423 1565 venerit
1471 1506 1584 1577 ipse
1614 1506 1870 1561 Dominus
1902 1545 1918 1572 ,
1949 1513 2028 1562 et.

416 1615 567 1659 ortus
593 1604 750 1658 fuerit
768 1603 847 1658 sol
878 1611 1094 1658 noster:
1122 1616 1231 1661 non
1264 1600 1360 1654 iste
1386 1599 1479 1668 qui
1500 1598 1669 1653 oculis
1698 1596 1927 1663 videtur,
1950 1604 2005 1651 et

413 1697 584 1752 oritur
608 1710 770 1766 super
810 1694 982 1751 honos
1005 1701 1059 1748 et
1086 1692 1255 1748 malos
1281 1692 1301 1759 (
1327 1690 1510 1745 Matth.
1556 1705 1609 1756 v,
1640 1689 1713 1745 45
1732 1688 1787 1760 );
1820 1688 1911 1744 sed
1939 1688 2007 1743 de

414 1802 520 1857 quo
541 1787 753 1850 dicitur,
794 1782 945 1838 Vobis
966 1784 1057 1854 qui
1080 1781 1262 1836 timetis
1289 1780 1451 1836 Deum
1479 1821 1495 1847 ,
1528 1780 1719 1835 orietur
1737 1780 1818 1833 sol
1846 1779 2005 1849 justi-

415 1878 501 1933 τίω
520 1920 542 1942 .
569 1886 617 1933 et
644 1878 837 1933 sanitas
854 1876 916 1929 in
943 1875 1122 1945 pennis
1151 1874 1261 1944 ejus
1286 1872 1306 1942 (
1329 1871 1562 1926 Mutat-l2.
1595 1887 1645 1925 tv
1668 1911 1684 1939 ,
1714 1870 1790 1944 2)
1816 1888 1831 1937 ;
1860 1880 1913 1925 et
1937 1870 2009 1927 de

415 1982 523 2039 quo
548 1968 738 2022 dicturi
767 1963 1128 2034 suntsuperbi
1158 1972 1211 2019 et
1236 1962 1382 2031 impii
1407 2003 1420 2026 ,
1444 1959 1673 2016 Justitia:
1699 1962 1867 2016 tanien
1898 1977 2001 2015 non

419 2061 548 2115 uixit
592 2059 732 2113 nobis
762 2099 776 2122 ,
809 2067 855 2113 et
900 2057 979 2112 sol
1020 2072 1122 2111 non
1151 2064 1225 2111 est
1260 2063 1400 2110 ortus
1428 2053 1570 2109 nobis
1613 2054 1631 2124 (
1663 2053 1794 2124 δερ.
1822 2069 1873 2121 v,
1906 2052 2007 2125 6).

417 2150 539 2222 Ipsa
558 2152 667 2207 erit
692 2159 851 2205 testas
874 2156 1076 2205 nostra.
1106 2145 1262 2203 Modo
1284 2145 1488 2201 fructus
1527 2159 1622 2215 per
1640 2144 1922 2201 hibernum
1954 2145 2009 2200 in

418 2241 600 2298 radice
623 2254 733 2294 non
780 2248 1073 2310 apparent;
1114 2236 1347 2293 attendis
1389 2235 1541 2307 quasi
1572 2234 1752 2291 aridus
1787 2234 2010 2291 arbores

417 2349 516 2406 per
543 2332 794 2387 hiemem.
822 2330 927 2399 Qui
957 2345 1064 2386 non
1099 2328 1248 2384 novit
1275 2327 1488 2395 videre,
1519 2326 1725 2383 aridam
1753 2334 1903 2397 putat
1920 2327 2009 2383 vi—

419 2436 527 2483 tom
560 2442 574 2479 :
601 2433 655 2479 et
681 2424 816 2480 forte
840 2424 990 2494 juxta
1019 2431 1102 2478 est
1141 2436 1261 2493 quas
1286 2435 1413 2477 vere
1449 2419 1626 2487 aruit;
1656 2419 1860 2477 similes
1886 2427 2012 2477 sunt

418 2515 592 2570 smbte
636 2530 730 2584 per
756 2513 986 2568 hiemem
1033 2527 1047 2542 ·
1094 2512 1181 2567 illa
1213 2511 1341 2566 vivit
1368 2551 1384 2578 ,
1412 2509 1499 2563 illa
1530 2516 1734 2565 mortua
1757 2517 1882 2575 est;
1908 2508 2010 2565 sed

418 2605 564 2663 illius
593 2606 696 2660 vita
719 2612 775 2660 et
800 2604 944 2659 illius
964 2617 1110 2659 mors
1136 2603 1189 2658 in
1214 2600 1527 2658 abscondito
1549 2608 1633 2656 est
1656 2618 1675 2657 :
1699 2607 1857 2656 mstas
1876 2613 2014 2670 pro-

421 2698 585 2763 cedit,
617 2698 723 2751 vita
757 2695 896 2750 illius
915 2694 1255 2760 clariﬁcatur,
1278 2707 1423 2748 mors
1444 2693 1586 2747 illius
1606 2690 2009 2759 manifestatur;

421 2790 664 2863 procedit
683 2790 855 2873 honor
886 2788 1153 2851 foliorum,
1180 2784 1482 2840 fecunditas
1509 2784 1812 2850 fructuum;
1843 2784 2011 2841 vesti-

422 2889 514 2937 tur
539 2880 662 2934 vitis
691 2879 743 2934 in
772 2878 941 2941 facie,
970 2892 1033 2932 ex
1060 2890 1127 2931 eo
1155 2874 1295 2945 quod
1331 2873 1494 2930 habet
1542 2874 1595 2929 in
1620 2873 1824 2931 radice.
1870 2874 2013 2945 Ergo

423 2970 606 3037 modo,
634 2970 843 3030 fratres,
877 2967 1007 3021 tales
1032 2978 1237 3031 sumus,
1262 2963 1450 3035 quales
1470 2974 1593 3020 sunt
1616 2964 1704 3018 alii
1726 2963 1969 3019 homines
1994 2980 2010 3018 :

422 3060 692 3133 quomodo
720 3067 1027 3124 nascuntur,
1052 3055 1370 3111 manducaui
1394 3097 1408 3122 ,
1437 3054 1622 3111 bibunt
1645 3095 1661 3121 ,
1684 3055 2009 3124 vestiuntur,

421 3153 723 3222 transigunt
773 3151 936 3205 vitam
986 3149 1191 3213 istam;
1238 3145 1317 3201 sic
1362 3153 1417 3201 et
1469 3146 1660 3201 sancti.
1712 3144 2015 3215 Aliquando

422 3247 538 3320 ipsa
567 3259 656 3301 res
691 3240 889 3313 decipit
916 3240 1177 3305 homines,
1207 3247 1263 3293 et
1290 3238 1475 3294 dicunt
1501 3253 1516 3291 :
1548 3238 1689 3294 Ecce
1708 3237 1830 3308 quia
1852 3238 2017 3307 coepit

423 3353 547 3395 esse
588 3337 915 3394 christianos
937 3375 952 3400 ,
990 3330 1247 3402 numquid
1280 3345 1385 3385 non
1423 3329 1475 3386 ei
1522 3328 1668 3385 dolet
1687 3336 1851 3399 caput
1873 3328 1897 3382 ?
1922 3335 2016 3383 aut

422 3432 545 3503 quia
574 3429 893 3484 christianos
933 3435 1013 3480 est
1034 3466 1049 3491 ,
1097 3422 1221 3495 quid
1252 3422 1414 3478 habet
1442 3421 1559 3491 plus
1598 3435 1627 3475 a
1656 3420 1781 3476 me?
1804 3419 1850 3476 0
1890 3420 2015 3475 vitis

421 3519 848 3587 arida,'attcndis
873 3518 1020 3585 juxta
1050 3515 1297 3570 te-vitem
1326 3512 1521 3568 nudam
1554 3512 1606 3566 in
1637 3510 1885 3577 hiberno,
1918 3509 2015 3566 sed

426 3629 535 3669 non
564 3611 787 3666 aridam.
811 3607 990 3662 IEstas
1008 3606 1189 3661 veniet
1215 3605 1254 3670 ι,
1287 3604 1469 3659 veniet
1514 3602 1770 3658 Dominus
1794 3642 1810 3668 ,
1841 3600 2016 3656 honor

423 3713 631 3767 noster,
665 3702 753 3771 qui
777 3699 973 3754 latchat
997 3698 1048 3752 in
1079 3697 1296 3762 radice;
1325 3703 1380 3750 et
1424 3704 1548 3749 tunc
1586 3694 1830 3748 exaltabit
1853 3709 2016 3748 cornu

427 3794 606 3867 populi
630 3793 710 3846 sui
739 3834 754 3857 ,
783 3799 905 3861 post
929 3787 1288 3858 captivitatem
1332 3785 1385 3840 in
1415 3798 1517 3854 qua
1562 3783 1859 3837 mortaliter
1884 3782 2012 3837 vivi-

424 3898 567 3941 mus.
601 3880 754 3939 Unde
777 3881 906 3935 dicit
936 3876 1226 3948 Apostolus
1256 3892 1269 3927 :
1302 3872 1477 3927 Nolite
1503 3880 1620 3926 ante
1648 3880 1842 3942 tempus
1862 3870 2016 3941 quid-

425 3991 580 4047 quam
620 3974 856 4046 judicare
875 4014 892 4037 ,
945 3970 1100 4024 donec
1131 3966 1293 4021 ueniat
1330 3963 1578 4018 Dominus
1600 4003 1614 4028 ,
1643 3971 1690 4016 et
1717 3962 2020 4016 illuminabit

426 4066 722 4120 abscondita
743 4061 1094 4124 tenebrarum;
1118 4067 1164 4113 et
1184 4066 1301 4111 tunc
1318 4056 1429 4111 laus
1449 4054 1541 4108 erit
1567 4054 1833 4124 unicuique
1856 4069 1889 4107 α
1910 4053 2019 4111 Deo

428 4158 449 4230 (
478 4157 495 4211 1
526 4156 645 4212 Cor.
675 4172 746 4221 tv,
768 4156 805 4211 5
825 4152 868 4227 ).
899 4151 1006 4209 Sed
1034 4149 1170 4205 dicis
1206 4147 1377 4203 mihi:
1408 4144 1510 4202 Ubi
1537 4152 1620 4201 est
1656 4144 1805 4199 radix
1853 4158 1969 4199 mea
1994 4145 2020 4199 ?

426 4249 521 4304 ubi
544 4255 630 4303 est
652 4246 853 4301 fructus
880 4241 1066 4300 meus?
1087 4240 1142 4297 Si
1186 4237 1363 4295 credis
1387 4278 1403 4306 ,
1437 4236 1577 4292 nosti
1620 4235 1708 4290 ubi
1740 4242 1823 4290 est
1861 4234 2019 4290 radix

430 4351 542 4397 tua.
570 4341 642 4397 Ibi
664 4348 744 4393 est
760 4338 928 4404 enim,
953 4336 1040 4391 ubi
1070 4342 1153 4412 est
1174 4332 1303 4388 lides
1323 4339 1432 4397 tua,
1454 4329 1545 4383 ubi
1572 4340 1697 4398 spes
1716 4336 1799 4382 est
1821 4334 1877 4381 et
1892 4326 2022 4381 cha-

430 4435 564 4490 ritas
590 4441 696 4484 tua.
728 4427 861 4482 Audi
905 4424 1217 4496 Apostolum
1248 4438 1263 4475 :
1309 4421 1503 4476 Mortui
1529 4420 1661 4474 enim
1682 4420 1825 4475 estis.
1855 4416 2020 4486 Quasi

424 4538 531 4595 per
558 4521 788 4576 hiemem
810 4515 1005 4570 mortui
1032 4511 1392 4583 apparebant;
1420 4510 1541 4564 audi
1564 4510 1684 4579 quia
1702 4509 1889 4563 vivunt
1916 4524 1928 4561 :
1953 4506 2023 4562 Et

422 4623 535 4668 una
561 4621 722 4665 vestra
750 4606 1045 4663 abscondita
1076 4612 1149 4657 est
1172 4619 1287 4658 cum
1309 4600 1509 4658 Christo
1535 4600 1588 4654 in
1608 4599 1740 4654 Deo.
1762 4599 1903 4655 Ecce
1931 4598 2021 4657 ubi

424 4703 602 4757 habes
649 4699 903 4754 radicem.
956 4695 1184 4764 Quando
1230 4708 1357 4763 ergo
1421 4691 1626 4747 honore
1682 4690 2023 4746 ornabcrisi

436 4790 651 4863 quando
680 4788 1050 4844 tecundaheris
1078 4785 1291 4840 fructu?
1317 4783 1454 4839 Audi
1483 4783 1632 4837 illum
1661 4790 1974 4851 sequentem
1996 4797 2020 4837 λ

434 4882 564 4937 Cum
591 4881 822 4937 Christus
850 4878 1164 4949 apparuerit,
1190 4876 1289 4929 vita
1315 4883 1496 4937 uestra,
1524 4883 1644 4927 tunc
1669 4882 1715 4927 et
1742 4888 1828 4927 vos
1852 4889 2026 4942 appa-

435 4974 607 5028 rebitis
634 4988 746 5027 cum
772 4972 884 5041 ipso
912 4970 963 5024 in
994 4969 1157 5040 gloria
1180 4966 1415 5039 (Coloss.
1448 4980 1540 5035 tu,
1568 4966 1638 5032 3,
1664 4961 1755 5036 Δ).
1778 4962 1851 5019 Et
1879 4962 2027 5018 ml—

424 5065 557 5119 .tabit
584 5079 738 5117 cornu
769 5060 943 5131 populi
972 5060 1071 5115 sui.

510 5158 600 5212 Π.
642 5155 881 5225 Hymnus
926 5149 1161 5207 cultibus
1199 5148 1390 5203 sanctis
1434 5149 1562 5218 ejus.
1611 5146 1852 5218 Hymnus
1879 5145 2027 5205 scitis

438 5250 564 5322 quid
597 5247 943 5303 est?Cantus
964 5254 1046 5299 est
1073 5259 1192 5298 cum
1216 5241 1370 5297 laude
1396 5240 1508 5295 Dei.
1536 5239 1590 5296 Si
1622 5238 1806 5294 laudas
1834 5238 2024 5303 Deum,

440 5353 498 5398 et
524 5357 629 5396 non
655 5350 857 5403 cantas,
894 5352 999 5392 non
1022 5335 1162 5391 dicis
1188 5333 1447 5405 hymnum
1479 5346 1491 5385 :
1521 5331 1565 5385 si
1595 5337 1801 5395 cantas,
1831 5338 1885 5383 et
1922 5344 2026 5382 non

446 5433 632 5489 laudas
662 5433 825 5487 Deum
851 5470 866 5496 ,
919 5412 1025 5483 non
1054 5426 1187 5482 dicis
1217 5424 1474 5496 hymnum
1516 5438 1536 5475 .:
1582 5420 1627 5476 si
1675 5419 1860 5475 laudas
1887 5416 2031 5474 aliud

484 5606 524 5670 ,ι
557 5606 630 5654 ste
649 5611 755 5671 uss.
777 5611 831 5654 At
848 5603 981 5665 add,
1004 5599 1091 5654 sed
1114 5612 1209 5652 non
1225 5595 1418 5649 mitam
1440 5607 1527 5661 per
1549 5591 1727 5646 trstttlis
1751 5589 1860 5642 rint.
1875 5594 1931 5641 Et
1948 5601 2030 5642 tte-

448 5672 546 5718 ιιιει
567 5674 805 5725 οσηιιηιω,
822 5676 921 5715 etc.

505 5726 579 5794 to)
604 5725 781 5788 Forte,
805 5728 949 5790 intra.

1650 296 1712 353 S.
1750 294 2117 353 Αυοιιδτικι
2157 298 2456 359 ειηδεοιιι

3556 310 3681 367 ιειιιι

2111 411 2251 481 quod
2280 428 2385 468 non
2416 414 2647 485 pertinet
2666 414 2735 470 ad
2764 414 2974 473 laudem
3006 416 3125 483 Dci,
3158 418 3259 475 etsi
3287 420 3553 479 cantando
3572 422 3679 481 lau-

2109 504 2224 569 des,
2254 521 2357 558 non
2384 506 2518 561 dicis
2540 505 2817 577 hymnum.
2850 507 3088 580 llymnns
3112 525 3240 580 ergo
3262 510 3358 566 tria
3386 512 3482 566 ista
3514 513 3678 582 habet,

2109 604 2164 650 ct
2192 604 2427 664 cantum,
2456 608 2507 653 ct
2533 598 2770 666 laudem,
2796 607 2851 654 et
2880 600 2993 657 Dei.
3040 600 3181 656 Laus
3208 617 3337 671 ergo
3366 602 3455 657 Dei
3485 603 3536 657 in
3565 619 3683 660 ean-

2109 687 2235 754 tico,
2266 686 2495 759 hymnus
2520 688 2734 743 dicitur.
2765 689 2901 758 Quid
2932 699 3187 761 estergo,
3217 691 3452 764 Hymnus
3467 696 3686 751 omnibus

2107 777 2295 830 sanctis
2322 778 2474 848 ejus?
2500 778 2777 849 Accipiunt
2798 780 2972 834 sancti
3016 781 3130 849 ejus
3175 782 3431 853 hynnfum
3458 825 3471 848 ,
3520 785 3687 842 dicant

2106 867 2274 921 sancti
2326 867 2443 937 ejus
2475 867 2768 939 hymnum;
2808 872 2927 941 quia
2971 869 3075 925 hoc
3124 882 3207 926 est
3257 873 3397 942 quod
3430 860 3685 944 accepturi

2108 957 2437 1022 suntinlinc,
2458 958 2712 1029 hymnum
2742 961 3147 1031 sempiternum.
3177 961 3301 1017 ideo
3314 965 3420 1017 alio
3440 965 3557 1019 Ιοευ
3573 966 3690 1021 dirit

2110 1047 2367 1118 psalmus,
2390 1048 2709 1118 Sacri/icium
2730 1050 2895 1104 laudis
2916 1051 3215 1122 gloriﬁcubit
3235 1070 3345 1119 me;
3369 1063 3412 1107 et
3430 1056 3499 1107 ibi
3527 1065 3600 1108 est
3622 1058 3687 1109 ria

2107 1152 2209 1207 qua
2234 1138 2496 1192 ostendam
2526 1138 2605 1193 illi
2627 1140 2851 1194 salutare
2876 1157 3039 1194 meum
3072 1140 3243 1213 (Paul.
3268 1159 3416 1210 xux,
3442 1143 3536 1213 25)
3571 1162 3585 1195 :
3619 1154 3686 1211 et,

2110 1228 2254 1284 Beati
2280 1231 2366 1300 qui
2394 1231 2621 1286 habitant
2644 1233 2697 1286 in
2736 1231 2887 1286 domo
2930 1242 3016 1287 tua
3040 1249 3061 1297 ;
3099 1234 3152 1287 in
3182 1235 3372 1288 sa'cula
3400 1237 3691 1289 swcnlornm

2109 1320 2387 1377 laudabunt
2409 1332 2456 1376 te
2477 1324 2493 1389 (
2516 1320 2662 1377 Psal.
2692 1338 2915 1386 Lxxxnt,
2942 1323 3033 1394 5).
3059 1323 3171 1379 Hoc
3197 1332 3302 1390 est,
3330 1324 3564 1395 Ilymnus
3587 1343 3693 1379 ama

2109 1413 2256 1467 nibus
2281 1415 2470 1470 sanctis
2498 1415 2630 1485 ejus.
2657 1414 2756 1482 Qui
2782 1423 2907 1471 sunt
2928 1418 3097 1471 sancti
3125 1417 3280 1486 ejus?
3311 1417 3356 1469 F
3358 1419 3457 1471 iliis
3486 1417 3650 1473 Israel
3676 1461 3691 1486 ,

2112 1505 2298 1575 papula
2349 1506 2783 1575 appropinquanti
2830 1505 2944 1560 sibi.
2992 1506 3161 1561 Nemo
3213 1508 3359 1562 dicat
3392 1527 3406 1562 :
3436 1508 3549 1562 Non
3581 1523 3693 1563 sum

2111 1594 2254 1650 ﬁlius
2279 1596 2463 1651 Israel.
2505 1596 2583 1653 Ne
2629 1597 2826 1667 putetis
2869 1597 3083 1653 ludam
3109 1598 3250 1654 ﬁlios
3276 1598 3435 1654 Israel
3465 1615 3587 1656 esse
3612 1643 3626 1667 ,
3647 1609 3699 1656 et

2111 1700 2213 1740 nos
2243 1701 2348 1741 non
2379 1701 2498 1742 esse
2543 1686 2683 1741 ﬁlios
2712 1687 2870 1743 Israel
2900 1704 2915 1741 :
2946 1688 3117 1743 audeo
3144 1688 3299 1744 vobis
3343 1690 3518 1745 dicere
3545 1734 3561 1755 ,
3592 1690 3695 1746 fra-

2113 1784 2224 1831 tres
2254 1777 2356 1835 mci
2378 1792 2393 1843 ;
2419 1776 2493 1831 illi
2517 1791 2622 1832 non
2650 1785 2795 1845 sunt,
2822 1787 2881 1833 et
2908 1794 3004 1837 nos
3028 1795 3238 1835 sumus.
3270 1780 3460 1837 Audite
3488 1798 3654 1852 quare
3680 1801 3694 1839 :

2112 1868 2236 1938 quia
2260 1868 2434 1938 major
2461 1877 2546 1923 est
2589 1868 2745 1926 natus
2764 1868 3063 1925 secundum
3112 1872 3362 1940 spiritum
3380 1913 3396 1938 ,
3426 1888 3588 1942 quam
3612 1887 3698 1927 na-

2115 1965 2201 2013 tus
2228 1955 2523 2015 secundum
2550 1971 2788 2013 carnem.
2832 1957 2985 2013 Unde
3028 1959 3236 2015 l~rael?
3275 1960 3352 2015 Ex
3394 1961 3695 2030 Abraham;

2100 2049 2235 2121 quia
2258 2048 2404 2105 lsaac
2424 2064 2488 2105 ex
2510 2049 2806 2116 Abraham,
2828 2048 2989 2105 Israel
3009 2065 3076 2107 ex
3099 2051 3263 2109 Isaac.
3287 2051 3567 2121 Quomodo
3595 2054 3698 2124 pla-

2114 2142 2226 2198 cuit
2240 2142 2357 2199 Deo
2391 2142 2704 2201 Aluaham?
2727 2140 2952 2198 Credidit
2978 2152 3150 2198 autem
3191 2143 3448 2197 Abraham
3491 2143 3598 2198 Deo
3616 2186 3630 2212 ,
3656 2154 3699 2200 et

2115 2232 2409 2304 deputatum
2431 2242 2505 2288 est
2536 2234 2614 2289 illi
2638 2233 2707 2288 ad
2719 2234 2979 2305 justitiam
3002 2234 3021 2305 (
3047 2233 3199 2289 Rom.
3231 2251 3308 2303 tv,
3337 2236 3372 2291 5
3390 2236 3432 2309 ).
3456 2236 3696 2308 Quisquis

2115 2323 2352 2381 imitatus
2375 2324 2531 2380 luerit
2558 2322 2825 2379 Abraham
2850 2365 2866 2391 ,
2895 2323 3037 2379 ﬁlius
3058 2334 3141 2380 est
3161 2325 3390 2380 Abraha:
3419 2343 3433 2380 :
3459 2328 3698 2397 quisquis

2114 2404 2516 2487 degeneravcrit
2555 2430 2585 2471 a
2631 2415 2736 2472 ﬁde
2778 2416 3080 2481 Abraham,
3113 2416 3346 2486 perdidit
3390 2420 3694 2488 progeniem

2115 2508 2369 2566 Abralm.
2393 2508 2563 2566 ιιιᾶωί
2582 2508 3071 2580 degeneraverunt;
3095 2509 3441 2577 perdiderunt
3468 2528 3482 2564 :
3513 2510 3700 2566 imitati

2114 2616 2302 2657 sunms
2348 2615 2483 2668 nos;
2514 2601 2842 2657 invenimus.
2869 2599 3007 2655 Audi
3043 2601 3166 2671 quia
3192 2600 3269 2654 illi
3319 2600 3698 2670 perdiderunt:

2115 2693 2242 2765 quid
2291 2693 2396 2749 illis
2444 2693 2575 2749 dicit
2616 2692 2874 2749 Dominus
2936 2692 3235 2748 dicentibus
3277 2735 3293 2760 ,
3365 2692 3488 2747 Filii
3529 2710 3705 2749 sumus

2114 2786 2335 2842 Abrahae
2353 2787 2379 2840 ?
2411 2786 2540 2841 Ausi
2564 2793 2688 2840 sunt
2711 2793 2982 2841 ostentare
3011 2798 3070 2840 se
3093 2826 3109 2853 ,
3140 2793 3196 2841 et
3218 2784 3422 2854 erigere
3440 2785 3702 2841 cervicem

2115 2877 2185 2933 de
2210 2877 2492 2933 nobilitate
2512 2876 2729 2948 generis
2751 2877 2914 2945 justi;
2938 2884 2993 2932 et
3016 2875 3141 2947 quid
3185 2876 3295 2932 illis
3320 2876 3575 2933 Dominus
3600 2879 3623 2931 ἲ
3646 2878 3703 2933 Si

2116 2970 2214 3039 ﬁlii
2251 2969 2470 3024 Abrahae
2514 2970 2687 3025 essetis
2711 3010 2724 3031 .
2757 2972 2895 3040 facta
2945 2968 3165 3023 Abrahte
3212 2970 3454 3040 fecissetis
3501 2970 3702 3041 (Joan.

2116 3074 2227 3121 vui,
2257 3060 2344 3125 55,
2379 3058 2505 3129 39).
2537 3057 2594 3115 Si
2622 3072 2750 3130 ergo
2780 3057 3126 3129 perdiderunt
3154 3058 3252 3128 ipsi
3278 3059 3420 3129 quod
3446 3060 3539 3114 lilii
3585 3067 3706 3116 sunt

2117 3149 2365 3212 Ahrahm,
2390 3148 2689 3204 invenimus
2728 3163 2825 3204 nos
2851 3157 2910 3203 ut
2938 3148 3029 3203 lilii
3073 3149 3246 3204 simus
3282 3148 3533 3205 Abrahae.
3574 3149 3704 3206 Cre-

2121 3241 2300 3297 dendo
2328 3242 2524 3312 quippe
2550 3240 2851 3297 invenimus
2873 3239 3013 3311 quod
3045 3239 3120 3294 illi
3143 3255 3248 3296 non
3277 3239 3549 3297 credendo
3572 3241 3706 3296 ami-

2116 3340 2302 3389 serunt
2318 3349 2339 3390 :
2354 3333 2478 3403 quia
2497 3332 2707 3387 credidit
2724 3333 2979 3387 Abraham
2999 3329 3134 3401 Deo,
3156 3341 3204 3386 et
3222 3332 3517 3403 deputatum
3538 3344 3614 3389 est
3632 3330 3706 3389 illi

2117 3424 2186 3478 ad
2190 3423 2462 3494 justitiam.
2478 3424 2544 3478 Et
2553 3436 2736 3480 semen
2754 3422 2983 3479 Abrahae
3003 3422 3247 3479 Christus
3266 3423 3460 3494 (Colat.
3484 3440 3561 3491 ιιι,
3586 3424 3700 3495 ιδ),

2117 3524 2172 3571 et
2201 3515 2254 3570 in
2283 3515 2495 3571 Christo
2512 3530 2611 3571 nos
2633 3530 2851 3581 sumus;
2879 3524 2937 3572 et
2960 3531 3025 3571 ex
3054 3515 3217 3571 Israel
3240 3516 3487 3587 populus,
3516 3517 3585 3572 de
3604 3531 3708 3587 quo

2118 3606 2316 3677 pepulo
2343 3606 2531 3672 Maria,
2560 3606 2630 3662 de
2658 3621 2761 3677 qua
2783 3606 2948 3662 Maria
2974 3606 3216 3663 Christus
3236 3649 3252 3675 ,
3284 3608 3336 3661 in
3363 3623 3472 3677 quo
3496 3608 3708 3664 Christo

2119 3713 2219 3753 nos
2242 3714 2256 3751 :
2276 3711 2406 3767 ergo
2432 3697 2529 3753 lilii
2556 3697 2714 3753 Israel
2738 3713 2855 3753 nos.
2879 3698 2949 3752 Et
2969 3699 3238 3768 quomodo
3260 3698 3483 3764 addidit,
3515 3708 3574 3754 ut
3596 3699 3709 3755 dis-

2120 3798 2365 3845 cerneret
2392 3788 2531 3844 nos?
2548 3787 2702 3843 Filiis
2728 3787 2913 3856 Israel,
2937 3791 3576 3862 populoappropinquanti
3595 3791 3708 3847 sibi.

2120 3878 2394 3934 Attendite
2414 3878 2633 3935 Judazos
2654 3896 2670 3934 :
2693 3879 2737 3935 si
2760 3880 3116 3951 prepinquant
3140 3921 3155 3946 ,
3184 3880 3286 3953 ipsi
3313 3890 3457 3936 sunt.
3481 3882 3553 3936 Et
3577 3880 3715 3940 forte

2121 3972 2499 4043 propinquant,
2531 3971 2661 4027 dicit
2684 3972 2813 4027 mihi
2842 3972 3034 4043 aliquis
3063 3990 3077 4025 :
3105 3973 3342 4044 quotidie
3366 3983 3423 4029 et
3447 3974 3549 4044 ipsi
3581 3988 3715 4030 can-

2123 4070 2233 4117 tant
2262 4062 2527 4133 psalmum
2557 4104 2572 4130 ,
2604 4070 2660 4117 et
2696 4072 2911 4118 cantant
2941 4063 3168 4134 hymnos
3205 4064 3321 4118 Dei.
3362 4063 3481 4120 Non
3519 4063 3719 4121 auditis

2122 4153 2249 4225 quid
2275 4155 2352 4209 eis
2380 4154 2519 4208 dixit
2561 4153 2866 4225 propheta?
2894 4153 3127 4225 Populus
3163 4154 3244 4208 hic
3269 4146 3417 4209 labiis
3441 4171 3522 4209 me
3548 4154 3719 4209 hono-
3760 4186 3771 4195 -

2122 4253 2203 4299 rat
2218 4260 2236 4309 ;
2265 4259 2355 4297 cor
2381 4253 2550 4297 autem
2575 4259 2752 4298 eorum
2780 4243 2928 4315 longe
2951 4255 3023 4299 est
3046 4259 3081 4297 a
3099 4260 3183 4298 me
3207 4243 3228 4316 (
3248 4243 3372 4298 lsai.
3405 4259 3551 4309 nix,
3579 4245 3651 4300 l3
3674 4245 3719 4316 ).

2122 4334 2181 4391 Si
2210 4335 2421 4391 illorum
2448 4348 2545 4389 eor
2568 4334 2723 4404 longe
2744 4343 2832 4389 est
2857 4375 2872 4402 ,
2902 4343 3145 4389 nostrum
3171 4345 3350 4390 autem
3390 4350 3490 4389 cor
3531 4334 3722 4404 proxi-

2124 4450 2270 4489 mum
2298 4443 2417 4500 est;
2445 4433 2567 4504 quia
2597 4431 2868 4488 credimus
2891 4473 2907 4497 ,
2940 4433 3060 4502 quia
3089 4446 3367 4502 speramus
3395 4472 3410 4496 ,
3438 4430 3561 4500 quia
3590 4429 3723 4485 dilio

2122 4526 2297 4596 (timus
2317 4567 2332 4586 .
2363 4526 2485 4596 quia
2514 4523 2730 4579 Christo
2775 4522 3010 4593 adiuncti
3056 4537 3241 4579 sumus
3264 4565 3279 4591 ,
3319 4522 3440 4594 quia
3472 4522 3726 4577 membra

2122 4615 2293 4685 ipsius
2322 4615 2441 4671 lacti
2484 4629 2670 4670 sumus
2700 4632 2716 4669 :
2761 4613 3018 4685 numquid
3061 4612 3302 4669 membra
3334 4614 3491 4685 longe
3533 4621 3667 4669 sunt
3694 4628 3727 4668 a

2122 4707 2339 4777 capite?
2363 4707 2419 4762 Si
2445 4714 2628 4762 essent
2654 4706 2830 4775 longe,
2855 4715 2909 4761 et
2927 4705 3094 4761 divisa
3120 4714 3321 4773 essent,
3350 4706 3725 4783 non'diceret:

2128 4800 2265 4854 Ecce
2290 4816 2381 4870 ego
2406 4799 2658 4854 uobiscum
2692 4814 2806 4853 sum
2829 4814 2988 4869 usque
3013 4798 3081 4851 ad
3105 4799 3590 4852 consummationem
3622 4812 3726 4853 stc-

2125 4892 2231 4946 culi
2260 4889 2485 4961 (Matth.
2517 4905 2701 4955 xxvnt,
2730 4889 2805 4945 ‘20
2827 4888 2869 4959 ).
2898 4888 2954 4945 Si
2992 4898 3238 4956 separata
3275 4896 3475 4954 essent,
3506 4903 3617 4944 non
3659 4888 3729 4943 de

2128 4985 2267 5043 caelo
2290 4984 2490 5040 diceret
2516 4999 2531 5037 :
2560 4982 2742 5049 Saule,
2774 4980 2964 5048 Baete,
2993 4980 3115 5052 quid
3134 4996 3217 5034 me
3244 4980 3551 5051 persequeris
3584 4978 3712 5051 (Act

2131 5091 2212 5142 ιιι,
2240 5074 2348 5146 4)?
2372 5073 2431 5131 Si
2457 5088 2565 5128 non
2605 5074 2659 5128 in
2685 5072 2840 5127 nobis
2868 5080 3011 5129 esset
3037 5112 3053 5137 ,
3078 5087 3187 5125 nou
3207 5070 3445 5137 diceret,
3472 5069 3692 5125 Esuriri
3714 5112 3732 5136 ,

2131 5175 2177 5221 et
2223 5165 2430 5220 dedistis
2480 5164 2603 5218 mihi
2651 5162 2966 5218 manducare
3012 5178 3032 5216 :
3074 5169 3136 5217 et
3170 5176 3289 5217 cum
3320 5162 3562 5218 dicerent
3608 5161 3693 5216 illi
3719 5202 3738 5227 ,

2136 5258 2352 5325 Quando
2377 5268 2424 5312 te
2446 5258 2663 5311 uidimus
2688 5256 2986 5311 estn‘ieutcm
3006 5255 3032 5308 ?
3061 5254 3364 5324 respondit,
3387 5252 3514 5309 Cum
3542 5255 3644 5308 uni
3672 5270 3741 5309 α

2134 5350 2354 5404 minimis
2377 5351 2497 5404 meis
2526 5349 2734 5422 fecistis,
2767 5347 2891 5400 mihi
2916 5345 3108 5419 fecistis
3156 5344 3382 5416 (Matth.
3434 5360 3563 5409 xxv,
3618 5344 3697 5399 35
3721 5385 3738 5408 ,

2136 5442 2225 5506 5'7,
2263 5440 2382 5514 45).
2402 5440 2552 5496 ‘Ecce
2578 5437 2803 5510 populus
2830 5477 2846 5505 ,
2892 5452 3019 5494 ecce
3046 5436 3478 5509 appropinquans
3521 5437 3740 5501 tsrael;

2138 5541 2193 5589 et
2215 5547 2334 5588 cum
2359 5531 2449 5587 illo
2478 5530 2639 5587 modo
2663 5543 2780 5600 spe,
2810 5536 2996 5599 postea
3020 5544 3099 5584 re.

2208 5765 2253 5803 ἥ
