4082 6204
423 303 568 362 £959

424 427 1988 452 _____________________________..__..__._.__

848 509 926 574 IN
967 509 1341 572 PSALM‘UM
1384 507 1640 569 CXLIX

999 628 1413 685 ENARRATIO.

932 763 1102 803 βιζΜο
1130 763 1195 802 AD
1215 760 1478 801 'POPULITM.

499 863 549 916 i.
578 859 742 934 [τετε.
763 861 820 914 'i.
843 857 865 931 ]
893 859 1190 912 Laudemus
1213 855 1495 910 Dominum
1526 861 1579 906 et
1600 853 1649 905 in
1676 866 1802 905 voce
1822 891 1836 916 ,
1855 858 1915 904 ct
1942 851 1994 904 in

427 950 714 1013 intellectu,
744 948 1049 1016 etin.0pere
1080 947 1217 1000 bono
1240 963 1253 1011 ;
1274 954 1330 999 et
1355 945 1489 998 sicut
1515 958 1611 996 nos
1639 943 1876 994 hortatur
1896 940 1995 993 iste

425 1041 676 1109 psalmus,
708 1047 982 1092 cantemus
1008 1038 1057 1090 ei
1079 1037 1338 1089 canticum
1367 1049 1578 1088 novum.
1611 1032 1700 1085 Sic
1725 1030 1994 1085 enimue-

425 1131 500 1200 pit
533 1149 544 1182 :
575 1129 1042 1192 Cuntateﬂomiuo
1085 1128 1332 1180 canticum
1371 1141 1571 1178 novum.
1602 1121 1764 1175 Vetus
1799 1121 1991 1185 homo,

423 1231 574 1275 vetus
603 1222 864 1274 canticum
901 1237 912 1272 :
948 1233 1114 1273 novus
1135 1218 1319 1284 homo,
1351 1231 1545 1270 novum
1571 1214 1854 1268 canticum.
1892 1210 1993 1263 Ve-

423 1322 506 1367 tus
534 1313 951 1373 Testamentum,
974 1311 1399 1365 vetuscanticum
1427 1327 1438 1362 :
1463 1308 1664 1362 Novum
1689 1307 1996 1360 Testamen-

422 1413 555 1468 tum,
584 1419 780 1457 novum
811 1405 1090 1457 canticum.
1118 1401 1173 1456 in
1201 1401 1373 1456 Veteri
1404 1401 1740 1455 Testamento
1773 1397 1996 1465 promis~

421 1496 598 1550 siones
639 1506 762 1550 sunt
812 1497 1126 1564 temporales
1153 1505 1208 1549 et
1236 1504 1476 1548 terrente.
1508 1493 1755 1561 Quisquis
1786 1500 1994 1545 terrena

421 1588 612 1658 diligit,
643 1598 793 1643 vetus
820 1589 1080 1643 canticum
1120 1596 1295 1642 cantat
1321 1606 1334 1641 :
1365 1587 1451 1656 qni
1489 1587 1600 1640 vult
1627 1593 1844 1639 cantare
1865 1597 1994 1637 can-

422 1679 582 1732 ticum
611 1693 806 1733 novum
833 1720 847 1742 ,
873 1680 1056 1746 diligat
1104 1689 1320 1734 attenta.
1351 1679 1466 1746 ipsa
1493 1677 1706 1731 dilectio
1752 1691 1884 1730 nova
1913 1684 1998 1729 est

421 1779 476 1824 et
517 1782 712 1825 caterua
747 1789 760 1824 :
792 1772 909 1826 ideo
939 1787 1150 1841 semper
1177 1787 1308 1824 nova
1335 1813 1350 1836 ,
1377 1772 1501 1840 quia
1551 1784 1816 1837 nunquam
1851 1776 1997 1822 vete-

421 1861 599 1915 rascit.
651 1861 780 1914 Nam
810 1863 853 1916 si
884 1862 1018 1916 bene
1060 1863 1364 1916 consideres
1388 1903 1403 1926 ,
1437 1862 1708 1928 antiquum
1739 1859 1950 1912 esthoc
1977 1873 1992 1911 :

421 1950 688 2020 quomodo
715 1966 840 2020 ergo
865 1960 946 2006 est
972 1953 1204 2004 novum?
1227 1950 1508 2020 Numquid,
1535 1950 1726 2002 ltatres
1746 1947 1870 2008 mei,
1888 1947 1995 2001 vita

421 2048 620 2094 aztcrna
648 2041 804 2096 modo
824 2052 945 2095 nata
975 2041 1091 2096 est?
1119 2041 1234 2094 \‘ita
1265 2050 1461 2095 mterna
1487 2039 1601 2107 ipSe
1617 2037 1861 2091 Christus
1891 2043 1994 2102 est,

423 2141 477 2186 et
505 2132 795 2187 secundum
821 2133 1147 2187 divinitatem
1172 2149 1278 2186 non
1309 2131 1467 2185 modo
1494 2139 1649 2185 natis
1677 2137 1756 2184 est
1785 2145 1798 2180 :
1828 2128 1949 2198 quia
1972 2167 1992 2194 ,

419 2223 486 2278 In
516 2225 762 2295 principio
785 2235 891 2278 erat
929 2223 1161 2289 Verbum,
1191 2233 1238 2278 et
1271 2222 1486 2276 Verbum
1511 2237 1611 2276 erat
1641 2221 1780 2290 apud
1805 2218 1994 2286 Deum,

418 2325 464 2369 et
485 2315 620 2370 Deus
641 2325 746 2369 erat
776 2315 988 2368 Verbum
1009 2333 1028 2369 :
1045 2315 1138 2368 hoc
1166 2323 1270 2368 erat
1285 2315 1344 2368 in
1372 2314 1616 2383 principio
1644 2310 1780 2381 .tpud
1810 2309 1992 2363 Deum.

424 2404 608 2458 Omnia
636 2422 725 2475 per
765 2406 931 2476 ipsum
960 2407 1094 2476 facta
1119 2413 1274 2470 sunt,
1313 2412 1358 2457 et
1403 2403 1510 2457 sine
1536 2404 1645 2472 ipso
1687 2407 1878 2473 factum
1921 2407 1998 2455 est

419 2496 548 2549 nihil
573 2493 762 2565 (Jean.
791 2511 829 2562 ι,
859 2496 1004 2566 1ο5).
1033 2495 1088 2552 Si
1117 2511 1234 2566 qua:
1257 2509 1350 2565 per
1375 2495 1545 2562 ipsum
1567 2493 1702 2568 facta
1733 2500 1876 2556 sunt,
1901 2507 2006 2545 an-

422 2585 563 2654 tiqua
591 2595 743 2650 sunt;
774 2585 899 2656 quid
929 2594 1010 2640 est
1036 2586 1170 2655 ipse,
1194 2600 1288 2655 per
1309 2599 1465 2655 quem
1498 2569 1814 2638 factasuut?
1835 2580 1991 2649 Quid,

421 2677 524 2732 nisi
554 2687 807 2743 :eteruus,
839 2688 894 2734 et
921 2679 1063 2734 Patri
1083 2678 1418 2733 coaeternus?
1448 2677 1552 2732 Sed
1583 2691 1680 2730 nos
1703 2675 1909 2744 delapsi
1943 2675 1994 2728 in

420 2778 690 2838 peccatum
717 2809 731 2834 ,
783 2770 1122 2838 pervenimus
1165 2769 1230 2824 ad
1256 2777 1588 2824 vetustatem.
1622 2767 1810 2822 Nostra
1852 2767 1993 2822 enim

420 2873 526 2912 vox
556 2865 639 2913 est
665 2859 715 2912 in
749 2859 837 2913 illo
867 2858 1070 2928 psalmo
1095 2858 1179 2912 ubi
1207 2858 1398 2913 dicitur
1422 2873 1540 2913 cum
1570 2858 1768 2928 gemitu
1799 2875 1812 2912 :
1841 2857 1997 2911 Inve-

419 2950 573 3002 εει·αυὶ
611 2951 665 3002 in
689 2950 918 3004 omnibus
955 2950 1171 3004 inimicis
1199 2950 1319 3003 meis
1358 2949 1540 3022 (Psal.
1563 2965 1634 3015 vt,
1667 2947 1762 3017 8).
1791 2948 1998 3004 Invete-

420 3039 556 3093 ravit
585 3040 744 3095 homo
789 3055 884 3111 per
919 3049 1190 3110 peccatum
1219 3081 1235 3108 ,
1281 3042 1566 3096 innovatur
1610 3056 1706 3111 per
1747 3041 2001 3112 gratiam.

419 3130 620 3186 Omnes
656 3147 784 3202 ergo
809 3135 897 3202 qui
931 3133 1247 3186 innovantur
1281 3132 1333 3186 in
1361 3129 1572 3187 Christo
1596 3173 1612 3199 ,
1643 3140 1702 3187 ut
1739 3132 1805 3187 ad
1831 3133 1996 3188 vitam

418 3228 671 3275 aeternam
714 3221 967 3292 incipiant
1007 3221 1308 3292 pertinere,
1343 3222 1612 3278 canticum
1639 3237 1834 3277 novum
1861 3236 1994 3277 can—

422 3318 553 3364 tant.

488 3401 542 3455 2.
575 3402 638 3456 Et
664 3401 764 3456 hoc
789 3403 1050 3458 canticum
1079 3403 1229 3473 pacis
1255 3411 1335 3458 est
1354 3443 1370 3471 ,
1399 3403 1664 3459 canticum
1692 3403 1794 3458 hoc
1813 3401 1994 3458 chari-

420 3496 541 3551 tatis
565 3505 665 3552 est.
695 3495 945 3566 Quisquis
973 3511 1030 3550 se
1050 3511 1080 3549 a
1105 3496 1477 3566 conjunctione
1503 3506 1807 3550 sanctorum
1832 3510 1994 3564 sepa-

417 3597 532 3651 rat,
576 3602 681 3642 non
721 3594 899 3641 cantat
937 3587 1204 3640 canticum
1234 3601 1448 3640 novum.
1482 3585 1709 3640 Secutus
1737 3593 1822 3639 est
1847 3585 1995 3639 enim

415 3687 653 3731 veterem
697 3676 1127 3738 animositatem,
1170 3690 1276 3728 non
1321 3688 1511 3727 novam
1552 3673 1886 3727 charitatem.
1936 3672 1996 3726 ln

381 3801 384 3804 ~
421 3781 552 3822 nova
580 3767 836 3820 charitate
865 3763 989 3831 quid
1012 3765 1126 3818 est?
1155 3763 1282 3827 Pax,
1311 3763 1580 3817 vinculum
1603 3772 1802 3817 sanctae
1824 3762 1996 3817 socie-

421 3861 562 3921 tatis,
587 3873 843 3928 compago
868 3857 1192 3926 spiritualis,
1220 3856 1500 3912 mditicium
1528 3856 1595 3911 de
1623 3855 1886 3924 lapidibus
1914 3856 1993 3909 vi-

417 3957 518 4006 vis.
540 3951 638 4006 Ubi
667 3948 910 4004 esthoc?
939 3949 1052 4001 Non
1083 3947 1133 4001 in
1162 3963 1266 4001 uno
1292 3947 1430 4012 loco,
1452 3945 1548 4001 sed
1575 3961 1668 4015 per
1689 3946 1996 4002 universum

418 4043 604 4098 urbem
635 4049 916 4096 terrarum.
946 4037 1083 4092 Audi
1107 4038 1211 4093 hoc
1235 4037 1307 4092 de
1332 4038 1436 4094 alio
1463 4038 1666 4107 psalmo
1690 4055 1703 4091 :
1725 4037 1806 4093 sic
1834 4037 1995 4105 dicit,

420 4133 630 4189 Caritate
674 4131 894 4186 Domino
941 4131 1190 4184 canticum
1237 4145 1455 4193 novum;
1499 4138 1695 4184 cantate
1736 4129 1994 4197 Domino,

419 4227 580 4279 omnis
620 4235 753 4278 terra
793 4222 961 4294 (Psal.
994 4237 1118 4287 xcv,
1153 4223 1228 4291 1).
1259 4220 1336 4274 Ex
1381 4221 1482 4274 hoc
1527 4220 1837 4290 intelligitur
1873 4224 1998 4290 quia

418 4320 508 4389 qui
538 4333 642 4372 non
673 4333 792 4371 cum
820 4317 963 4370 omni
989 4327 1132 4369 terra
1158 4323 1370 4379 cantat,
1397 4315 1662 4368 canticum
1687 4320 1841 4366 vetus
1865 4327 1998 4368 can-

422 4420 517 4478 tat,
548 4411 795 4481 qumlibet
820 4409 982 4464 verba
1003 4408 1071 4463 de
1096 4424 1191 4463 ore
1213 4408 1327 4477 ejus
1348 4406 1658 4476 procedant.
1689 4404 1824 4472 Quid
1849 4405 1996 4460 enim

420 4504 636 4559 attendo
664 4503 788 4574 quid
818 4511 972 4557 sonet
994 4544 1006 4562 ,
1043 4515 1162 4555 cum
1188 4500 1344 4554 video
1384 4499 1512 4570 quid
1553 4498 1782 4568 cogitet?
1809 4499 1874 4552 Et
1905 4505 1957 4552 tu
1979 4540 1995 4564 ,

422 4595 616 4664 inquis,
646 4593 792 4647 vides
822 4591 945 4661 quid
975 4590 1211 4660 cogitet?
1241 4589 1400 4644 Facta
1429 4589 1684 4643 indicant.
1707 4588 1838 4643 Nam
1865 4603 1998 4644 ocu-

423 4684 506 4738 lus
533 4684 582 4738 in
613 4681 991 4737 conscientiam
1017 4669 1125 4734 non
1153 4688 1414 4749 penetrat.
1451 4679 1678 4734 Attende
1704 4678 1828 4748 quid
1851 4686 1996 4749 agat,

423 4785 476 4829 et
501 4775 571 4828 ibi
604 4773 841 4842 intelligo
871 4771 997 4842 quid
1027 4772 1244 4841 cogitet.
1289 4770 1470 4840 Neque
1491 4772 1636 4826 enim
1661 4770 1706 4826 si
1733 4771 1959 4842 quisque
1979 4813 1996 4839 ,

428 4864 576 4918 verbi
604 4862 771 4932 gratia
792 4902 808 4927 ,
840 4860 1306 4929 comprehenderit
1337 4861 1606 4917 hominem
1637 4861 1692 4915 in
1725 4862 1866 4917 furto
1886 4904 1900 4929 ,
1944 4863 2000 4917 in

427 4955 712 5010 homicidio
733 4994 748 5018 ,
778 4955 829 5007 in
867 4953 1128 5008 adulterio
1147 4994 1162 5020 ,
1191 4953 1538 5023 cogitationes
1566 4955 1732 5024 ipsius
1758 4956 1810 5010 in
1837 4955 2000 5012 corde

424 5049 599 5114 videt,
631 5048 724 5103 sed
765 5047 816 5100 in
860 5047 1029 5101 factis.
1072 5046 1208 5101 Sunt
1233 5046 1472 5116 quaedam
1494 5049 1998 5117 quaaiutuslalent;

426 5140 518 5195 sed
549 5147 672 5194 sunt
700 5148 753 5195 et
779 5139 942 5194 multa
969 5154 1086 5208 quae
1123 5138 1416 5207 procedunt
1440 5140 1488 5192 in
1513 5155 1673 5210 opera
1697 5180 1712 5206 ,
1742 5151 1797 5196 et
1826 5143 1999 5197 mani-

427 5231 560 5287 fesm
591 5230 721 5285 fiunt
747 5231 906 5285 etiam
936 5229 1259 5284 hominibus.
1287 5228 1420 5284 Cum
1448 5245 1576 5301 ergo
1599 5242 1780 5287 essent
1808 5234 1882 5288 illi
1908 5235 1999 5304 qui

425 5338 484 5378 se
513 5337 542 5375 a
569 5337 824 5392 compage
848 5320 1047 5376 Christi
1087 5321 1364 5376 charitatis
1409 5331 1462 5376 et
1498 5323 1761 5379 societate
1805 5336 1999 5380 sanctae

427 5414 680 5471 Ecclesia:
701 5421 1036 5482 superarunt,
1067 5413 1191 5467 mali
1216 5413 1355 5468 intus
1377 5415 1515 5482 apud
1548 5430 1626 5480 se,
1652 5431 1756 5470 non
1781 5429 2001 5472 noverat

427 5507 527 5561 nisi
562 5507 716 5560 Deus.
745 5505 904 5560 Venit
929 5505 1181 5569 tentatio;
1213 5509 1478 5575 separavit
1507 5509 1620 5562 illos
1647 5511 1683 5573 ',
1709 5519 1762 5565 et
1793 5511 1998 5578 patefe-

425 5599 497 5653 cit
528 5597 829 5651 homiuibus
859 5596 1000 5665 quod
1033 5607 1255 5651 noverat
1287 5598 1442 5653 Deus.
1484 5599 1598 5652 Non
1625 5601 1766 5654 enim
1799 5601 1999 5658 fructus

486 5717 504 5747 ¹
527 5715 597 5764 sic
624 5722 721 5764 Am.
741 5718 800 5764 ‘et
828 5719 931 5762 Mss.
961 5719 1013 5764 At
1037 5719 1109 5762 Er.
1139 5721 1187 5764 et
1211 5721 1342 5775 Lov.,
1369 5722 1608 5778 superarit
1631 5715 1752 5767 illos.

1481 295 1878 354 ENARRATIO
1917 289 1980 348 ΙΝ
2022 291 2340 352 ῐνελωιωι
2373 297 2604 354 CXLIX.

2106 407 2402 463 ostenditur
2427 411 2527 465 nisi
2551 412 2610 466 'in
2631 411 2808 468 factis.
2833 413 2988 471 Unde
3009 413 3209 472 dictum
3225 423 3318 473 test
3341 435 3354 472 :
3385 416 3469 473 Et:
3494 420 3676 490 fructi.

2103 495 2193 549 bus
2221 513 2393 551 eorum
2421 503 2729 570 cognoscetis
2753 519 2837 557 eos
2867 502 3079 576 (ﬂuuit.
3107 521 3202 572 νη,
3225 507 3338 575 16:).
3359 507 3511 564 Dixit
3535 511 3675 564 enim

2102 586 2359 642 Dominus
2385 589 2451 644 ad
2476 591 2732 659 quosdam
2749 634 2771 658 ,
2797 594 2889 662 qui
2915 595 3093 650 ovitnu
3119 596 3314 650 vestitu
3342 613 3400 651 se
3429 598 3673 672 induunt,

2102 675 2245 731 intus
2266 687 2441 732 autem
2469 690 2595 733 sunt
2625 682 2731 752 lupi
2749 698 3006 752 rapaces;
3037 695 3094 740 et
3134 702 3201 741 ne
3242 686 3379 741 forte
3411 688 3673 759 fragilitas

2102 764 2330 820 humana
2353 767 2666 837 dignoscere
2683 787 2791 848 non
2809 786 2992 843 posset
3011 777 3192 845 lupum
3213 779 3315 832 sub
3332 780 3487 833 ovina
3513 782 3670 848 pelle,

2101 857 2210 912 ait:
2241 858 2323 912 Ex
2365 863 2609 930 fructibus
2655 881 2829 918 eorum
2869 869 3177 936 cognoscetis
3223 886 3326 923 eos.
3378 869 3674 937 Qumrimus

2101 947 2306 1003 fructus
2329 951 2629 1021 cbaritatis,
2661 955 2960 1011 invenimus
2980 960 3166 1028 spinas
3189 961 3559 1016 dissensionis.
3589 961 3674 1014 Ea:

2101 1040 2347 1109 fructibus
2375 1059 2544 1096 eorum
2571 1048 2872 1114 cognoscetis
2887 1065 2999 1102 eos.
3029 1050 3168 1120 Ergo
3195 1053 3458 1106 canticum
3491 1067 3674 1105 eorum

2099 1142 2252 1189 vetus
2275 1147 2362 1190 est
2387 1153 2400 1189 :
2425 1146 2700 1193 cantemus
2723 1155 2826 1194 nos
2851 1141 3116 1196 canticum
3139 1158 3362 1197 novum.
3383 1143 3505 1198 Jam
3529 1143 3694 1197 dixi-.

2100 1241 2248 1289 mus,
2279 1225 2486 1292 fratres,
2517 1231 2691 1283 omnis
2739 1240 2882 1284 terra
2923 1240 3103 1286 cantat
3141 1234 3404 1288 canticum
3451 1249 3693 1288 novum...

2100 1317 2198 1384 Qui
2226 1334 2345 1373 cum
2371 1321 2515 1374 omni
2547 1330 2686 1376 terra
2716 1337 2820 1376 non
2848 1333 3025 1378 cantat
3048 1326 3310 1379 canticum
3337 1340 3530 1379 novum
3550 1366 3565 1384 .
3596 1324 3677 1378 di-

2099 1418 2184 1464 cat
2220 1410 2364 1479 quod
2404 1413 2549 1477 vult,
2582 1412 2774 1482 linguis
2801 1425 2955 1470 sonet
2979 1415 3396 1484 Alleluia,.dicat
3425 1411 3530 1469 tota
3561 1415 3690 1480 die,

2099 1499 2239 1554 dicat
2265 1509 2370 1555 tota
2398 1512 2585 1569 nocte;
2617 1519 2724 1558 non
2752 1505 2906 1561 valde
2925 1521 3239 1561 aunesmeze
3264 1505 3674 1560 inclinauturad

2099 1604 2284 1644 vocem
2313 1594 2576 1647 cantantis
2598 1635 2614 1660 ,
2646 1594 2739 1648 sed
2766 1610 2948 1664 quaero
2975 1610 3156 1650 mores
3184 1596 3474 1664 cperautis.
3503 1595 3692 1650 Inter--

2099 1694 2230 1751 rogo
2249 1683 2394 1736 enim
2417 1723 2432 1748 ,
2461 1692 2516 1737 et
2544 1683 2663 1738 dico
2685 1701 2697 1736 :
2722 1683 2858 1750 Quid
2889 1694 2970 1738 est
3009 1685 3148 1754 quod
3178 1685 3398 1739 cantas?
3427 1686 3674 1754 Respon-

2100 1770 2190 1826 det
2217 1789 2231 1824 :
2265 1772 2513 1826 Alleluia.
2541 1772 2676 1838 Quid
2695 1783 2805 1839 est,
2831 1774 3089 1829 Alleluia?
3109 1775 3675 1830 LaudateDomiiutm.

2100 1861 2255 1928 Veni,
2283 1861 2441 1916 simul
2473 1862 2748 1918 laudemus
2775 1863 3080 1918 Dominum.
3113 1864 3169 1918 Si
3197 1873 3251 1918 tu
3279 1864 3462 1918 laudas
3491 1864 3675 1918 Domi-

2101 1968 2225 2006 num
2254 1962 2432 2022 etego
2463 1954 2621 2008 laudo
2640 1955 2928 2008 Dominum
2951 1957 3001 2020 1;
3032 1971 3196 2025 quare
3215 1955 3268 2009 in
3287 1955 3551 2010 discordia
3575 1970 3690 2009 ιειι-Δ

2101 2044 2251 2098 mus?
2279 2042 2524 2098 Charitas
2554 2045 2732 2099 laudat
2761 2046 3040 2100 Dominum
3062 2086 3076 2113 ,
3119 2045 3382 2101 discordia
3425 2044 3679 2116 blasphe-

2100 2141 2210 2187 mat
2237 2134 2542 2189 Dominum.

2171 2227 2223 2280 5.
2269 2226 2336 2280 Et
2363 2227 2520 2281 vultis
2553 2227 2662 2295 jam
2694 2241 2853 2282 nosse
2881 2227 2969 2282 ubi
2999 2229 3226 2284 eantetis
3264 2229 3534 2284 canticum
3573 2243 3679 2282 no-

2099 2317 2259 2370 vum?
2287 2317 2419 2384 Qua:
2444 2317 2684 2371 dicturus
2708 2327 2789 2372 est
2816 2319 2868 2371 in
2903 2318 3019 2387 ipso
3053 2318 3265 2375 Psalmo
3287 2358 3303 2384 ,
3338 2319 3515 2374 videte
3541 2335 3684 2386 quu-~

2099 2404 2260 2458 modo
2279 2405 2424 2467 ﬁant,
2447 2414 2502 2459 et
2525 2406 2611 2460 ubi
2631 2405 2788 2472 tiam;
2811 2415 2988 2461 utrum
3017 2422 3110 2476 per
3131 2421 3317 2462 omnes
3337 2418 3524 2477 gentes
3545 2409 3674 2463 tiant

2100 2495 2199 2549 ista
2220 2536 2234 2560 ,
2262 2508 2330 2548 an
2361 2495 2412 2548 in
2442 2510 2546 2550 una
2571 2495 2748 2565 aliqua
2780 2506 2931 2564 parte
2959 2505 3222 2551 terrarum
3258 2516 3272 2552 :
3301 2507 3356 2553 et
3397 2498 3522 2552 hinc
3563 2499 3676 2568 plc-

2100 2584 2221 2640 nius
2249 2585 2552 2656 intelligetis
2581 2587 2646 2641 ad
2674 2603 2834 2656 quem
2859 2589 3123 2658 pertineat
3146 2588 3412 2644 canticum
3455 2603 3670 2644 novum.

2098 2675 2214 2731 Jam
2241 2677 2456 2746 quidem
2477 2679 2814 2733 manifestum
2841 2689 2924 2734 est
2945 2679 3072 2734 illud
3095 2679 3236 2749 quod
3258 2679 3326 2735 de
3349 2680 3454 2734 alio
3475 2680 3680 2748 psalmo

2099 2769 2542 2835 commemoravi,
2567 2769 2780 2824 Cantate
2808 2768 3029 2824 Domino
3057 2770 3311 2824 canticum
3348 2785 3536 2824 navum
3562 2786 3580 2824 :
3613 2771 3681 2825 Et

2099 2866 2158 2913 ut
2181 2859 2486 2915 ostenderet
2513 2861 2563 2914 in
2589 2861 2800 2914 cantico
2830 2875 2970 2916 novo
2994 2875 3114 2916 esse
3142 2861 3373 2916 fructum
3400 2861 3679 2917 charitatis

2101 2956 2157 3003 ot
2181 2951 2413 3015 unitatis,
2443 2950 2647 3005 addidit
2665 2992 2678 3014 ,
2701 2950 2910 3006 Cantate
2941 2951 3158 3006 Domino
3178 2994 3193 3020 ,
3215 2952 3378 3008 omnis
3403 2961 3555 3007 terra.
3575 2953 3681 3008 Ne-

2100 3056 2190 3094 mo
2214 3055 2273 3100 se
2301 3051 2534 3111 separet,
2564 3057 2722 3098 nemo
2751 3057 2810 3098 se
2835 3043 3105 3112 disiungat
3133 3061 3146 3096 :
3177 3042 3410 3098 triticum
3435 3057 3514 3108 es,
3547 3042 3682 3098 [crto

2101 3132 2306 3204 paleam
2333 3147 2610 3203 quousque
2635 3134 2943 3188 ventilctnr.
2974 3133 3051 3188 De
3072 3148 3200 3188 area
3229 3134 3310 3188 vis
3332 3134 3540 3189 excuti?
3558 3134 3623 3190 Et
3638 3135 3682 3189 si

2103 3225 2335 3280 triticum
2361 3240 2514 3280 esses
2533 3227 2555 3258 ⁸
2584 3225 2715 3281 foris
2741 3226 2810 3280 ob
2831 3240 2981 3290 area,
3015 3226 3314 3281 invenirent
3343 3234 3401 3281 te
3420 3222 3677 3292 volatilia,

2102 3323 2156 3371 et
2183 3316 2493 3386 colligerent
2529 3326 2582 3370 te
2609 3315 2719 3386 (Id.
2744 3332 2800 3370 tu
2826 3357 2841 3383 ,
2873 3315 2987 3386 12).
3017 3316 3167 3370 Adde
3194 3317 3318 3385 quia
3347 3315 3551 3385 eoipso
3569 3330 3684 3384 quo

2100 3404 2329 3460 discedis
2347 3405 2368 3436 ³
2388 3415 2442 3460 et
2462 3405 2629 3469 volas,
2660 3405 2862 3475 paleam
2890 3414 2944 3460 te
2969 3419 3090 3461 esse
3115 3405 3318 3460 indicas
3337 3421 3356 3458 ε
3381 3413 3435 3460 et
3459 3405 3580 3475 quia
3597 3404 3684 3461 'lc-

2100 3496 2182 3550 vis
2210 3511 2350 3562 eras,
2374 3497 2520 3552 venit
2548 3485 2755 3561 ventus,
2784 3505 2840 3550 et
2864 3497 2929 3550 de
2954 3497 3055 3551 sub
3085 3497 3306 3566 pedibus
3339 3497 3498 3551 boum
3525 3495 3680 3552 ablao

2102 3595 2188 3640 tus
2211 3601 2290 3640 es.
2333 3586 2433 3652 Qui
2479 3595 2657 3640 autem
2708 3587 2937 3640 triticum
2977 3595 3140 3651 sunt,
3170 3586 3351 3642 ferunt
3399 3588 3680 3655 trituram;

2101 3675 2350 3743 gaudent,
2380 3675 2509 3743 quia
2537 3690 2700 3742 grana
2729 3683 2880 3740 sunt,
2908 3685 3130 3744 gemunt
3156 3676 3296 3731 inter
3318 3677 3549 3746 paleam,
3573 3692 3684 3732 ex-

2103 3773 2343 3834 spectant
2382 3764 2752 3818 ventilatorem
2775 3804 2788 3830 ,
2829 3779 2986 3833 quem
3017 3774 3346 3834 cognoscunt
3369 3765 3682 3834 redempto-

2103 3871 2237 3911 rem.
2276 3853 2488 3912 Cautate
2531 3855 2750 3910 Domino
2787 3856 3038 3909 canticum
3082 3871 3268 3909 nouum
3295 3870 3314 3908 :
3338 3854 3450 3909 laus
3480 3858 3592 3925 ejus
3629 3856 3688 3909 in

2105 3944 2333 4000 Ecclesia
2360 3954 2671 4000 sanctorum.
2705 3945 2830 4000 Haec
2855 3955 2938 4000 est
2964 3945 3204 4000 Ecclesia
3231 3955 3555 4011 sanctorum,
3581 3945 3688 4000 Ec-

2103 4035 2262 4090 clesia
2293 4035 2674 4090 frumentorum
2715 4043 2834 4090 toto
2874 4045 3138 4090 terrarum
3175 4036 3304 4090 orbe
3333 4035 3684 4102 diﬂ‘usorum;

2104 4142 2200 4198 per
2225 4142 2410 4197 agrum
2445 4127 2655 4182 Domini
2691 4127 2953 4183 seminata
2975 4169 2990 4194 ,
3019 4127 3159 4197 quod
3187 4137 3274 4182 est
3301 4127 3388 4182 hic
3413 4127 3643 4182 mundus
3662 4165 3694 4194 μ

2103 4222 2220 4291 ipso
2253 4221 2479 4276 Domino
2501 4230 2803 4290 exponente
2821 4263 2835 4286 ,
2869 4236 2994 4275 cum
3023 4221 3092 4275 de
3117 4199 3414 4275 seuiinante
3441 4219 3688 4275 diceret:

2104 4312 2238 4379 Quia
2266 4330 2288 4363 r
2330 4311 2489 4366 homo
2515 4311 2797 4367 seminavit
2815 4311 3012 4366 bonum
3044 4325 3226 4366 semen
3257 4311 3310 4365 in
3336 4324 3465 4381 agro
3489 4323 3608 4375 suo,
3631 4317 3688 4364 et

2104 4403 2250 4458 venit
2271 4403 2538 4468 inimicus,
2563 4411 2619 4456 et
2640 4403 3080 4471 superseminavit
3099 4401 3335 4468 zizania;
3361 4410 3414 4456 et
3438 4400 3690 4455 dixerunt

2107 4496 2247 4551 servi
2278 4494 2664 4564 patrifamilias,
2688 4493 2875 4549 Nonne
2906 4495 3098 4549 bonum
3121 4508 3304 4549 semen
3329 4490 3606 4548 seminasti
3632 4490 3692 4545 in

2107 4602 2235 4658 agro
2264 4587 2388 4642 tuo?
2408 4588 2558 4643 unde
2588 4587 2672 4642 hic
2698 4598 2820 4642 sunt
2848 4589 3088 4643 zizania?
3107 4585 3544 4656 Responditillc,
3577 4585 3686 4639 lni-

2106 4679 2275 4733 micus
2306 4679 2464 4734 homo
2488 4679 2589 4734 hoc
2611 4679 2755 4736 fecit.
2784 4679 3105 4735 tVoluerunt
3125 4679 3376 4748 colligere
3391 4677 3613 4741 zizania,
3633 4684 3690 4732 et

2107 4772 2436 4840 compescuit
2481 4772 2602 4826 illos
2633 4772 2870 4827 dicens:
2907 4791 2925 4822 ε
2959 4770 3130 4825 Sinite
3173 4779 3397 4840 utraque
3443 4781 3690 4823 crescere

2109 4877 2277 4932 usque
2303 4863 2367 4917 ad
2397 4876 2661 4927 messem;
2693 4870 2745 4916 et
2773 4862 2823 4915 in
2857 4869 3096 4929 tempore
3125 4860 3317 4915 messis
3346 4859 3518 4914 dicam
3547 4873 3689 4912 mes-

2109 4957 2339 5020 soribus,
2367 4955 2616 5024 Colligite
2644 4955 2869 5022 primum
2897 4953 3118 5018 zizania,
3150 4961 3204 5008 et
3224 4953 3433 5022 alligato
3453 4951 3688 5006 fascicu-

2108 5046 2189 5101 los
2225 5045 2291 5100 ad
2327 5044 2747 5100 comburendnm
2783 5059 2882 5102 ea:
2926 5045 3157 5099 triticum
3187 5052 3362 5098 autem
3393 5057 3568 5096 meum
3590 5056 3688 5096 re-

2111 5138 2290 5208 ponite
2320 5138 2373 5191 in
2407 5139 2618 5191 horreo.
2648 5154 2670 5188 ι
2708 5135 2898 5190 Postea
2936 5135 3404 5204 interrogaverunt
3441 5148 3560 5187 eum
3601 5131 3688 5185 di-

2109 5229 2298 5298 scipuli
2341 5228 2580 5284 dicentes
2609 5246 2622 5282 :
2649 5226 2822 5280 Narra
2852 5227 2992 5281 nobis
3035 5226 3326 5297 pnrabolam
3352 5223 3685 5278 zizaniorum.

2112 5321 2180 5376 Et
2205 5321 2318 5390 ipsc
2339 5319 2557 5390 exponit
2582 5317 2780 5384 omnia,
2811 5325 2867 5372 ut
2893 5317 3070 5372 nullus
3099 5315 3262 5370 homo
3290 5313 3438 5369 cordi
3466 5327 3564 5368 suo
3595 5311 3718 5438 tri-i

2176 5476 2190 5540 ξ
2227 5482 2298 5523 Sic
2319 5482 2422 5523 ttss.
2460 5481 2512 5523 Αι
2530 5473 2662 5530 add,
2688 5480 2732 5522 ct
2751 5485 2838 5540 ego
2860 5470 3068 5540 laudabo
3091 5470 3558 5540 nominumLQuare.
3587 5472 3690 5540 δερ..

2173 5539 2192 5567 ³
2221 5546 2318 5584 am.
2339 5545 2390 5586 et
2412 5543 2517 5584 ΕΜ
2543 5544 2610 5584 ne
2632 5547 2748 5584 area
2779 5532 2870 5583 cia:
2905 5532 3184 5593 excutiet-is,
3219 5532 3261 5582 si
3292 5532 3509 5580 triticum
3531 5541 3598 5577 cs.
3639 5532 3690 5576 Ss‘

2108 5597 2321 5647 triticum
2343 5610 2444 5648 esse
2473 5596 2590 5658 [erit
2613 5595 2833 5658 eborea,
2867 5602 2962 5645 etc.

2175 5661 2193 5690 ³
2222 5659 2405 5745 Aliquot
2430 5648 2555 5722 uss,
2586 5670 2642 5710 eo
2679 5657 2781 5722 ipso
2803 5648 2896 5720 quo
2939 5656 3154 5718 caedis,
3203 5663 3296 5706 etc.
3337 5652 3524 5712 CtBtcri,
3552 5648 3684 5714 quod

2111 5734 2324 5772 επιταιςς.
