4082 6204
287 319 419 375 {931
1392 350 1397 355 .
1511 300 1569 355 S.
1607 296 1972 355 AUGUSTlNl
2006 290 2303 351 EPISCOPI
3373 278 3545 347 Δἰθειέ

284 432 412 487 huat
452 423 595 500 quod
636 423 711 480 ibi
757 418 1111 486 intellexerit,
1139 414 1234 472 sed
1263 413 1515 485 Magistro
1540 411 1662 469 caeli
1690 404 1860 481 expo-

285 519 457 575 nenti.
476 499 657 572 Nemo
685 513 865 569 dicat:
890 507 1155 580 Exposuit
1176 506 1279 561 sibi
1305 503 1572 575 quomodo
1590 502 1774 556 voluit.
1806 499 1863 556 Si

204 585 211 589 Δ
286 606 591 679 parabolam
613 602 889 675 propheta:
906 605 1199 671 exponeret
1221 596 1501 663 Dominus,
1519 591 1731 665 quando
1750 593 1865 661 ipse

287 712 385 769 per
409 709 502 751 eos
531 690 846 761 loquebatur
872 688 1015 760 quod
1041 685 1325 751 dicebant;
1356 684 1473 753 quis
1510 681 1734 738 auderet
1777 680 1858 736 di-

286 802 429 849 cere,
460 800 567 840 non
597 784 675 839 sic
698 782 896 837 debere
920 776 1222 848 exponere?
1249 775 1412 830 Multo
1434 774 1625 843 magis,
1651 770 1865 842 quando

288 878 400 946 ipse
429 874 676 946 exposuit
694 871 834 943 quod
857 869 1134 941 proposuit
1159 868 1293 938 ipse,
1317 865 1437 936 quis
1464 863 1625 919 audet
1652 871 1865 918 contra-

288 968 468 1022 dicere
491 964 787 1021 manifesta:
804 959 1050 1018 veritati?
1077 958 1211 1014 Cum
1241 970 1370 1027 ergo
1394 955 1531 1010 hanc
1557 954 1865 1025 parabolam

291 1056 547 1111 Dominus
572 1060 884 1124 exponeret,
912 1051 1005 1117 ait,
1032 1049 1132 1118 Qui
1151 1056 1321 1102 autem
1352 1047 1559 1103 seminat
1586 1044 1771 1099 bonum
1794 1060 1866 1099 se-

287 1162 424 1212 men,
450 1154 522 1200 est
547 1143 715 1199 Filius
739 1141 957 1197 hominis
980 1156 998 1194 :
1020 1155 1080 1195 se
1106 1138 1289 1208 utique
1323 1135 1718 1191 demonstrans.
1755 1133 1864 1187 Bo-

288 1255 413 1293 num
431 1254 546 1293 vero
566 1253 755 1302 semen,
780 1234 876 1304 ﬁlii
896 1242 1014 1289 sunt
1039 1231 1216 1303 regni:
1240 1230 1352 1300 ipsa
1380 1236 1464 1284 est
1487 1227 1724 1283 Ecclesia
1746 1240 1869 1281 san-

289 1336 518 1383 ctorum.
551 1325 766 1380 Zizania
789 1332 977 1388 autent,
1010 1321 1106 1389 ﬁlii
1131 1328 1246 1374 sunt
1274 1316 1505 1388 maligni.
1528 1318 1663 1387 Ager
1687 1325 1758 1372 est
1787 1316 1867 1369 hic

291 1418 511 1475 mundus
538 1416 752 1488 (Matth.
780 1431 895 1482 xm,
917 1412 1113 1477 24-50,
1142 1410 1356 1481 '56-'58).
1385 1408 1500 1465 Jam
1522 1406 1729 1474 videte,
1759 1406 1867 1460 fra-

291 1519 424 1579 tres,
447 1510 570 1580 quia
594 1522 690 1579 per
714 1505 969 1561 mundum
998 1503 1315 1559 seminatum
1334 1510 1414 1556 est
1438 1501 1634 1556 bonum
1659 1512 1864 1563 semen,

290 1610 347 1658 et
390 1616 488 1672 per
522 1599 774 1655 mundum
817 1596 1077 1652 seminata
1101 1602 1226 1650 sunt
1249 1592 1472 1647 zizania.
1506 1589 1773 1660 Numquid
1810 1589 1865 1643 in

290 1700 445 1761 parte
488 1690 719 1746 triticum
741 1730 757 1755 ,
790 1687 922 1743 etin
949 1695 1101 1756 parte
1137 1684 1369 1740 zizania?
1401 1683 1504 1737 Per
1532 1690 1698 1737 totum
1730 1678 1868 1734 triti-

290 1796 436 1848 cum,
466 1791 519 1837 et
547 1796 643 1851 per
667 1788 835 1834 totum
857 1777 1083 1832 zizania.
1111 1776 1255 1846 Ager
1284 1772 1488 1829 Domini
1513 1770 1744 1826 mundus
1763 1778 1866 1837 est,

292 1886 401 1929 non
432 1870 633 1926 Africa.
677 1869 791 1924 Non
819 1865 1088 1939 quomodo
1120 1873 1277 1921 terra:
1306 1865 1423 1921 istae
1445 1864 1461 1895 ¹
1486 1880 1500 1917 :
1531 1861 1740 1919 Getulia
1766 1859 1870 1916 fert

290 1977 613 2034 sexagenum
643 1971 733 2016 aut
755 1969 1073 2024 centenum,
1103 1964 1160 2012 et
1198 1955 1442 2012 Numidia
1489 1955 1591 2011 fert
1632 1952 1868 2009 denum:

293 2066 401 2107 non
430 2051 508 2106 sic
536 2059 621 2107 est
646 2050 755 2105 Deo
783 2063 911 2119 ager
938 2062 1086 2103 suus.
1116 2046 1321 2116 Ubique
1345 2045 1419 2100 illi
1446 2044 1615 2100 fertur
1638 2043 1866 2111 fructus,

294 2150 350 2196 et
395 2148 688 2206 centenus,
711 2148 767 2195 et
801 2152 1131 2209 sexagenus,
1157 2145 1213 2192 et
1258 2135 1532 2191 tricenus:
1561 2141 1619 2189 tu
1662 2140 1868 2188 tantum

296 2231 420 2288 vide
444 2230 568 2302 quid
593 2231 727 2286 velis
754 2243 908 2295 esse,
932 2229 978 2284 si
1021 2226 1224 2299 cogitas
1266 2226 1335 2282 ad
1379 2225 1587 2281 Domini
1636 2224 1867 2280 fructum

293 2324 562 2395 pertinere
586 2324 631 2379 ¹.
653 2322 794 2391 Ergo
813 2319 1048 2376 Ecclesia
1070 2326 1395 2383 sanctorum,
1417 2316 1658 2372 Ecclesia
1685 2314 1869 2372 catho-

296 2411 396 2467 lica
421 2422 520 2467 est.
550 2411 788 2468 Ecclesia
813 2417 1119 2465 sanctorum
1146 2423 1252 2463 non
1281 2415 1364 2463 est
1390 2405 1628 2462 Ecclesia
1655 2404 1872 2461 haereti-

292 2518 498 2559 corum.
520 2502 754 2558 Ecclesia
784 2508 1088 2557 sanctorum
1119 2500 1208 2556 illa
1234 2507 1499 2571 estquam
1526 2495 1871 2569 praesignavit

292 2592 438 2647 Deus
462 2599 745 2661 antequam
774 2588 1078 2653 videretur;
1109 2598 1166 2645 et
1192 2586 1452 2653 exhibuit,
1485 2594 1544 2641 ut
1568 2584 1867 2643 videretur.

291 2682 531 2739 Ecclesia
559 2691 862 2738 sanctorum
887 2689 1006 2737 erat
1030 2686 1187 2736 antea
1212 2680 1266 2735 in
1288 2678 1561 2735 codicibus
1579 2718 1594 2744 ,
1623 2677 1784 2733 modo
1812 2677 1866 2732 in

290 2776 539 2845 gentibus
566 2792 579 2829 :
607 2770 847 2831 Ecclesia
871 2782 1178 2829 sanctorum
1205 2778 1362 2827 antea
1389 2767 1759 2826 tantummodo
1786 2768 1869 2825 le-
1898 2802 1907 2803 ί

291 2865 534 2934 gebatnr,
562 2879 704 2920 nunc
738 2872 795 2920 et
834 2863 1046 2934 legitur,
1086 2871 1143 2918 et
1168 2861 1399 2917 videtur.
1443 2859 1667 2928 Quando
1695 2858 1868 2915 solum

288 2954 583 3026 legebatur,
600 2954 943 3011 credebatur:
963 2954 1123 3009 modo
1137 2952 1367 3022 videtur,
1383 2960 1440 3008 et
1456 2949 1864 3008 contradicitur!

288 3044 426 3101 Laus
453 3047 563 3116 ejus
590 3046 644 3100 in
670 3046 880 3101 ecclesia
900 3055 1208 3099 sanctorum.

359 3138 415 3192 4.
444 3136 594 3209 [vers.
619 3136 698 3208 2.]
727 3136 947 3192 Laetetur
973 3135 1141 3191 Israel
1159 3136 1213 3189 in
1236 3145 1296 3190 eo
1320 3135 1406 3205 qui
1429 3134 1548 3205 fecit
1573 3150 1706 3190 eum.
1729 3132 1867 3203 Quid

290 3236 373 3284 est
399 3227 592 3283 Israel?
614 3227 813 3283 Videas
839 3223 1045 3282 Deum:
1069 3227 1172 3282 hoc
1195 3226 1340 3282 enim
1368 3227 1745 3295 interpretatur
1769 3239 1869 3280 no-

294 3331 419 3371 men
465 3315 649 3372 lsrael.
671 3316 771 3382 Qui
802 3316 946 3371 videt
974 3317 1171 3381 Deum,
1202 3316 1254 3370 in
1300 3316 1417 3385 ipso
1440 3317 1674 3383 ltetetur,
1707 3331 1736 3370 a
1762 3330 1868 3387 quo

291 3405 460 3460 factus
486 3413 588 3460 est.
633 3405 770 3473 Quid
793 3414 877 3460 est
900 3419 1048 3474 ergo,
1082 3404 1306 3459 fratres?
1333 3407 1456 3474 quia
1500 3405 1730 3461 diximus
1768 3420 1868 3461 nos

289 3495 359 3549 ad
384 3494 675 3550 Ecclesiam
703 3495 970 3564 pertinere
997 3502 1299 3549 sanctorum
1322 3535 1337 3561 ,
1368 3494 1620 3565 numquid
1647 3494 1757 3565 jam
1782 3494 1866 3549 vi-

289 3587 480 3642 demus
505 3587 704 3641 Dcum?
729 3585 1011 3653 Quomodo
1052 3598 1236 3640 sumus
1278 3584 1462 3652 lsrael,
1492 3585 1536 3640 si
1575 3600 1684 3640 non
1712 3585 1868 3642 vide-

291 3680 453 3734 mus?
500 3678 593 3734 Est
615 3679 854 3750 quaedam
885 3679 1021 3732 visio
1053 3678 1207 3748 hujus
1238 3678 1524 3747 temporis;
1556 3678 1661 3759 erit
1699 3678 1866 3735 altera

290 3771 424 3826 visio
455 3770 617 3825 futuri
646 3766 899 3839 teIhporis
923 3787 937 3824 :
959 3769 1094 3825 visio
1118 3785 1238 3840 qua:
1265 3769 1424 3824 modo
1446 3777 1551 3835 est,
1586 3785 1678 3838 per
1708 3768 1866 3824 tidem

291 3874 405 3929 est;
434 3864 570 3918 visio
596 3880 714 3934 quae
745 3863 1044 3930 futuraest,
1077 3877 1173 3932 per
1195 3861 1428 3932 speciem
1455 3862 1576 3917 erit.
1604 3861 1660 3917 Si
1688 3861 1864 3917 credi-

289 3966 408 4009 mus
427 3996 443 4022 ,
469 3954 744 4019 videmus;
771 3954 814 4009 si
844 3967 1085 4008 amamus
1105 3994 1119 4019 ,
1140 3952 1404 4008 videmus.
1425 3951 1867 4018 Quidvidemus?

288 4044 477 4099 Deum.
516 4044 617 4100 Ubi
645 4054 727 4099 est
754 4046 869 4114 ipse
895 4043 1070 4099 Deus?
1110 4043 1381 4113 interroga
1406 4042 1705 4099 Joannem:
1730 4041 1865 4098 Deus

288 4132 512 4188 charitas
539 4143 613 4188 est
640 4133 681 4207 (Ι
698 4132 856 4188 Joan.
878 4150 951 4201 Iv,
976 4134 1088 4205 16).
1112 4133 1497 4190 Denedicamus
1524 4148 1719 4189 nomen
1750 4133 1865 4205 ejus

285 4234 560 4292 sanctum;
588 4235 643 4282 et
666 4208 990 4297 gaudeamus
1011 4226 1074 4310 in
1094 4226 1224 4293 Deo,
1254 4227 1300 4283 si
1328 4225 1621 4298 gaudemus
1650 4226 1705 4280 in
1732 4224 1865 4281 cha-

287 4322 462 4372 ritate.
489 4317 738 4387 Quisquis
765 4317 924 4372 habet
942 4315 1280 4381 charitatem.
1308 4316 1494 4388 utquid
1521 4316 1668 4372 illum
1698 4316 1865 4371 mitti-

287 4424 409 4465 mus
446 4409 603 4478 longe
620 4447 636 4473 ,
667 4418 726 4463 ut
751 4408 928 4464 videat
952 4407 1573 4479 Deum?.Conscientiam
1599 4422 1749 4463 suam
1775 4416 1863 4463 at-

286 4499 489 4568 tendat,
520 4508 575 4555 et
603 4499 673 4555 ibi
700 4499 845 4555 videt
869 4501 1056 4555 Deum.
1084 4500 1140 4557 Si
1162 4499 1394 4555 charitas
1415 4500 1484 4555 ibi
1507 4515 1612 4556 non
1637 4500 1862 4567 habitat,

287 4606 394 4647 non
433 4591 507 4646 ibi
541 4590 744 4646 habitat
782 4591 960 4647 Deus:
989 4591 1036 4645 si
1063 4600 1242 4646 autem
1266 4590 1498 4646 charitas
1535 4590 1606 4647 ibi
1638 4592 1860 4658 habitat,

287 4683 428 4737 Deus
454 4682 527 4737 ihi
555 4682 777 4737 habitat.
802 4681 928 4737 Vult
955 4683 1102 4740 illum
1132 4680 1275 4738 forte
1298 4681 1481 4738 videre
1509 4683 1783 4740 sedentem
1809 4684 1864 4740 in

284 4773 454 4839 coelo;
487 4771 680 4828 habeat
717 4772 1061 4838 charitatem.
1090 4782 1146 4830 et
1189 4772 1242 4828 in
1281 4786 1347 4828 eo
1390 4772 1591 4828 habitat
1633 4773 1770 4828 sicut
1810 4773 1864 4829 in

284 4864 442 4921 creto.
487 4863 627 4934 Ergo
665 4863 832 4918 simus
869 4863 1029 4921 Israel
1050 4905 1065 4929 ,
1092 4872 1147 4920 et
1170 4863 1413 4919 laetemur
1443 4863 1495 4918 in
1526 4877 1593 4919 eo
1618 4862 1709 4933 qui
1740 4863 1865 4920 fecit

286 4972 386 5012 nos
409 4973 423 5009 :
449 4954 670 5011 Laetetur
695 4954 863 5010 Israel
886 4956 938 5009 in
967 4972 1024 5010 eo
1049 4956 1136 5026 qui
1161 4956 1277 5025 fecit
1300 4972 1431 5010 eum.
1462 4954 1518 5009 In
1540 4970 1606 5009 eo
1626 4954 1717 5025 qui
1738 4952 1864 5009 fecit

284 5063 408 5102 eum
440 5048 666 5113 lactetur,
694 5061 798 5102 non
837 5046 889 5100 in
924 5046 1053 5102 Ario
1075 5046 1116 5115 ³,
1141 5062 1246 5103 non
1290 5047 1344 5101 in
1388 5046 1627 5116 Donato,
1657 5060 1763 5101 non
1807 5045 1861 5101 in

283 5137 599 5203 Caeciliano;
629 5152 735 5193 non
768 5137 819 5191 in
853 5136 1171 5217 Proculiano
1194 5137 1288 5209 (a),
1313 5152 1421 5193 non
1446 5136 1500 5192 in
1526 5136 1855 5207 Augustino:

349 5259 365 5283 ³
391 5257 458 5300 tta
481 5250 696 5301 melioris
717 5257 845 5301 notae
865 5258 973 5300 Mss.
995 5248 1079 5298 Alii
1096 5264 1241 5300 vero:
1263 5258 1361 5299 Non
1374 5248 1608 5310 qrwmodo
1623 5254 1757 5299 terra
1771 5247 1864 5299 ista

287 5311 471 5379 qualia
491 5317 586 5379 [ert
621 5325 933 5376 sexagenum,
959 5319 1053 5362 etc.
1081 5312 1213 5363 talus,
1236 5320 1338 5362 Non
1359 5310 1593 5374 quomodo
1614 5312 1708 5369 fert
1730 5318 1862 5362 terra

283 5373 375 5438 ista
391 5373 587 5438 Getulia:
601 5373 909 5438 sexagenion,
950 5380 1042 5438 etc.

352 5437 371 5497 ξ
398 5434 587 5497 Aliquot
605 5432 741 5493 Mss;
757 5435 822 5484 ad
850 5435 1100 5485 nominum
1121 5433 1364 5497 fructuum
1385 5432 1642 5496 pertinere.

352 5496 372 5526 ³
394 5494 609 5545 Nonnulli
636 5505 737 5547 uss.
765 5498 1008 5553 omittunt,
1028 5494 1127 5544 non
1139 5494 1191 5544 in
1210 5494 1335 5545 Aria.

319 5611 330 5624 .
351 5555 425 5615 (τι)
469 5558 583 5606 Hinc
615 5560 789 5607 merito
816 5560 1040 5618 eonjicras
1078 5568 1356 5606 sermonem
1390 5555 1608 5664 Hippone
1645 5554 1862 5604 habitum

319 5626 485 5664 tveute
527 5618 803 5664 Proculiano
838 5620 945 5664 sive
988 5616 1314 5664 Proeulemno.
1356 5618 1474 5664 eiust
1496 5631 1574 5663 eiu
1608 5616 1743 5664 urbis
1796 5629 1859 5664 ex

289 5616 485 5667 vivente
527 5618 803 5669 Proculiano
838 5616 945 5668 sive
988 5616 1314 5675 Proculemno,
1356 5616 1574 5678 ejuSdetn
1608 5616 1743 5664 urbis
1785 5629 1859 5678 ex

288 5679 637 5741 talitatis-larunt
655 5687 791 5736 parte
811 5681 1037 5741 episcopo
1059 5676 1455 5741 circiter-initium
1478 5679 1633 5741 quinti
1652 5676 1816 5726 saeculi
1843 5691 1855 5725 :

286 5739 350 5787 de
374 5753 470 5803 (μυ
494 5739 605 5788 vide
629 5748 822 5802 August.
846 5739 1011 5802 tipistt.
1031 5741 1107 5798 55,
1132 5739 1209 5801 δι,
1233 5740 1311 5799 55,
1334 5740 1396 5789 78
1420 5748 1470 5790 ct
1490 5739 1567 5787 88.

1971 407 2040 462 In
2067 424 2125 464 eo
2150 409 2345 463 ltetetur
2368 406 2457 478 qui
2485 405 2602 476 fecit
2643 421 2778 461 eum.
2820 402 2951 471 Nos,
2989 403 3197 469 fratres,
3238 418 3345 459 non
3389 403 3547 458 vobis

1969 498 2432 562 commendamus;
2460 496 2552 551 sed
2579 495 3014 552 commendamus
3037 495 3187 550 vobis
3213 494 3402 561 Deum,
3421 492 3546 563 quia

1968 588 2404 645 commendamus
2429 602 2524 642 vos
2551 586 2684 643 Deo.
2717 586 2995 653 Quomodo
3015 585 3168 640 vobis
3197 585 3364 639 Deum
3392 597 3546 637 com-

1968 678 2318 736 mendamus?
2344 678 2416 735 Ut
2439 677 2674 748 diligatis
2702 692 2825 733 eum
2852 677 2993 733 bono
3020 685 3202 732 vestro
3221 714 3237 743 ,
3271 689 3376 728 non
3403 672 3549 727 bono

1968 769 2173 838 ipsius:
2197 769 2319 839 quia
2347 768 2488 825 malo
2510 775 2689 824 vestro
2714 782 2835 824 eum
2865 782 2971 822 non
2997 767 3213 836 diligitis
3229 808 3245 832 ,
3269 780 3375 819 non
3407 763 3549 818 male

1969 860 2156 930 ipsius.
2183 859 2298 915 Non
2324 860 2467 916 enim
2493 860 2669 916 minus
2695 859 2912 916 habebit
2938 859 3078 915 Deus
3100 858 3436 914 divinitatem
3456 896 3472 922 ,
3502 855 3551 909 si

1970 952 2131 1008 homo
2159 953 2215 1008 in
2244 953 2391 1008 illum
2420 967 2526 1009 non
2565 952 2761 1009 haheat
2785 951 3119 1007 charitatem.
3147 951 3229 1006 Tu
3256 948 3457 1005 crescis
3482 962 3551 1003 ex

1969 1043 2117 1113 Deo,
2146 1058 2251 1100 non
2292 1044 2383 1101 ille
2418 1060 2485 1100 ex
2523 1053 2576 1101 te
2608 1062 2622 1098 :
2652 1054 2709 1101 et
2751 1052 2929 1099 tamen
2969 1051 3170 1098 tantum
3216 1055 3314 1097 nos
3361 1039 3553 1096 dilexit

1969 1134 2115 1206 prior
2137 1134 2178 1206 (l
2193 1133 2427 1203 Joanuv,
2449 1135 2565 1207 i9),
2579 1142 2863 1206 antequam
2881 1150 3002 1192 eum
3014 1134 3371 1206 diligeremus,
3387 1142 3446 1188 ut
3464 1132 3556 1188 Fi-

1972 1226 2100 1282 lium
2129 1242 2283 1283 suum
2308 1227 2523 1284 unicum
2549 1228 2787 1284 mitteret
2807 1227 2943 1282 mori
2975 1242 3071 1298 pro
3089 1226 3242 1282 nobis
3268 1225 3444 1297 (Joan.
3466 1242 3550 1289 In,

1972 1315 2085 1389 16).
2117 1316 2217 1384 Qui
2236 1317 2362 1374 fecit
2388 1333 2509 1385 nos,
2542 1318 2714 1374 factus
2737 1326 2820 1375 est
2846 1319 2987 1373 inter
3012 1332 3130 1373 uos.
3152 1316 3432 1386 Quomodo
3452 1331 3550 1372 nos

1970 1408 2088 1479 ipse
2113 1410 2269 1465 fecit?
2291 1410 2476 1466 Omnia
2502 1428 2592 1483 per
2609 1412 2780 1481 ipsum
2804 1411 2942 1481 facta
2963 1419 3103 1477 sunt,
3129 1420 3175 1465 et
3194 1411 3304 1466 sine
3327 1411 3438 1480 ipso
3465 1414 3553 1481 fa-

1972 1508 2104 1553 ctum
2125 1509 2198 1555 est
2226 1500 2374 1555 nihil.
2404 1501 2682 1569 Quomodo
2703 1500 2875 1557 factus
2895 1500 3141 1557 estinter
3165 1515 3262 1558 nos
3272 1500 3297 1554 ?
3324 1501 3390 1557 Et
3425 1501 3557 1555 Ver-

1973 1592 2091 1647 bum
2127 1608 2247 1648 caro
2295 1593 2487 1663 factum
2512 1603 2620 1661 est,
2657 1602 2706 1650 et
2733 1594 2975 1649 habitavit
3011 1594 3063 1649 in
3098 1595 3241 1649 nobis
3271 1593 3379 1667 (Id.
3406 1608 3461 1659 ι,
3493 1594 3550 1661 3,

1973 1681 2099 1754 14).
2124 1682 2267 1754 Ergo
2294 1683 2409 1755 ipse
2436 1692 2519 1740 est
2544 1685 2598 1740 in
2625 1700 2731 1755 quo
2753 1684 3010 1740 debemus
3039 1685 3225 1740 lactari.
3254 1684 3422 1740 Nemo
3448 1685 3551 1741 ho-

1973 1786 2063 1826 mo
2105 1772 2206 1828 sibi
2244 1782 2460 1844 arroget
2500 1784 2679 1846 partes
2706 1776 2943 1845 ipsius‘;
2974 1775 3043 1831 ab
3085 1775 3201 1844 ipso
3242 1786 3327 1831 est
3369 1775 3553 1830 laetitia

1973 1880 2093 1936 quae
2130 1880 2231 1922 nos
2266 1864 2396 1923 facit
2431 1865 2614 1925 felices
2648 1884 2661 1922 :
2693 1866 2914 1925 Ltetetur
2946 1866 3115 1923 Israel
3140 1867 3195 1921 in
3231 1883 3290 1922 eo
3318 1867 3403 1939 qui
3432 1868 3555 1939 fecit

1970 1970 2106 2011 eum.

2043 2045 2098 2102 5.
2131 2045 2195 2100 Et
2219 2047 2317 2116 ﬁlii
2340 2047 2468 2104 Sion
2487 2048 2736 2104 exsultent
2758 2047 2812 2102 in
2833 2064 2949 2121 rege
2965 2064 3079 2105 suo.
3100 2046 3221 2118 Ipse
3249 2047 3433 2114 lsrael,
3456 2047 3554 2104 filii

1973 2132 2236 2192 Ecclesia:
2248 2145 2388 2192 sunt.
2412 2136 2545 2205 Quia
2569 2137 2697 2193 Sion
2723 2137 2823 2194 fuit
2845 2138 3059 2210 quidem
3080 2152 3182 2194 una
3201 2137 3409 2203 civitas,
3431 2152 3557 2209 qua:

1972 2227 2200 2283 cecidit:
2235 2228 2288 2283 in
2329 2227 2446 2299 ejus
2484 2227 2725 2300 reliquiis
2765 2228 3079 2284 habitabant
3116 2228 3334 2299 quidem
3378 2228 3552 2285 sancti

1972 2317 2372 2387 temporaliter;
2401 2318 2496 2374 sed
2524 2317 2652 2375 Sion
2678 2333 2804 2375 vera
2829 2328 2885 2375 et
2911 2318 3208 2377 Jerusalem
3232 2334 3359 2375 vera
3387 2319 3553 2390 (quia

1973 2405 2088 2477 ipsa
2117 2405 2277 2468 Sion.
2300 2421 2419 2477 quas
2441 2406 2784 2476 Jerusalem),
2811 2417 3011 2464 aeterna
3039 2416 3121 2464 est
3149 2408 3204 2464 in
3228 2409 3400 2477 ctelis,
3431 2424 3555 2480 qua:

1974 2505 2057 2553 est
2084 2506 2255 2554 mater
2286 2507 2464 2555 nostra
2497 2498 2692 2572 (Galat.
2714 2515 2792 2569 1v,
2813 2499 2931 2572 26).
2955 2500 3074 2573 lpsa
3095 2516 3193 2557 nos
3211 2502 3411 2573 genuit,
3439 2502 3555 2572 ipsa

1974 2596 2059 2644 est
2086 2588 2323 2647 Ecclesia
2354 2600 2685 2659 sanctorum,
2708 2593 2823 2664 ipsa
2869 2608 2969 2649 nos
3009 2594 3356 2661 nutrivit;,ex
3402 2603 3557 2666 parte

1973 2682 2286 2753 peregrina,
2312 2698 2380 2739 ex
2415 2699 2605 2755 magna
2647 2695 2799 2757 parte
2837 2687 3134 2743 immanens
3177 2686 3231 2743 in
3271 2687 3429 2743 coelo.
3473 2687 3557 2744 Ex

1974 2778 2246 2845 partequa
2268 2773 2524 2830 immanet
2548 2774 2600 2830 in
2624 2775 2783 2844 ctelo,
2807 2775 3078 2832 beatitudo
3094 2777 3417 2848 Angelorum
3437 2784 3552 2835 est:

1972 2875 2039 2918 ex
2069 2870 2219 2933 parte
2243 2878 2348 2935 qua
2379 2864 2743 2937 peregrinatur
2767 2866 2821 2922 in
2846 2866 2951 2924 hoc
2972 2867 3190 2935 saeculo,
3211 2882 3339 2939 spes
3354 2877 3439 2925 est
3456 2869 3552 2940 ju-

1971 2962 2200 3010 storum.
2226 2955 2306 3012 De
2329 2956 2417 3010 illa
2443 2956 2641 3013 dictum
2666 2966 2771 3024 est,
2796 2956 2973 3015 Gloria
2999 2959 3051 3013 in
3078 2959 3287 3015 excelsis
3311 2959 3421 3015 Deo
3442 2976 3462 3019 ;
3482 2960 3555 3017 de
3612 3019 3618 3023 _

1973 3041 2075 3101 hac
2103 3045 2302 3102 dictum
2327 3056 2430 3116 est,
2455 3047 2524 3102 Et
2548 3049 2602 3103 in
2625 3058 2760 3104 terra
2782 3066 2886 3121 pax
2904 3051 3187 3107 hominibus
3208 3052 3350 3108 bona:
3373 3053 3554 3108 volun-

1974 3136 2089 3191 tatis
2117 3135 2266 3208 (Luc.
2297 3153 2335 3193 ιι
2354 3177 2370 3205 ,
2410 3136 2535 3212 14).
2587 3138 2689 3207 Qui
2717 3155 2846 3211 ergo
2872 3141 2924 3196 in
2955 3142 3054 3197 hac
3081 3143 3183 3197 vita
3213 3151 3466 3213 gemunt,
3495 3152 3555 3200 et

1972 3226 2278 3283 desiderant
2302 3229 2447 3284 illam
2477 3231 2722 3299 patriam,
2750 3241 2969 3288 currant
2991 3233 3293 3300 dilectione,
3316 3250 3422 3292 non
3450 3251 3548 3305 pe-

1971 3319 2126 3376 dibus
2147 3322 2388 3391 corporis
2408 3340 2421 3376 :
2441 3337 2545 3376 non
2568 3332 2807 3393 quaerant
2831 3339 3012 3392 naves,
3034 3325 3129 3381 sed
3157 3341 3387 3395 pennas;
3412 3326 3551 3383 duas

1972 3411 2081 3467 alas
2103 3412 2379 3474 cbaritatis
2406 3413 2830 3483 apprchendent.
2862 3415 2991 3484 Qua:
3011 3424 3137 3471 sunt
3155 3417 3274 3473 dum
3291 3418 3389 3473 ala:
3412 3417 3548 3473 cha-

1972 3502 2178 3558 ritatis?
2210 3503 2433 3559 Dilectio
2454 3504 2568 3569 Dei,
2593 3512 2646 3560 et
2662 3505 2916 3575 proximi.
2942 3506 3352 3578 Peregrinamur
3377 3507 3544 3576 enim,

1972 3594 2299 3665 suspiramus
2320 3636 2333 3659 ,
2357 3595 2638 3665 gemimus.
2663 3596 2938 3651 Venerunt
2977 3595 3045 3651 ad
3086 3612 3186 3653 nos
3225 3597 3443 3654 Littera:
3478 3597 3548 3663 de

1971 3685 2138 3754 patria
2166 3695 2369 3752 nostra,
2399 3687 2541 3756 ipsas
2567 3686 2721 3743 vobis
2741 3688 3046 3743 recitamus.

2042 3781 2096 3836 6.
2152 3782 2372 3837 Lmtetur
2393 3781 2559 3838 Israel
2599 3783 2651 3837 in
2679 3799 2734 3837 eo
2756 3784 2843 3855 qui
2877 3784 2997 3853 fecit
3035 3800 3183 3851 eum,
3209 3794 3256 3840 et
3293 3785 3390 3855 filii
3418 3786 3552 3843 Sion

1971 3875 2219 3929 exsultent
2248 3875 2300 3928 in
2329 3891 2446 3945 rege
2470 3890 2583 3930 suo.
2629 3874 2781 3943 Quod
2810 3874 2974 3942 dixit,
3006 3876 3091 3946 qui
3116 3879 3236 3947 fecit
3258 3893 3402 3942 eum;
3445 3878 3553 3935 hoc

1969 3966 2122 4031 dixit,
2151 3967 2204 4018 in
2228 3983 2343 4037 rege
2364 3983 2479 4022 suo.
2514 3966 2670 4034 Quod
2695 3967 2936 4033 audistis,
2968 3966 3165 4031 Israel;
3194 3968 3246 4024 id
3285 3977 3428 4037 sunt,
3451 3970 3552 4039 ﬁlii

1971 4056 2100 4112 Sion
2121 4071 2141 4109 :
2161 4064 2216 4112 et
2243 4055 2384 4126 quod
2412 4056 2637 4112 audistis
2655 4097 2671 4124 ,
2697 4057 2749 4111 in
2778 4073 2835 4111 eo
2858 4058 2945 4128 qui
2971 4058 3090 4129 fecit
3112 4074 3225 4113 eum
3239 4074 3261 4123 ;
3291 4059 3394 4115 hoc
3425 4066 3546 4127 est.

1968 4148 2023 4202 in
2047 4164 2164 4219 rege
2189 4163 2300 4202 suo.
2330 4147 2495 4202 Filius
2521 4147 2617 4204 Dei
2644 4148 2735 4218 qui
2770 4146 2898 4203 fecit
2932 4162 3031 4203 nos
3052 4190 3068 4215 ,
3108 4147 3277 4205 factus
3301 4158 3384 4205 est
3408 4149 3540 4206 inter

1967 4253 2105 4301 nos:
2133 4244 2189 4292 et
2211 4237 2324 4293 Rex
2351 4245 2532 4294 noster
2559 4237 2695 4309 regit
2722 4252 2842 4303 nos,
2865 4238 2988 4309 quia
3012 4236 3237 4294 Creator
3260 4249 3442 4295 noster
3468 4240 3538 4296 fe-

1968 4330 2043 4385 cit
2070 4342 2190 4384 nos.
2219 4327 2339 4399 ipse
2363 4336 2445 4385 est
2473 4337 2649 4384 tamen
2681 4343 2777 4398 per
2795 4344 2952 4397 quem
2975 4328 3100 4384 facti
3125 4344 3330 4395 sumus,
3352 4331 3439 4401 qui
3461 4340 3550 4387 est

1968 4434 2064 4489 per
2100 4432 2257 4489 quem
2299 4432 2398 4474 nos
2434 4417 2703 4488 regimur:
2725 4425 2780 4474 et
2808 4419 2928 4474 ideo
2957 4418 3279 4487 Christiani,
3306 4421 3426 4491 quia
3456 4421 3551 4477 ille

1966 4509 2230 4568 Christus.
2262 4508 2505 4565 Christus
2530 4522 2559 4561 a
2589 4508 2879 4565 chrismate
2903 4509 3078 4566 dictus
3107 4520 3188 4565 cst
3209 4552 3225 4577 ,
3253 4511 3304 4566 id
3332 4521 3433 4576 est,
3477 4513 3549 4569 ab

1968 4600 2241 4656 unctione.
2286 4599 2460 4669 Reges
2502 4607 2679 4653 autem
2710 4599 3041 4670 ungebantur
3069 4600 3121 4672 (l
3152 4600 3281 4670 Reg.
3311 4617 3342 4655 x
3364 4643 3380 4668 ,
3413 4602 3469 4669 l;
3497 4613 3548 4657 et

1969 4709 2079 4761 va,
2104 4692 2202 4763 l5)
2232 4700 2288 4747 et
2315 4690 2622 4746 sacerdotes
2653 4691 2845 4759 (Exod.
2874 4708 3000 4757 xxx,
3019 4691 3111 4764 50)
3137 4710 3149 4747 :
3176 4694 3266 4748 ille
3289 4708 3415 4748 vero
3444 4710 3547 4748 un-

1966 4797 2085 4844 ctus
2108 4793 2268 4842 estet
2295 4785 2410 4839 Rex
2437 4793 2492 4839 et
2518 4784 2802 4840 Sacerdos.
2830 4785 2945 4839 Rex
2967 4786 3221 4855 pugnavit
3249 4800 3345 4855 pro
3365 4786 3546 4852 nobis,

1965 4878 2229 4938 Sacerdos
2252 4876 2445 4932 obtulit
2469 4891 2530 4931 se
2558 4890 2656 4945 pro
2686 4874 2860 4930 nobis.
2888 4875 3113 4942 Quando
3140 4891 3236 4945 pro
3264 4875 3416 4930 nobis
3442 4892 3546 4945 pu-

1966 4970 2164 5043 gnavit,
2191 4967 2343 5038 quasi
2372 4967 2546 5021 victus
2573 4974 2685 5030 est;
2715 4981 2840 5023 vere
2862 4973 3044 5022 autem
3071 4966 3219 5021 vicit.
3246 4966 3548 5023 Crucitixus

1966 5071 2050 5118 est
2073 5059 2238 5126 enim,
2265 5066 2320 5114 et
2338 5057 2407 5113 de
2430 5070 2591 5113 cruce
2615 5070 2729 5121 sua,
2759 5056 2811 5110 in
2833 5071 2934 5126 qua
2960 5064 3075 5111 erat
3095 5057 3254 5122 fixus,
3275 5056 3547 5112 diabolum

1967 5149 2160 5206 occidit
2183 5166 2196 5201 :
2219 5157 2275 5204 et
2298 5146 2421 5202 inde
2449 5146 2562 5202 Rex
2593 5155 2793 5201 noster.
2830 5144 2981 5202 Unde
3022 5154 3201 5202 autem
3245 5146 3548 5203 Sacerdos?

1967 5241 2099 5310 Quia
2125 5256 2184 5295 se
2213 5254 2308 5308 pro
2338 5237 2491 5292 nobis
2515 5236 2729 5291 obtulit.
2777 5236 2910 5291 Date
2937 5236 3215 5293 Sacerdoti
3240 5237 3382 5307 quod
3409 5237 3548 5293 olle-

1968 5339 2069 5387 rat.
2116 5328 2253 5397 Quid
2279 5326 2545 5382 inveniret
2570 5325 2730 5380 homo
2755 5324 2896 5395 quod
2929 5325 3084 5381 daret
3108 5326 3362 5381 mundam
3392 5326 3550 5382 victi-

1968 5437 2111 5478 mam
2131 5420 2187 5473 ’Ἰ
2206 5418 2374 5487 Quam
2395 5416 2699 5471 victimam?
2720 5415 2856 5482 Quid
2878 5416 3130 5471 mundum
3156 5425 3334 5488 potest
3352 5416 3549 5483 ell‘erre

2030 5552 2045 5583 ¹
2070 5551 2277 5620 βὶορῐςξε.
2299 5552 2355 5597 At
2376 5544 2509 5595 Edd.:
2536 5552 2682 5596 Nemo
2703 5544 2794 5597 sibi
2823 5550 3034 5608 arroget,
3072 5557 3211 5596 nemo
3239 5544 3333 5600 sibi
3353 5544 3551 5609 deroget

2398 5676 2480 5719 us.
2500 5703 2515 5731 ,
2561 5668 2693 5733 quod
2728 5668 2866 5720 dw'cl
2904 5664 3177 5719 mundum?
3221 5677 3370 5731 (mam
3415 5667 3550 5721 ticti-

1971 5749 2101 5786 mum
2124 5747 2147 5783 .'
3204 5747 3217 5755 ⁸

3936 4818 4063 4865 *ἃ
