  <div class='ocr_page' id='page_1' title='image "/cluster/home/n/w/nwhite01/storage/ocr_20150623/37/hvd.32044096580592/472.png"; bbox 0 0 4042 6202; ppageno 0'>
   <div class='ocr_carea' id='block_1_1' title="bbox 405 335 545 393">
    <p class='ocr_par' dir='ltr' id='par_1_1' title="bbox 405 335 545 393">
     <span class='ocr_line' id='line_1_1' title="bbox 405 335 545 393; baseline -0.021 0"><span class='ocrx_word' id='word_1_1' title='bbox 405 335 545 393; x_wconf 72' lang='grc' dir='ltr'><strong>19ῧῦ</strong></span> 
     </span>
    </p>
   </div>
   <div class='ocr_carea' id='block_1_2' title="bbox 403 424 1977 521">
    <p class='ocr_par' dir='ltr' id='par_1_2' title="bbox 403 424 1977 521">
     <span class='ocr_line' id='line_1_2' title="bbox 403 424 1977 521; baseline -0.019 -17"><span class='ocrx_word' id='word_1_2' title='bbox 403 444 692 521; x_wconf 84' lang='lat' dir='ltr'><strong>peccator?</strong></span> <span class='ocrx_word' id='word_1_3' title='bbox 718 442 762 499; x_wconf 93' lang='grc'><strong>0</strong></span> <span class='ocrx_word' id='word_1_4' title='bbox 790 440 998 512; x_wconf 81' lang='lat' dir='ltr'><strong>inique,</strong></span> <span class='ocrx_word' id='word_1_5' title='bbox 1026 453 1057 491; x_wconf 91' lang='grc' dir='ltr'><strong>ο</strong></span> <span class='ocrx_word' id='word_1_6' title='bbox 1083 433 1268 505; x_wconf 84' lang='lat' dir='ltr'><strong>impie!</strong></span> <span class='ocrx_word' id='word_1_7' title='bbox 1299 430 1553 503; x_wconf 82' lang='lat' dir='ltr'><strong>quidquid</strong></span> <span class='ocrx_word' id='word_1_8' title='bbox 1597 426 1840 482; x_wconf 75' lang='lat' dir='ltr'><strong>attuleris</strong></span> <span class='ocrx_word' id='word_1_9' title='bbox 1880 424 1977 477; x_wconf 87' lang='lat' dir='ltr'><strong>im-</strong></span> 
     </span>
    </p>
   </div>
   <div class='ocr_carea' id='block_1_3' title="bbox 406 513 1984 601">
    <p class='ocr_par' dir='ltr' id='par_1_3' title="bbox 406 513 1984 601">
     <span class='ocr_line' id='line_1_3' title="bbox 406 513 1984 601; baseline -0.018 -7"><span class='ocrx_word' id='word_1_10' title='bbox 406 513 662 594; x_wconf 73' lang='lat' dir='ltr'><strong>mundum</strong></span> <span class='ocrx_word' id='word_1_11' title='bbox 685 543 766 589; x_wconf 88' lang='lat' dir='ltr'><strong>est</strong></span> <span class='ocrx_word' id='word_1_12' title='bbox 786 574 800 598; x_wconf 89' lang='lat'><strong>,</strong></span> <span class='ocrx_word' id='word_1_13' title='bbox 829 542 882 587; x_wconf 89' lang='lat' dir='ltr'><strong>et</strong></span> <span class='ocrx_word' id='word_1_14' title='bbox 927 526 1121 598; x_wconf 88' lang='lat' dir='ltr'><strong>aliquid</strong></span> <span class='ocrx_word' id='word_1_15' title='bbox 1160 523 1416 580; x_wconf 90' lang='lat' dir='ltr'><strong>mundum</strong></span> <span class='ocrx_word' id='word_1_16' title='bbox 1457 533 1555 590; x_wconf 87' lang='lat' dir='ltr'><strong>pro</strong></span> <span class='ocrx_word' id='word_1_17' title='bbox 1578 528 1630 572; x_wconf 91' lang='lat' dir='ltr'><strong>te</strong></span> <span class='ocrx_word' id='word_1_18' title='bbox 1653 513 1984 601; x_wconf 67' lang='lat' dir='ltr'><strong>offerendum</strong></span> 
     </span>
    </p>
   </div>
   <div class='ocr_carea' id='block_1_4' title="bbox 407 609 1987 696">
    <p class='ocr_par' dir='ltr' id='par_1_4' title="bbox 407 609 1987 696">
     <span class='ocr_line' id='line_1_4' title="bbox 407 609 1987 696; baseline -0.016 -11"><span class='ocrx_word' id='word_1_19' title='bbox 407 639 508 685; x_wconf 90' lang='lat' dir='ltr'><strong>est.</strong></span> <span class='ocrx_word' id='word_1_20' title='bbox 530 630 720 696; x_wconf 86' lang='lat' dir='ltr'><strong>Quaere</strong></span> <span class='ocrx_word' id='word_1_21' title='bbox 739 624 878 695; x_wconf 85' lang='lat' dir='ltr'><strong>apud</strong></span> <span class='ocrx_word' id='word_1_22' title='bbox 910 631 960 677; x_wconf 89' lang='lat' dir='ltr'><strong>te</strong></span> <span class='ocrx_word' id='word_1_23' title='bbox 984 618 1110 691; x_wconf 90' lang='lat' dir='ltr'><strong>quid</strong></span> <span class='ocrx_word' id='word_1_24' title='bbox 1130 616 1355 680; x_wconf 78' lang='lat' dir='ltr'><strong>oll‘eras;</strong></span> <span class='ocrx_word' id='word_1_25' title='bbox 1382 629 1488 668; x_wconf 89' lang='lat' dir='ltr'><strong>non</strong></span> <span class='ocrx_word' id='word_1_26' title='bbox 1514 610 1773 666; x_wconf 84' lang='lat' dir='ltr'><strong>invenies.</strong></span> <span class='ocrx_word' id='word_1_27' title='bbox 1798 609 1987 676; x_wconf 72' lang='lat' dir='ltr'><strong>Qua-re</strong></span> 
     </span>
    </p>
   </div>
   <div class='ocr_carea' id='block_1_5' title="bbox 407 698 1987 789">
    <p class='ocr_par' dir='ltr' id='par_1_5' title="bbox 407 698 1987 789">
     <span class='ocr_line' id='line_1_5' title="bbox 407 698 1987 789; baseline -0.016 -12"><span class='ocrx_word' id='word_1_28' title='bbox 407 736 473 777; x_wconf 80' lang='lat' dir='ltr'><strong>ex</strong></span> <span class='ocrx_word' id='word_1_29' title='bbox 508 730 565 775; x_wconf 87' lang='lat' dir='ltr'><strong>te</strong></span> <span class='ocrx_word' id='word_1_30' title='bbox 583 716 725 789; x_wconf 89' lang='lat' dir='ltr'><strong>quod</strong></span> <span class='ocrx_word' id='word_1_31' title='bbox 755 715 974 777; x_wconf 84' lang='lat' dir='ltr'><strong>offeras;</strong></span> <span class='ocrx_word' id='word_1_32' title='bbox 998 726 1104 765; x_wconf 92' lang='lat' dir='ltr'><strong>non</strong></span> <span class='ocrx_word' id='word_1_33' title='bbox 1131 708 1426 764; x_wconf 88' lang='lat' dir='ltr'><strong>delectatur</strong></span> <span class='ocrx_word' id='word_1_34' title='bbox 1450 704 1730 767; x_wconf 76' lang='lat' dir='ltr'><strong>arietibus,</strong></span> <span class='ocrx_word' id='word_1_35' title='bbox 1755 715 1851 755; x_wconf 91' lang='lat' dir='ltr'><strong>nec</strong></span> <span class='ocrx_word' id='word_1_36' title='bbox 1877 698 1987 753; x_wconf 49' lang='lat' dir='ltr'><strong>hir.</strong></span> 
     </span>
    </p>
   </div>
   <div class='ocr_carea' id='block_1_6' title="bbox 409 791 1987 874">
    <p class='ocr_par' dir='ltr' id='par_1_6' title="bbox 409 791 1987 874">
     <span class='ocr_line' id='line_1_6' title="bbox 409 791 1987 874; baseline -0.015 -9"><span class='ocrx_word' id='word_1_37' title='bbox 409 812 507 874; x_wconf 89' lang='lat' dir='ltr'><strong>cis,</strong></span> <span class='ocrx_word' id='word_1_38' title='bbox 542 824 641 864; x_wconf 91' lang='lat' dir='ltr'><strong>nec</strong></span> <span class='ocrx_word' id='word_1_39' title='bbox 670 805 854 861; x_wconf 88' lang='lat' dir='ltr'><strong>tauris.</strong></span> <span class='ocrx_word' id='word_1_40' title='bbox 908 801 1096 856; x_wconf 83' lang='lat' dir='ltr'><strong>Omnia</strong></span> <span class='ocrx_word' id='word_1_41' title='bbox 1124 799 1290 868; x_wconf 87' lang='lat' dir='ltr'><strong>ipsius</strong></span> <span class='ocrx_word' id='word_1_42' title='bbox 1319 804 1480 862; x_wconf 90' lang='lat' dir='ltr'><strong>sunt,</strong></span> <span class='ocrx_word' id='word_1_43' title='bbox 1507 794 1608 849; x_wconf 89' lang='lat' dir='ltr'><strong>etsi</strong></span> <span class='ocrx_word' id='word_1_44' title='bbox 1639 808 1744 847; x_wconf 91' lang='lat' dir='ltr'><strong>non</strong></span> <span class='ocrx_word' id='word_1_45' title='bbox 1771 791 1987 845; x_wconf 83' lang='lat' dir='ltr'><strong>oli&#39;eras.</strong></span> 
     </span>
    </p>
   </div>
   <div class='ocr_carea' id='block_1_7' title="bbox 411 884 1986 969">
    <p class='ocr_par' dir='ltr' id='par_1_7' title="bbox 411 884 1986 969">
     <span class='ocr_line' id='line_1_7' title="bbox 411 884 1986 969; baseline -0.014 -12"><span class='ocrx_word' id='word_1_46' title='bbox 411 900 555 956; x_wconf 81' lang='lat' dir='ltr'><strong>Ollcr</strong></span> <span class='ocrx_word' id='word_1_47' title='bbox 581 913 708 969; x_wconf 81' lang='lat' dir='ltr'><strong>ergo</strong></span> <span class='ocrx_word' id='word_1_48' title='bbox 733 896 809 951; x_wconf 90' lang='lat' dir='ltr'><strong>illi</strong></span> <span class='ocrx_word' id='word_1_49' title='bbox 840 892 1096 949; x_wconf 90' lang='lat' dir='ltr'><strong>mundum</strong></span> <span class='ocrx_word' id='word_1_50' title='bbox 1126 886 1468 945; x_wconf 92' lang='lat' dir='ltr'><strong>sacriﬁcium.</strong></span> <span class='ocrx_word' id='word_1_51' title='bbox 1497 884 1601 941; x_wconf 92' lang='lat' dir='ltr'><strong>Sed</strong></span> <span class='ocrx_word' id='word_1_52' title='bbox 1633 891 1881 954; x_wconf 74' lang='lat' dir='ltr'><strong>peccator</strong></span> <span class='ocrx_word' id='word_1_53' title='bbox 1906 895 1986 946; x_wconf 85' lang='lat' dir='ltr'><strong>es,</strong></span> 
     </span>
    </p>
   </div>
   <div class='ocr_carea' id='block_1_8' title="bbox 413 974 1988 1062">
    <p class='ocr_par' dir='ltr' id='par_1_8' title="bbox 413 974 1988 1062">
     <span class='ocr_line' id='line_1_8' title="bbox 413 974 1988 1062; baseline -0.015 -13"><span class='ocrx_word' id='word_1_54' title='bbox 413 994 605 1062; x_wconf 90' lang='lat' dir='ltr'><strong>impius</strong></span> <span class='ocrx_word' id='word_1_55' title='bbox 630 1006 709 1057; x_wconf 89' lang='lat' dir='ltr'><strong>es,</strong></span> <span class='ocrx_word' id='word_1_56' title='bbox 739 988 833 1043; x_wconf 91' lang='lat' dir='ltr'><strong>sed</strong></span> <span class='ocrx_word' id='word_1_57' title='bbox 862 986 1189 1056; x_wconf 82' lang='lat' dir='ltr'><strong>inquinatam</strong></span> <span class='ocrx_word' id='word_1_58' title='bbox 1210 979 1590 1036; x_wconf 79' lang='lat' dir='ltr'><strong>conscientiam</strong></span> <span class='ocrx_word' id='word_1_59' title='bbox 1616 976 1802 1030; x_wconf 90' lang='lat' dir='ltr'><strong>habes.</strong></span> <span class='ocrx_word' id='word_1_60' title='bbox 1828 974 1988 1028; x_wconf 88' lang='lat' dir='ltr'><strong>Pote-</strong></span> 
     </span>
    </p>
   </div>
   <div class='ocr_carea' id='block_1_9' title="bbox 415 1065 1992 1152">
    <p class='ocr_par' dir='ltr' id='par_1_9' title="bbox 415 1065 1992 1152">
     <span class='ocr_line' id='line_1_9' title="bbox 415 1065 1992 1152; baseline -0.014 -11"><span class='ocrx_word' id='word_1_61' title='bbox 415 1088 488 1142; x_wconf 92' lang='lat' dir='ltr'><strong>ris</strong></span> <span class='ocrx_word' id='word_1_62' title='bbox 520 1085 651 1140; x_wconf 91' lang='lat' dir='ltr'><strong>forte</strong></span> <span class='ocrx_word' id='word_1_63' title='bbox 685 1080 883 1152; x_wconf 91' lang='lat' dir='ltr'><strong>aliquid</strong></span> <span class='ocrx_word' id='word_1_64' title='bbox 924 1076 1180 1133; x_wconf 91' lang='lat' dir='ltr'><strong>mundum</strong></span> <span class='ocrx_word' id='word_1_65' title='bbox 1220 1075 1448 1136; x_wconf 76' lang='lat' dir='ltr'><strong>offerre,</strong></span> <span class='ocrx_word' id='word_1_66' title='bbox 1475 1078 1760 1142; x_wconf 85' lang='lat' dir='ltr'><strong>purgatus;</strong></span> <span class='ocrx_word' id='word_1_67' title='bbox 1802 1065 1897 1121; x_wconf 87' lang='lat' dir='ltr'><strong>sed</strong></span> <span class='ocrx_word' id='word_1_68' title='bbox 1934 1072 1992 1119; x_wconf 92' lang='lat' dir='ltr'><strong>ut</strong></span> 
     </span>
    </p>
   </div>
   <div class='ocr_carea' id='block_1_10' title="bbox 416 1159 1991 1248">
    <p class='ocr_par' dir='ltr' id='par_1_10' title="bbox 416 1159 1991 1248">
     <span class='ocr_line' id='line_1_10' title="bbox 416 1159 1991 1248; baseline -0.013 -16"><span class='ocrx_word' id='word_1_69' title='bbox 416 1175 675 1248; x_wconf 86' lang='lat' dir='ltr'><strong>purgeris,</strong></span> <span class='ocrx_word' id='word_1_70' title='bbox 699 1171 898 1242; x_wconf 90' lang='lat' dir='ltr'><strong>aliquid</strong></span> <span class='ocrx_word' id='word_1_71' title='bbox 927 1185 1022 1241; x_wconf 90' lang='lat' dir='ltr'><strong>pro</strong></span> <span class='ocrx_word' id='word_1_72' title='bbox 1045 1179 1096 1222; x_wconf 91' lang='lat' dir='ltr'><strong>te</strong></span> <span class='ocrx_word' id='word_1_73' title='bbox 1120 1164 1446 1222; x_wconf 76' lang='lat' dir='ltr'><strong>offerendum</strong></span> <span class='ocrx_word' id='word_1_74' title='bbox 1471 1170 1570 1224; x_wconf 84' lang='lat' dir='ltr'><strong>est.</strong></span> <span class='ocrx_word' id='word_1_75' title='bbox 1590 1159 1727 1228; x_wconf 85' lang='lat' dir='ltr'><strong>Quid</strong></span> <span class='ocrx_word' id='word_1_76' title='bbox 1748 1174 1874 1228; x_wconf 87' lang='lat' dir='ltr'><strong>ergo</strong></span> <span class='ocrx_word' id='word_1_77' title='bbox 1896 1170 1991 1226; x_wconf 87' lang='lat' dir='ltr'><strong>pro</strong></span> 
     </span>
    </p>
   </div>
   <div class='ocr_carea' id='block_1_11' title="bbox 417 1251 1991 1325">
    <p class='ocr_par' dir='ltr' id='par_1_11' title="bbox 417 1251 1991 1325">
     <span class='ocr_line' id='line_1_11' title="bbox 417 1251 1991 1325; baseline -0.013 -4"><span class='ocrx_word' id='word_1_78' title='bbox 417 1278 465 1323; x_wconf 84' lang='lat' dir='ltr'><strong>te.</strong></span> <span class='ocrx_word' id='word_1_79' title='bbox 489 1268 767 1321; x_wconf 90' lang='lat' dir='ltr'><strong>oblaturus</strong></span> <span class='ocrx_word' id='word_1_80' title='bbox 794 1277 874 1325; x_wconf 80' lang='lat' dir='ltr'><strong>es,</strong></span> <span class='ocrx_word' id='word_1_81' title='bbox 907 1270 964 1314; x_wconf 90' lang='lat' dir='ltr'><strong>ut</strong></span> <span class='ocrx_word' id='word_1_82' title='bbox 988 1256 1297 1315; x_wconf 90' lang='lat' dir='ltr'><strong>munderis?</strong></span> <span class='ocrx_word' id='word_1_83' title='bbox 1324 1254 1382 1311; x_wconf 89' lang='lat' dir='ltr'><strong>Si</strong></span> <span class='ocrx_word' id='word_1_84' title='bbox 1412 1251 1696 1308; x_wconf 89' lang='lat' dir='ltr'><strong>mundatus</strong></span> <span class='ocrx_word' id='word_1_85' title='bbox 1725 1263 1804 1317; x_wconf 92' lang='lat' dir='ltr'><strong>es,</strong></span> <span class='ocrx_word' id='word_1_86' title='bbox 1837 1257 1991 1318; x_wconf 90' lang='lat' dir='ltr'><strong>pote-</strong></span> 
     </span>
    </p>
   </div>
   <div class='ocr_carea' id='block_1_12' title="bbox 414 1340 1990 1426">
    <p class='ocr_par' dir='ltr' id='par_1_12' title="bbox 414 1340 1990 1426">
     <span class='ocr_line' id='line_1_12' title="bbox 414 1340 1990 1426; baseline -0.015 -12"><span class='ocrx_word' id='word_1_87' title='bbox 414 1361 489 1414; x_wconf 91' lang='lat' dir='ltr'><strong>ris</strong></span> <span class='ocrx_word' id='word_1_88' title='bbox 517 1360 711 1413; x_wconf 84' lang='lat' dir='ltr'><strong>oﬁ&#39;erre</strong></span> <span class='ocrx_word' id='word_1_89' title='bbox 737 1354 878 1426; x_wconf 88' lang='lat' dir='ltr'><strong>quod</strong></span> <span class='ocrx_word' id='word_1_90' title='bbox 909 1351 1163 1408; x_wconf 88' lang='lat' dir='ltr'><strong>mundum</strong></span> <span class='ocrx_word' id='word_1_91' title='bbox 1189 1357 1290 1404; x_wconf 89' lang='lat' dir='ltr'><strong>est.</strong></span> <span class='ocrx_word' id='word_1_92' title='bbox 1337 1346 1537 1403; x_wconf 83' lang='lat' dir='ltr'><strong>Oll‘erat</strong></span> <span class='ocrx_word' id='word_1_93' title='bbox 1583 1357 1711 1414; x_wconf 84' lang='lat' dir='ltr'><strong>ergo</strong></span> <span class='ocrx_word' id='word_1_94' title='bbox 1754 1340 1990 1412; x_wconf 89' lang='lat' dir='ltr'><strong>seipsum</strong></span> 
     </span>
    </p>
   </div>
   <div class='ocr_carea' id='block_1_13' title="bbox 415 1431 1993 1510">
    <p class='ocr_par' dir='ltr' id='par_1_13' title="bbox 415 1431 1993 1510">
     <span class='ocr_line' id='line_1_13' title="bbox 415 1431 1993 1510; baseline -0.015 -4"><span class='ocrx_word' id='word_1_95' title='bbox 415 1451 647 1506; x_wconf 88' lang='lat' dir='ltr'><strong>mundus</strong></span> <span class='ocrx_word' id='word_1_96' title='bbox 667 1444 937 1510; x_wconf 84' lang='lat' dir='ltr'><strong>sacerdos,</strong></span> <span class='ocrx_word' id='word_1_97' title='bbox 958 1451 1011 1499; x_wconf 91' lang='lat' dir='ltr'><strong>et</strong></span> <span class='ocrx_word' id='word_1_98' title='bbox 1036 1439 1412 1496; x_wconf 89' lang='lat' dir='ltr'><strong>mundct..lloc</strong></span> <span class='ocrx_word' id='word_1_99' title='bbox 1434 1444 1516 1493; x_wconf 90' lang='lat' dir='ltr'><strong>est</strong></span> <span class='ocrx_word' id='word_1_100' title='bbox 1534 1433 1675 1506; x_wconf 90' lang='lat' dir='ltr'><strong>quod</strong></span> <span class='ocrx_word' id='word_1_101' title='bbox 1698 1432 1822 1488; x_wconf 86' lang='lat' dir='ltr'><strong>fecit</strong></span> <span class='ocrx_word' id='word_1_102' title='bbox 1841 1431 1993 1486; x_wconf 82' lang='lat' dir='ltr'><strong>Citri-</strong></span> 
     </span>
    </p>
   </div>
   <div class='ocr_carea' id='block_1_14' title="bbox 416 1521 1992 1598">
    <p class='ocr_par' dir='ltr' id='par_1_14' title="bbox 416 1521 1992 1598">
     <span class='ocr_line' id='line_1_14' title="bbox 416 1521 1992 1598; baseline -0.014 -1"><span class='ocrx_word' id='word_1_103' title='bbox 416 1552 549 1598; x_wconf 85' lang='lat' dir='ltr'><strong>stus.</strong></span> <span class='ocrx_word' id='word_1_104' title='bbox 593 1540 735 1595; x_wconf 86' lang='lat' dir='ltr'><strong>Nihil</strong></span> <span class='ocrx_word' id='word_1_105' title='bbox 763 1537 1020 1594; x_wconf 86' lang='lat' dir='ltr'><strong>mundum</strong></span> <span class='ocrx_word' id='word_1_106' title='bbox 1048 1533 1249 1589; x_wconf 78' lang='lat' dir='ltr'><strong>invenit</strong></span> <span class='ocrx_word' id='word_1_107' title='bbox 1275 1532 1328 1586; x_wconf 93' lang='lat' dir='ltr'><strong>in</strong></span> <span class='ocrx_word' id='word_1_108' title='bbox 1354 1528 1660 1584; x_wconf 90' lang='lat' dir='ltr'><strong>hominibus</strong></span> <span class='ocrx_word' id='word_1_109' title='bbox 1680 1567 1696 1593; x_wconf 94' lang='lat'><strong>,</strong></span> <span class='ocrx_word' id='word_1_110' title='bbox 1727 1522 1871 1595; x_wconf 91' lang='lat' dir='ltr'><strong>quod</strong></span> <span class='ocrx_word' id='word_1_111' title='bbox 1908 1521 1992 1576; x_wconf 91' lang='lat' dir='ltr'><strong>of-</strong></span> 
     </span>
    </p>
   </div>
   <div class='ocr_carea' id='block_1_15' title="bbox 418 1612 1997 1702">
    <p class='ocr_par' dir='ltr' id='par_1_15' title="bbox 418 1612 1997 1702">
     <span class='ocr_line' id='line_1_15' title="bbox 418 1612 1997 1702; baseline -0.016 -12"><span class='ocrx_word' id='word_1_112' title='bbox 418 1634 584 1689; x_wconf 78' lang='lat' dir='ltr'><strong>ferret</strong></span> <span class='ocrx_word' id='word_1_113' title='bbox 607 1646 702 1702; x_wconf 91' lang='lat' dir='ltr'><strong>pro</strong></span> <span class='ocrx_word' id='word_1_114' title='bbox 724 1627 1058 1692; x_wconf 88' lang='lat' dir='ltr'><strong>hominibus;</strong></span> <span class='ocrx_word' id='word_1_115' title='bbox 1090 1626 1324 1693; x_wconf 89' lang='lat' dir='ltr'><strong>seipsum</strong></span> <span class='ocrx_word' id='word_1_116' title='bbox 1354 1618 1545 1675; x_wconf 84' lang='lat' dir='ltr'><strong>obtulit</strong></span> <span class='ocrx_word' id='word_1_117' title='bbox 1570 1616 1821 1671; x_wconf 87' lang='lat' dir='ltr'><strong>mundam</strong></span> <span class='ocrx_word' id='word_1_118' title='bbox 1841 1612 1997 1667; x_wconf 86' lang='lat' dir='ltr'><strong>victi-</strong></span> 
     </span>
    </p>
   </div>
   <div class='ocr_carea' id='block_1_16' title="bbox 332 1696 1994 1782">
    <p class='ocr_par' dir='ltr' id='par_1_16' title="bbox 332 1696 1994 1782">
     <span class='ocr_line' id='line_1_16' title="bbox 332 1696 1994 1782; baseline -0.015 -1"><span class='ocrx_word' id='word_1_119' title='bbox 332 1696 391 1745; x_wconf 58' lang='lat'><strong><em>,</em></strong></span> <span class='ocrx_word' id='word_1_120' title='bbox 416 1739 558 1780; x_wconf 88' lang='lat' dir='ltr'><strong>mam</strong></span> <span class='ocrx_word' id='word_1_121' title='bbox 587 1722 626 1776; x_wconf 72' lang='grc' dir='ltr'><strong>ί.</strong></span> <span class='ocrx_word' id='word_1_122' title='bbox 659 1721 806 1776; x_wconf 81' lang='lat' dir='ltr'><strong>Felix</strong></span> <span class='ocrx_word' id='word_1_123' title='bbox 832 1719 1043 1773; x_wconf 77' lang='lat' dir='ltr'><strong>victima</strong></span> <span class='ocrx_word' id='word_1_124' title='bbox 1062 1758 1076 1782; x_wconf 91' lang='lat'><strong>,</strong></span> <span class='ocrx_word' id='word_1_125' title='bbox 1106 1729 1232 1770; x_wconf 89' lang='lat' dir='ltr'><strong>vera</strong></span> <span class='ocrx_word' id='word_1_126' title='bbox 1260 1712 1471 1768; x_wconf 80' lang='lat' dir='ltr'><strong>victima</strong></span> <span class='ocrx_word' id='word_1_127' title='bbox 1491 1750 1506 1776; x_wconf 91' lang='lat'><strong>,</strong></span> <span class='ocrx_word' id='word_1_128' title='bbox 1535 1707 1704 1763; x_wconf 88' lang='lat' dir='ltr'><strong>hostia</strong></span> <span class='ocrx_word' id='word_1_129' title='bbox 1732 1706 1994 1760; x_wconf 87' lang='lat' dir='ltr'><strong>immacu-</strong></span> 
     </span>
    </p>
   </div>
   <div class='ocr_carea' id='block_1_17' title="bbox 417 1795 1996 1880">
    <p class='ocr_par' dir='ltr' id='par_1_17' title="bbox 417 1795 1996 1880">
     <span class='ocr_line' id='line_1_17' title="bbox 417 1795 1996 1880; baseline -0.013 -12"><span class='ocrx_word' id='word_1_130' title='bbox 417 1815 552 1869; x_wconf 85' lang='lat' dir='ltr'><strong>lata!</strong></span> <span class='ocrx_word' id='word_1_131' title='bbox 578 1812 692 1866; x_wconf 91' lang='lat' dir='ltr'><strong>Non</strong></span> <span class='ocrx_word' id='word_1_132' title='bbox 718 1826 845 1880; x_wconf 85' lang='lat' dir='ltr'><strong>ergo</strong></span> <span class='ocrx_word' id='word_1_133' title='bbox 868 1809 968 1864; x_wconf 91' lang='lat' dir='ltr'><strong>hoc</strong></span> <span class='ocrx_word' id='word_1_134' title='bbox 988 1807 1179 1862; x_wconf 87' lang='lat' dir='ltr'><strong>obtulit</strong></span> <span class='ocrx_word' id='word_1_135' title='bbox 1197 1802 1340 1875; x_wconf 92' lang='lat' dir='ltr'><strong>quod</strong></span> <span class='ocrx_word' id='word_1_136' title='bbox 1367 1817 1465 1857; x_wconf 91' lang='lat' dir='ltr'><strong>nos</strong></span> <span class='ocrx_word' id='word_1_137' title='bbox 1491 1799 1565 1854; x_wconf 90' lang='lat' dir='ltr'><strong>illi</strong></span> <span class='ocrx_word' id='word_1_138' title='bbox 1591 1796 1866 1854; x_wconf 83' lang='lat' dir='ltr'><strong>dedimus:</strong></span> <span class='ocrx_word' id='word_1_139' title='bbox 1887 1795 1996 1848; x_wconf 91' lang='lat' dir='ltr'><strong>imo</strong></span> 
     </span>
    </p>
   </div>
   <div class='ocr_carea' id='block_1_18' title="bbox 419 1884 1992 1971">
    <p class='ocr_par' dir='ltr' id='par_1_18' title="bbox 419 1884 1992 1971">
     <span class='ocr_line' id='line_1_18' title="bbox 419 1884 1992 1971; baseline -0.013 -12"><span class='ocrx_word' id='word_1_140' title='bbox 419 1904 522 1959; x_wconf 90' lang='lat' dir='ltr'><strong>hoc</strong></span> <span class='ocrx_word' id='word_1_141' title='bbox 552 1902 744 1958; x_wconf 88' lang='lat' dir='ltr'><strong>obtulit</strong></span> <span class='ocrx_word' id='word_1_142' title='bbox 766 1900 905 1971; x_wconf 90' lang='lat' dir='ltr'><strong>quod</strong></span> <span class='ocrx_word' id='word_1_143' title='bbox 936 1915 964 1952; x_wconf 91' lang='lat' dir='ltr'><strong>a</strong></span> <span class='ocrx_word' id='word_1_144' title='bbox 991 1898 1143 1953; x_wconf 90' lang='lat' dir='ltr'><strong>nobis</strong></span> <span class='ocrx_word' id='word_1_145' title='bbox 1168 1894 1390 1963; x_wconf 89' lang='lat' dir='ltr'><strong>accepit,</strong></span> <span class='ocrx_word' id='word_1_146' title='bbox 1419 1901 1475 1948; x_wconf 88' lang='lat' dir='ltr'><strong>et</strong></span> <span class='ocrx_word' id='word_1_147' title='bbox 1495 1889 1752 1946; x_wconf 91' lang='lat' dir='ltr'><strong>mundum</strong></span> <span class='ocrx_word' id='word_1_148' title='bbox 1780 1884 1992 1941; x_wconf 85' lang='lat' dir='ltr'><strong>obtulit.</strong></span> 
     </span>
    </p>
   </div>
   <div class='ocr_carea' id='block_1_19' title="bbox 418 1976 1997 2057">
    <p class='ocr_par' dir='ltr' id='par_1_19' title="bbox 418 1976 1997 2057">
     <span class='ocr_line' id='line_1_19' title="bbox 418 1976 1997 2057; baseline -0.013 -7"><span class='ocrx_word' id='word_1_149' title='bbox 418 1994 645 2050; x_wconf 86' lang='lat' dir='ltr'><strong>Carnem</strong></span> <span class='ocrx_word' id='word_1_150' title='bbox 672 1993 811 2048; x_wconf 92' lang='lat' dir='ltr'><strong>enim</strong></span> <span class='ocrx_word' id='word_1_151' title='bbox 837 2007 867 2045; x_wconf 90' lang='lat' dir='ltr'><strong>a</strong></span> <span class='ocrx_word' id='word_1_152' title='bbox 891 1990 1047 2045; x_wconf 88' lang='lat' dir='ltr'><strong>nobis</strong></span> <span class='ocrx_word' id='word_1_153' title='bbox 1067 1988 1292 2057; x_wconf 90' lang='lat' dir='ltr'><strong>accepit,</strong></span> <span class='ocrx_word' id='word_1_154' title='bbox 1322 1985 1458 2040; x_wconf 86' lang='lat' dir='ltr'><strong>hanc</strong></span> <span class='ocrx_word' id='word_1_155' title='bbox 1480 1982 1689 2038; x_wconf 90' lang='lat' dir='ltr'><strong>obtulit.</strong></span> <span class='ocrx_word' id='word_1_156' title='bbox 1721 1979 1827 2036; x_wconf 90' lang='lat' dir='ltr'><strong>Sed</strong></span> <span class='ocrx_word' id='word_1_157' title='bbox 1854 1976 1997 2033; x_wconf 91' lang='lat' dir='ltr'><strong>unde</strong></span> 
     </span>
    </p>
   </div>
   <div class='ocr_carea' id='block_1_20' title="bbox 420 2070 1993 2153">
    <p class='ocr_par' dir='ltr' id='par_1_20' title="bbox 420 2070 1993 2153">
     <span class='ocr_line' id='line_1_20' title="bbox 420 2070 1993 2153; baseline -0.009 -14"><span class='ocrx_word' id='word_1_158' title='bbox 420 2085 562 2139; x_wconf 90' lang='lat' dir='ltr'><strong>illam</strong></span> <span class='ocrx_word' id='word_1_159' title='bbox 598 2082 836 2153; x_wconf 90' lang='lat' dir='ltr'><strong>accepit?</strong></span> <span class='ocrx_word' id='word_1_160' title='bbox 872 2082 944 2136; x_wconf 87' lang='lat' dir='ltr'><strong>De</strong></span> <span class='ocrx_word' id='word_1_161' title='bbox 980 2089 1129 2134; x_wconf 87' lang='lat' dir='ltr'><strong>utero</strong></span> <span class='ocrx_word' id='word_1_162' title='bbox 1155 2077 1373 2147; x_wconf 77' lang='lat' dir='ltr'><strong>virginis</strong></span> <span class='ocrx_word' id='word_1_163' title='bbox 1411 2075 1591 2130; x_wconf 79' lang='lat' dir='ltr'><strong>Mariae</strong></span> <span class='ocrx_word' id='word_1_164' title='bbox 1612 2114 1627 2137; x_wconf 84' lang='lat'><strong>,</strong></span> <span class='ocrx_word' id='word_1_165' title='bbox 1657 2081 1717 2127; x_wconf 90' lang='lat' dir='ltr'><strong>ut</strong></span> <span class='ocrx_word' id='word_1_166' title='bbox 1740 2070 1993 2126; x_wconf 88' lang='lat' dir='ltr'><strong>mundam</strong></span> 
     </span>
    </p>
   </div>
   <div class='ocr_carea' id='block_1_21' title="bbox 418 2163 1996 2244">
    <p class='ocr_par' dir='ltr' id='par_1_21' title="bbox 418 2163 1996 2244">
     <span class='ocr_line' id='line_1_21' title="bbox 418 2163 1996 2244; baseline -0.009 -13"><span class='ocrx_word' id='word_1_167' title='bbox 418 2175 634 2231; x_wconf 81' lang='lat' dir='ltr'><strong>oll‘erret</strong></span> <span class='ocrx_word' id='word_1_168' title='bbox 661 2190 754 2244; x_wconf 90' lang='lat' dir='ltr'><strong>pro</strong></span> <span class='ocrx_word' id='word_1_169' title='bbox 779 2172 1084 2228; x_wconf 88' lang='lat' dir='ltr'><strong>immundis.</strong></span> <span class='ocrx_word' id='word_1_170' title='bbox 1130 2171 1248 2241; x_wconf 85' lang='lat' dir='ltr'><strong>ipse</strong></span> <span class='ocrx_word' id='word_1_171' title='bbox 1279 2170 1390 2224; x_wconf 81' lang='lat' dir='ltr'><strong>Rex</strong></span> <span class='ocrx_word' id='word_1_172' title='bbox 1415 2209 1431 2235; x_wconf 96' lang='lat'><strong>,</strong></span> <span class='ocrx_word' id='word_1_173' title='bbox 1462 2168 1573 2237; x_wconf 84' lang='lat' dir='ltr'><strong>ipse</strong></span> <span class='ocrx_word' id='word_1_174' title='bbox 1603 2163 1897 2230; x_wconf 83' lang='lat' dir='ltr'><strong>Sacerdos;</strong></span> <span class='ocrx_word' id='word_1_175' title='bbox 1942 2163 1996 2217; x_wconf 89' lang='lat' dir='ltr'><strong>in</strong></span> 
     </span>
    </p>
   </div>
   <div class='ocr_carea' id='block_1_22' title="bbox 418 2267 1859 2322">
    <p class='ocr_par' dir='ltr' id='par_1_22' title="bbox 418 2267 1859 2322">
     <span class='ocr_line' id='line_1_22' title="bbox 418 2267 1859 2322; baseline 0.002 0"><span class='ocrx_word' id='word_1_176' title='bbox 418 2282 483 2322; x_wconf 89' lang='lat' dir='ltr'><strong>eo</strong></span> <span class='ocrx_word' id='word_1_177' title='bbox 508 2267 768 2321; x_wconf 72' lang='lat' dir='ltr'><strong>ltetcmur.</strong></span> <span class='ocrx_word' id='word_1_178' title='bbox 1848 2268 1859 2281; x_wconf 88' lang='grc'><strong>’</strong></span> 
     </span>
    </p>
   </div>
   <div class='ocr_carea' id='block_1_23' title="bbox 490 2349 1996 2429">
    <p class='ocr_par' dir='ltr' id='par_1_23' title="bbox 490 2349 1996 2429">
     <span class='ocr_line' id='line_1_23' title="bbox 490 2349 1996 2429; baseline -0.009 -15"><span class='ocrx_word' id='word_1_179' title='bbox 490 2361 543 2414; x_wconf 82' lang='grc' dir='ltr'><strong>Ἰ.</strong></span> <span class='ocrx_word' id='word_1_180' title='bbox 576 2357 722 2429; x_wconf 80' lang='lat' dir='ltr'><strong>(vers.</strong></span> <span class='ocrx_word' id='word_1_181' title='bbox 754 2355 833 2428; x_wconf 76' lang='lat'><strong>5.]</strong></span> <span class='ocrx_word' id='word_1_182' title='bbox 865 2356 1098 2409; x_wconf 82' lang='lat' dir='ltr'><strong>Laudent</strong></span> <span class='ocrx_word' id='word_1_183' title='bbox 1136 2368 1318 2408; x_wconf 85' lang='lat' dir='ltr'><strong>nomen</strong></span> <span class='ocrx_word' id='word_1_184' title='bbox 1347 2353 1455 2422; x_wconf 83' lang='lat' dir='ltr'><strong>ejus</strong></span> <span class='ocrx_word' id='word_1_185' title='bbox 1479 2353 1532 2406; x_wconf 89' lang='lat' dir='ltr'><strong>in</strong></span> <span class='ocrx_word' id='word_1_186' title='bbox 1559 2351 1733 2405; x_wconf 85' lang='lat' dir='ltr'><strong>choro.</strong></span> <span class='ocrx_word' id='word_1_187' title='bbox 1767 2351 1834 2404; x_wconf 84' lang='lat' dir='ltr'><strong>Et</strong></span> <span class='ocrx_word' id='word_1_188' title='bbox 1862 2349 1996 2405; x_wconf 79' lang='lat' dir='ltr'><strong>cho—</strong></span> 
     </span>
    </p>
   </div>
   <div class='ocr_carea' id='block_1_24' title="bbox 420 2438 1996 2517">
    <p class='ocr_par' dir='ltr' id='par_1_24' title="bbox 420 2438 1996 2517">
     <span class='ocr_line' id='line_1_24' title="bbox 420 2438 1996 2517; baseline -0.008 -15"><span class='ocrx_word' id='word_1_189' title='bbox 420 2464 513 2503; x_wconf 89' lang='lat' dir='ltr'><strong>rus</strong></span> <span class='ocrx_word' id='word_1_190' title='bbox 538 2447 662 2517; x_wconf 89' lang='lat' dir='ltr'><strong>quid</strong></span> <span class='ocrx_word' id='word_1_191' title='bbox 689 2445 992 2515; x_wconf 81' lang='lat' dir='ltr'><strong>signiﬁcat?</strong></span> <span class='ocrx_word' id='word_1_192' title='bbox 1019 2444 1163 2498; x_wconf 81' lang='lat' dir='ltr'><strong>Multi</strong></span> <span class='ocrx_word' id='word_1_193' title='bbox 1204 2450 1468 2498; x_wconf 85' lang='lat' dir='ltr'><strong>noverunt</strong></span> <span class='ocrx_word' id='word_1_194' title='bbox 1508 2441 1761 2501; x_wconf 85' lang='lat' dir='ltr'><strong>chorum;</strong></span> <span class='ocrx_word' id='word_1_195' title='bbox 1794 2449 1847 2493; x_wconf 88' lang='lat' dir='ltr'><strong>et</strong></span> <span class='ocrx_word' id='word_1_196' title='bbox 1876 2438 1996 2508; x_wconf 89' lang='lat' dir='ltr'><strong>quia</strong></span> 
     </span>
    </p>
   </div>
   <div class='ocr_carea' id='block_1_25' title="bbox 422 2529 1999 2621">
    <p class='ocr_par' dir='ltr' id='par_1_25' title="bbox 422 2529 1999 2621">
     <span class='ocr_line' id='line_1_25' title="bbox 422 2529 1999 2621; baseline -0.008 -28"><span class='ocrx_word' id='word_1_197' title='bbox 422 2538 478 2593; x_wconf 90' lang='lat' dir='ltr'><strong>in</strong></span> <span class='ocrx_word' id='word_1_198' title='bbox 500 2538 709 2593; x_wconf 79' lang='lat' dir='ltr'><strong>civitate</strong></span> <span class='ocrx_word' id='word_1_199' title='bbox 732 2535 1020 2621; x_wconf 71' lang='lat' dir='ltr'><strong>loquimur,</strong></span> <span class='ocrx_word' id='word_1_200' title='bbox 1052 2550 1218 2605; x_wconf 87' lang='lat' dir='ltr'><strong>prope</strong></span> <span class='ocrx_word' id='word_1_201' title='bbox 1243 2548 1431 2588; x_wconf 91' lang='lat' dir='ltr'><strong>omnes</strong></span> <span class='ocrx_word' id='word_1_202' title='bbox 1454 2541 1665 2586; x_wconf 90' lang='lat' dir='ltr'><strong>norunt.</strong></span> <span class='ocrx_word' id='word_1_203' title='bbox 1689 2529 1896 2584; x_wconf 87' lang='lat' dir='ltr'><strong>Chorus</strong></span> <span class='ocrx_word' id='word_1_204' title='bbox 1918 2539 1999 2583; x_wconf 89' lang='lat' dir='ltr'><strong>est</strong></span> 
     </span>
    </p>
   </div>
   <div class='ocr_carea' id='block_1_26' title="bbox 422 2625 2001 2687">
    <p class='ocr_par' dir='ltr' id='par_1_26' title="bbox 422 2625 2001 2687">
     <span class='ocr_line' id='line_1_26' title="bbox 422 2625 2001 2687; baseline -0.008 -2"><span class='ocrx_word' id='word_1_205' title='bbox 422 2629 707 2685; x_wconf 84' lang='lat' dir='ltr'><strong>consensio</strong></span> <span class='ocrx_word' id='word_1_206' title='bbox 733 2626 1079 2682; x_wconf 84' lang='lat' dir='ltr'><strong>cantantium.</strong></span> <span class='ocrx_word' id='word_1_207' title='bbox 1108 2625 1163 2681; x_wconf 90' lang='lat' dir='ltr'><strong>Si</strong></span> <span class='ocrx_word' id='word_1_208' title='bbox 1186 2626 1237 2679; x_wconf 93' lang='lat' dir='ltr'><strong>in</strong></span> <span class='ocrx_word' id='word_1_209' title='bbox 1263 2625 1429 2679; x_wconf 90' lang='lat' dir='ltr'><strong>choro</strong></span> <span class='ocrx_word' id='word_1_210' title='bbox 1458 2632 1753 2687; x_wconf 78' lang='lat' dir='ltr'><strong>cantamus,</strong></span> <span class='ocrx_word' id='word_1_211' title='bbox 1778 2636 2001 2675; x_wconf 74' lang='lat' dir='ltr'><strong>concor—</strong></span> 
     </span>
    </p>
   </div>
   <div class='ocr_carea' id='block_1_27' title="bbox 425 2710 2000 2783">
    <p class='ocr_par' dir='ltr' id='par_1_27' title="bbox 425 2710 2000 2783">
     <span class='ocr_line' id='line_1_27' title="bbox 425 2710 2000 2783; baseline -0.01 -9"><span class='ocrx_word' id='word_1_212' title='bbox 425 2719 564 2774; x_wconf 89' lang='lat' dir='ltr'><strong>diter</strong></span> <span class='ocrx_word' id='word_1_213' title='bbox 580 2727 869 2773; x_wconf 87' lang='lat' dir='ltr'><strong>cantemus.</strong></span> <span class='ocrx_word' id='word_1_214' title='bbox 894 2716 946 2769; x_wconf 92' lang='lat' dir='ltr'><strong>ln</strong></span> <span class='ocrx_word' id='word_1_215' title='bbox 965 2715 1129 2770; x_wconf 90' lang='lat' dir='ltr'><strong>choro</strong></span> <span class='ocrx_word' id='word_1_216' title='bbox 1149 2715 1471 2770; x_wconf 92' lang='lat' dir='ltr'><strong>cantantium</strong></span> <span class='ocrx_word' id='word_1_217' title='bbox 1489 2712 1726 2783; x_wconf 81' lang='lat' dir='ltr'><strong>quisquis</strong></span> <span class='ocrx_word' id='word_1_218' title='bbox 1741 2726 1869 2766; x_wconf 86' lang='lat' dir='ltr'><strong>voce</strong></span> <span class='ocrx_word' id='word_1_219' title='bbox 1885 2710 2000 2763; x_wconf 81' lang='lat' dir='ltr'><strong>dis-</strong></span> 
     </span>
    </p>
   </div>
   <div class='ocr_carea' id='block_1_28' title="bbox 390 2801 1997 2879">
    <p class='ocr_par' dir='ltr' id='par_1_28' title="bbox 390 2801 1997 2879">
     <span class='ocr_line' id='line_1_28' title="bbox 390 2801 1997 2879; baseline -0.006 -15"><span class='ocrx_word' id='word_1_220' title='bbox 390 2806 404 2816; x_wconf 85' lang='grc'><strong><em>“</em></strong></span> <span class='ocrx_word' id='word_1_221' title='bbox 423 2809 710 2879; x_wconf 87' lang='lat' dir='ltr'><strong>crepuerit,</strong></span> <span class='ocrx_word' id='word_1_222' title='bbox 737 2807 957 2862; x_wconf 86' lang='lat' dir='ltr'><strong>oll&#39;endit</strong></span> <span class='ocrx_word' id='word_1_223' title='bbox 985 2806 1221 2861; x_wconf 90' lang='lat' dir='ltr'><strong>auditum</strong></span> <span class='ocrx_word' id='word_1_224' title='bbox 1244 2846 1258 2869; x_wconf 90' lang='lat'><strong>,</strong></span> <span class='ocrx_word' id='word_1_225' title='bbox 1284 2804 1636 2874; x_wconf 81' lang='lat' dir='ltr'><strong>etperturhat</strong></span> <span class='ocrx_word' id='word_1_226' title='bbox 1662 2802 1904 2857; x_wconf 89' lang='lat' dir='ltr'><strong>chorum.</strong></span> <span class='ocrx_word' id='word_1_227' title='bbox 1943 2801 1997 2855; x_wconf 88' lang='lat' dir='ltr'><strong>Si</strong></span> 
     </span>
    </p>
   </div>
   <div class='ocr_carea' id='block_1_29' title="bbox 427 2895 1996 2957">
    <p class='ocr_par' dir='ltr' id='par_1_29' title="bbox 427 2895 1996 2957">
     <span class='ocr_line' id='line_1_29' title="bbox 427 2895 1996 2957; baseline -0.008 0"><span class='ocrx_word' id='word_1_228' title='bbox 427 2917 528 2957; x_wconf 82' lang='lat' dir='ltr'><strong>vox</strong></span> <span class='ocrx_word' id='word_1_229' title='bbox 578 2900 1014 2955; x_wconf 82' lang='lat' dir='ltr'><strong>inconvenienter</strong></span> <span class='ocrx_word' id='word_1_230' title='bbox 1053 2897 1318 2951; x_wconf 89' lang='lat' dir='ltr'><strong>cantantis</strong></span> <span class='ocrx_word' id='word_1_231' title='bbox 1364 2895 1629 2950; x_wconf 88' lang='lat' dir='ltr'><strong>disturbat</strong></span> <span class='ocrx_word' id='word_1_232' title='bbox 1678 2901 1996 2948; x_wconf 85' lang='lat' dir='ltr'><strong>concentum</strong></span> 
     </span>
    </p>
   </div>
   <div class='ocr_carea' id='block_1_30' title="bbox 425 2982 2003 3059">
    <p class='ocr_par' dir='ltr' id='par_1_30' title="bbox 425 2982 2003 3059">
     <span class='ocr_line' id='line_1_30' title="bbox 425 2982 2003 3059; baseline -0.009 -11"><span class='ocrx_word' id='word_1_233' title='bbox 425 2991 781 3056; x_wconf 83' lang='lat' dir='ltr'><strong>cantantium,</strong></span> <span class='ocrx_word' id='word_1_234' title='bbox 832 2988 1098 3059; x_wconf 89' lang='lat' dir='ltr'><strong>quomodo</strong></span> <span class='ocrx_word' id='word_1_235' title='bbox 1149 2986 1411 3041; x_wconf 84' lang='lat' dir='ltr'><strong>disturbat</strong></span> <span class='ocrx_word' id='word_1_236' title='bbox 1453 2984 1672 3039; x_wconf 75' lang='lat' dir='ltr'><strong>lia-resis</strong></span> <span class='ocrx_word' id='word_1_237' title='bbox 1722 2982 2003 3037; x_wconf 89' lang='lat' dir='ltr'><strong>dissonans</strong></span> 
     </span>
    </p>
   </div>
   <div class='ocr_carea' id='block_1_31' title="bbox 426 3075 2005 3146">
    <p class='ocr_par' dir='ltr' id='par_1_31' title="bbox 426 3075 2005 3146">
     <span class='ocr_line' id='line_1_31' title="bbox 426 3075 2005 3146; baseline -0.006 -7"><span class='ocrx_word' id='word_1_238' title='bbox 426 3091 741 3140; x_wconf 86' lang='lat' dir='ltr'><strong>concentum</strong></span> <span class='ocrx_word' id='word_1_239' title='bbox 796 3078 1166 3136; x_wconf 82' lang='lat' dir='ltr'><strong>laudantium?</strong></span> <span class='ocrx_word' id='word_1_240' title='bbox 1211 3078 1419 3134; x_wconf 86' lang='lat' dir='ltr'><strong>Chorus</strong></span> <span class='ocrx_word' id='word_1_241' title='bbox 1459 3076 1657 3132; x_wconf 89' lang='lat' dir='ltr'><strong>Christi</strong></span> <span class='ocrx_word' id='word_1_242' title='bbox 1696 3075 1807 3146; x_wconf 86' lang='lat' dir='ltr'><strong>jam</strong></span> <span class='ocrx_word' id='word_1_243' title='bbox 1864 3084 2005 3129; x_wconf 89' lang='lat' dir='ltr'><strong>totus</strong></span> 
     </span>
    </p>
   </div>
   <div class='ocr_carea' id='block_1_32' title="bbox 427 3167 2002 3230">
    <p class='ocr_par' dir='ltr' id='par_1_32' title="bbox 427 3167 2002 3230">
     <span class='ocr_line' id='line_1_32' title="bbox 427 3167 2002 3230; baseline -0.006 -1"><span class='ocrx_word' id='word_1_244' title='bbox 427 3172 656 3230; x_wconf 87' lang='lat' dir='ltr'><strong>mundus</strong></span> <span class='ocrx_word' id='word_1_245' title='bbox 681 3180 781 3228; x_wconf 90' lang='lat' dir='ltr'><strong>est.</strong></span> <span class='ocrx_word' id='word_1_246' title='bbox 813 3171 1024 3227; x_wconf 86' lang='lat' dir='ltr'><strong>Chorus</strong></span> <span class='ocrx_word' id='word_1_247' title='bbox 1051 3168 1247 3225; x_wconf 81' lang='lat' dir='ltr'><strong>Christi</strong></span> <span class='ocrx_word' id='word_1_248' title='bbox 1275 3168 1344 3223; x_wconf 89' lang='lat' dir='ltr'><strong>ab</strong></span> <span class='ocrx_word' id='word_1_249' title='bbox 1363 3168 1569 3223; x_wconf 85' lang='lat' dir='ltr'><strong>oriente</strong></span> <span class='ocrx_word' id='word_1_250' title='bbox 1597 3168 1649 3222; x_wconf 90' lang='lat' dir='ltr'><strong>in</strong></span> <span class='ocrx_word' id='word_1_251' title='bbox 1669 3167 2002 3223; x_wconf 90' lang='lat' dir='ltr'><strong>occidentem</strong></span> 
     </span>
    </p>
   </div>
   <div class='ocr_carea' id='block_1_33' title="bbox 426 3256 2005 3320">
    <p class='ocr_par' dir='ltr' id='par_1_33' title="bbox 426 3256 2005 3320">
     <span class='ocr_line' id='line_1_33' title="bbox 426 3256 2005 3320; baseline -0.004 0"><span class='ocrx_word' id='word_1_252' title='bbox 426 3273 688 3320; x_wconf 72' lang='lat' dir='ltr'><strong>consonat</strong></span> <span class='ocrx_word' id='word_1_253' title='bbox 715 3265 757 3317; x_wconf 78' lang='grc'><strong>⁸.</strong></span> <span class='ocrx_word' id='word_1_254' title='bbox 799 3261 1088 3317; x_wconf 80' lang='lat' dir='ltr'><strong>Videamus</strong></span> <span class='ocrx_word' id='word_1_255' title='bbox 1128 3261 1172 3316; x_wconf 88' lang='lat' dir='ltr'><strong>si</strong></span> <span class='ocrx_word' id='word_1_256' title='bbox 1219 3268 1420 3315; x_wconf 89' lang='lat' dir='ltr'><strong>tantum</strong></span> <span class='ocrx_word' id='word_1_257' title='bbox 1462 3258 1767 3314; x_wconf 82' lang='lat' dir='ltr'><strong>extenditur</strong></span> <span class='ocrx_word' id='word_1_258' title='bbox 1809 3256 2005 3313; x_wconf 85' lang='lat' dir='ltr'><strong>chorus</strong></span> 
     </span>
    </p>
   </div>
   <div class='ocr_carea' id='block_1_34' title="bbox 428 3349 2007 3424">
    <p class='ocr_par' dir='ltr' id='par_1_34' title="bbox 428 3349 2007 3424">
     <span class='ocr_line' id='line_1_34' title="bbox 428 3349 2007 3424; baseline -0.007 -12"><span class='ocrx_word' id='word_1_259' title='bbox 428 3354 646 3412; x_wconf 88' lang='lat' dir='ltr'><strong>Christi.</strong></span> <span class='ocrx_word' id='word_1_260' title='bbox 678 3353 817 3409; x_wconf 89' lang='lat' dir='ltr'><strong>Dicit</strong></span> <span class='ocrx_word' id='word_1_261' title='bbox 844 3353 1079 3424; x_wconf 86' lang='lat' dir='ltr'><strong>psalmus</strong></span> <span class='ocrx_word' id='word_1_262' title='bbox 1107 3350 1243 3406; x_wconf 87' lang='lat' dir='ltr'><strong>alius</strong></span> <span class='ocrx_word' id='word_1_263' title='bbox 1266 3368 1281 3406; x_wconf 88' lang='lat'><strong>:</strong></span> <span class='ocrx_word' id='word_1_264' title='bbox 1302 3351 1342 3404; x_wconf 83' lang='lat' dir='ltr'><strong><em>A</em></strong></span> <span class='ocrx_word' id='word_1_265' title='bbox 1367 3349 1491 3404; x_wconf 88' lang='lat' dir='ltr'><strong>solis</strong></span> <span class='ocrx_word' id='word_1_266' title='bbox 1514 3361 1626 3404; x_wconf 91' lang='lat' dir='ltr'><strong>ortu</strong></span> <span class='ocrx_word' id='word_1_267' title='bbox 1652 3366 1809 3420; x_wconf 82' lang='lat' dir='ltr'><strong>usque</strong></span> <span class='ocrx_word' id='word_1_268' title='bbox 1834 3349 1903 3401; x_wconf 87' lang='lat' dir='ltr'><strong>ad</strong></span> <span class='ocrx_word' id='word_1_269' title='bbox 1923 3365 2007 3402; x_wconf 78' lang='lat' dir='ltr'><strong>oc-</strong></span> 
     </span>
    </p>
   </div>
   <div class='ocr_carea' id='block_1_35' title="bbox 428 3437 2007 3519">
    <p class='ocr_par' dir='ltr' id='par_1_35' title="bbox 428 3437 2007 3519">
     <span class='ocr_line' id='line_1_35' title="bbox 428 3437 2007 3519; baseline -0.004 -20"><span class='ocrx_word' id='word_1_270' title='bbox 428 3461 601 3499; x_wconf 82' lang='lat' dir='ltr'><strong>casum</strong></span> <span class='ocrx_word' id='word_1_271' title='bbox 627 3442 833 3499; x_wconf 81' lang='lat' dir='ltr'><strong>laudate</strong></span> <span class='ocrx_word' id='word_1_272' title='bbox 861 3457 1043 3519; x_wconf 69' lang='lat' dir='ltr'><strong>nomen</strong></span> <span class='ocrx_word' id='word_1_273' title='bbox 1069 3439 1280 3496; x_wconf 88' lang='lat' dir='ltr'><strong>Domini</strong></span> <span class='ocrx_word' id='word_1_274' title='bbox 1311 3438 1481 3512; x_wconf 83' lang='lat' dir='ltr'><strong>(Psal.</strong></span> <span class='ocrx_word' id='word_1_275' title='bbox 1505 3454 1636 3504; x_wconf 83' lang='lat' dir='ltr'><strong>cxu,</strong></span> <span class='ocrx_word' id='word_1_276' title='bbox 1663 3439 1741 3510; x_wconf 77' lang='grc'><strong>5).</strong></span> <span class='ocrx_word' id='word_1_277' title='bbox 1773 3437 2007 3492; x_wconf 79' lang='lat' dir='ltr'><strong>Laudent</strong></span> 
     </span>
    </p>
   </div>
   <div class='ocr_carea' id='block_1_36' title="bbox 428 3533 1799 3605">
    <p class='ocr_par' dir='ltr' id='par_1_36' title="bbox 428 3533 1799 3605">
     <span class='ocr_line' id='line_1_36' title="bbox 428 3533 1799 3605; baseline -0.009 -15"><span class='ocrx_word' id='word_1_278' title='bbox 428 3552 609 3590; x_wconf 82' lang='lat' dir='ltr'><strong>nomen</strong></span> <span class='ocrx_word' id='word_1_279' title='bbox 633 3535 742 3605; x_wconf 73' lang='lat' dir='ltr'><strong>ejus</strong></span> <span class='ocrx_word' id='word_1_280' title='bbox 768 3533 822 3588; x_wconf 88' lang='lat' dir='ltr'><strong>in</strong></span> <span class='ocrx_word' id='word_1_281' title='bbox 845 3534 1019 3587; x_wconf 87' lang='lat' dir='ltr'><strong>choro.</strong></span> <span class='ocrx_word' id='word_1_282' title='bbox 1786 3590 1799 3601; x_wconf 17' lang='grc' dir='ltr'>κ</span> 
     </span>
    </p>
   </div>
   <div class='ocr_carea' id='block_1_37' title="bbox 503 3617 2006 3695">
    <p class='ocr_par' dir='ltr' id='par_1_37' title="bbox 503 3617 2006 3695">
     <span class='ocr_line' id='line_1_37' title="bbox 503 3617 2006 3695; baseline -0.007 -14"><span class='ocrx_word' id='word_1_283' title='bbox 503 3625 557 3681; x_wconf 89' lang='lat'><strong>8.</strong></span> <span class='ocrx_word' id='word_1_284' title='bbox 598 3624 664 3679; x_wconf 85' lang='lat' dir='ltr'><strong>In</strong></span> <span class='ocrx_word' id='word_1_285' title='bbox 691 3633 931 3695; x_wconf 79' lang='lat' dir='ltr'><strong>tympano</strong></span> <span class='ocrx_word' id='word_1_286' title='bbox 953 3630 998 3676; x_wconf 88' lang='lat' dir='ltr'><strong>et</strong></span> <span class='ocrx_word' id='word_1_287' title='bbox 1033 3621 1270 3692; x_wconf 82' lang='lat' dir='ltr'><strong>psalterio</strong></span> <span class='ocrx_word' id='word_1_288' title='bbox 1306 3618 1529 3691; x_wconf 81' lang='lat' dir='ltr'><strong>psallunt</strong></span> <span class='ocrx_word' id='word_1_289' title='bbox 1552 3618 1616 3673; x_wconf 91' lang='lat' dir='ltr'><strong>ei.</strong></span> <span class='ocrx_word' id='word_1_290' title='bbox 1649 3617 1823 3684; x_wconf 87' lang='lat' dir='ltr'><strong>Quare</strong></span> <span class='ocrx_word' id='word_1_291' title='bbox 1853 3631 2006 3671; x_wconf 86' lang='lat' dir='ltr'><strong>assu-</strong></span> 
     </span>
    </p>
   </div>
   <div class='ocr_carea' id='block_1_38' title="bbox 434 3706 2009 3786">
    <p class='ocr_par' dir='ltr' id='par_1_38' title="bbox 434 3706 2009 3786">
     <span class='ocr_line' id='line_1_38' title="bbox 434 3706 2009 3786; baseline -0.007 -17"><span class='ocrx_word' id='word_1_292' title='bbox 434 3716 534 3770; x_wconf 88' lang='lat' dir='ltr'><strong>mit</strong></span> <span class='ocrx_word' id='word_1_293' title='bbox 562 3723 869 3786; x_wconf 86' lang='lat' dir='ltr'><strong>tympanum</strong></span> <span class='ocrx_word' id='word_1_294' title='bbox 899 3720 954 3766; x_wconf 88' lang='lat' dir='ltr'><strong>et</strong></span> <span class='ocrx_word' id='word_1_295' title='bbox 982 3708 1325 3781; x_wconf 82' lang='lat' dir='ltr'><strong>psalterium?</strong></span> <span class='ocrx_word' id='word_1_296' title='bbox 1374 3707 1441 3763; x_wconf 90' lang='lat' dir='ltr'><strong>Ut</strong></span> <span class='ocrx_word' id='word_1_297' title='bbox 1473 3722 1580 3761; x_wconf 90' lang='lat' dir='ltr'><strong>non</strong></span> <span class='ocrx_word' id='word_1_298' title='bbox 1615 3707 1728 3761; x_wconf 88' lang='lat' dir='ltr'><strong>sola</strong></span> <span class='ocrx_word' id='word_1_299' title='bbox 1762 3721 1865 3759; x_wconf 85' lang='lat' dir='ltr'><strong>vox</strong></span> <span class='ocrx_word' id='word_1_300' title='bbox 1893 3706 2009 3759; x_wconf 56' lang='lat' dir='ltr'><strong>lauo</strong></span> 
     </span>
    </p>
   </div>
   <div class='ocr_carea' id='block_1_39' title="bbox 435 3790 2014 3872">
    <p class='ocr_par' dir='ltr' id='par_1_39' title="bbox 435 3790 2014 3872">
     <span class='ocr_line' id='line_1_39' title="bbox 435 3790 2014 3872; baseline -0.006 -12"><span class='ocrx_word' id='word_1_301' title='bbox 435 3805 559 3869; x_wconf 90' lang='lat' dir='ltr'><strong>det,</strong></span> <span class='ocrx_word' id='word_1_302' title='bbox 592 3802 687 3858; x_wconf 86' lang='lat' dir='ltr'><strong>sed</strong></span> <span class='ocrx_word' id='word_1_303' title='bbox 726 3812 782 3857; x_wconf 88' lang='lat' dir='ltr'><strong>et</strong></span> <span class='ocrx_word' id='word_1_304' title='bbox 808 3790 990 3872; x_wconf 82' lang='lat' dir='ltr'><strong>opera.</strong></span> <span class='ocrx_word' id='word_1_305' title='bbox 1035 3797 1258 3866; x_wconf 83' lang='lat' dir='ltr'><strong>Quando</strong></span> <span class='ocrx_word' id='word_1_306' title='bbox 1287 3796 1575 3852; x_wconf 89' lang='lat' dir='ltr'><strong>assumitur</strong></span> <span class='ocrx_word' id='word_1_307' title='bbox 1610 3805 1918 3868; x_wconf 87' lang='lat' dir='ltr'><strong>tympanum</strong></span> <span class='ocrx_word' id='word_1_308' title='bbox 1958 3804 2014 3850; x_wconf 89' lang='lat' dir='ltr'><strong>et</strong></span> 
     </span>
    </p>
   </div>
   <div class='ocr_carea' id='block_1_40' title="bbox 436 3886 2015 3968">
    <p class='ocr_par' dir='ltr' id='par_1_40' title="bbox 436 3886 2015 3968">
     <span class='ocr_line' id='line_1_40' title="bbox 436 3886 2015 3968; baseline -0.008 -16"><span class='ocrx_word' id='word_1_309' title='bbox 436 3896 766 3968; x_wconf 88' lang='lat' dir='ltr'><strong>psalterium,</strong></span> <span class='ocrx_word' id='word_1_310' title='bbox 797 3907 985 3948; x_wconf 90' lang='lat' dir='ltr'><strong>manus</strong></span> <span class='ocrx_word' id='word_1_311' title='bbox 1011 3890 1297 3948; x_wconf 81' lang='lat' dir='ltr'><strong>concinnat</strong></span> <span class='ocrx_word' id='word_1_312' title='bbox 1325 3887 1464 3943; x_wconf 88' lang='lat' dir='ltr'><strong>voci.</strong></span> <span class='ocrx_word' id='word_1_313' title='bbox 1494 3887 1583 3943; x_wconf 88' lang='lat' dir='ltr'><strong>Sic</strong></span> <span class='ocrx_word' id='word_1_314' title='bbox 1607 3895 1660 3943; x_wconf 88' lang='lat' dir='ltr'><strong>et</strong></span> <span class='ocrx_word' id='word_1_315' title='bbox 1681 3896 1754 3952; x_wconf 91' lang='lat' dir='ltr'><strong>tu,</strong></span> <span class='ocrx_word' id='word_1_316' title='bbox 1780 3886 1824 3941; x_wconf 91' lang='lat' dir='ltr'><strong>si</strong></span> <span class='ocrx_word' id='word_1_317' title='bbox 1846 3901 2015 3957; x_wconf 89' lang='lat' dir='ltr'><strong>quan-</strong></span> 
     </span>
    </p>
   </div>
   <div class='ocr_carea' id='block_1_41' title="bbox 433 3977 2009 4052">
    <p class='ocr_par' dir='ltr' id='par_1_41' title="bbox 433 3977 2009 4052">
     <span class='ocr_line' id='line_1_41' title="bbox 433 3977 2009 4052; baseline -0.009 -9"><span class='ocrx_word' id='word_1_318' title='bbox 433 3987 505 4043; x_wconf 92' lang='lat' dir='ltr'><strong>do</strong></span> <span class='ocrx_word' id='word_1_319' title='bbox 533 3984 759 4042; x_wconf 80' lang='lat' dir='ltr'><strong>Allcluia</strong></span> <span class='ocrx_word' id='word_1_320' title='bbox 786 3992 994 4049; x_wconf 90' lang='lat' dir='ltr'><strong>cantas,</strong></span> <span class='ocrx_word' id='word_1_321' title='bbox 1023 3981 1265 4052; x_wconf 77' lang='lat' dir='ltr'><strong>porrigas</strong></span> <span class='ocrx_word' id='word_1_322' title='bbox 1290 3986 1347 4035; x_wconf 88' lang='lat' dir='ltr'><strong>et</strong></span> <span class='ocrx_word' id='word_1_323' title='bbox 1372 3994 1562 4049; x_wconf 87' lang='lat' dir='ltr'><strong>panem</strong></span> <span class='ocrx_word' id='word_1_324' title='bbox 1592 3977 1846 4034; x_wconf 85' lang='lat' dir='ltr'><strong>esurienti</strong></span> <span class='ocrx_word' id='word_1_325' title='bbox 1867 4018 1883 4043; x_wconf 95' lang='lat'><strong>,</strong></span> <span class='ocrx_word' id='word_1_326' title='bbox 1915 3992 2009 4031; x_wconf 83' lang='lat' dir='ltr'><strong>ve-</strong></span> 
     </span>
    </p>
   </div>
   <div class='ocr_carea' id='block_1_42' title="bbox 436 4069 2014 4144">
    <p class='ocr_par' dir='ltr' id='par_1_42' title="bbox 436 4069 2014 4144">
     <span class='ocr_line' id='line_1_42' title="bbox 436 4069 2014 4144; baseline -0.006 -11"><span class='ocrx_word' id='word_1_327' title='bbox 436 4078 566 4134; x_wconf 88' lang='lat' dir='ltr'><strong>stias</strong></span> <span class='ocrx_word' id='word_1_328' title='bbox 596 4076 818 4141; x_wconf 88' lang='lat' dir='ltr'><strong>nudum,</strong></span> <span class='ocrx_word' id='word_1_329' title='bbox 847 4072 1106 4144; x_wconf 85' lang='lat' dir='ltr'><strong>suscipias</strong></span> <span class='ocrx_word' id='word_1_330' title='bbox 1130 4072 1500 4142; x_wconf 83' lang='lat' dir='ltr'><strong>peregrinum;</strong></span> <span class='ocrx_word' id='word_1_331' title='bbox 1531 4085 1637 4124; x_wconf 89' lang='lat' dir='ltr'><strong>non</strong></span> <span class='ocrx_word' id='word_1_332' title='bbox 1664 4069 1775 4123; x_wconf 89' lang='lat' dir='ltr'><strong>sola</strong></span> <span class='ocrx_word' id='word_1_333' title='bbox 1802 4082 1902 4122; x_wconf 90' lang='lat' dir='ltr'><strong>vox</strong></span> <span class='ocrx_word' id='word_1_334' title='bbox 1927 4082 2014 4123; x_wconf 89' lang='lat' dir='ltr'><strong>so-</strong></span> 
     </span>
    </p>
   </div>
   <div class='ocr_carea' id='block_1_43' title="bbox 439 4158 2013 4235">
    <p class='ocr_par' dir='ltr' id='par_1_43' title="bbox 439 4158 2013 4235">
     <span class='ocr_line' id='line_1_43' title="bbox 439 4158 2013 4235; baseline -0.007 -12"><span class='ocrx_word' id='word_1_335' title='bbox 439 4178 564 4235; x_wconf 90' lang='lat' dir='ltr'><strong>nat,</strong></span> <span class='ocrx_word' id='word_1_336' title='bbox 588 4166 681 4223; x_wconf 86' lang='lat' dir='ltr'><strong>sed</strong></span> <span class='ocrx_word' id='word_1_337' title='bbox 722 4174 776 4221; x_wconf 88' lang='lat' dir='ltr'><strong>et</strong></span> <span class='ocrx_word' id='word_1_338' title='bbox 818 4179 1008 4219; x_wconf 86' lang='lat' dir='ltr'><strong>manus</strong></span> <span class='ocrx_word' id='word_1_339' title='bbox 1035 4171 1329 4229; x_wconf 89' lang='lat' dir='ltr'><strong>consonat,</strong></span> <span class='ocrx_word' id='word_1_340' title='bbox 1367 4161 1489 4231; x_wconf 90' lang='lat' dir='ltr'><strong>quia</strong></span> <span class='ocrx_word' id='word_1_341' title='bbox 1517 4159 1693 4215; x_wconf 85' lang='lat' dir='ltr'><strong>verbis</strong></span> <span class='ocrx_word' id='word_1_342' title='bbox 1723 4158 1858 4214; x_wconf 83' lang='lat' dir='ltr'><strong>facta</strong></span> <span class='ocrx_word' id='word_1_343' title='bbox 1882 4172 2013 4213; x_wconf 84' lang='lat' dir='ltr'><strong>con-</strong></span> 
     </span>
    </p>
   </div>
   <div class='ocr_carea' id='block_1_44' title="bbox 438 4250 2016 4324">
    <p class='ocr_par' dir='ltr' id='par_1_44' title="bbox 438 4250 2016 4324">
     <span class='ocr_line' id='line_1_44' title="bbox 438 4250 2016 4324; baseline -0.006 -11"><span class='ocrx_word' id='word_1_344' title='bbox 438 4257 681 4313; x_wconf 83' lang='lat' dir='ltr'><strong>cordant.</strong></span> <span class='ocrx_word' id='word_1_345' title='bbox 714 4254 1063 4324; x_wconf 83' lang='lat' dir='ltr'><strong>Assumpsisti</strong></span> <span class='ocrx_word' id='word_1_346' title='bbox 1091 4267 1348 4324; x_wconf 90' lang='lat' dir='ltr'><strong>organum</strong></span> <span class='ocrx_word' id='word_1_347' title='bbox 1371 4292 1386 4315; x_wconf 89' lang='lat'><strong>,</strong></span> <span class='ocrx_word' id='word_1_348' title='bbox 1418 4259 1473 4305; x_wconf 88' lang='lat' dir='ltr'><strong>et</strong></span> <span class='ocrx_word' id='word_1_349' title='bbox 1500 4250 1839 4307; x_wconf 88' lang='lat' dir='ltr'><strong>consentiunt</strong></span> <span class='ocrx_word' id='word_1_350' title='bbox 1867 4250 2016 4320; x_wconf 83' lang='lat' dir='ltr'><strong>digiti</strong></span> 
     </span>
    </p>
   </div>
   <div class='ocr_carea' id='block_1_45' title="bbox 439 4341 2016 4419">
    <p class='ocr_par' dir='ltr' id='par_1_45' title="bbox 439 4341 2016 4419">
     <span class='ocr_line' id='line_1_45' title="bbox 439 4341 2016 4419; baseline -0.004 -16"><span class='ocrx_word' id='word_1_351' title='bbox 439 4350 653 4419; x_wconf 59' lang='lat' dir='ltr'><strong>linguai.</strong></span> <span class='ocrx_word' id='word_1_352' title='bbox 681 4348 746 4401; x_wconf 84' lang='lat' dir='ltr'><strong>Et</strong></span> <span class='ocrx_word' id='word_1_353' title='bbox 772 4348 941 4418; x_wconf 89' lang='lat' dir='ltr'><strong>ipsum</strong></span> <span class='ocrx_word' id='word_1_354' title='bbox 966 4345 1276 4417; x_wconf 86' lang='lat' dir='ltr'><strong>mysterium</strong></span> <span class='ocrx_word' id='word_1_355' title='bbox 1305 4342 1542 4414; x_wconf 85' lang='lat' dir='ltr'><strong>tympani</strong></span> <span class='ocrx_word' id='word_1_356' title='bbox 1573 4352 1625 4397; x_wconf 91' lang='lat' dir='ltr'><strong>et</strong></span> <span class='ocrx_word' id='word_1_357' title='bbox 1657 4341 2016 4412; x_wconf 88' lang='lat' dir='ltr'><strong>psalterii&#39;non</strong></span> 
     </span>
    </p>
   </div>
   <div class='ocr_carea' id='block_1_46' title="bbox 441 4434 2018 4510">
    <p class='ocr_par' dir='ltr' id='par_1_46' title="bbox 441 4434 2018 4510">
     <span class='ocr_line' id='line_1_46' title="bbox 441 4434 2018 4510; baseline -0.004 -14"><span class='ocrx_word' id='word_1_358' title='bbox 441 4451 524 4496; x_wconf 88' lang='lat' dir='ltr'><strong>est</strong></span> <span class='ocrx_word' id='word_1_359' title='bbox 547 4441 845 4496; x_wconf 87' lang='lat' dir='ltr'><strong>tacendum.</strong></span> <span class='ocrx_word' id='word_1_360' title='bbox 875 4438 931 4493; x_wconf 94' lang='lat' dir='ltr'><strong>ln</strong></span> <span class='ocrx_word' id='word_1_361' title='bbox 959 4450 1209 4510; x_wconf 87' lang='lat' dir='ltr'><strong>tympano</strong></span> <span class='ocrx_word' id='word_1_362' title='bbox 1232 4437 1436 4491; x_wconf 81' lang='lat' dir='ltr'><strong>corium</strong></span> <span class='ocrx_word' id='word_1_363' title='bbox 1462 4435 1787 4502; x_wconf 82' lang='lat' dir='ltr'><strong>extenditur,</strong></span> <span class='ocrx_word' id='word_1_364' title='bbox 1809 4434 1860 4488; x_wconf 92' lang='lat' dir='ltr'><strong>in</strong></span> <span class='ocrx_word' id='word_1_365' title='bbox 1885 4435 2018 4504; x_wconf 86' lang='lat' dir='ltr'><strong>psal-</strong></span> 
     </span>
    </p>
   </div>
   <div class='ocr_carea' id='block_1_47' title="bbox 443 4529 2019 4598">
    <p class='ocr_par' dir='ltr' id='par_1_47' title="bbox 443 4529 2019 4598">
     <span class='ocr_line' id='line_1_47' title="bbox 443 4529 2019 4598; baseline -0.004 -10"><span class='ocrx_word' id='word_1_366' title='bbox 443 4535 577 4588; x_wconf 87' lang='lat' dir='ltr'><strong>terio</strong></span> <span class='ocrx_word' id='word_1_367' title='bbox 620 4533 839 4588; x_wconf 67' lang='lat' dir='ltr'><strong>chordm</strong></span> <span class='ocrx_word' id='word_1_368' title='bbox 883 4532 1279 4588; x_wconf 87' lang='lat' dir='ltr'><strong>extenduntur:</strong></span> <span class='ocrx_word' id='word_1_369' title='bbox 1308 4529 1360 4582; x_wconf 90' lang='lat' dir='ltr'><strong>in</strong></span> <span class='ocrx_word' id='word_1_370' title='bbox 1393 4539 1621 4598; x_wconf 90' lang='lat' dir='ltr'><strong>utroque</strong></span> <span class='ocrx_word' id='word_1_371' title='bbox 1650 4542 1851 4597; x_wconf 90' lang='lat' dir='ltr'><strong>organo</strong></span> <span class='ocrx_word' id='word_1_372' title='bbox 1892 4541 2019 4582; x_wconf 89' lang='lat' dir='ltr'><strong>caro</strong></span> 
     </span>
    </p>
   </div>
   <div class='ocr_carea' id='block_1_48' title="bbox 443 4617 2021 4694">
    <p class='ocr_par' dir='ltr' id='par_1_48' title="bbox 443 4617 2021 4694">
     <span class='ocr_line' id='line_1_48' title="bbox 443 4617 2021 4694; baseline -0.006 -14"><span class='ocrx_word' id='word_1_373' title='bbox 443 4624 786 4694; x_wconf 88' lang='lat' dir='ltr'><strong>cruciﬁgitur.</strong></span> <span class='ocrx_word' id='word_1_374' title='bbox 816 4623 984 4691; x_wconf 90' lang='lat' dir='ltr'><strong>Quam</strong></span> <span class='ocrx_word' id='word_1_375' title='bbox 1012 4623 1146 4677; x_wconf 90' lang='lat' dir='ltr'><strong>bene</strong></span> <span class='ocrx_word' id='word_1_376' title='bbox 1172 4618 1434 4690; x_wconf 85' lang='lat' dir='ltr'><strong>psallebat</strong></span> <span class='ocrx_word' id='word_1_377' title='bbox 1455 4619 1505 4671; x_wconf 91' lang='lat' dir='ltr'><strong>in</strong></span> <span class='ocrx_word' id='word_1_378' title='bbox 1531 4627 1784 4689; x_wconf 82' lang='lat' dir='ltr'><strong>tympano</strong></span> <span class='ocrx_word' id='word_1_379' title='bbox 1803 4625 1856 4673; x_wconf 92' lang='lat' dir='ltr'><strong>et</strong></span> <span class='ocrx_word' id='word_1_380' title='bbox 1878 4617 2021 4686; x_wconf 90' lang='lat' dir='ltr'><strong>psal-</strong></span> 
     </span>
    </p>
   </div>
   <div class='ocr_carea' id='block_1_49' title="bbox 447 4707 2021 4782">
    <p class='ocr_par' dir='ltr' id='par_1_49' title="bbox 447 4707 2021 4782">
     <span class='ocr_line' id='line_1_49' title="bbox 447 4707 2021 4782; baseline -0.006 -13"><span class='ocrx_word' id='word_1_381' title='bbox 447 4713 603 4776; x_wconf 87' lang='lat' dir='ltr'><strong>terio,</strong></span> <span class='ocrx_word' id='word_1_382' title='bbox 626 4713 714 4782; x_wconf 88' lang='lat' dir='ltr'><strong>qni</strong></span> <span class='ocrx_word' id='word_1_383' title='bbox 740 4710 947 4766; x_wconf 88' lang='lat' dir='ltr'><strong>dicebat</strong></span> <span class='ocrx_word' id='word_1_384' title='bbox 972 4727 986 4763; x_wconf 91' lang='lat'><strong>:</strong></span> <span class='ocrx_word' id='word_1_385' title='bbox 1021 4709 1152 4764; x_wconf 75' lang='lat' dir='ltr'><strong>Mihi</strong></span> <span class='ocrx_word' id='word_1_386' title='bbox 1177 4707 1397 4761; x_wconf 87' lang='lat' dir='ltr'><strong>mundus</strong></span> <span class='ocrx_word' id='word_1_387' title='bbox 1425 4707 1694 4775; x_wconf 75' lang='lat' dir='ltr'><strong>cruciﬁxus</strong></span> <span class='ocrx_word' id='word_1_388' title='bbox 1721 4715 1827 4772; x_wconf 84' lang='lat' dir='ltr'><strong>est,</strong></span> <span class='ocrx_word' id='word_1_389' title='bbox 1856 4715 1901 4760; x_wconf 84' lang='lat' dir='ltr'><strong>et</strong></span> <span class='ocrx_word' id='word_1_390' title='bbox 1930 4721 2021 4776; x_wconf 84' lang='lat' dir='ltr'><strong>ego</strong></span> 
     </span>
    </p>
   </div>
   <div class='ocr_carea' id='block_1_50' title="bbox 446 4799 2022 4873">
    <p class='ocr_par' dir='ltr' id='par_1_50' title="bbox 446 4799 2022 4873">
     <span class='ocr_line' id='line_1_50' title="bbox 446 4799 2022 4873; baseline -0.005 -13"><span class='ocrx_word' id='word_1_391' title='bbox 446 4805 638 4861; x_wconf 82' lang='lat' dir='ltr'><strong>mundo</strong></span> <span class='ocrx_word' id='word_1_392' title='bbox 665 4802 859 4872; x_wconf 81' lang='lat' dir='ltr'><strong>(Galat.</strong></span> <span class='ocrx_word' id='word_1_393' title='bbox 878 4819 953 4867; x_wconf 80' lang='lat' dir='ltr'><strong>vi,</strong></span> <span class='ocrx_word' id='word_1_394' title='bbox 978 4802 1114 4873; x_wconf 63' lang='lat' dir='ltr'><strong>li)!</strong></span> <span class='ocrx_word' id='word_1_395' title='bbox 1150 4801 1325 4871; x_wconf 86' lang='lat' dir='ltr'><strong>ipsum</strong></span> <span class='ocrx_word' id='word_1_396' title='bbox 1356 4799 1686 4869; x_wconf 87' lang='lat' dir='ltr'><strong>psalterium,</strong></span> <span class='ocrx_word' id='word_1_397' title='bbox 1711 4800 1858 4853; x_wconf 90' lang='lat' dir='ltr'><strong>velut</strong></span> <span class='ocrx_word' id='word_1_398' title='bbox 1887 4806 1932 4869; x_wconf 73' lang='lat' dir='ltr'><strong>ty</strong></span> <span class='ocrx_word' id='word_1_399' title='bbox 1945 4812 2022 4852; x_wconf 84' lang='lat' dir='ltr'><strong>m-</strong></span> 
     </span>
    </p>
   </div>
   <div class='ocr_carea' id='block_1_51' title="bbox 447 4891 2019 4969">
    <p class='ocr_par' dir='ltr' id='par_1_51' title="bbox 447 4891 2019 4969">
     <span class='ocr_line' id='line_1_51' title="bbox 447 4891 2019 4969; baseline -0.007 -16"><span class='ocrx_word' id='word_1_400' title='bbox 447 4914 641 4969; x_wconf 84' lang='lat' dir='ltr'><strong>pannm</strong></span> <span class='ocrx_word' id='word_1_401' title='bbox 669 4897 690 4929; x_wconf 86' lang='grc'>³</span> <span class='ocrx_word' id='word_1_402' title='bbox 720 4896 909 4951; x_wconf 81' lang='lat' dir='ltr'><strong>tollere</strong></span> <span class='ocrx_word' id='word_1_403' title='bbox 943 4904 993 4951; x_wconf 90' lang='lat' dir='ltr'><strong>te</strong></span> <span class='ocrx_word' id='word_1_404' title='bbox 1012 4895 1120 4949; x_wconf 89' lang='lat' dir='ltr'><strong>vult</strong></span> <span class='ocrx_word' id='word_1_405' title='bbox 1139 4935 1155 4956; x_wconf 83' lang='lat'><strong>.</strong></span> <span class='ocrx_word' id='word_1_406' title='bbox 1179 4893 1267 4963; x_wconf 90' lang='lat' dir='ltr'><strong>qui</strong></span> <span class='ocrx_word' id='word_1_407' title='bbox 1310 4899 1456 4947; x_wconf 91' lang='lat' dir='ltr'><strong>amat</strong></span> <span class='ocrx_word' id='word_1_408' title='bbox 1489 4891 1753 4946; x_wconf 85' lang='lat' dir='ltr'><strong>canticum</strong></span> <span class='ocrx_word' id='word_1_409' title='bbox 1786 4904 2019 4956; x_wconf 87' lang='lat' dir='ltr'><strong>novum,</strong></span> 
     </span>
    </p>
   </div>
   <div class='ocr_carea' id='block_1_52' title="bbox 448 4981 2021 5060">
    <p class='ocr_par' dir='ltr' id='par_1_52' title="bbox 448 4981 2021 5060">
     <span class='ocr_line' id='line_1_52' title="bbox 448 4981 2021 5060; baseline -0.008 -15"><span class='ocrx_word' id='word_1_410' title='bbox 448 4993 535 5060; x_wconf 89' lang='lat' dir='ltr'><strong>qui</strong></span> <span class='ocrx_word' id='word_1_411' title='bbox 570 5000 620 5045; x_wconf 87' lang='lat' dir='ltr'><strong>te</strong></span> <span class='ocrx_word' id='word_1_412' title='bbox 648 4989 805 5044; x_wconf 88' lang='lat' dir='ltr'><strong>docet</strong></span> <span class='ocrx_word' id='word_1_413' title='bbox 832 4986 1044 5059; x_wconf 87' lang='lat' dir='ltr'><strong>quando</strong></span> <span class='ocrx_word' id='word_1_414' title='bbox 1074 4985 1167 5041; x_wconf 85' lang='lat' dir='ltr'><strong>tibi</strong></span> <span class='ocrx_word' id='word_1_415' title='bbox 1196 4984 1325 5040; x_wconf 90' lang='lat' dir='ltr'><strong>dicit</strong></span> <span class='ocrx_word' id='word_1_416' title='bbox 1348 5001 1360 5036; x_wconf 87' lang='lat'>:</span> <span class='ocrx_word' id='word_1_417' title='bbox 1388 4982 1488 5048; x_wconf 84' lang='lat' dir='ltr'><strong>Qui</strong></span> <span class='ocrx_word' id='word_1_418' title='bbox 1512 4982 1617 5036; x_wconf 85' lang='lat' dir='ltr'><strong>vult</strong></span> <span class='ocrx_word' id='word_1_419' title='bbox 1643 4998 1746 5036; x_wconf 88' lang='lat' dir='ltr'><strong>esse</strong></span> <span class='ocrx_word' id='word_1_420' title='bbox 1772 4998 1909 5035; x_wconf 85' lang='lat' dir='ltr'><strong>meus</strong></span> <span class='ocrx_word' id='word_1_421' title='bbox 1933 4981 2021 5033; x_wconf 82' lang='lat' dir='ltr'><strong>di-</strong></span> 
     </span>
    </p>
   </div>
   <div class='ocr_carea' id='block_1_53' title="bbox 449 5074 2026 5150">
    <p class='ocr_par' dir='ltr' id='par_1_53' title="bbox 449 5074 2026 5150">
     <span class='ocr_line' id='line_1_53' title="bbox 449 5074 2026 5150; baseline -0.006 -15"><span class='ocrx_word' id='word_1_422' title='bbox 449 5081 693 5150; x_wconf 84' lang='lat' dir='ltr'><strong>scipulus,</strong></span> <span class='ocrx_word' id='word_1_423' title='bbox 720 5078 926 5150; x_wconf 75' lang='lat' dir='ltr'><strong>abneget</strong></span> <span class='ocrx_word' id='word_1_424' title='bbox 954 5078 1293 5144; x_wconf 73' lang='lat' dir='ltr'><strong>semetipsum,</strong></span> <span class='ocrx_word' id='word_1_425' title='bbox 1322 5082 1369 5128; x_wconf 81' lang='lat' dir='ltr'><strong>et</strong></span> <span class='ocrx_word' id='word_1_426' title='bbox 1395 5074 1537 5127; x_wconf 90' lang='lat' dir='ltr'><strong>tollat</strong></span> <span class='ocrx_word' id='word_1_427' title='bbox 1563 5088 1760 5127; x_wconf 82' lang='lat' dir='ltr'><strong>crucem</strong></span> <span class='ocrx_word' id='word_1_428' title='bbox 1785 5089 1951 5136; x_wconf 88' lang='lat' dir='ltr'><strong>suam,</strong></span> <span class='ocrx_word' id='word_1_429' title='bbox 1977 5079 2026 5125; x_wconf 84' lang='lat' dir='ltr'><strong>et</strong></span> 
     </span>
    </p>
   </div>
   <div class='ocr_carea' id='block_1_54' title="bbox 449 5163 2024 5243">
    <p class='ocr_par' dir='ltr' id='par_1_54' title="bbox 449 5163 2024 5243">
     <span class='ocr_line' id='line_1_54' title="bbox 449 5163 2024 5243; baseline -0.006 -17"><span class='ocrx_word' id='word_1_430' title='bbox 449 5182 684 5243; x_wconf 81' lang='lat' dir='ltr'><strong>srqunlur</strong></span> <span class='ocrx_word' id='word_1_431' title='bbox 710 5188 788 5225; x_wconf 90' lang='lat' dir='ltr'><strong>me</strong></span> <span class='ocrx_word' id='word_1_432' title='bbox 814 5169 1024 5242; x_wconf 78' lang='lat' dir='ltr'><strong>(Matth.</strong></span> <span class='ocrx_word' id='word_1_433' title='bbox 1047 5184 1159 5234; x_wconf 69' lang='lat' dir='ltr'><strong>xvn,</strong></span> <span class='ocrx_word' id='word_1_434' title='bbox 1185 5167 1297 5237; x_wconf 65' lang='grc'><strong>24).</strong></span> <span class='ocrx_word' id='word_1_435' title='bbox 1319 5166 1435 5220; x_wconf 86' lang='grc' dir='ltr'><strong>Νοη</strong></span> <span class='ocrx_word' id='word_1_436' title='bbox 1457 5165 1693 5220; x_wconf 77' lang='lat' dir='ltr'><strong>dimittat</strong></span> <span class='ocrx_word' id='word_1_437' title='bbox 1713 5163 2024 5233; x_wconf 86' lang='lat' dir='ltr'><strong>psalterium</strong></span> 
     </span>
    </p>
   </div>
   <div class='ocr_carea' id='block_1_55' title="bbox 451 5254 2025 5330">
    <p class='ocr_par' dir='ltr' id='par_1_55' title="bbox 451 5254 2025 5330">
     <span class='ocr_line' id='line_1_55' title="bbox 451 5254 2025 5330; baseline -0.007 -12"><span class='ocrx_word' id='word_1_438' title='bbox 451 5278 627 5325; x_wconf 82' lang='lat' dir='ltr'><strong>Sillim,</strong></span> <span class='ocrx_word' id='word_1_439' title='bbox 661 5278 762 5314; x_wconf 78' lang='lat' dir='ltr'><strong>non</strong></span> <span class='ocrx_word' id='word_1_440' title='bbox 794 5258 1024 5314; x_wconf 86' lang='lat' dir='ltr'><strong>dimittat</strong></span> <span class='ocrx_word' id='word_1_441' title='bbox 1049 5268 1355 5330; x_wconf 87' lang='lat' dir='ltr'><strong>tympanum</strong></span> <span class='ocrx_word' id='word_1_442' title='bbox 1381 5274 1396 5311; x_wconf 89' lang='lat'>:</span> <span class='ocrx_word' id='word_1_443' title='bbox 1418 5255 1735 5311; x_wconf 81' lang='lat' dir='ltr'><strong>extendatur</strong></span> <span class='ocrx_word' id='word_1_444' title='bbox 1766 5256 1817 5308; x_wconf 93' lang='lat' dir='ltr'><strong>in</strong></span> <span class='ocrx_word' id='word_1_445' title='bbox 1847 5254 2025 5324; x_wconf 85' lang='lat' dir='ltr'><strong>ligno,</strong></span> 
     </span>
    </p>
   </div>
   <div class='ocr_carea' id='block_1_56' title="bbox 451 5343 2028 5419">
    <p class='ocr_par' dir='ltr' id='par_1_56' title="bbox 451 5343 2028 5419">
     <span class='ocr_line' id='line_1_56' title="bbox 451 5343 2028 5419; baseline -0.005 -13"><span class='ocrx_word' id='word_1_446' title='bbox 451 5362 505 5406; x_wconf 91' lang='lat' dir='ltr'><strong>ct</strong></span> <span class='ocrx_word' id='word_1_447' title='bbox 534 5350 764 5407; x_wconf 87' lang='lat' dir='ltr'><strong>siccetur</strong></span> <span class='ocrx_word' id='word_1_448' title='bbox 787 5365 817 5405; x_wconf 90' lang='lat' dir='ltr'><strong>a</strong></span> <span class='ocrx_word' id='word_1_449' title='bbox 843 5348 1271 5419; x_wconf 87' lang='lat' dir='ltr'><strong>concupiscentia</strong></span> <span class='ocrx_word' id='word_1_450' title='bbox 1291 5347 1488 5401; x_wconf 90' lang='lat' dir='ltr'><strong>carnis.</strong></span> <span class='ocrx_word' id='word_1_451' title='bbox 1513 5345 1669 5399; x_wconf 86' lang='lat' dir='ltr'><strong>Nervi</strong></span> <span class='ocrx_word' id='word_1_452' title='bbox 1692 5354 1887 5415; x_wconf 83' lang='lat' dir='ltr'><strong>quanto</strong></span> <span class='ocrx_word' id='word_1_453' title='bbox 1908 5343 2028 5413; x_wconf 89' lang='lat' dir='ltr'><strong>plus</strong></span> 
     </span>
    </p>
   </div>
   <div class='ocr_carea' id='block_1_57' title="bbox 518 5501 2025 5564">
    <p class='ocr_par' dir='ltr' id='par_1_57' title="bbox 518 5501 2025 5564">
     <span class='ocr_line' id='line_1_57' title="bbox 518 5501 2025 5564; baseline -0.003 -9"><span class='ocrx_word' id='word_1_454' title='bbox 518 5508 533 5539; x_wconf 82' lang='grc'>¹</span> <span class='ocrx_word' id='word_1_455' title='bbox 561 5509 643 5557; x_wconf 79' lang='lat' dir='ltr'><strong>Hic</strong></span> <span class='ocrx_word' id='word_1_456' title='bbox 674 5508 724 5555; x_wconf 89' lang='lat' dir='ltr'><strong>in</strong></span> <span class='ocrx_word' id='word_1_457' title='bbox 745 5505 856 5556; x_wconf 77' lang='lat' dir='ltr'><strong>Edd.</strong></span> <span class='ocrx_word' id='word_1_458' title='bbox 891 5506 1078 5555; x_wconf 88' lang='lat' dir='ltr'><strong>additur</strong></span> <span class='ocrx_word' id='word_1_459' title='bbox 1099 5540 1116 5564; x_wconf 92' lang='lat'><strong>,</strong></span> <span class='ocrx_word' id='word_1_460' title='bbox 1151 5504 1354 5555; x_wconf 82' lang='lat' dir='ltr'><strong>hostiam</strong></span> <span class='ocrx_word' id='word_1_461' title='bbox 1386 5502 1773 5554; x_wconf 81' lang='lat' dir='ltr'><strong>immaculatum:</strong></span> <span class='ocrx_word' id='word_1_462' title='bbox 1804 5510 1856 5553; x_wconf 91' lang='lat' dir='ltr'><strong>et</strong></span> <span class='ocrx_word' id='word_1_463' title='bbox 1878 5501 2025 5563; x_wconf 86' lang='lat' dir='ltr'><strong>infra,</strong></span> 
     </span>
    </p>
   </div>
   <div class='ocr_carea' id='block_1_58' title="bbox 455 5563 2076 5633">
    <p class='ocr_par' dir='ltr' id='par_1_58' title="bbox 455 5563 2076 5633">
     <span class='ocr_line' id='line_1_58' title="bbox 455 5563 2076 5633; baseline -0.001 -16"><span class='ocrx_word' id='word_1_464' title='bbox 455 5575 582 5633; x_wconf 84' lang='lat' dir='ltr'><strong>post,</strong></span> <span class='ocrx_word' id='word_1_465' title='bbox 620 5580 730 5616; x_wconf 70' lang='lat' dir='ltr'><strong>arra</strong></span> <span class='ocrx_word' id='word_1_466' title='bbox 750 5567 958 5633; x_wconf 70' lang='lat' dir='ltr'><strong>rictima,</strong></span> <span class='ocrx_word' id='word_1_467' title='bbox 981 5563 1245 5633; x_wconf 82' lang='lat' dir='ltr'><strong>reperitur,</strong></span> <span class='ocrx_word' id='word_1_468' title='bbox 1270 5565 1450 5615; x_wconf 87' lang='lat' dir='ltr'><strong>munda</strong></span> <span class='ocrx_word' id='word_1_469' title='bbox 1491 5563 1713 5625; x_wconf 79' lang='lat' dir='ltr'><strong>victima;</strong></span> <span class='ocrx_word' id='word_1_470' title='bbox 1737 5577 1848 5626; x_wconf 68' lang='lat' dir='ltr'><strong>quae</strong></span> <span class='ocrx_word' id='word_1_471' title='bbox 1879 5566 2031 5615; x_wconf 86' lang='lat' dir='ltr'><strong>verba</strong></span> <span class='ocrx_word' id='word_1_472' title='bbox 2063 5578 2076 5594; x_wconf 87' lang='grc'><strong>·</strong></span> 
     </span>
    </p>
   </div>
   <div class='ocr_carea' id='block_1_59' title="bbox 454 5628 1190 5681">
    <p class='ocr_par' dir='ltr' id='par_1_59' title="bbox 454 5628 1190 5681">
     <span class='ocr_line' id='line_1_59' title="bbox 454 5628 1190 5681; baseline -0.008 0"><span class='ocrx_word' id='word_1_473' title='bbox 454 5628 564 5681; x_wconf 77' lang='lat' dir='ltr'><strong>itss.</strong></span> <span class='ocrx_word' id='word_1_474' title='bbox 587 5631 870 5679; x_wconf 83' lang='lat' dir='ltr'><strong>auctoritate</strong></span> <span class='ocrx_word' id='word_1_475' title='bbox 892 5628 1190 5678; x_wconf 75' lang='lat' dir='ltr'><strong>sustulimus.</strong></span> 
     </span>
    </p>
   </div>
   <div class='ocr_carea' id='block_1_60' title="bbox 521 5687 1506 5753">
    <p class='ocr_par' dir='ltr' id='par_1_60' title="bbox 521 5687 1506 5753">
     <span class='ocr_line' id='line_1_60' title="bbox 521 5687 1506 5753; baseline -0.001 -15"><span class='ocrx_word' id='word_1_476' title='bbox 521 5693 541 5720; x_wconf 88' lang='grc'>³</span> <span class='ocrx_word' id='word_1_477' title='bbox 575 5690 763 5753; x_wconf 77' lang='lat' dir='ltr'><strong>Aliquot</strong></span> <span class='ocrx_word' id='word_1_478' title='bbox 784 5697 910 5753; x_wconf 55' lang='grc' dir='ltr'><strong>ωδε,</strong></span> <span class='ocrx_word' id='word_1_479' title='bbox 935 5696 979 5739; x_wconf 86' lang='lat' dir='ltr'><strong>et</strong></span> <span class='ocrx_word' id='word_1_480' title='bbox 1001 5687 1243 5753; x_wconf 65' lang='lat' dir='ltr'><strong>occidente</strong></span> <span class='ocrx_word' id='word_1_481' title='bbox 1266 5694 1506 5753; x_wconf 78' lang='lat' dir='ltr'><strong>consonat.</strong></span> 
     </span>
    </p>
   </div>
   <div class='ocr_carea' id='block_1_61' title="bbox 521 5747 1912 5819">
    <p class='ocr_par' dir='ltr' id='par_1_61' title="bbox 521 5747 1912 5819">
     <span class='ocr_line' id='line_1_61' title="bbox 521 5747 1912 5819; baseline -0.001 -18"><span class='ocrx_word' id='word_1_482' title='bbox 521 5753 540 5787; x_wconf 71' lang='grc'><strong><em>³</em></strong></span> <span class='ocrx_word' id='word_1_483' title='bbox 566 5747 697 5815; x_wconf 70' lang='lat' dir='ltr'><strong>.‘ovI,</strong></span> <span class='ocrx_word' id='word_1_484' title='bbox 721 5751 791 5803; x_wconf 82' lang='lat' dir='ltr'><strong>vel</strong></span> <span class='ocrx_word' id='word_1_485' title='bbox 809 5747 1109 5819; x_wconf 82' lang='lat' dir='ltr'><strong>tympanum.</strong></span> <span class='ocrx_word' id='word_1_486' title='bbox 1131 5751 1533 5802; x_wconf 77' lang='lat' dir='ltr'><strong>dissentientibus</strong></span> <span class='ocrx_word' id='word_1_487' title='bbox 1545 5748 1737 5800; x_wconf 60' lang='lat' dir='ltr'><strong>caeteris</strong></span> <span class='ocrx_word' id='word_1_488' title='bbox 1758 5747 1912 5800; x_wconf 85' lang='lat' dir='ltr'><strong>libris.</strong></span> 
     </span>
    </p>
   </div>
   <div class='ocr_carea' id='block_1_62' title="bbox 1447 296 2578 369">
    <p class='ocr_par' dir='ltr' id='par_1_62' title="bbox 1447 296 2578 369">
     <span class='ocr_line' id='line_1_62' title="bbox 1447 296 2578 369; baseline -0.018 1"><span class='ocrx_word' id='word_1_489' title='bbox 1447 309 1843 369; x_wconf 75' lang='lat' dir='ltr'><strong>EN.\RR.\TIO</strong></span> <span class='ocrx_word' id='word_1_490' title='bbox 1886 296 1947 361; x_wconf 64' lang='grc' dir='ltr'><strong>ΙΝ</strong></span> <span class='ocrx_word' id='word_1_491' title='bbox 1989 300 2311 361; x_wconf 72' lang='lat' dir='ltr'><strong>PSALMUM</strong></span> <span class='ocrx_word' id='word_1_492' title='bbox 2347 298 2578 356; x_wconf 77' lang='lat' dir='ltr'><strong>CXLiX.</strong></span> 
     </span>
    </p>
   </div>
   <div class='ocr_carea' id='block_1_63' title="bbox 3530 301 3668 360">
    <p class='ocr_par' dir='ltr' id='par_1_63' title="bbox 3530 301 3668 360">
     <span class='ocr_line' id='line_1_63' title="bbox 3530 301 3668 360; baseline 0.014 -2"><span class='ocrx_word' id='word_1_493' title='bbox 3530 301 3668 360; x_wconf 69' lang='lat' dir='ltr'><strong>i954</strong></span> 
     </span>
    </p>
   </div>
   <div class='ocr_carea' id='block_1_64' title="bbox 2099 411 3672 487">
    <p class='ocr_par' dir='ltr' id='par_1_64' title="bbox 2099 411 3672 487">
     <span class='ocr_line' id='line_1_64' title="bbox 2099 411 3672 487; baseline 0.003 -17"><span class='ocrx_word' id='word_1_494' title='bbox 2099 415 2297 470; x_wconf 83' lang='lat' dir='ltr'><strong>fuerint</strong></span> <span class='ocrx_word' id='word_1_495' title='bbox 2325 413 2525 469; x_wconf 83' lang='lat' dir='ltr'><strong>extenti</strong></span> <span class='ocrx_word' id='word_1_496' title='bbox 2549 454 2565 481; x_wconf 95' lang='lat'><strong>,</strong></span> <span class='ocrx_word' id='word_1_497' title='bbox 2596 419 2740 467; x_wconf 87' lang='lat' dir='ltr'><strong>tanto</strong></span> <span class='ocrx_word' id='word_1_498' title='bbox 2766 411 2972 468; x_wconf 83' lang='lat' dir='ltr'><strong>acutius</strong></span> <span class='ocrx_word' id='word_1_499' title='bbox 3008 420 3217 469; x_wconf 89' lang='lat' dir='ltr'><strong>sonant.</strong></span> <span class='ocrx_word' id='word_1_500' title='bbox 3261 414 3331 471; x_wconf 88' lang='lat' dir='ltr'><strong>Ut</strong></span> <span class='ocrx_word' id='word_1_501' title='bbox 3359 429 3489 487; x_wconf 87' lang='lat' dir='ltr'><strong>ergo</strong></span> <span class='ocrx_word' id='word_1_502' title='bbox 3515 427 3672 474; x_wconf 86' lang='lat' dir='ltr'><strong>acute</strong></span> 
     </span>
    </p>
   </div>
   <div class='ocr_carea' id='block_1_65' title="bbox 2093 505 3674 577">
    <p class='ocr_par' dir='ltr' id='par_1_65' title="bbox 2093 505 3674 577">
     <span class='ocr_line' id='line_1_65' title="bbox 2093 505 3674 577; baseline 0.002 -15"><span class='ocrx_word' id='word_1_503' title='bbox 2093 516 2310 562; x_wconf 84' lang='lat' dir='ltr'><strong>sonaret</strong></span> <span class='ocrx_word' id='word_1_504' title='bbox 2341 505 2484 559; x_wconf 84' lang='lat' dir='ltr'><strong>Pauli</strong></span> <span class='ocrx_word' id='word_1_505' title='bbox 2528 505 2755 575; x_wconf 89' lang='lat' dir='ltr'><strong>apostoli</strong></span> <span class='ocrx_word' id='word_1_506' title='bbox 2797 505 3140 575; x_wconf 87' lang='lat' dir='ltr'><strong>psalterium,</strong></span> <span class='ocrx_word' id='word_1_507' title='bbox 3171 506 3297 577; x_wconf 92' lang='lat' dir='ltr'><strong>quid</strong></span> <span class='ocrx_word' id='word_1_508' title='bbox 3344 507 3514 564; x_wconf 87' lang='lat' dir='ltr'><strong>dixit?</strong></span> <span class='ocrx_word' id='word_1_509' title='bbox 3545 509 3674 575; x_wconf 72' lang='lat' dir='ltr'><strong>Quae</strong></span> 
     </span>
    </p>
   </div>
   <div class='ocr_carea' id='block_1_66' title="bbox 2094 597 3673 676">
    <p class='ocr_par' dir='ltr' id='par_1_66' title="bbox 2094 597 3673 676">
     <span class='ocr_line' id='line_1_66' title="bbox 2094 597 3673 676; baseline 0.003 -24"><span class='ocrx_word' id='word_1_510' title='bbox 2094 608 2230 653; x_wconf 78' lang='lat' dir='ltr'><strong>retro</strong></span> <span class='ocrx_word' id='word_1_511' title='bbox 2256 598 2437 651; x_wconf 88' lang='lat' dir='ltr'><strong>oblitus</strong></span> <span class='ocrx_word' id='word_1_512' title='bbox 2458 638 2474 664; x_wconf 93' lang='lat'><strong>,</strong></span> <span class='ocrx_word' id='word_1_513' title='bbox 2514 597 2567 650; x_wconf 83' lang='lat' dir='ltr'><strong>in</strong></span> <span class='ocrx_word' id='word_1_514' title='bbox 2596 613 2654 652; x_wconf 88' lang='lat' dir='ltr'><strong>ea</strong></span> <span class='ocrx_word' id='word_1_515' title='bbox 2681 612 2795 667; x_wconf 76' lang='lat' dir='ltr'><strong>qua:</strong></span> <span class='ocrx_word' id='word_1_516' title='bbox 2820 605 2937 676; x_wconf 75' lang='lat' dir='ltr'><strong>ante</strong></span> <span class='ocrx_word' id='word_1_517' title='bbox 2958 606 3076 651; x_wconf 84' lang='lat' dir='ltr'><strong>sunt</strong></span> <span class='ocrx_word' id='word_1_518' title='bbox 3100 607 3326 660; x_wconf 74' lang='lat' dir='ltr'><strong>extentus</strong></span> <span class='ocrx_word' id='word_1_519' title='bbox 3345 641 3361 667; x_wconf 91' lang='lat'><strong>,</strong></span> <span class='ocrx_word' id='word_1_520' title='bbox 3390 617 3572 671; x_wconf 85' lang='lat' dir='ltr'><strong>sequor</strong></span> <span class='ocrx_word' id='word_1_521' title='bbox 3603 602 3673 656; x_wconf 83' lang='lat' dir='ltr'><strong>ad</strong></span> 
     </span>
    </p>
   </div>
   <div class='ocr_carea' id='block_1_67' title="bbox 2095 687 3669 761">
    <p class='ocr_par' dir='ltr' id='par_1_67' title="bbox 2095 687 3669 761">
     <span class='ocr_line' id='line_1_67' title="bbox 2095 687 3669 761; baseline 0.003 -19"><span class='ocrx_word' id='word_1_522' title='bbox 2095 690 2318 761; x_wconf 84' lang='lat' dir='ltr'><strong>palmam</strong></span> <span class='ocrx_word' id='word_1_523' title='bbox 2345 704 2578 758; x_wconf 72' lang='lat' dir='ltr'><strong>superna:</strong></span> <span class='ocrx_word' id='word_1_524' title='bbox 2600 688 2877 742; x_wconf 85' lang='lat' dir='ltr'><strong>vocationis</strong></span> <span class='ocrx_word' id='word_1_525' title='bbox 2904 687 3163 759; x_wconf 87' lang='lat' dir='ltr'><strong>(Philipp.</strong></span> <span class='ocrx_word' id='word_1_526' title='bbox 3190 704 3268 755; x_wconf 83' lang='lat' dir='ltr'><strong>tu,</strong></span> <span class='ocrx_word' id='word_1_527' title='bbox 3293 691 3382 748; x_wconf 74' lang='grc'><strong>15.</strong></span> <span class='ocrx_word' id='word_1_528' title='bbox 3414 691 3524 754; x_wconf 74' lang='grc'><strong>14).</strong></span> <span class='ocrx_word' id='word_1_529' title='bbox 3558 691 3669 746; x_wconf 83' lang='lat' dir='ltr'><strong>Ex-</strong></span> 
     </span>
    </p>
   </div>
   <div class='ocr_carea' id='block_1_68' title="bbox 2097 777 3674 848">
    <p class='ocr_par' dir='ltr' id='par_1_68' title="bbox 2097 777 3674 848">
     <span class='ocr_line' id='line_1_68' title="bbox 2097 777 3674 848; baseline 0.001 -14"><span class='ocrx_word' id='word_1_530' title='bbox 2097 778 2264 834; x_wconf 85' lang='lat' dir='ltr'><strong>tendit</strong></span> <span class='ocrx_word' id='word_1_531' title='bbox 2292 794 2351 833; x_wconf 90' lang='lat' dir='ltr'><strong>se</strong></span> <span class='ocrx_word' id='word_1_532' title='bbox 2379 778 2521 848; x_wconf 90' lang='lat' dir='ltr'><strong>ipse;</strong></span> <span class='ocrx_word' id='word_1_533' title='bbox 2548 777 2717 848; x_wconf 84' lang='lat' dir='ltr'><strong>tetigit</strong></span> <span class='ocrx_word' id='word_1_534' title='bbox 2734 777 3000 845; x_wconf 85' lang='lat' dir='ltr'><strong>Christus,</strong></span> <span class='ocrx_word' id='word_1_535' title='bbox 3023 786 3077 832; x_wconf 91' lang='lat' dir='ltr'><strong>et</strong></span> <span class='ocrx_word' id='word_1_536' title='bbox 3097 779 3306 833; x_wconf 89' lang='lat' dir='ltr'><strong>sonavit</strong></span> <span class='ocrx_word' id='word_1_537' title='bbox 3330 778 3560 836; x_wconf 88' lang='lat' dir='ltr'><strong>dulcedo</strong></span> <span class='ocrx_word' id='word_1_538' title='bbox 3582 796 3674 835; x_wconf 81' lang='lat' dir='ltr'><strong>ve—</strong></span> 
     </span>
    </p>
   </div>
   <div class='ocr_carea' id='block_1_69' title="bbox 2094 867 3334 939">
    <p class='ocr_par' dir='ltr' id='par_1_69' title="bbox 2094 867 3334 939">
     <span class='ocr_line' id='line_1_69' title="bbox 2094 867 3334 939; baseline -0.001 -15"><span class='ocrx_word' id='word_1_539' title='bbox 2094 868 2288 924; x_wconf 89' lang='lat' dir='ltr'><strong>ritatis.</strong></span> <span class='ocrx_word' id='word_1_540' title='bbox 2321 867 2387 922; x_wconf 89' lang='lat' dir='ltr'><strong>In</strong></span> <span class='ocrx_word' id='word_1_541' title='bbox 2413 876 2651 939; x_wconf 85' lang='lat' dir='ltr'><strong>tympano</strong></span> <span class='ocrx_word' id='word_1_542' title='bbox 2677 876 2725 921; x_wconf 87' lang='lat' dir='ltr'><strong>et</strong></span> <span class='ocrx_word' id='word_1_543' title='bbox 2754 867 2992 938; x_wconf 84' lang='lat' dir='ltr'><strong>psalterio</strong></span> <span class='ocrx_word' id='word_1_544' title='bbox 3021 869 3334 939; x_wconf 83' lang='lat' dir='ltr'><strong>psallant’ei.</strong></span> 
     </span>
    </p>
   </div>
   <div class='ocr_carea' id='block_1_70' title="bbox 2166 958 3674 1033">
    <p class='ocr_par' dir='ltr' id='par_1_70' title="bbox 2166 958 3674 1033">
     <span class='ocr_line' id='line_1_70' title="bbox 2166 958 3674 1033; baseline 0.001 -16"><span class='ocrx_word' id='word_1_545' title='bbox 2166 960 2220 1017; x_wconf 86' lang='lat'><strong>9.</strong></span> <span class='ocrx_word' id='word_1_546' title='bbox 2264 959 2424 1033; x_wconf 81' lang='lat' dir='ltr'><strong>[vers.</strong></span> <span class='ocrx_word' id='word_1_547' title='bbox 2451 959 2534 1033; x_wconf 73' lang='grc'><strong>4.]</strong></span> <span class='ocrx_word' id='word_1_548' title='bbox 2583 959 2833 1026; x_wconf 84' lang='lat' dir='ltr'><strong>Quoniam</strong></span> <span class='ocrx_word' id='word_1_549' title='bbox 2857 958 3099 1029; x_wconf 78' lang='lat' dir='ltr'><strong>benefecit</strong></span> <span class='ocrx_word' id='word_1_550' title='bbox 3121 959 3372 1015; x_wconf 75' lang='lat' dir='ltr'><strong>Dominus</strong></span> <span class='ocrx_word' id='word_1_551' title='bbox 3399 962 3451 1015; x_wconf 91' lang='lat' dir='ltr'><strong>in</strong></span> <span class='ocrx_word' id='word_1_552' title='bbox 3482 968 3674 1033; x_wconf 85' lang='lat' dir='ltr'><strong>populo</strong></span> 
     </span>
    </p>
   </div>
   <div class='ocr_carea' id='block_1_71' title="bbox 2093 1049 3673 1123">
    <p class='ocr_par' dir='ltr' id='par_1_71' title="bbox 2093 1049 3673 1123">
     <span class='ocr_line' id='line_1_71' title="bbox 2093 1049 3673 1123; baseline 0.001 -17"><span class='ocrx_word' id='word_1_553' title='bbox 2093 1068 2204 1107; x_wconf 88' lang='lat' dir='ltr'><strong>suo.</strong></span> <span class='ocrx_word' id='word_1_554' title='bbox 2252 1051 2389 1119; x_wconf 88' lang='lat' dir='ltr'><strong>Quid</strong></span> <span class='ocrx_word' id='word_1_555' title='bbox 2431 1060 2537 1105; x_wconf 89' lang='lat' dir='ltr'><strong>tam</strong></span> <span class='ocrx_word' id='word_1_556' title='bbox 2582 1049 2914 1118; x_wconf 89' lang='lat' dir='ltr'><strong>beneﬁcum,</strong></span> <span class='ocrx_word' id='word_1_557' title='bbox 2943 1065 3101 1120; x_wconf 91' lang='lat' dir='ltr'><strong>quam</strong></span> <span class='ocrx_word' id='word_1_558' title='bbox 3144 1051 3283 1106; x_wconf 89' lang='lat' dir='ltr'><strong>mori</strong></span> <span class='ocrx_word' id='word_1_559' title='bbox 3325 1067 3418 1121; x_wconf 90' lang='lat' dir='ltr'><strong>pro</strong></span> <span class='ocrx_word' id='word_1_560' title='bbox 3457 1053 3673 1123; x_wconf 78' lang='lat' dir='ltr'><strong>impiis?</strong></span> 
     </span>
    </p>
   </div>
   <div class='ocr_carea' id='block_1_72' title="bbox 2095 1139 3676 1210">
    <p class='ocr_par' dir='ltr' id='par_1_72' title="bbox 2095 1139 3676 1210">
     <span class='ocr_line' id='line_1_72' title="bbox 2095 1139 3676 1210; baseline 0.003 -17"><span class='ocrx_word' id='word_1_561' title='bbox 2095 1139 2220 1210; x_wconf 92' lang='lat' dir='ltr'><strong>quid</strong></span> <span class='ocrx_word' id='word_1_562' title='bbox 2239 1149 2345 1195; x_wconf 89' lang='lat' dir='ltr'><strong>tam</strong></span> <span class='ocrx_word' id='word_1_563' title='bbox 2365 1139 2685 1205; x_wconf 89' lang='lat' dir='ltr'><strong>beneﬁcum,</strong></span> <span class='ocrx_word' id='word_1_564' title='bbox 2713 1153 2875 1209; x_wconf 89' lang='lat' dir='ltr'><strong>quam</strong></span> <span class='ocrx_word' id='word_1_565' title='bbox 2899 1139 3155 1209; x_wconf 84' lang='lat' dir='ltr'><strong>sanguine</strong></span> <span class='ocrx_word' id='word_1_566' title='bbox 3178 1140 3326 1210; x_wconf 90' lang='lat' dir='ltr'><strong>justo</strong></span> <span class='ocrx_word' id='word_1_567' title='bbox 3356 1142 3535 1198; x_wconf 86' lang='lat' dir='ltr'><strong>delere</strong></span> <span class='ocrx_word' id='word_1_568' title='bbox 3558 1142 3676 1198; x_wconf 89' lang='lat' dir='ltr'><strong>chi-</strong></span> 
     </span>
    </p>
   </div>
   <div class='ocr_carea' id='block_1_73' title="bbox 2094 1228 3673 1303">
    <p class='ocr_par' dir='ltr' id='par_1_73' title="bbox 2094 1228 3673 1303">
     <span class='ocr_line' id='line_1_73' title="bbox 2094 1228 3673 1303; baseline 0.001 -18"><span class='ocrx_word' id='word_1_569' title='bbox 2094 1229 2417 1300; x_wconf 86' lang='lat' dir='ltr'><strong>rographum</strong></span> <span class='ocrx_word' id='word_1_570' title='bbox 2461 1228 2790 1299; x_wconf 89' lang='lat' dir='ltr'><strong>peccatoris?</strong></span> <span class='ocrx_word' id='word_1_571' title='bbox 2818 1228 2945 1298; x_wconf 91' lang='lat' dir='ltr'><strong>quid</strong></span> <span class='ocrx_word' id='word_1_572' title='bbox 2987 1238 3091 1283; x_wconf 90' lang='lat' dir='ltr'><strong>tam</strong></span> <span class='ocrx_word' id='word_1_573' title='bbox 3133 1228 3467 1297; x_wconf 88' lang='lat' dir='ltr'><strong>beneﬁcum,</strong></span> <span class='ocrx_word' id='word_1_574' title='bbox 3514 1248 3673 1303; x_wconf 89' lang='lat' dir='ltr'><strong>quam</strong></span> 
     </span>
    </p>
   </div>
   <div class='ocr_carea' id='block_1_74' title="bbox 2096 1318 3676 1391">
    <p class='ocr_par' dir='ltr' id='par_1_74' title="bbox 2096 1318 3676 1391">
     <span class='ocr_line' id='line_1_74' title="bbox 2096 1318 3676 1391; baseline 0.001 -16"><span class='ocrx_word' id='word_1_575' title='bbox 2096 1320 2276 1375; x_wconf 85' lang='lat' dir='ltr'><strong>dicere</strong></span> <span class='ocrx_word' id='word_1_576' title='bbox 2301 1337 2314 1372; x_wconf 83' lang='lat'>;</span> <span class='ocrx_word' id='word_1_577' title='bbox 2339 1319 2451 1375; x_wconf 80' lang='lat' dir='ltr'><strong>Non</strong></span> <span class='ocrx_word' id='word_1_578' title='bbox 2482 1318 2549 1373; x_wconf 90' lang='lat' dir='ltr'><strong>ad</strong></span> <span class='ocrx_word' id='word_1_579' title='bbox 2574 1334 2661 1373; x_wconf 90' lang='lat' dir='ltr'><strong>me</strong></span> <span class='ocrx_word' id='word_1_580' title='bbox 2687 1319 2913 1387; x_wconf 86' lang='lat' dir='ltr'><strong>pertinet</strong></span> <span class='ocrx_word' id='word_1_581' title='bbox 2939 1318 3081 1388; x_wconf 90' lang='lat' dir='ltr'><strong>quod</strong></span> <span class='ocrx_word' id='word_1_582' title='bbox 3110 1320 3311 1385; x_wconf 80' lang='lat' dir='ltr'><strong>fuistis;</strong></span> <span class='ocrx_word' id='word_1_583' title='bbox 3340 1330 3510 1376; x_wconf 89' lang='lat' dir='ltr'><strong>estote</strong></span> <span class='ocrx_word' id='word_1_584' title='bbox 3535 1322 3676 1391; x_wconf 88' lang='lat' dir='ltr'><strong>quod</strong></span> 
     </span>
    </p>
   </div>
   <div class='ocr_carea' id='block_1_75' title="bbox 2096 1405 3677 1480">
    <p class='ocr_par' dir='ltr' id='par_1_75' title="bbox 2096 1405 3677 1480">
     <span class='ocr_line' id='line_1_75' title="bbox 2096 1405 3677 1480; baseline 0.001 -16"><span class='ocrx_word' id='word_1_585' title='bbox 2096 1424 2202 1466; x_wconf 88' lang='lat' dir='ltr'><strong>non</strong></span> <span class='ocrx_word' id='word_1_586' title='bbox 2232 1408 2438 1463; x_wconf 82' lang='lat' dir='ltr'><strong>fuistis?</strong></span> <span class='ocrx_word' id='word_1_587' title='bbox 2462 1406 2718 1477; x_wconf 76' lang='lat' dir='ltr'><strong>Benefecit</strong></span> <span class='ocrx_word' id='word_1_588' title='bbox 2745 1405 2995 1461; x_wconf 86' lang='lat' dir='ltr'><strong>Dominus</strong></span> <span class='ocrx_word' id='word_1_589' title='bbox 3029 1409 3082 1461; x_wconf 90' lang='lat' dir='ltr'><strong>in</strong></span> <span class='ocrx_word' id='word_1_590' title='bbox 3124 1409 3312 1480; x_wconf 83' lang='lat' dir='ltr'><strong>popqu</strong></span> <span class='ocrx_word' id='word_1_591' title='bbox 3338 1410 3463 1477; x_wconf 74' lang='lat' dir='ltr'><strong>suo,</strong></span> <span class='ocrx_word' id='word_1_592' title='bbox 3493 1411 3677 1465; x_wconf 90' lang='lat' dir='ltr'><strong>dimit-</strong></span> 
     </span>
    </p>
   </div>
   <div class='ocr_carea' id='block_1_76' title="bbox 2097 1497 3681 1569">
    <p class='ocr_par' dir='ltr' id='par_1_76' title="bbox 2097 1497 3681 1569">
     <span class='ocr_line' id='line_1_76' title="bbox 2097 1497 3681 1569; baseline 0.001 -15"><span class='ocrx_word' id='word_1_593' title='bbox 2097 1499 2261 1555; x_wconf 91' lang='lat' dir='ltr'><strong>tendo</strong></span> <span class='ocrx_word' id='word_1_594' title='bbox 2289 1506 2528 1569; x_wconf 87' lang='lat' dir='ltr'><strong>peccata,</strong></span> <span class='ocrx_word' id='word_1_595' title='bbox 2561 1497 2922 1569; x_wconf 90' lang='lat' dir='ltr'><strong>promittendo</strong></span> <span class='ocrx_word' id='word_1_596' title='bbox 2949 1498 3112 1552; x_wconf 90' lang='lat' dir='ltr'><strong>vitam</strong></span> <span class='ocrx_word' id='word_1_597' title='bbox 3140 1506 3413 1554; x_wconf 71' lang='lat' dir='ltr'><strong>azternam.</strong></span> <span class='ocrx_word' id='word_1_598' title='bbox 3456 1500 3681 1556; x_wconf 75' lang='lat' dir='ltr'><strong>Benefa-</strong></span> 
     </span>
    </p>
   </div>
   <div class='ocr_carea' id='block_1_77' title="bbox 2096 1590 3679 1660">
    <p class='ocr_par' dir='ltr' id='par_1_77' title="bbox 2096 1590 3679 1660">
     <span class='ocr_line' id='line_1_77' title="bbox 2096 1590 3679 1660; baseline 0.001 -15"><span class='ocrx_word' id='word_1_599' title='bbox 2096 1590 2171 1645; x_wconf 89' lang='lat' dir='ltr'><strong>cit</strong></span> <span class='ocrx_word' id='word_1_600' title='bbox 2196 1604 2442 1645; x_wconf 83' lang='lat' dir='ltr'><strong>aversum</strong></span> <span class='ocrx_word' id='word_1_601' title='bbox 2468 1599 2800 1654; x_wconf 85' lang='lat' dir='ltr'><strong>convertere,</strong></span> <span class='ocrx_word' id='word_1_602' title='bbox 2826 1600 3145 1659; x_wconf 83' lang='lat' dir='ltr'><strong>pugnantem</strong></span> <span class='ocrx_word' id='word_1_603' title='bbox 3164 1590 3438 1660; x_wconf 85' lang='lat' dir='ltr'><strong>adjuvare,</strong></span> <span class='ocrx_word' id='word_1_604' title='bbox 3462 1595 3679 1648; x_wconf 38' lang='lat' dir='ltr'><strong>vincens</strong></span> 
     </span>
    </p>
   </div>
   <div class='ocr_carea' id='block_1_78' title="bbox 2099 1680 3683 1753">
    <p class='ocr_par' dir='ltr' id='par_1_78' title="bbox 2099 1680 3683 1753">
     <span class='ocr_line' id='line_1_78' title="bbox 2099 1680 3683 1753; baseline 0.001 -16"><span class='ocrx_word' id='word_1_605' title='bbox 2099 1689 2204 1737; x_wconf 83' lang='lat' dir='ltr'><strong>tem</strong></span> <span class='ocrx_word' id='word_1_606' title='bbox 2233 1696 2490 1737; x_wconf 88' lang='lat' dir='ltr'><strong>coronare</strong></span> <span class='ocrx_word' id='word_1_607' title='bbox 2523 1680 2819 1750; x_wconf 76' lang='lat' dir='ltr'><strong>:Benefecit</strong></span> <span class='ocrx_word' id='word_1_608' title='bbox 2864 1681 3112 1735; x_wconf 85' lang='lat' dir='ltr'><strong>Dominus</strong></span> <span class='ocrx_word' id='word_1_609' title='bbox 3152 1682 3204 1735; x_wconf 89' lang='lat' dir='ltr'><strong>in</strong></span> <span class='ocrx_word' id='word_1_610' title='bbox 3242 1683 3431 1753; x_wconf 80' lang='lat' dir='ltr'><strong>populo</strong></span> <span class='ocrx_word' id='word_1_611' title='bbox 3459 1700 3569 1738; x_wconf 87' lang='lat' dir='ltr'><strong>suo.</strong></span> <span class='ocrx_word' id='word_1_612' title='bbox 3614 1685 3683 1738; x_wconf 84' lang='lat' dir='ltr'><strong>Et</strong></span> 
     </span>
    </p>
   </div>
   <div class='ocr_carea' id='block_1_79' title="bbox 2099 1771 3682 1829">
    <p class='ocr_par' dir='ltr' id='par_1_79' title="bbox 2099 1771 3682 1829">
     <span class='ocr_line' id='line_1_79' title="bbox 2099 1771 3682 1829; baseline 0.003 -4"><span class='ocrx_word' id='word_1_613' title='bbox 2099 1772 2378 1826; x_wconf 67' lang='lat' dir='ltr'><strong>exaltabit‘</strong></span> <span class='ocrx_word' id='word_1_614' title='bbox 2404 1781 2692 1826; x_wconf 89' lang='lat' dir='ltr'><strong>mansuetos</strong></span> <span class='ocrx_word' id='word_1_615' title='bbox 2732 1771 2785 1824; x_wconf 88' lang='lat' dir='ltr'><strong>in</strong></span> <span class='ocrx_word' id='word_1_616' title='bbox 2822 1771 2985 1825; x_wconf 86' lang='lat' dir='ltr'><strong>salute</strong></span> <span class='ocrx_word' id='word_1_617' title='bbox 3008 1773 3050 1824; x_wconf 86' lang='grc'><strong>².</strong></span> <span class='ocrx_word' id='word_1_618' title='bbox 3085 1771 3398 1826; x_wconf 85' lang='lat' dir='ltr'><strong>Exaltantur</strong></span> <span class='ocrx_word' id='word_1_619' title='bbox 3440 1774 3584 1829; x_wconf 86' lang='lat' dir='ltr'><strong>enim</strong></span> <span class='ocrx_word' id='word_1_620' title='bbox 3627 1784 3682 1829; x_wconf 82' lang='lat' dir='ltr'><strong>et</strong></span> 
     </span>
    </p>
   </div>
   <div class='ocr_carea' id='block_1_80' title="bbox 2099 1846 3681 1931">
    <p class='ocr_par' dir='ltr' id='par_1_80' title="bbox 2099 1846 3681 1931">
     <span class='ocr_line' id='line_1_80' title="bbox 2099 1846 3681 1931; baseline 0.001 -14"><span class='ocrx_word' id='word_1_621' title='bbox 2099 1863 2353 1931; x_wconf 89' lang='lat' dir='ltr'><strong>superbi,</strong></span> <span class='ocrx_word' id='word_1_622' title='bbox 2396 1862 2491 1916; x_wconf 90' lang='lat' dir='ltr'><strong>sed</strong></span> <span class='ocrx_word' id='word_1_623' title='bbox 2521 1877 2626 1915; x_wconf 91' lang='lat' dir='ltr'><strong>non</strong></span> <span class='ocrx_word' id='word_1_624' title='bbox 2658 1862 2711 1915; x_wconf 91' lang='lat' dir='ltr'><strong>in</strong></span> <span class='ocrx_word' id='word_1_625' title='bbox 2739 1861 2928 1916; x_wconf 91' lang='lat' dir='ltr'><strong>salute.</strong></span> <span class='ocrx_word' id='word_1_626' title='bbox 2960 1861 3218 1916; x_wconf 88' lang='lat' dir='ltr'><strong>Mansueti</strong></span> <span class='ocrx_word' id='word_1_627' title='bbox 3262 1862 3314 1916; x_wconf 91' lang='lat' dir='ltr'><strong>in</strong></span> <span class='ocrx_word' id='word_1_628' title='bbox 3357 1846 3562 1931; x_wconf 84' lang='lat' dir='ltr'><strong>salute,</strong></span> <span class='ocrx_word' id='word_1_629' title='bbox 3587 1879 3681 1918; x_wconf 87' lang='lat' dir='ltr'><strong>su-</strong></span> 
     </span>
    </p>
   </div>
   <div class='ocr_carea' id='block_1_81' title="bbox 2089 1953 3685 2025">
    <p class='ocr_par' dir='ltr' id='par_1_81' title="bbox 2089 1953 3685 2025">
     <span class='ocr_line' id='line_1_81' title="bbox 2089 1953 3685 2025; baseline 0.003 -18"><span class='ocrx_word' id='word_1_630' title='bbox 2089 1954 2251 2025; x_wconf 83' lang='lat' dir='ltr'><strong>perbi</strong></span> <span class='ocrx_word' id='word_1_631' title='bbox 2293 1954 2346 2009; x_wconf 92' lang='lat' dir='ltr'><strong>in</strong></span> <span class='ocrx_word' id='word_1_632' title='bbox 2376 1963 2549 2010; x_wconf 91' lang='lat' dir='ltr'><strong>morte</strong></span> <span class='ocrx_word' id='word_1_633' title='bbox 2578 1972 2591 2008; x_wconf 88' lang='lat'><strong>:</strong></span> <span class='ocrx_word' id='word_1_634' title='bbox 2621 1954 2674 2008; x_wconf 92' lang='lat' dir='ltr'><strong>id</strong></span> <span class='ocrx_word' id='word_1_635' title='bbox 2701 1961 2817 2018; x_wconf 88' lang='lat' dir='ltr'><strong>est,</strong></span> <span class='ocrx_word' id='word_1_636' title='bbox 2848 1953 3062 2023; x_wconf 88' lang='lat' dir='ltr'><strong>superbi</strong></span> <span class='ocrx_word' id='word_1_637' title='bbox 3094 1954 3195 2024; x_wconf 89' lang='lat' dir='ltr'><strong>ipsi</strong></span> <span class='ocrx_word' id='word_1_638' title='bbox 3224 1969 3285 2010; x_wconf 92' lang='lat' dir='ltr'><strong>se</strong></span> <span class='ocrx_word' id='word_1_639' title='bbox 3316 1958 3584 2021; x_wconf 84' lang='lat' dir='ltr'><strong>exaltant,</strong></span> <span class='ocrx_word' id='word_1_640' title='bbox 3627 1965 3685 2012; x_wconf 86' lang='lat' dir='ltr'><strong>et</strong></span> 
     </span>
    </p>
   </div>
   <div class='ocr_carea' id='block_1_82' title="bbox 2104 2047 3681 2119">
    <p class='ocr_par' dir='ltr' id='par_1_82' title="bbox 2104 2047 3681 2119">
     <span class='ocr_line' id='line_1_82' title="bbox 2104 2047 3681 2119; baseline 0.001 -16"><span class='ocrx_word' id='word_1_641' title='bbox 2104 2049 2361 2103; x_wconf 85' lang='lat' dir='ltr'><strong>Dominus</strong></span> <span class='ocrx_word' id='word_1_642' title='bbox 2381 2062 2475 2103; x_wconf 90' lang='lat' dir='ltr'><strong>eos</strong></span> <span class='ocrx_word' id='word_1_643' title='bbox 2497 2047 2768 2112; x_wconf 88' lang='lat' dir='ltr'><strong>humiliat;</strong></span> <span class='ocrx_word' id='word_1_644' title='bbox 2799 2047 3060 2101; x_wconf 89' lang='lat' dir='ltr'><strong>mansueti</strong></span> <span class='ocrx_word' id='word_1_645' title='bbox 3088 2056 3265 2101; x_wconf 87' lang='lat' dir='ltr'><strong>autem</strong></span> <span class='ocrx_word' id='word_1_646' title='bbox 3296 2049 3394 2119; x_wconf 89' lang='lat' dir='ltr'><strong>ipsi</strong></span> <span class='ocrx_word' id='word_1_647' title='bbox 3421 2064 3480 2104; x_wconf 91' lang='lat' dir='ltr'><strong>se</strong></span> <span class='ocrx_word' id='word_1_648' title='bbox 3508 2049 3681 2103; x_wconf 85' lang='lat' dir='ltr'><strong>humi-</strong></span> 
     </span>
    </p>
   </div>
   <div class='ocr_carea' id='block_1_83' title="bbox 2099 2137 3684 2208">
    <p class='ocr_par' dir='ltr' id='par_1_83' title="bbox 2099 2137 3684 2208">
     <span class='ocr_line' id='line_1_83' title="bbox 2099 2137 3684 2208; baseline 0.001 -13"><span class='ocrx_word' id='word_1_649' title='bbox 2099 2141 2264 2208; x_wconf 87' lang='lat' dir='ltr'><strong>liaut,</strong></span> <span class='ocrx_word' id='word_1_650' title='bbox 2294 2149 2348 2196; x_wconf 87' lang='lat' dir='ltr'><strong>et</strong></span> <span class='ocrx_word' id='word_1_651' title='bbox 2396 2140 2535 2196; x_wconf 82' lang='lat' dir='ltr'><strong>Deus</strong></span> <span class='ocrx_word' id='word_1_652' title='bbox 2575 2154 2668 2195; x_wconf 89' lang='lat' dir='ltr'><strong>eos</strong></span> <span class='ocrx_word' id='word_1_653' title='bbox 2694 2140 2908 2194; x_wconf 85' lang='lat' dir='ltr'><strong>exaltat.</strong></span> <span class='ocrx_word' id='word_1_654' title='bbox 2950 2137 3020 2192; x_wconf 86' lang='lat' dir='ltr'><strong>Et</strong></span> <span class='ocrx_word' id='word_1_655' title='bbox 3050 2141 3288 2194; x_wconf 76' lang='lat' dir='ltr'><strong>exaltabit</strong></span> <span class='ocrx_word' id='word_1_656' title='bbox 3323 2153 3607 2197; x_wconf 86' lang='lat' dir='ltr'><strong>mansuetos</strong></span> <span class='ocrx_word' id='word_1_657' title='bbox 3631 2144 3684 2196; x_wconf 83' lang='lat' dir='ltr'><strong>in</strong></span> 
     </span>
    </p>
   </div>
   <div class='ocr_carea' id='block_1_84' title="bbox 2099 2232 2283 2287">
    <p class='ocr_par' dir='ltr' id='par_1_84' title="bbox 2099 2232 2283 2287">
     <span class='ocr_line' id='line_1_84' title="bbox 2099 2232 2283 2287; baseline 0 -2"><span class='ocrx_word' id='word_1_658' title='bbox 2099 2232 2283 2287; x_wconf 86' lang='lat' dir='ltr'><strong>salute.</strong></span> 
     </span>
    </p>
   </div>
   <div class='ocr_carea' id='block_1_85' title="bbox 2172 2320 3684 2393">
    <p class='ocr_par' dir='ltr' id='par_1_85' title="bbox 2172 2320 3684 2393">
     <span class='ocr_line' id='line_1_85' title="bbox 2172 2320 3684 2393; baseline 0.001 -17"><span class='ocrx_word' id='word_1_659' title='bbox 2172 2322 2260 2377; x_wconf 79' lang='grc'><strong>10.</strong></span> <span class='ocrx_word' id='word_1_660' title='bbox 2286 2320 2435 2392; x_wconf 86' lang='lat' dir='ltr'><strong>[vers.</strong></span> <span class='ocrx_word' id='word_1_661' title='bbox 2459 2323 2511 2383; x_wconf 84' lang='lat'><strong>5.</strong></span> <span class='ocrx_word' id='word_1_662' title='bbox 2537 2320 2613 2393; x_wconf 89' lang='lat'><strong>6.]</strong></span> <span class='ocrx_word' id='word_1_663' title='bbox 2646 2320 2984 2374; x_wconf 68' lang='lat' dir='ltr'><strong>Exsultabunt</strong></span> <span class='ocrx_word' id='word_1_664' title='bbox 3003 2320 3164 2373; x_wconf 84' lang='lat' dir='ltr'><strong>sancti</strong></span> <span class='ocrx_word' id='word_1_665' title='bbox 3187 2320 3238 2373; x_wconf 90' lang='lat' dir='ltr'><strong>in</strong></span> <span class='ocrx_word' id='word_1_666' title='bbox 3260 2322 3446 2390; x_wconf 86' lang='lat' dir='ltr'><strong>gloria.</strong></span> <span class='ocrx_word' id='word_1_667' title='bbox 3469 2322 3684 2393; x_wconf 85' lang='lat' dir='ltr'><strong>Aliquid</strong></span> 
     </span>
    </p>
   </div>
   <div class='ocr_carea' id='block_1_86' title="bbox 2102 2411 3681 2481">
    <p class='ocr_par' dir='ltr' id='par_1_86' title="bbox 2102 2411 3681 2481">
     <span class='ocr_line' id='line_1_86' title="bbox 2102 2411 3681 2481; baseline 0.003 -15"><span class='ocrx_word' id='word_1_668' title='bbox 2102 2412 2224 2466; x_wconf 81' lang='lat' dir='ltr'><strong>volo</strong></span> <span class='ocrx_word' id='word_1_669' title='bbox 2260 2411 2468 2478; x_wconf 87' lang='lat' dir='ltr'><strong>dicere;</strong></span> <span class='ocrx_word' id='word_1_670' title='bbox 2515 2413 2696 2465; x_wconf 90' lang='lat' dir='ltr'><strong>audite</strong></span> <span class='ocrx_word' id='word_1_671' title='bbox 2734 2412 2988 2466; x_wconf 88' lang='lat' dir='ltr'><strong>attentius</strong></span> <span class='ocrx_word' id='word_1_672' title='bbox 3031 2411 3099 2466; x_wconf 92' lang='lat' dir='ltr'><strong>de</strong></span> <span class='ocrx_word' id='word_1_673' title='bbox 3140 2412 3308 2481; x_wconf 90' lang='lat' dir='ltr'><strong>gloria</strong></span> <span class='ocrx_word' id='word_1_674' title='bbox 3356 2426 3681 2471; x_wconf 86' lang='lat' dir='ltr'><strong>sanctorum.</strong></span> 
     </span>
    </p>
   </div>
   <div class='ocr_carea' id='block_1_87' title="bbox 2102 2504 3687 2575">
    <p class='ocr_par' dir='ltr' id='par_1_87' title="bbox 2102 2504 3687 2575">
     <span class='ocr_line' id='line_1_87' title="bbox 2102 2504 3687 2575; baseline 0.002 -16"><span class='ocrx_word' id='word_1_675' title='bbox 2102 2504 2269 2561; x_wconf 83' lang='lat' dir='ltr'><strong>Nemo</strong></span> <span class='ocrx_word' id='word_1_676' title='bbox 2288 2515 2370 2560; x_wconf 87' lang='lat' dir='ltr'><strong>est</strong></span> <span class='ocrx_word' id='word_1_677' title='bbox 2394 2506 2535 2560; x_wconf 91' lang='lat' dir='ltr'><strong>enim</strong></span> <span class='ocrx_word' id='word_1_678' title='bbox 2558 2506 2646 2575; x_wconf 86' lang='lat' dir='ltr'><strong>qui</strong></span> <span class='ocrx_word' id='word_1_679' title='bbox 2678 2520 2783 2558; x_wconf 92' lang='lat' dir='ltr'><strong>non</strong></span> <span class='ocrx_word' id='word_1_680' title='bbox 2810 2513 2951 2559; x_wconf 88' lang='lat' dir='ltr'><strong>amet</strong></span> <span class='ocrx_word' id='word_1_681' title='bbox 2969 2505 3214 2575; x_wconf 86' lang='lat' dir='ltr'><strong>gloriam.</strong></span> <span class='ocrx_word' id='word_1_682' title='bbox 3238 2505 3342 2561; x_wconf 88' lang='lat' dir='ltr'><strong>Sed</strong></span> <span class='ocrx_word' id='word_1_683' title='bbox 3367 2507 3529 2575; x_wconf 83' lang='lat' dir='ltr'><strong>gloria</strong></span> <span class='ocrx_word' id='word_1_684' title='bbox 3551 2510 3687 2562; x_wconf 82' lang='lat' dir='ltr'><strong>stul-</strong></span> 
     </span>
    </p>
   </div>
   <div class='ocr_carea' id='block_1_88' title="bbox 2104 2595 3684 2667">
    <p class='ocr_par' dir='ltr' id='par_1_88' title="bbox 2104 2595 3684 2667">
     <span class='ocr_line' id='line_1_88' title="bbox 2104 2595 3684 2667; baseline 0.004 -17"><span class='ocrx_word' id='word_1_685' title='bbox 2104 2605 2275 2651; x_wconf 90' lang='lat' dir='ltr'><strong>torum</strong></span> <span class='ocrx_word' id='word_1_686' title='bbox 2296 2640 2310 2662; x_wconf 94' lang='lat'><strong>,</strong></span> <span class='ocrx_word' id='word_1_687' title='bbox 2340 2598 2611 2667; x_wconf 81' lang='lat' dir='ltr'><strong>pOpttlaris</strong></span> <span class='ocrx_word' id='word_1_688' title='bbox 2653 2596 2740 2650; x_wconf 91' lang='lat' dir='ltr'><strong>illa</strong></span> <span class='ocrx_word' id='word_1_689' title='bbox 2786 2611 2904 2666; x_wconf 83' lang='lat' dir='ltr'><strong>quae</strong></span> <span class='ocrx_word' id='word_1_690' title='bbox 2931 2595 3143 2662; x_wconf 89' lang='lat' dir='ltr'><strong>dicitur,</strong></span> <span class='ocrx_word' id='word_1_691' title='bbox 3175 2597 3335 2651; x_wconf 89' lang='lat' dir='ltr'><strong>habet</strong></span> <span class='ocrx_word' id='word_1_692' title='bbox 3376 2598 3684 2656; x_wconf 87' lang='lat' dir='ltr'><strong>illecebram</strong></span> 
     </span>
    </p>
   </div>
   <div class='ocr_carea' id='block_1_89' title="bbox 2103 2687 3690 2758">
    <p class='ocr_par' dir='ltr' id='par_1_89' title="bbox 2103 2687 3690 2758">
     <span class='ocr_line' id='line_1_89' title="bbox 2103 2687 3690 2758; baseline -0.001 -16"><span class='ocrx_word' id='word_1_693' title='bbox 2103 2688 2432 2758; x_wconf 90' lang='lat' dir='ltr'><strong>deceptionis</strong></span> <span class='ocrx_word' id='word_1_694' title='bbox 2451 2730 2466 2755; x_wconf 95' lang='lat'><strong>,</strong></span> <span class='ocrx_word' id='word_1_695' title='bbox 2491 2697 2548 2742; x_wconf 94' lang='lat' dir='ltr'><strong>ut</strong></span> <span class='ocrx_word' id='word_1_696' title='bbox 2588 2687 2655 2742; x_wconf 89' lang='lat' dir='ltr'><strong>ad</strong></span> <span class='ocrx_word' id='word_1_697' title='bbox 2699 2688 2885 2742; x_wconf 87' lang='lat' dir='ltr'><strong>laudes</strong></span> <span class='ocrx_word' id='word_1_698' title='bbox 2910 2702 3165 2741; x_wconf 89' lang='lat' dir='ltr'><strong>vanorum</strong></span> <span class='ocrx_word' id='word_1_699' title='bbox 3194 2687 3472 2743; x_wconf 88' lang='lat' dir='ltr'><strong>hominum</strong></span> <span class='ocrx_word' id='word_1_700' title='bbox 3495 2690 3516 2720; x_wconf 84' lang='grc'>⁸</span> <span class='ocrx_word' id='word_1_701' title='bbox 3543 2692 3690 2758; x_wconf 67' lang='lat' dir='ltr'><strong>quis.</strong></span> 
     </span>
    </p>
   </div>
   <div class='ocr_carea' id='block_1_90' title="bbox 2104 2777 3688 2848">
    <p class='ocr_par' dir='ltr' id='par_1_90' title="bbox 2104 2777 3688 2848">
     <span class='ocr_line' id='line_1_90' title="bbox 2104 2777 3688 2848; baseline 0.002 -17"><span class='ocrx_word' id='word_1_702' title='bbox 2104 2794 2207 2848; x_wconf 89' lang='lat' dir='ltr'><strong>que</strong></span> <span class='ocrx_word' id='word_1_703' title='bbox 2230 2788 2548 2844; x_wconf 90' lang='lat' dir='ltr'><strong>commotus,</strong></span> <span class='ocrx_word' id='word_1_704' title='bbox 2572 2777 2701 2832; x_wconf 88' lang='lat' dir='ltr'><strong>velit</strong></span> <span class='ocrx_word' id='word_1_705' title='bbox 2725 2779 2801 2831; x_wconf 87' lang='lat' dir='ltr'><strong>sic</strong></span> <span class='ocrx_word' id='word_1_706' title='bbox 2832 2778 3029 2842; x_wconf 89' lang='lat' dir='ltr'><strong>vivere,</strong></span> <span class='ocrx_word' id='word_1_707' title='bbox 3059 2786 3116 2831; x_wconf 93' lang='lat' dir='ltr'><strong>ut</strong></span> <span class='ocrx_word' id='word_1_708' title='bbox 3148 2777 3467 2847; x_wconf 76' lang='lat' dir='ltr'><strong>praedicetur</strong></span> <span class='ocrx_word' id='word_1_709' title='bbox 3491 2780 3559 2834; x_wconf 90' lang='lat' dir='ltr'><strong>ab</strong></span> <span class='ocrx_word' id='word_1_710' title='bbox 3586 2780 3688 2834; x_wconf 88' lang='lat' dir='ltr'><strong>ho-</strong></span> 
     </span>
    </p>
   </div>
   <div class='ocr_carea' id='block_1_91' title="bbox 2106 2868 3692 2939">
    <p class='ocr_par' dir='ltr' id='par_1_91' title="bbox 2106 2868 3692 2939">
     <span class='ocr_line' id='line_1_91' title="bbox 2106 2868 3692 2939; baseline 0.002 -16"><span class='ocrx_word' id='word_1_711' title='bbox 2106 2869 2335 2924; x_wconf 87' lang='lat' dir='ltr'><strong>minibus</strong></span> <span class='ocrx_word' id='word_1_712' title='bbox 2355 2869 2794 2938; x_wconf 82' lang='lat' dir='ltr'><strong>quibuscumque,</strong></span> <span class='ocrx_word' id='word_1_713' title='bbox 2819 2868 3341 2939; x_wconf 88' lang='lat' dir='ltr'><strong>quomodocumque.</strong></span> <span class='ocrx_word' id='word_1_714' title='bbox 3370 2870 3504 2925; x_wconf 88' lang='lat' dir='ltr'><strong>llinc</strong></span> <span class='ocrx_word' id='word_1_715' title='bbox 3527 2870 3692 2926; x_wconf 80' lang='lat' dir='ltr'><strong>homi-</strong></span> 
     </span>
    </p>
   </div>
   <div class='ocr_carea' id='block_1_92' title="bbox 2106 2959 3690 3030">
    <p class='ocr_par' dir='ltr' id='par_1_92' title="bbox 2106 2959 3690 3030">
     <span class='ocr_line' id='line_1_92' title="bbox 2106 2959 3690 3030; baseline 0.001 -14"><span class='ocrx_word' id='word_1_716' title='bbox 2106 2975 2203 3016; x_wconf 89' lang='lat' dir='ltr'><strong>nes</strong></span> <span class='ocrx_word' id='word_1_717' title='bbox 2230 2961 2397 3015; x_wconf 89' lang='lat' dir='ltr'><strong>insani</strong></span> <span class='ocrx_word' id='word_1_718' title='bbox 2427 2959 2624 3024; x_wconf 84' lang='lat' dir='ltr'><strong>ell‘ecti,</strong></span> <span class='ocrx_word' id='word_1_719' title='bbox 2651 2969 2705 3015; x_wconf 88' lang='lat' dir='ltr'><strong>et</strong></span> <span class='ocrx_word' id='word_1_720' title='bbox 2734 2959 2898 3013; x_wconf 83' lang='lat' dir='ltr'><strong>inﬂati</strong></span> <span class='ocrx_word' id='word_1_721' title='bbox 2930 2959 3117 3030; x_wconf 85' lang='lat' dir='ltr'><strong>typho,</strong></span> <span class='ocrx_word' id='word_1_722' title='bbox 3151 2960 3337 3015; x_wconf 90' lang='lat' dir='ltr'><strong>inanes</strong></span> <span class='ocrx_word' id='word_1_723' title='bbox 3368 2962 3532 3029; x_wconf 83' lang='lat' dir='ltr'><strong>intus,</strong></span> <span class='ocrx_word' id='word_1_724' title='bbox 3561 2961 3690 3018; x_wconf 85' lang='lat' dir='ltr'><strong>foris</strong></span> 
     </span>
    </p>
   </div>
   <div class='ocr_carea' id='block_1_93' title="bbox 2108 3049 3689 3118">
    <p class='ocr_par' dir='ltr' id='par_1_93' title="bbox 2108 3049 3689 3118">
     <span class='ocr_line' id='line_1_93' title="bbox 2108 3049 3689 3118; baseline 0.001 -13"><span class='ocrx_word' id='word_1_725' title='bbox 2108 3050 2325 3116; x_wconf 88' lang='lat' dir='ltr'><strong>tumidi,</strong></span> <span class='ocrx_word' id='word_1_726' title='bbox 2353 3050 2511 3104; x_wconf 89' lang='lat' dir='ltr'><strong>etiam</strong></span> <span class='ocrx_word' id='word_1_727' title='bbox 2535 3066 2621 3104; x_wconf 89' lang='lat' dir='ltr'><strong>res</strong></span> <span class='ocrx_word' id='word_1_728' title='bbox 2643 3065 2769 3104; x_wconf 90' lang='lat' dir='ltr'><strong>suas</strong></span> <span class='ocrx_word' id='word_1_729' title='bbox 2792 3049 3017 3118; x_wconf 85' lang='lat' dir='ltr'><strong>perdere</strong></span> <span class='ocrx_word' id='word_1_730' title='bbox 3044 3049 3265 3117; x_wconf 88' lang='lat' dir='ltr'><strong>volunt,</strong></span> <span class='ocrx_word' id='word_1_731' title='bbox 3289 3051 3539 3107; x_wconf 90' lang='lat' dir='ltr'><strong>donando</strong></span> <span class='ocrx_word' id='word_1_732' title='bbox 3566 3068 3689 3107; x_wconf 87' lang='lat' dir='ltr'><strong>sce-</strong></span> 
     </span>
    </p>
   </div>
   <div class='ocr_carea' id='block_1_94' title="bbox 2108 3138 3684 3209">
    <p class='ocr_par' dir='ltr' id='par_1_94' title="bbox 2108 3138 3684 3209">
     <span class='ocr_line' id='line_1_94' title="bbox 2108 3138 3684 3209; baseline 0 -14"><span class='ocrx_word' id='word_1_733' title='bbox 2108 3141 2262 3200; x_wconf 87' lang='lat' dir='ltr'><strong>nicis.</strong></span> <span class='ocrx_word' id='word_1_734' title='bbox 2295 3138 2639 3194; x_wconf 89' lang='lat' dir='ltr'><strong>histrionibus</strong></span> <span class='ocrx_word' id='word_1_735' title='bbox 2658 3179 2673 3202; x_wconf 93' lang='lat'><strong>,</strong></span> <span class='ocrx_word' id='word_1_736' title='bbox 2700 3139 3038 3193; x_wconf 89' lang='lat' dir='ltr'><strong>venatoribus</strong></span> <span class='ocrx_word' id='word_1_737' title='bbox 3057 3180 3070 3202; x_wconf 93' lang='lat'><strong>,</strong></span> <span class='ocrx_word' id='word_1_738' title='bbox 3098 3138 3316 3209; x_wconf 87' lang='lat' dir='ltr'><strong>aurigis.</strong></span> <span class='ocrx_word' id='word_1_739' title='bbox 3346 3139 3554 3208; x_wconf 88' lang='lat' dir='ltr'><strong>Quanta</strong></span> <span class='ocrx_word' id='word_1_740' title='bbox 3584 3142 3684 3195; x_wconf 90' lang='lat' dir='ltr'><strong>do-</strong></span> 
     </span>
    </p>
   </div>
   <div class='ocr_carea' id='block_1_95' title="bbox 2108 3228 3694 3301">
    <p class='ocr_par' dir='ltr' id='par_1_95' title="bbox 2108 3228 3694 3301">
     <span class='ocr_line' id='line_1_95' title="bbox 2108 3228 3694 3301; baseline 0.001 -16"><span class='ocrx_word' id='word_1_741' title='bbox 2108 3231 2272 3285; x_wconf 81' lang='lat' dir='ltr'><strong>nant!</strong></span> <span class='ocrx_word' id='word_1_742' title='bbox 2304 3238 2499 3299; x_wconf 89' lang='lat' dir='ltr'><strong>quanta</strong></span> <span class='ocrx_word' id='word_1_743' title='bbox 2550 3228 2893 3299; x_wconf 81' lang='lat' dir='ltr'><strong>impendunt!</strong></span> <span class='ocrx_word' id='word_1_744' title='bbox 2943 3228 3234 3284; x_wconf 84' lang='lat' dir='ltr'><strong>Ell&#39;undunt</strong></span> <span class='ocrx_word' id='word_1_745' title='bbox 3264 3230 3408 3285; x_wconf 90' lang='lat' dir='ltr'><strong>vires</strong></span> <span class='ocrx_word' id='word_1_746' title='bbox 3428 3272 3441 3293; x_wconf 89' lang='lat'><strong><em>.</em></strong></span> <span class='ocrx_word' id='word_1_747' title='bbox 3463 3246 3571 3286; x_wconf 92' lang='lat' dir='ltr'><strong>non</strong></span> <span class='ocrx_word' id='word_1_748' title='bbox 3599 3246 3694 3301; x_wconf 87' lang='lat' dir='ltr'><strong>pa-</strong></span> 
     </span>
    </p>
   </div>
   <div class='ocr_carea' id='block_1_96' title="bbox 2111 3316 3693 3384">
    <p class='ocr_par' dir='ltr' id='par_1_96' title="bbox 2111 3316 3693 3384">
     <span class='ocr_line' id='line_1_96' title="bbox 2111 3316 3693 3384; baseline 0.001 -10"><span class='ocrx_word' id='word_1_749' title='bbox 2111 3319 2345 3374; x_wconf 91' lang='lat' dir='ltr'><strong>trimonii</strong></span> <span class='ocrx_word' id='word_1_750' title='bbox 2374 3326 2578 3372; x_wconf 86' lang='lat' dir='ltr'><strong>tantum</strong></span> <span class='ocrx_word' id='word_1_751' title='bbox 2601 3359 2617 3384; x_wconf 95' lang='lat'><strong>,</strong></span> <span class='ocrx_word' id='word_1_752' title='bbox 2646 3316 2741 3373; x_wconf 92' lang='lat' dir='ltr'><strong>sed</strong></span> <span class='ocrx_word' id='word_1_753' title='bbox 2768 3318 2926 3371; x_wconf 89' lang='lat' dir='ltr'><strong>etiam</strong></span> <span class='ocrx_word' id='word_1_754' title='bbox 2953 3318 3112 3372; x_wconf 88' lang='lat' dir='ltr'><strong>animi</strong></span> <span class='ocrx_word' id='word_1_755' title='bbox 3141 3318 3243 3373; x_wconf 92' lang='lat' dir='ltr'><strong>sui.</strong></span> <span class='ocrx_word' id='word_1_756' title='bbox 3293 3319 3383 3373; x_wconf 84' lang='lat' dir='ltr'><strong>ISti</strong></span> <span class='ocrx_word' id='word_1_757' title='bbox 3417 3319 3693 3376; x_wconf 90' lang='lat' dir='ltr'><strong>fastidiunt</strong></span> 
     </span>
    </p>
   </div>
   <div class='ocr_carea' id='block_1_97' title="bbox 2111 3409 3694 3484">
    <p class='ocr_par' dir='ltr' id='par_1_97' title="bbox 2111 3409 3694 3484">
     <span class='ocr_line' id='line_1_97' title="bbox 2111 3409 3694 3484; baseline 0.001 -19"><span class='ocrx_word' id='word_1_758' title='bbox 2111 3426 2419 3484; x_wconf 86' lang='lat' dir='ltr'><strong>pauperem,</strong></span> <span class='ocrx_word' id='word_1_759' title='bbox 2451 3409 2573 3481; x_wconf 90' lang='lat' dir='ltr'><strong>quia</strong></span> <span class='ocrx_word' id='word_1_760' title='bbox 2603 3424 2706 3463; x_wconf 90' lang='lat' dir='ltr'><strong>non</strong></span> <span class='ocrx_word' id='word_1_761' title='bbox 2735 3409 2933 3464; x_wconf 84' lang='lat' dir='ltr'><strong>clamat</strong></span> <span class='ocrx_word' id='word_1_762' title='bbox 2961 3410 3206 3480; x_wconf 89' lang='lat' dir='ltr'><strong>populus,</strong></span> <span class='ocrx_word' id='word_1_763' title='bbox 3242 3420 3297 3464; x_wconf 90' lang='lat' dir='ltr'><strong>ut</strong></span> <span class='ocrx_word' id='word_1_764' title='bbox 3321 3425 3522 3481; x_wconf 88' lang='lat' dir='ltr'><strong>pauper</strong></span> <span class='ocrx_word' id='word_1_765' title='bbox 3549 3413 3694 3467; x_wconf 82' lang='lat' dir='ltr'><strong>acci-</strong></span> 
     </span>
    </p>
   </div>
   <div class='ocr_carea' id='block_1_98' title="bbox 2111 3498 3695 3579">
    <p class='ocr_par' dir='ltr' id='par_1_98' title="bbox 2111 3498 3695 3579">
     <span class='ocr_line' id='line_1_98' title="bbox 2111 3498 3695 3579; baseline 0.001 -22"><span class='ocrx_word' id='word_1_766' title='bbox 2111 3504 2251 3573; x_wconf 90' lang='lat' dir='ltr'><strong>piat;</strong></span> <span class='ocrx_word' id='word_1_767' title='bbox 2280 3503 2478 3557; x_wconf 87' lang='lat' dir='ltr'><strong>clamat</strong></span> <span class='ocrx_word' id='word_1_768' title='bbox 2502 3507 2681 3553; x_wconf 88' lang='lat' dir='ltr'><strong>autem</strong></span> <span class='ocrx_word' id='word_1_769' title='bbox 2713 3498 2974 3568; x_wconf 84' lang='lat' dir='ltr'><strong>populus,</strong></span> <span class='ocrx_word' id='word_1_770' title='bbox 3001 3508 3058 3551; x_wconf 93' lang='lat' dir='ltr'><strong>ut</strong></span> <span class='ocrx_word' id='word_1_771' title='bbox 3087 3507 3309 3579; x_wconf 68' lang='lat' dir='ltr'><strong>venator</strong></span> <span class='ocrx_word' id='word_1_772' title='bbox 3333 3501 3579 3570; x_wconf 89' lang='lat' dir='ltr'><strong>accipiat.</strong></span> <span class='ocrx_word' id='word_1_773' title='bbox 3616 3502 3695 3558; x_wconf 91' lang='lat' dir='ltr'><strong>Illi</strong></span> 
     </span>
    </p>
   </div>
   <div class='ocr_carea' id='block_1_99' title="bbox 2113 3586 3694 3660">
    <p class='ocr_par' dir='ltr' id='par_1_99' title="bbox 2113 3586 3694 3660">
     <span class='ocr_line' id='line_1_99' title="bbox 2113 3586 3694 3660; baseline 0.001 -15"><span class='ocrx_word' id='word_1_774' title='bbox 2113 3605 2242 3660; x_wconf 88' lang='lat' dir='ltr'><strong>ergo</strong></span> <span class='ocrx_word' id='word_1_775' title='bbox 2268 3589 2356 3643; x_wconf 90' lang='lat' dir='ltr'><strong>ubi</strong></span> <span class='ocrx_word' id='word_1_776' title='bbox 2385 3590 2465 3643; x_wconf 91' lang='lat' dir='ltr'><strong>eis</strong></span> <span class='ocrx_word' id='word_1_777' title='bbox 2493 3603 2598 3642; x_wconf 91' lang='lat' dir='ltr'><strong>non</strong></span> <span class='ocrx_word' id='word_1_778' title='bbox 2626 3588 2906 3652; x_wconf 88' lang='lat' dir='ltr'><strong>clamatur,</strong></span> <span class='ocrx_word' id='word_1_779' title='bbox 2944 3586 3132 3640; x_wconf 91' lang='lat' dir='ltr'><strong>nolunt</strong></span> <span class='ocrx_word' id='word_1_780' title='bbox 3170 3601 3391 3657; x_wconf 86' lang='lat' dir='ltr'><strong>erogare</strong></span> <span class='ocrx_word' id='word_1_781' title='bbox 3416 3606 3431 3642; x_wconf 88' lang='lat'><strong>:</strong></span> <span class='ocrx_word' id='word_1_782' title='bbox 3456 3591 3544 3645; x_wconf 90' lang='lat' dir='ltr'><strong>ubi</strong></span> <span class='ocrx_word' id='word_1_783' title='bbox 3583 3592 3694 3646; x_wconf 89' lang='lat' dir='ltr'><strong>cla-</strong></span> 
     </span>
    </p>
   </div>
   <div class='ocr_carea' id='block_1_100' title="bbox 2114 3675 3694 3750">
    <p class='ocr_par' dir='ltr' id='par_1_100' title="bbox 2114 3675 3694 3750">
     <span class='ocr_line' id='line_1_100' title="bbox 2114 3675 3694 3750; baseline 0.001 -17"><span class='ocrx_word' id='word_1_784' title='bbox 2114 3688 2289 3733; x_wconf 88' lang='lat' dir='ltr'><strong>matur</strong></span> <span class='ocrx_word' id='word_1_785' title='bbox 2324 3677 2392 3730; x_wconf 91' lang='lat' dir='ltr'><strong>ab</strong></span> <span class='ocrx_word' id='word_1_786' title='bbox 2431 3676 2664 3739; x_wconf 90' lang='lat' dir='ltr'><strong>insanis,</strong></span> <span class='ocrx_word' id='word_1_787' title='bbox 2693 3675 2998 3741; x_wconf 90' lang='lat' dir='ltr'><strong>insaniunt;</strong></span> <span class='ocrx_word' id='word_1_788' title='bbox 3028 3683 3083 3730; x_wconf 89' lang='lat' dir='ltr'><strong>et</strong></span> <span class='ocrx_word' id='word_1_789' title='bbox 3110 3676 3242 3730; x_wconf 86' lang='lat' dir='ltr'><strong>ﬁunt</strong></span> <span class='ocrx_word' id='word_1_790' title='bbox 3269 3692 3455 3733; x_wconf 88' lang='lat' dir='ltr'><strong>omnes</strong></span> <span class='ocrx_word' id='word_1_791' title='bbox 3485 3680 3694 3750; x_wconf 88' lang='lat' dir='ltr'><strong>insani,</strong></span> 
     </span>
    </p>
   </div>
   <div class='ocr_carea' id='block_1_101' title="bbox 2114 3767 3696 3841">
    <p class='ocr_par' dir='ltr' id='par_1_101' title="bbox 2114 3767 3696 3841">
     <span class='ocr_line' id='line_1_101' title="bbox 2114 3767 3696 3841; baseline 0.002 -15"><span class='ocrx_word' id='word_1_792' title='bbox 2114 3780 2168 3826; x_wconf 89' lang='lat' dir='ltr'><strong>et</strong></span> <span class='ocrx_word' id='word_1_793' title='bbox 2190 3769 2278 3841; x_wconf 89' lang='lat' dir='ltr'><strong>qni</strong></span> <span class='ocrx_word' id='word_1_794' title='bbox 2303 3776 2590 3839; x_wconf 87' lang='lat' dir='ltr'><strong>spectatur,</strong></span> <span class='ocrx_word' id='word_1_795' title='bbox 2614 3775 2667 3821; x_wconf 91' lang='lat' dir='ltr'><strong>et</strong></span> <span class='ocrx_word' id='word_1_796' title='bbox 2690 3767 2778 3836; x_wconf 92' lang='lat' dir='ltr'><strong>qui</strong></span> <span class='ocrx_word' id='word_1_797' title='bbox 2801 3773 3038 3836; x_wconf 88' lang='lat' dir='ltr'><strong>spectat,</strong></span> <span class='ocrx_word' id='word_1_798' title='bbox 3060 3775 3115 3821; x_wconf 89' lang='lat' dir='ltr'><strong>et</strong></span> <span class='ocrx_word' id='word_1_799' title='bbox 3149 3768 3239 3838; x_wconf 87' lang='lat' dir='ltr'><strong>qui</strong></span> <span class='ocrx_word' id='word_1_800' title='bbox 3277 3768 3458 3824; x_wconf 86' lang='lat' dir='ltr'><strong>donat.</strong></span> <span class='ocrx_word' id='word_1_801' title='bbox 3507 3771 3696 3829; x_wconf 90' lang='lat' dir='ltr'><strong>lnsaua</strong></span> 
     </span>
    </p>
   </div>
   <div class='ocr_carea' id='block_1_102' title="bbox 2117 3856 3697 3931">
    <p class='ocr_par' dir='ltr' id='par_1_102' title="bbox 2117 3856 3697 3931">
     <span class='ocr_line' id='line_1_102' title="bbox 2117 3856 3697 3931; baseline 0.001 -14"><span class='ocrx_word' id='word_1_802' title='bbox 2117 3861 2217 3917; x_wconf 88' lang='lat' dir='ltr'><strong>ista</strong></span> <span class='ocrx_word' id='word_1_803' title='bbox 2246 3859 2414 3931; x_wconf 85' lang='lat' dir='ltr'><strong>gloria</strong></span> <span class='ocrx_word' id='word_1_804' title='bbox 2438 3856 2855 3928; x_wconf 87' lang='lat' dir='ltr'><strong>reprehenditur</strong></span> <span class='ocrx_word' id='word_1_805' title='bbox 2875 3872 2905 3912; x_wconf 88' lang='lat' dir='ltr'><strong>a</strong></span> <span class='ocrx_word' id='word_1_806' title='bbox 2936 3857 3180 3924; x_wconf 84' lang='lat' dir='ltr'><strong>Domino,</strong></span> <span class='ocrx_word' id='word_1_807' title='bbox 3213 3860 3544 3929; x_wconf 86' lang='lat' dir='ltr'><strong>improbatur</strong></span> <span class='ocrx_word' id='word_1_808' title='bbox 3571 3874 3697 3920; x_wconf 85' lang='lat' dir='ltr'><strong>ante</strong></span> 
     </span>
    </p>
   </div>
   <div class='ocr_carea' id='block_1_103' title="bbox 2116 3947 3700 4019">
    <p class='ocr_par' dir='ltr' id='par_1_103' title="bbox 2116 3947 3700 4019">
     <span class='ocr_line' id='line_1_103' title="bbox 2116 3947 3700 4019; baseline 0.001 -12"><span class='ocrx_word' id='word_1_809' title='bbox 2116 3951 2301 4008; x_wconf 90' lang='lat' dir='ltr'><strong>oculos</strong></span> <span class='ocrx_word' id='word_1_810' title='bbox 2328 3949 2740 4019; x_wconf 82' lang='lat' dir='ltr'><strong>Omnipotentis.</strong></span> <span class='ocrx_word' id='word_1_811' title='bbox 2770 3947 2837 4002; x_wconf 88' lang='lat' dir='ltr'><strong>Et</strong></span> <span class='ocrx_word' id='word_1_812' title='bbox 2867 3956 3067 4014; x_wconf 87' lang='lat' dir='ltr'><strong>tamen,</strong></span> <span class='ocrx_word' id='word_1_813' title='bbox 3086 3947 3275 4004; x_wconf 86' lang='lat' dir='ltr'><strong>fratres</strong></span> <span class='ocrx_word' id='word_1_814' title='bbox 3302 3951 3427 4015; x_wconf 87' lang='lat' dir='ltr'><strong>mei,</strong></span> <span class='ocrx_word' id='word_1_815' title='bbox 3453 3952 3700 4009; x_wconf 80' lang='lat' dir='ltr'><strong>Christus</strong></span> 
     </span>
    </p>
   </div>
   <div class='ocr_carea' id='block_1_104' title="bbox 2118 4038 3701 4113">
    <p class='ocr_par' dir='ltr' id='par_1_104' title="bbox 2118 4038 3701 4113">
     <span class='ocr_line' id='line_1_104' title="bbox 2118 4038 3701 4113; baseline 0.001 -14"><span class='ocrx_word' id='word_1_816' title='bbox 2118 4044 2196 4099; x_wconf 92' lang='lat' dir='ltr'><strong>sic</strong></span> <span class='ocrx_word' id='word_1_817' title='bbox 2219 4043 2546 4113; x_wconf 87' lang='lat' dir='ltr'><strong>improperat</strong></span> <span class='ocrx_word' id='word_1_818' title='bbox 2568 4040 2702 4104; x_wconf 82' lang='lat' dir='ltr'><strong>‘suis,</strong></span> <span class='ocrx_word' id='word_1_819' title='bbox 2734 4047 2789 4095; x_wconf 90' lang='lat' dir='ltr'><strong>et</strong></span> <span class='ocrx_word' id='word_1_820' title='bbox 2811 4038 2939 4094; x_wconf 89' lang='lat' dir='ltr'><strong>dicit</strong></span> <span class='ocrx_word' id='word_1_821' title='bbox 2961 4055 2974 4092; x_wconf 89' lang='lat'><strong>:</strong></span> <span class='ocrx_word' id='word_1_822' title='bbox 3000 4038 3117 4093; x_wconf 90' lang='lat' dir='ltr'><strong>Non</strong></span> <span class='ocrx_word' id='word_1_823' title='bbox 3146 4054 3175 4094; x_wconf 88' lang='lat' dir='ltr'><strong>a</strong></span> <span class='ocrx_word' id='word_1_824' title='bbox 3204 4040 3353 4096; x_wconf 91' lang='lat' dir='ltr'><strong>vobis</strong></span> <span class='ocrx_word' id='word_1_825' title='bbox 3381 4044 3558 4112; x_wconf 88' lang='lat' dir='ltr'><strong>accepi</strong></span> <span class='ocrx_word' id='word_1_826' title='bbox 3590 4053 3701 4100; x_wconf 81' lang='lat' dir='ltr'><strong>tan-</strong></span> 
     </span>
    </p>
   </div>
   <div class='ocr_carea' id='block_1_105' title="bbox 2120 4133 3703 4204">
    <p class='ocr_par' dir='ltr' id='par_1_105' title="bbox 2120 4133 3703 4204">
     <span class='ocr_line' id='line_1_105' title="bbox 2120 4133 3703 4204; baseline 0.002 -14"><span class='ocrx_word' id='word_1_827' title='bbox 2120 4143 2251 4197; x_wconf 90' lang='lat' dir='ltr'><strong>tum,</strong></span> <span class='ocrx_word' id='word_1_828' title='bbox 2278 4143 2535 4204; x_wconf 91' lang='lat' dir='ltr'><strong>quantum</strong></span> <span class='ocrx_word' id='word_1_829' title='bbox 2564 4139 2885 4200; x_wconf 90' lang='lat' dir='ltr'><strong>acceperunt</strong></span> <span class='ocrx_word' id='word_1_830' title='bbox 2903 4139 3213 4198; x_wconf 85' lang='lat' dir='ltr'><strong>venatores;</strong></span> <span class='ocrx_word' id='word_1_831' title='bbox 3241 4142 3294 4188; x_wconf 91' lang='lat' dir='ltr'><strong>et</strong></span> <span class='ocrx_word' id='word_1_832' title='bbox 3323 4133 3427 4191; x_wconf 85' lang='lat' dir='ltr'><strong>illis</strong></span> <span class='ocrx_word' id='word_1_833' title='bbox 3455 4144 3512 4190; x_wconf 93' lang='lat' dir='ltr'><strong>ut</strong></span> <span class='ocrx_word' id='word_1_834' title='bbox 3535 4136 3703 4193; x_wconf 82' lang='lat' dir='ltr'><strong>dona-</strong></span> 
     </span>
    </p>
   </div>
   <div class='ocr_carea' id='block_1_106' title="bbox 2119 4221 3701 4294">
    <p class='ocr_par' dir='ltr' id='par_1_106' title="bbox 2119 4221 3701 4294">
     <span class='ocr_line' id='line_1_106' title="bbox 2119 4221 3701 4294; baseline 0.003 -14"><span class='ocrx_word' id='word_1_835' title='bbox 2119 4225 2271 4290; x_wconf 88' lang='lat' dir='ltr'><strong>retis,</strong></span> <span class='ocrx_word' id='word_1_836' title='bbox 2296 4223 2362 4278; x_wconf 89' lang='lat' dir='ltr'><strong>de</strong></span> <span class='ocrx_word' id='word_1_837' title='bbox 2383 4237 2506 4278; x_wconf 90' lang='lat' dir='ltr'><strong>meo</strong></span> <span class='ocrx_word' id='word_1_838' title='bbox 2527 4221 2767 4277; x_wconf 89' lang='lat' dir='ltr'><strong>donastis</strong></span> <span class='ocrx_word' id='word_1_839' title='bbox 2790 4239 2803 4278; x_wconf 92' lang='lat'>:</span> <span class='ocrx_word' id='word_1_840' title='bbox 2827 4236 2926 4292; x_wconf 86' lang='lat' dir='ltr'><strong>ego</strong></span> <span class='ocrx_word' id='word_1_841' title='bbox 2945 4230 3123 4277; x_wconf 87' lang='lat' dir='ltr'><strong>autem</strong></span> <span class='ocrx_word' id='word_1_842' title='bbox 3145 4223 3311 4279; x_wconf 77' lang='lat' dir='ltr'><strong>nudus</strong></span> <span class='ocrx_word' id='word_1_843' title='bbox 3336 4241 3494 4294; x_wconf 87' lang='lat' dir='ltr'><strong>eram,</strong></span> <span class='ocrx_word' id='word_1_844' title='bbox 3523 4237 3571 4282; x_wconf 88' lang='lat' dir='ltr'><strong>et</strong></span> <span class='ocrx_word' id='word_1_845' title='bbox 3598 4245 3701 4284; x_wconf 81' lang='lat' dir='ltr'><strong>non</strong></span> 
     </span>
    </p>
   </div>
   <div class='ocr_carea' id='block_1_107' title="bbox 2120 4304 3704 4385">
    <p class='ocr_par' dir='ltr' id='par_1_107' title="bbox 2120 4304 3704 4385">
     <span class='ocr_line' id='line_1_107' title="bbox 2120 4304 3704 4385; baseline 0.003 -14"><span class='ocrx_word' id='word_1_846' title='bbox 2120 4317 2334 4372; x_wconf 81' lang='lat' dir='ltr'><strong>vestistis</strong></span> <span class='ocrx_word' id='word_1_847' title='bbox 2360 4331 2459 4369; x_wconf 89' lang='lat' dir='ltr'><strong>me.</strong></span> <span class='ocrx_word' id='word_1_848' title='bbox 2486 4314 2553 4369; x_wconf 87' lang='lat' dir='ltr'><strong>Et</strong></span> <span class='ocrx_word' id='word_1_849' title='bbox 2582 4314 2656 4369; x_wconf 88' lang='lat' dir='ltr'><strong>illi</strong></span> <span class='ocrx_word' id='word_1_850' title='bbox 2682 4331 2695 4367; x_wconf 90' lang='lat'>:</span> <span class='ocrx_word' id='word_1_851' title='bbox 2722 4313 2789 4367; x_wconf 85' lang='lat' dir='ltr'><strong>Et</strong></span> <span class='ocrx_word' id='word_1_852' title='bbox 2830 4304 3034 4384; x_wconf 76' lang='lat' dir='ltr'><strong>quando</strong></span> <span class='ocrx_word' id='word_1_853' title='bbox 3073 4324 3122 4368; x_wconf 88' lang='lat' dir='ltr'><strong>te</strong></span> <span class='ocrx_word' id='word_1_854' title='bbox 3156 4315 3372 4372; x_wconf 77' lang='lat' dir='ltr'><strong>uidimus</strong></span> <span class='ocrx_word' id='word_1_855' title='bbox 3404 4319 3622 4385; x_wconf 75' lang='lat' dir='ltr'><strong>nudum,</strong></span> <span class='ocrx_word' id='word_1_856' title='bbox 3656 4330 3704 4375; x_wconf 79' lang='lat' dir='ltr'><strong>rt</strong></span> 
     </span>
    </p>
   </div>
   <div class='ocr_carea' id='block_1_108' title="bbox 2123 4404 3703 4468">
    <p class='ocr_par' dir='ltr' id='par_1_108' title="bbox 2123 4404 3703 4468">
     <span class='ocr_line' id='line_1_108' title="bbox 2123 4404 3703 4468; baseline 0.001 -3"><span class='ocrx_word' id='word_1_857' title='bbox 2123 4427 2224 4465; x_wconf 90' lang='lat' dir='ltr'><strong>non</strong></span> <span class='ocrx_word' id='word_1_858' title='bbox 2251 4408 2535 4464; x_wconf 82' lang='lat' dir='ltr'><strong>vestivimus</strong></span> <span class='ocrx_word' id='word_1_859' title='bbox 2563 4406 2646 4461; x_wconf 84' lang='lat' dir='ltr'><strong>te?</strong></span> <span class='ocrx_word' id='word_1_860' title='bbox 2674 4406 2744 4460; x_wconf 88' lang='lat' dir='ltr'><strong>Et</strong></span> <span class='ocrx_word' id='word_1_861' title='bbox 2773 4407 2861 4460; x_wconf 89' lang='lat' dir='ltr'><strong>ille</strong></span> <span class='ocrx_word' id='word_1_862' title='bbox 2885 4423 2899 4459; x_wconf 89' lang='lat'><strong>:</strong></span> <span class='ocrx_word' id='word_1_863' title='bbox 2922 4404 3049 4462; x_wconf 87' lang='lat' dir='ltr'><strong>Cum</strong></span> <span class='ocrx_word' id='word_1_864' title='bbox 3091 4406 3182 4461; x_wconf 88' lang='lat' dir='ltr'><strong>uni</strong></span> <span class='ocrx_word' id='word_1_865' title='bbox 3219 4425 3285 4464; x_wconf 78' lang='lat' dir='ltr'><strong>ea:</strong></span> <span class='ocrx_word' id='word_1_866' title='bbox 3322 4411 3541 4466; x_wconf 86' lang='lat' dir='ltr'><strong>minimis</strong></span> <span class='ocrx_word' id='word_1_867' title='bbox 3580 4414 3703 4468; x_wconf 79' lang='lat' dir='ltr'><strong>mris</strong></span> 
     </span>
    </p>
   </div>
   <div class='ocr_carea' id='block_1_109' title="bbox 2123 4496 3702 4571">
    <p class='ocr_par' dir='ltr' id='par_1_109' title="bbox 2123 4496 3702 4571">
     <span class='ocr_line' id='line_1_109' title="bbox 2123 4496 3702 4571; baseline 0.001 -15"><span class='ocrx_word' id='word_1_868' title='bbox 2123 4518 2224 4556; x_wconf 89' lang='lat' dir='ltr'><strong>non</strong></span> <span class='ocrx_word' id='word_1_869' title='bbox 2249 4499 2455 4571; x_wconf 76' lang='lat' dir='ltr'><strong>fecistis.</strong></span> <span class='ocrx_word' id='word_1_870' title='bbox 2483 4514 2574 4552; x_wconf 85' lang='lat' dir='ltr'><strong>nec</strong></span> <span class='ocrx_word' id='word_1_871' title='bbox 2596 4498 2719 4551; x_wconf 83' lang='lat' dir='ltr'><strong>miln‘</strong></span> <span class='ocrx_word' id='word_1_872' title='bbox 2745 4498 2935 4569; x_wconf 82' lang='lat' dir='ltr'><strong>fecistis</strong></span> <span class='ocrx_word' id='word_1_873' title='bbox 2966 4496 3177 4567; x_wconf 80' lang='lat' dir='ltr'><strong>(Matth.</strong></span> <span class='ocrx_word' id='word_1_874' title='bbox 3209 4515 3336 4565; x_wconf 82' lang='lat' dir='ltr'><strong>xxv,</strong></span> <span class='ocrx_word' id='word_1_875' title='bbox 3360 4502 3563 4571; x_wconf 63' lang='lat'><strong>43-45).</strong></span> <span class='ocrx_word' id='word_1_876' title='bbox 3596 4504 3702 4558; x_wconf 83' lang='lat' dir='ltr'><strong>Sed</strong></span> 
     </span>
    </p>
   </div>
   <div class='ocr_carea' id='block_1_110' title="bbox 2123 4588 3704 4661">
    <p class='ocr_par' dir='ltr' id='par_1_110' title="bbox 2123 4588 3704 4661">
     <span class='ocr_line' id='line_1_110' title="bbox 2123 4588 3704 4661; baseline 0.001 -13"><span class='ocrx_word' id='word_1_877' title='bbox 2123 4608 2246 4648; x_wconf 87' lang='lat' dir='ltr'><strong>cum</strong></span> <span class='ocrx_word' id='word_1_878' title='bbox 2273 4590 2353 4645; x_wconf 89' lang='lat' dir='ltr'><strong>vis</strong></span> <span class='ocrx_word' id='word_1_879' title='bbox 2376 4592 2571 4645; x_wconf 85' lang='lat' dir='ltr'><strong>vestire</strong></span> <span class='ocrx_word' id='word_1_880' title='bbox 2591 4631 2605 4656; x_wconf 94' lang='lat'><strong>,</strong></span> <span class='ocrx_word' id='word_1_881' title='bbox 2633 4589 2722 4659; x_wconf 91' lang='lat' dir='ltr'><strong>qui</strong></span> <span class='ocrx_word' id='word_1_882' title='bbox 2748 4589 2842 4644; x_wconf 91' lang='lat' dir='ltr'><strong>tibi</strong></span> <span class='ocrx_word' id='word_1_883' title='bbox 2870 4588 3046 4659; x_wconf 74' lang='lat' dir='ltr'><strong>placet</strong></span> <span class='ocrx_word' id='word_1_884' title='bbox 3075 4607 3090 4644; x_wconf 89' lang='lat'><strong>:</strong></span> <span class='ocrx_word' id='word_1_885' title='bbox 3120 4590 3172 4645; x_wconf 93' lang='lat' dir='ltr'><strong>in</strong></span> <span class='ocrx_word' id='word_1_886' title='bbox 3202 4605 3308 4661; x_wconf 85' lang='lat' dir='ltr'><strong>quo</strong></span> <span class='ocrx_word' id='word_1_887' title='bbox 3335 4592 3427 4647; x_wconf 93' lang='lat' dir='ltr'><strong>tibi</strong></span> <span class='ocrx_word' id='word_1_888' title='bbox 3458 4593 3704 4650; x_wconf 84' lang='lat' dir='ltr'><strong>Christus</strong></span> 
     </span>
    </p>
   </div>
   <div class='ocr_carea' id='block_1_111' title="bbox 2126 4679 3704 4752">
    <p class='ocr_par' dir='ltr' id='par_1_111' title="bbox 2126 4679 3704 4752">
     <span class='ocr_line' id='line_1_111' title="bbox 2126 4679 3704 4752; baseline 0.001 -15"><span class='ocrx_word' id='word_1_889' title='bbox 2126 4680 2403 4752; x_wconf 83' lang='lat' dir='ltr'><strong>diSplicct?</strong></span> <span class='ocrx_word' id='word_1_890' title='bbox 2432 4679 2636 4734; x_wconf 83' lang='lat' dir='ltr'><strong>Vestire</strong></span> <span class='ocrx_word' id='word_1_891' title='bbox 2660 4679 2740 4733; x_wconf 91' lang='lat' dir='ltr'><strong>vis</strong></span> <span class='ocrx_word' id='word_1_892' title='bbox 2764 4686 3092 4744; x_wconf 86' lang='lat' dir='ltr'><strong>venatorem,</strong></span> <span class='ocrx_word' id='word_1_893' title='bbox 3124 4695 3230 4749; x_wconf 91' lang='lat' dir='ltr'><strong>quo</strong></span> <span class='ocrx_word' id='word_1_894' title='bbox 3255 4680 3394 4738; x_wconf 86' lang='lat' dir='ltr'><strong>forte</strong></span> <span class='ocrx_word' id='word_1_895' title='bbox 3419 4684 3559 4738; x_wconf 88' lang='lat' dir='ltr'><strong>victo</strong></span> <span class='ocrx_word' id='word_1_896' title='bbox 3580 4700 3704 4739; x_wconf 83' lang='lat' dir='ltr'><strong>eru-</strong></span> 
     </span>
    </p>
   </div>
   <div class='ocr_carea' id='block_1_112' title="bbox 2127 4771 3703 4840">
    <p class='ocr_par' dir='ltr' id='par_1_112' title="bbox 2127 4771 3703 4840">
     <span class='ocr_line' id='line_1_112' title="bbox 2127 4771 3703 4840; baseline 0.001 -10"><span class='ocrx_word' id='word_1_897' title='bbox 2127 4774 2312 4830; x_wconf 90' lang='lat' dir='ltr'><strong>bescas</strong></span> <span class='ocrx_word' id='word_1_898' title='bbox 2337 4791 2349 4827; x_wconf 94' lang='lat'>:</span> <span class='ocrx_word' id='word_1_899' title='bbox 2378 4772 2624 4828; x_wconf 83' lang='lat' dir='ltr'><strong>Christus</strong></span> <span class='ocrx_word' id='word_1_900' title='bbox 2655 4785 2925 4840; x_wconf 92' lang='lat' dir='ltr'><strong>nunquam</strong></span> <span class='ocrx_word' id='word_1_901' title='bbox 2953 4771 3212 4837; x_wconf 89' lang='lat' dir='ltr'><strong>vincitur;</strong></span> <span class='ocrx_word' id='word_1_902' title='bbox 3243 4783 3297 4828; x_wconf 93' lang='lat' dir='ltr'><strong>et</strong></span> <span class='ocrx_word' id='word_1_903' title='bbox 3320 4774 3592 4831; x_wconf 87' lang='lat' dir='ltr'><strong>diabolum</strong></span> <span class='ocrx_word' id='word_1_904' title='bbox 3622 4780 3703 4832; x_wconf 84' lang='lat' dir='ltr'><strong>vi-</strong></span> 
     </span>
    </p>
   </div>
   <div class='ocr_carea' id='block_1_113' title="bbox 2128 4848 3705 4932">
    <p class='ocr_par' dir='ltr' id='par_1_113' title="bbox 2128 4848 3705 4932">
     <span class='ocr_line' id='line_1_113' title="bbox 2128 4848 3705 4932; baseline 0.003 -11"><span class='ocrx_word' id='word_1_905' title='bbox 2128 4868 2228 4931; x_wconf 88' lang='lat' dir='ltr'><strong>cit,</strong></span> <span class='ocrx_word' id='word_1_906' title='bbox 2258 4874 2312 4919; x_wconf 89' lang='lat' dir='ltr'><strong>et</strong></span> <span class='ocrx_word' id='word_1_907' title='bbox 2340 4879 2434 4932; x_wconf 88' lang='lat' dir='ltr'><strong>pro</strong></span> <span class='ocrx_word' id='word_1_908' title='bbox 2466 4874 2516 4918; x_wconf 82' lang='lat' dir='ltr'><strong>te</strong></span> <span class='ocrx_word' id='word_1_909' title='bbox 2545 4862 2708 4928; x_wconf 87' lang='lat' dir='ltr'><strong>vicit,</strong></span> <span class='ocrx_word' id='word_1_910' title='bbox 2735 4871 2790 4916; x_wconf 90' lang='lat' dir='ltr'><strong>et</strong></span> <span class='ocrx_word' id='word_1_911' title='bbox 2815 4860 2909 4916; x_wconf 89' lang='lat' dir='ltr'><strong>tibi</strong></span> <span class='ocrx_word' id='word_1_912' title='bbox 2941 4860 3087 4928; x_wconf 88' lang='lat' dir='ltr'><strong>vicit,</strong></span> <span class='ocrx_word' id='word_1_913' title='bbox 3111 4848 3166 4917; x_wconf 81' lang='lat' dir='ltr'><strong>et</strong></span> <span class='ocrx_word' id='word_1_914' title='bbox 3191 4864 3244 4917; x_wconf 91' lang='lat' dir='ltr'><strong>in</strong></span> <span class='ocrx_word' id='word_1_915' title='bbox 3273 4873 3325 4920; x_wconf 79' lang='lat' dir='ltr'><strong>te</strong></span> <span class='ocrx_word' id='word_1_916' title='bbox 3345 4867 3489 4922; x_wconf 88' lang='lat' dir='ltr'><strong>vicit.</strong></span> <span class='ocrx_word' id='word_1_917' title='bbox 3521 4869 3705 4926; x_wconf 87' lang='lat' dir='ltr'><strong>Talem</strong></span> 
     </span>
    </p>
   </div>
   <div class='ocr_carea' id='block_1_114' title="bbox 2130 4951 3704 5022">
    <p class='ocr_par' dir='ltr' id='par_1_114' title="bbox 2130 4951 3704 5022">
     <span class='ocr_line' id='line_1_114' title="bbox 2130 4951 3704 5022; baseline 0.003 -11"><span class='ocrx_word' id='word_1_918' title='bbox 2130 4958 2383 5012; x_wconf 55' lang='lat' dir='ltr'><strong>victorem</strong></span> <span class='ocrx_word' id='word_1_919' title='bbox 2412 4954 2602 5010; x_wconf 86' lang='lat' dir='ltr'><strong>vestire</strong></span> <span class='ocrx_word' id='word_1_920' title='bbox 2633 4968 2740 5008; x_wconf 93' lang='lat' dir='ltr'><strong>non</strong></span> <span class='ocrx_word' id='word_1_921' title='bbox 2768 4953 2868 5007; x_wconf 91' lang='lat' dir='ltr'><strong>vis.</strong></span> <span class='ocrx_word' id='word_1_922' title='bbox 2899 4951 3111 5019; x_wconf 84' lang='lat' dir='ltr'><strong>Quare?</strong></span> <span class='ocrx_word' id='word_1_923' title='bbox 3139 4953 3273 5022; x_wconf 87' lang='lat' dir='ltr'><strong>Quia</strong></span> <span class='ocrx_word' id='word_1_924' title='bbox 3301 4957 3475 5013; x_wconf 88' lang='lat' dir='ltr'><strong>minus</strong></span> <span class='ocrx_word' id='word_1_925' title='bbox 3503 4960 3704 5016; x_wconf 87' lang='lat' dir='ltr'><strong>clama-</strong></span> 
     </span>
    </p>
   </div>
   <div class='ocr_carea' id='block_1_115' title="bbox 2129 5043 3705 5122">
    <p class='ocr_par' dir='ltr' id='par_1_115' title="bbox 2129 5043 3705 5122">
     <span class='ocr_line' id='line_1_115' title="bbox 2129 5043 3705 5122; baseline -0.004 -19"><span class='ocrx_word' id='word_1_926' title='bbox 2129 5047 2385 5122; x_wconf 49' lang='lat' dir='ltr'><strong>tur,‘quia</strong></span> <span class='ocrx_word' id='word_1_927' title='bbox 2415 5046 2589 5099; x_wconf 89' lang='lat' dir='ltr'><strong>minus</strong></span> <span class='ocrx_word' id='word_1_928' title='bbox 2615 5043 2894 5098; x_wconf 89' lang='lat' dir='ltr'><strong>insanitur.</strong></span> <span class='ocrx_word' id='word_1_929' title='bbox 2929 5043 3215 5113; x_wconf 88' lang='lat' dir='ltr'><strong>Propterea</strong></span> <span class='ocrx_word' id='word_1_930' title='bbox 3247 5047 3332 5102; x_wconf 93' lang='lat' dir='ltr'><strong>isti</strong></span> <span class='ocrx_word' id='word_1_931' title='bbox 3357 5050 3445 5118; x_wconf 89' lang='lat' dir='ltr'><strong>qui</strong></span> <span class='ocrx_word' id='word_1_932' title='bbox 3474 5051 3563 5105; x_wconf 87' lang='lat' dir='ltr'><strong>tali</strong></span> <span class='ocrx_word' id='word_1_933' title='bbox 3589 5053 3705 5122; x_wconf 62' lang='lat' dir='ltr'><strong>gl..-</strong></span> 
     </span>
    </p>
   </div>
   <div class='ocr_carea' id='block_1_116' title="bbox 2131 5109 3708 5209">
    <p class='ocr_par' dir='ltr' id='par_1_116' title="bbox 2131 5109 3708 5209">
     <span class='ocr_line' id='line_1_116' title="bbox 2131 5109 3708 5209; baseline 0.001 -17"><span class='ocrx_word' id='word_1_934' title='bbox 2131 5139 2208 5193; x_wconf 88' lang='lat' dir='ltr'><strong>ria</strong></span> <span class='ocrx_word' id='word_1_935' title='bbox 2233 5109 2578 5200; x_wconf 83' lang='lat' dir='ltr'><strong>delectantur,</strong></span> <span class='ocrx_word' id='word_1_936' title='bbox 2611 5134 2664 5187; x_wconf 93' lang='lat' dir='ltr'><strong>in</strong></span> <span class='ocrx_word' id='word_1_937' title='bbox 2689 5133 3014 5188; x_wconf 90' lang='lat' dir='ltr'><strong>conscientia</strong></span> <span class='ocrx_word' id='word_1_938' title='bbox 3044 5148 3137 5189; x_wconf 88' lang='lat' dir='ltr'><strong>sua</strong></span> <span class='ocrx_word' id='word_1_939' title='bbox 3164 5134 3294 5190; x_wconf 91' lang='lat' dir='ltr'><strong>nihil</strong></span> <span class='ocrx_word' id='word_1_940' title='bbox 3324 5109 3538 5193; x_wconf 78' lang='lat' dir='ltr'><strong>habent.</strong></span> <span class='ocrx_word' id='word_1_941' title='bbox 3561 5109 3708 5209; x_wconf 64' lang='lat' dir='ltr'><strong>Qum</strong></span> 
     </span>
    </p>
   </div>
   <div class='ocr_carea' id='block_1_117' title="bbox 2134 5225 3710 5297">
    <p class='ocr_par' dir='ltr' id='par_1_117' title="bbox 2134 5225 3710 5297">
     <span class='ocr_line' id='line_1_117' title="bbox 2134 5225 3710 5297; baseline -0.003 -13"><span class='ocrx_word' id='word_1_942' title='bbox 2134 5228 2294 5284; x_wconf 92' lang='lat' dir='ltr'><strong>modo</strong></span> <span class='ocrx_word' id='word_1_943' title='bbox 2347 5225 2666 5282; x_wconf 90' lang='lat' dir='ltr'><strong>exhauriunt</strong></span> <span class='ocrx_word' id='word_1_944' title='bbox 2717 5238 2911 5290; x_wconf 86' lang='lat' dir='ltr'><strong>arcas,</strong></span> <span class='ocrx_word' id='word_1_945' title='bbox 2960 5233 3017 5281; x_wconf 87' lang='lat' dir='ltr'><strong>ut</strong></span> <span class='ocrx_word' id='word_1_946' title='bbox 3062 5236 3238 5281; x_wconf 87' lang='lat' dir='ltr'><strong>vestes</strong></span> <span class='ocrx_word' id='word_1_947' title='bbox 3283 5229 3496 5285; x_wconf 87' lang='lat' dir='ltr'><strong>mittant</strong></span> <span class='ocrx_word' id='word_1_948' title='bbox 3533 5229 3584 5297; x_wconf 66' lang='grc' dir='ltr'><strong>ις</strong></span> <span class='ocrx_word' id='word_1_949' title='bbox 3631 5234 3710 5289; x_wconf 77' lang='lat' dir='ltr'><strong>sic</strong></span> 
     </span>
    </p>
   </div>
   <div class='ocr_carea' id='block_1_118' title="bbox 2199 5313 2633 5376">
    <p class='ocr_par' dir='ltr' id='par_1_118' title="bbox 2199 5313 2633 5376">
     <span class='ocr_line' id='line_1_118' title="bbox 2199 5313 2633 5376; baseline -0.012 -8"><span class='ocrx_word' id='word_1_950' title='bbox 2199 5320 2214 5351; x_wconf 82' lang='grc'>³</span> <span class='ocrx_word' id='word_1_951' title='bbox 2239 5325 2368 5376; x_wconf 59' lang='lat'><strong>5155.,</strong></span> <span class='ocrx_word' id='word_1_952' title='bbox 2390 5313 2633 5366; x_wconf 75' lang='lat' dir='ltr'><strong>exultavit.</strong></span> 
     </span>
    </p>
   </div>
   <div class='ocr_carea' id='block_1_119' title="bbox 2199 5374 3713 5445">
    <p class='ocr_par' dir='ltr' id='par_1_119' title="bbox 2199 5374 3713 5445">
     <span class='ocr_line' id='line_1_119' title="bbox 2199 5374 3713 5445; baseline 0.005 -19"><span class='ocrx_word' id='word_1_953' title='bbox 2199 5382 2220 5410; x_wconf 72' lang='grc'>³</span> <span class='ocrx_word' id='word_1_954' title='bbox 2253 5381 2325 5427; x_wconf 83' lang='lat' dir='ltr'><strong>sic</strong></span> <span class='ocrx_word' id='word_1_955' title='bbox 2357 5374 2465 5426; x_wconf 70' lang='lat' dir='ltr'><strong>Mss.</strong></span> <span class='ocrx_word' id='word_1_956' title='bbox 2507 5376 2645 5438; x_wconf 80' lang='lat' dir='ltr'><strong>juxta</strong></span> <span class='ocrx_word' id='word_1_957' title='bbox 2684 5381 2811 5424; x_wconf 70' lang='lat' dir='ltr'><strong>LXX.</strong></span> <span class='ocrx_word' id='word_1_958' title='bbox 2844 5382 2901 5425; x_wconf 80' lang='lat' dir='ltr'><strong>At</strong></span> <span class='ocrx_word' id='word_1_959' title='bbox 2942 5374 3071 5437; x_wconf 80' lang='lat' dir='ltr'><strong>Edd.,</strong></span> <span class='ocrx_word' id='word_1_960' title='bbox 3095 5375 3361 5430; x_wconf 81' lang='lat' dir='ltr'><strong>insalutem</strong></span> <span class='ocrx_word' id='word_1_961' title='bbox 3389 5391 3408 5431; x_wconf 91' lang='lat'><strong><em>:</em></strong></span> <span class='ocrx_word' id='word_1_962' title='bbox 3433 5388 3484 5431; x_wconf 92' lang='lat' dir='ltr'><strong>et</strong></span> <span class='ocrx_word' id='word_1_963' title='bbox 3507 5381 3646 5445; x_wconf 84' lang='lat' dir='ltr'><strong>infra,</strong></span> <span class='ocrx_word' id='word_1_964' title='bbox 3661 5383 3713 5435; x_wconf 82' lang='lat' dir='ltr'><strong>in</strong></span> 
     </span>
    </p>
   </div>
   <div class='ocr_carea' id='block_1_120' title="bbox 2133 5447 2349 5492">
    <p class='ocr_par' dir='ltr' id='par_1_120' title="bbox 2133 5447 2349 5492">
     <span class='ocr_line' id='line_1_120' title="bbox 2133 5447 2349 5492; baseline -0.019 0"><span class='ocrx_word' id='word_1_965' title='bbox 2133 5447 2256 5492; x_wconf 75' lang='lat' dir='ltr'><strong>mort</strong></span> <span class='ocrx_word' id='word_1_966' title='bbox 2259 5453 2349 5489; x_wconf 89' lang='lat' dir='ltr'><strong>em.</strong></span> 
     </span>
    </p>
   </div>
   <div class='ocr_carea' id='block_1_121' title="bbox 2202 5495 3714 5556">
    <p class='ocr_par' dir='ltr' id='par_1_121' title="bbox 2202 5495 3714 5556">
     <span class='ocr_line' id='line_1_121' title="bbox 2202 5495 3714 5556; baseline 0.005 -8"><span class='ocrx_word' id='word_1_967' title='bbox 2202 5503 2222 5534; x_wconf 76' lang='grc'><em>³</em></span> <span class='ocrx_word' id='word_1_968' title='bbox 2243 5502 2316 5550; x_wconf 79' lang='lat' dir='ltr'><strong>sic</strong></span> <span class='ocrx_word' id='word_1_969' title='bbox 2347 5505 2451 5548; x_wconf 75' lang='lat' dir='ltr'><strong>Mss.</strong></span> <span class='ocrx_word' id='word_1_970' title='bbox 2475 5505 2528 5547; x_wconf 78' lang='lat' dir='ltr'><strong>At</strong></span> <span class='ocrx_word' id='word_1_971' title='bbox 2551 5504 2671 5556; x_wconf 80' lang='lat' dir='ltr'><strong>Am.,</strong></span> <span class='ocrx_word' id='word_1_972' title='bbox 2699 5495 3043 5554; x_wconf 78' lang='lat' dir='ltr'><strong>delectationis.</strong></span> <span class='ocrx_word' id='word_1_973' title='bbox 3081 5503 3134 5548; x_wconf 85' lang='lat' dir='ltr'><strong>ut</strong></span> <span class='ocrx_word' id='word_1_974' title='bbox 3174 5498 3241 5550; x_wconf 80' lang='lat' dir='ltr'><strong>ad</strong></span> <span class='ocrx_word' id='word_1_975' title='bbox 3285 5499 3479 5552; x_wconf 82' lang='lat' dir='ltr'><strong>laudem</strong></span> <span class='ocrx_word' id='word_1_976' title='bbox 3510 5516 3647 5554; x_wconf 83' lang='lat' dir='ltr'><strong>suam</strong></span> <span class='ocrx_word' id='word_1_977' title='bbox 3666 5512 3714 5555; x_wconf 74' lang='lat' dir='ltr'><strong>rt</strong></span> 
     </span>
    </p>
   </div>
   <div class='ocr_carea' id='block_1_122' title="bbox 2136 5557 3713 5626">
    <p class='ocr_par' dir='ltr' id='par_1_122' title="bbox 2136 5557 3713 5626">
     <span class='ocr_line' id='line_1_122' title="bbox 2136 5557 3713 5626; baseline 0.003 -14"><span class='ocrx_word' id='word_1_978' title='bbox 2136 5562 2361 5626; x_wconf 79' lang='lat' dir='ltr'><strong>honorem</strong></span> <span class='ocrx_word' id='word_1_979' title='bbox 2404 5558 2662 5626; x_wconf 74' lang='lat' dir='ltr'><strong>hominum.</strong></span> <span class='ocrx_word' id='word_1_980' title='bbox 2688 5566 2778 5617; x_wconf 81' lang='lat' dir='ltr'><strong>Er.,</strong></span> <span class='ocrx_word' id='word_1_981' title='bbox 2803 5557 3127 5626; x_wconf 78' lang='lat' dir='ltr'><strong>delectationis</strong></span> <span class='ocrx_word' id='word_1_982' title='bbox 3158 5566 3206 5626; x_wconf 83' lang='lat' dir='ltr'><strong>e_t</strong></span> <span class='ocrx_word' id='word_1_983' title='bbox 3244 5561 3551 5626; x_wconf 84' lang='lat' dir='ltr'><strong>deceptionis,</strong></span> <span class='ocrx_word' id='word_1_984' title='bbox 3576 5573 3625 5615; x_wconf 87' lang='lat' dir='ltr'><strong>ut</strong></span> <span class='ocrx_word' id='word_1_985' title='bbox 3645 5568 3713 5617; x_wconf 79' lang='lat' dir='ltr'><strong>nd</strong></span> 
     </span>
    </p>
   </div>
   <div class='ocr_carea' id='block_1_123' title="bbox 2137 5616 3714 5677">
    <p class='ocr_par' dir='ltr' id='par_1_123' title="bbox 2137 5616 3714 5677">
     <span class='ocr_line' id='line_1_123' title="bbox 2137 5616 3714 5677; baseline 0.003 -3"><span class='ocrx_word' id='word_1_986' title='bbox 2137 5625 2327 5675; x_wconf 78' lang='lat' dir='ltr'><strong>laudmt</strong></span> <span class='ocrx_word' id='word_1_987' title='bbox 2350 5633 2488 5670; x_wconf 82' lang='lat' dir='ltr'><strong>suam</strong></span> <span class='ocrx_word' id='word_1_988' title='bbox 2510 5628 2556 5669; x_wconf 86' lang='lat' dir='ltr'><strong>et</strong></span> <span class='ocrx_word' id='word_1_989' title='bbox 2570 5616 2796 5669; x_wconf 84' lang='lat' dir='ltr'><strong>honorem</strong></span> <span class='ocrx_word' id='word_1_990' title='bbox 2817 5632 3045 5669; x_wconf 84' lang='lat' dir='ltr'><strong>vanorum</strong></span> <span class='ocrx_word' id='word_1_991' title='bbox 3066 5616 3324 5672; x_wconf 78' lang='lat' dir='ltr'><strong>hominum.</strong></span> <span class='ocrx_word' id='word_1_992' title='bbox 3343 5616 3415 5673; x_wconf 73' lang='lat' dir='ltr'><strong>S&#39;ic</strong></span> <span class='ocrx_word' id='word_1_993' title='bbox 3438 5616 3583 5677; x_wconf 72' lang='lat' dir='ltr'><strong>etiam</strong></span> <span class='ocrx_word' id='word_1_994' title='bbox 3609 5627 3714 5677; x_wconf 82' lang='lat' dir='ltr'><strong>edi-</strong></span> 
     </span>
    </p>
   </div>
   <div class='ocr_carea' id='block_1_124' title="bbox 2137 5680 3400 5747">
    <p class='ocr_par' dir='ltr' id='par_1_124' title="bbox 2137 5680 3400 5747">
     <span class='ocr_line' id='line_1_124' title="bbox 2137 5680 3400 5747; baseline -0.002 -11"><span class='ocrx_word' id='word_1_995' title='bbox 2137 5687 2206 5737; x_wconf 91' lang='lat' dir='ltr'><strong>tio</strong></span> <span class='ocrx_word' id='word_1_996' title='bbox 2229 5694 2336 5733; x_wconf 90' lang='lat' dir='ltr'><strong>t.ov.</strong></span> <span class='ocrx_word' id='word_1_997' title='bbox 2364 5689 2573 5743; x_wconf 80' lang='lat' dir='ltr'><strong>excepto</strong></span> <span class='ocrx_word' id='word_1_998' title='bbox 2590 5681 2718 5744; x_wconf 83' lang='lat' dir='ltr'><strong>quod</strong></span> <span class='ocrx_word' id='word_1_999' title='bbox 2742 5694 2838 5729; x_wconf 90' lang='lat' dir='ltr'><strong>non</strong></span> <span class='ocrx_word' id='word_1_1000' title='bbox 2862 5680 3008 5747; x_wconf 77' lang='lat' dir='ltr'><strong>addit,</strong></span> <span class='ocrx_word' id='word_1_1001' title='bbox 3030 5687 3077 5731; x_wconf 86' lang='lat' dir='ltr'><strong>et</strong></span> <span class='ocrx_word' id='word_1_1002' title='bbox 3093 5682 3400 5747; x_wconf 72' lang='lat' dir='ltr'><strong>deceptionis.</strong></span> 
     </span>
    </p>
   </div>
   <div class='ocr_carea' id='block_1_125' title="bbox 2202 5741 3644 5810">
    <p class='ocr_par' dir='ltr' id='par_1_125' title="bbox 2202 5741 3644 5810">
     <span class='ocr_line' id='line_1_125' title="bbox 2202 5741 3644 5810; baseline 0.002 -14"><span class='ocrx_word' id='word_1_1003' title='bbox 2202 5752 2222 5779; x_wconf 75' lang='grc' dir='ltr'>δ</span> <span class='ocrx_word' id='word_1_1004' title='bbox 2247 5759 2346 5796; x_wconf 74' lang='lat' dir='ltr'><strong>aut.</strong></span> <span class='ocrx_word' id='word_1_1005' title='bbox 2370 5752 2420 5794; x_wconf 84' lang='lat' dir='ltr'><strong>et</strong></span> <span class='ocrx_word' id='word_1_1006' title='bbox 2444 5741 2537 5807; x_wconf 62' lang='lat' dir='ltr'><strong>Er},</strong></span> <span class='ocrx_word' id='word_1_1007' title='bbox 2562 5741 2754 5794; x_wconf 70' lang='lat' dir='ltr'><strong>mittent.</strong></span> <span class='ocrx_word' id='word_1_1008' title='bbox 2780 5749 2911 5807; x_wconf 81' lang='lat' dir='ltr'><strong>Lov.,</strong></span> <span class='ocrx_word' id='word_1_1009' title='bbox 2933 5741 3129 5796; x_wconf 70' lang='lat' dir='ltr'><strong>&quot;item.</strong></span> <span class='ocrx_word' id='word_1_1010' title='bbox 3152 5741 3450 5810; x_wconf 58' lang='lat' dir='ltr'><strong>castigantur</strong></span> <span class='ocrx_word' id='word_1_1011' title='bbox 3471 5749 3530 5801; x_wconf 83' lang='lat' dir='ltr'><strong>ad</strong></span> <span class='ocrx_word' id='word_1_1012' title='bbox 3549 5757 3644 5799; x_wconf 63' lang='lat' dir='ltr'><strong>tm</strong></span> 
     </span>
    </p>
   </div>
  </div>
