4082 6204
330 353 470 411 1955
1218 288 1227 291 ⁷
1569 339 1625 395 S.
1668 335 2025 394 AUCUSTINI
2068 338 2369 397 EPlSCOPl
3470 364 3611 422 .936

328 468 641 529 exinaniunt
672 463 840 534 ipsam
871 456 1288 524 conscientiam,
1310 463 1363 511 ut
1398 452 1527 509 nihil
1568 453 1638 508 ibi
1681 453 1913 509 habeant

331 564 642 635 pretiosum.
1808 622 1823 631 ι

404 655 488 709 11.
521 649 699 709 Sancti
726 657 900 703 autem
938 643 1027 714 qui
1055 642 1324 699 exsultant
1350 641 1402 694 in
1432 639 1913 710 gloria,-quomodo

332 747 617 808 evsulteut,
650 756 757 796 non
783 748 917 809 opus
942 748 1023 792 est
1053 746 1109 790 ut
1136 751 1233 790 nos
1257 734 1530 796 dicamus;
1566 733 1730 801 ipsius
1768 730 1915 786 Psal-

331 840 402 891 mi
445 835 623 890 audite
662 839 977 902 sequentum
1015 842 1226 882 versum
1256 844 1268 880 :
1299 823 1643 878 Exsultobunt
1674 822 1833 875 sancti
1862 821 1916 874 in

328 930 496 1007 gloria
520 943 539 981 :
558 926 863 981 lcetabuntur
887 923 940 976 in
966 920 1211 977 cubilibus
1235 918 1359 972 suis.
1405 917 1520 971 Non
1564 917 1612 970 in
1657 916 1877 970 theatris
1896 956 1912 982 ,

330 1041 435 1080 non
467 1025 519 1078 in
545 1018 987 1091 amphitheatris,
1021 1031 1126 1068 non
1174 1014 1225 1066 in
1272 1011 1460 1074 circis,
1507 1025 1611 1065 non
1642 1009 1693 1063 in
1723 1008 1876 1079 nugis
1897 1048 1911 1073 ,

334 1132 435 1172 non
464 1117 516 1170 in
540 1114 698 1176 foris;
727 1110 847 1173 sed,
876 1109 931 1161 in
957 1104 1201 1160 cubilibus
1229 1105 1355 1157 suis.
1384 1101 1520 1170 Quid
1549 1109 1650 1165 est,
1684 1101 1737 1154 in
1768 1099 1911 1153 cubi-

332 1206 457 1266 libus
486 1204 625 1259 suis?
651 1203 707 1257 In
745 1199 998 1256 cordibus
1033 1197 1164 1251 suis.
1200 1194 1335 1248 Audi
1363 1193 1660 1263 apostolum
1686 1192 1914 1247 Paulum

334 1296 686 1350 exsultantem
714 1292 769 1345 in
790 1289 952 1344 cubili
981 1302 1076 1342 suo
1103 1303 1114 1340 :
1141 1284 1278 1339 Nam
1307 1284 1467 1354 gloria
1495 1292 1665 1336 nostra
1692 1282 1799 1335 lucc
1820 1290 1913 1347 est,

328 1386 667 1441 testimonium
687 1379 1004 1438 conscientia:
1028 1387 1212 1432 nostrae
1235 1370 1311 1448 (Il
1331 1375 1447 1430 Cor.
1473 1373 1656 1443 1,12).
1681 1373 1914 1427 Rursum

331 1479 622 1535 timendum
650 1485 733 1531 est
758 1491 825 1530 ne
853 1475 1075 1544 quisque
1103 1469 1242 1540 apud
1269 1470 1505 1540 seipsum
1533 1466 1623 1521 fiat
1659 1466 1761 1520 sibi
1796 1464 1914 1535 pla-

333 1586 459 1629 cens
479 1612 499 1635 ,
526 1577 579 1623 et
604 1568 761 1638 quasi
782 1565 1042 1635 superbus
1064 1564 1131 1618 de
1151 1559 1477 1617 conscientia
1507 1572 1601 1614 sua
1631 1556 1909 1628 glorietur.

328 1661 497 1716 Debet
519 1660 657 1715 enim
683 1656 907 1728 quisque
932 1670 1052 1710 cum
1084 1663 1312 1707 tremore
1340 1648 1605 1735 exsultare
1637 1646 1808 1719 (Psal.
1835 1662 1871 1702 ll
1892 1688 1909 1717 ,

331 1752 451 1824 ll);
482 1750 607 1820 quia
633 1748 833 1803 donum
866 1746 959 1800 Dei
991 1751 1076 1798 est
1100 1742 1239 1797 unde
1259 1741 1509 1806 exsultat,
1534 1754 1642 1794 non
1662 1738 1910 1793 meritum

325 1859 504 1899 suum.
535 1840 741 1896 Etenim
767 1846 890 1893 sunt
917 1834 1067 1890 multi
1096 1834 1197 1889 sibi
1227 1832 1499 1902 placentes
1519 1873 1535 1897 ,
1574 1838 1628 1885 et
1652 1829 1826 1899 justos
1853 1843 1912 1884 se

326 1950 447 1991 esse
465 1934 818 1997 arbitrantes;
843 1938 894 1983 et
920 1926 1156 1998 procedit
1180 1925 1435 1980 adversus
1456 1923 1574 1978 illos
1596 1922 1703 1977 alia
1723 1921 1911 2005 pagina

326 2027 509 2080 dicens
535 2043 546 2078 :
574 2024 701 2089 Quis
719 2021 1013 2092 gloriabitur
1036 2028 1232 2072 castum
1251 2033 1302 2070 se
1329 2016 1510 2069 habere
1532 2031 1619 2069 cor
1639 2031 1659 2080 ;
1684 2023 1771 2067 aut
1800 2014 1910 2084 quis

325 2116 625 2187 gloriabitur
662 2111 904 2181 ntuntlum
938 2127 991 2164 se
1022 2124 1129 2163 esse
1155 2124 1186 2161 a
1216 2116 1417 2177 peccato
1447 2102 1628 2175 (Prov.
1669 2119 1741 2158 xx
1762 2146 1776 2169 ,
1805 2100 1910 2174 9)?

326 2205 423 2260 Est
447 2220 573 2275 ergo
593 2203 809 2273 quidam
834 2200 1027 2256 modus
1062 2200 1117 2254 in
1152 2196 1476 2253 conscientia
1514 2194 1812 2266 gloriandi,
1853 2201 1911 2250 ut

326 2297 540 2352 noveris
565 2294 723 2350 [idem
753 2304 893 2347 tuam
924 2307 1045 2347 esse
1071 2291 1356 2355 sinceram,
1386 2288 1597 2343 noveris
1618 2301 1737 2342 esse
1758 2300 1909 2356 Spem

327 2398 469 2442 tuam
491 2396 715 2452 certam,
733 2384 948 2439 noveris
966 2382 1278 2437 charitatem
1304 2390 1445 2434 tuam
1466 2394 1586 2433 esse
1609 2379 1723 2433 sine
1745 2378 1910 2433 simu-

325 2479 543 2534 latione.
589 2476 696 2533 Sed
736 2476 991 2546 quoniam
1018 2474 1183 2529 multa
1222 2481 1346 2527 sunt
1387 2470 1562 2526 adhuc
1608 2470 1749 2526 forte
1788 2484 1909 2541 quze

322 2581 548 2643 possunt
566 2570 837 2626 offendere
860 2568 1047 2623 oculos
1067 2566 1182 2632 Dei,
1201 2564 1354 2620 lauda
1386 2564 1549 2620 Deum
1573 2562 1661 2633 qui
1688 2562 1783 2617 tibi
1806 2563 1907 2617 ista

318 2665 571 2730 donavit;
600 2672 728 2717 tunc
756 2660 994 2731 perficiet
1017 2657 1156 2729 quod
1184 2656 1423 2712 donavit.
1468 2654 1755 2725 Propterea
1782 2669 1905 2709 cum

312 2756 573 2822 kdiuisset,
596 2753 926 2807 Latabuntur
953 2750 1007 2803 in
1051 2748 1296 2802 cubilibus
1334 2748 1470 2811 suis;
1501 2742 1569 2802 ne'
1611 2745 1761 2815 quasi
1804 2745 1904 2800 sibi

316 2848 595 2917 placentes
619 2844 952 2908 viderentur,
989 2840 1233 2910 adjunxit
1273 2838 1451 2893 statim
1473 2878 1489 2903 ,
1524 2835 1906 2891 Exsultationes

319 2938 416 2992 Dei
456 2938 509 2991 in
550 2934 780 3007 faucibus
824 2949 1019 2987 eorum.
1057 2931 1147 2985 Sic
1187 2928 1506 2984 lattabmttur
1542 2927 1596 2981 in
1637 2924 1905 2982 cubilibus

310 3032 471 3095 suis,
492 3040 548 3085 ut
574 3043 681 3083 non
707 3026 808 3083 sibi
839 3026 1072 3081 tribuant
1098 3021 1239 3093 quod
1281 3020 1407 3076 boni
1436 3027 1592 3087 sunt,
1619 3019 1713 3074 sed
1753 3019 1903 3073 illum

320 3119 539 3175 laudent
566 3134 595 3171 a
625 3134 731 3188 quo
755 3123 1078 3185 acceperunt
1101 3111 1240 3184 quod
1269 3118 1428 3178 sunt,
1455 3124 1485 3163 a
1510 3124 1617 3179 quo
1645 3119 1903 3164 vocantur

319 3220 379 3266 ut
407 3210 717 3281 perveniant
736 3207 803 3262 ad
833 3207 889 3261 id
913 3204 1054 3277 quod
1087 3204 1323 3259 nondum
1345 3210 1491 3267 sunt,
1517 3210 1570 3256 et
1590 3215 1620 3254 a
1641 3215 1748 3271 quo
1775 3215 1901 3270 spe-

317 3314 436 3357 rant
468 3302 879 3372 perfectionem;
908 3298 995 3352 cui
1021 3296 1216 3365 gratias
1239 3302 1420 3364 agunt,
1447 3292 1570 3362 quia
1597 3291 1900 3347 inchoavit:

317 3394 698 3451 Exsultatioues
729 3385 821 3443 Dei
857 3390 913 3444 in
936 3388 1166 3458 faucibus
1190 3402 1384 3439 eorum.
1427 3384 1546 3440 Jam
1570 3384 1746 3439 videte
1771 3398 1898 3437 san-

307 3494 477 3551 etes,
499 3482 675 3536 videte
715 3478 939 3550 gloriam
979 3491 1165 3532 eorum
1188 3516 1204 3540 ,
1231 3474 1410 3529 videte
1456 3488 1551 3542 per
1589 3472 1900 3527 universum

315 3575 595 3639 mundum,
627 3570 804 3627 videte
832 3568 976 3639 quod
1002 3566 1362 3622 exsultationes
1391 3562 1487 3619 Dei
1512 3564 1618 3619 sint
1646 3564 1699 3618 in
1726 3564 1899 3635 fauci-

302 3671 407 3724 bus
431 3683 625 3724 eorum.

386 3759 475 3814 12.
516 3755 582 3812 Ει
602 3761 811 3828 framea
833 3755 906 3809 bis
928 3761 1092 3807 acutre
1113 3751 1167 3805 in
1191 3750 1421 3805 manibus
1449 3766 1644 3805 eorum.
1669 3749 1895 3805 Framea

308 3852 629 3923 appellatur,
653 3863 813 3919 quam
855 3846 1015 3916 vulgo
1041 3843 1287 3917 spatham
1324 3841 1528 3897 dicunt.
1576 3841 1713 3897 Sunt
1755 3841 1897 3896 enim

308 3945 472 4016 gladii
501 3959 567 3998 ex
598 3958 700 3998 una
725 3950 875 4011 parte
910 3938 1075 4005 acuti,
1099 3937 1228 4008 ipsa:
1264 3944 1387 3991 sunt
1435 3934 1732 3988 machzut'tt‘.
1763 3933 1898 4002 Ipsa:

296 4051 491 4099 autem
534 4038 768 4103 frameaz,
802 4035 933 4104 ipsa:
972 4042 1026 4087 et
1069 4029 1377 4099 romphazze,
1404 4029 1530 4098 ipsa:
1573 4029 1733 4081 etiam
1774 4040 1899 4096 spa-

302 4131 423 4187 thae
458 4129 810 4199 appellantur.
838 4123 1087 4195 Magnum
1125 4120 1433 4192 mysterium
1478 4118 1639 4173 habet
1673 4118 1773 4172 hoc
1800 4132 1897 4187 ge-

300 4238 415 4279 stus
444 4219 770 4282 ferramenti,
798 4217 940 4287 quod
987 4231 1057 4270 ex
1105 4223 1330 4282 utraque
1373 4218 1525 4281 parte
1554 4220 1764 4267 acutum
1791 4218 1893 4265 est.

303 4312 446 4383 ipsa:
485 4313 692 4381 frameas
730 4317 860 4364 sunt
901 4307 977 4361 bis
1003 4314 1165 4360 acuta:
1204 4306 1257 4358 in
1287 4302 1516 4357 "canibus
1546 4318 1736 4357 eorum.
1767 4301 1897 4356 Fra-

295 4420 460 4461 aneas
505 4404 586 4458 bis
616 4411 799 4458 acutas
835 4398 1177 4469 intelligimus
1215 4410 1516 4450 sermonem
1545 4392 1753 4448 Domini
1796 4410 1807 4446 :
1841 4401 1897 4449 et

294 4512 415 4551 «tua
443 4495 638 4550 framea
660 4503 779 4556 est;
803 4490 905 4546 sed
923 4489 1046 4559 ideo,
1067 4486 1247 4542 multae
1272 4485 1549 4552 dicuntur,
1581 4486 1702 4555 quia
1730 4486 1894 4539 multa

294 4605 405 4644 rora
438 4596 601 4652 sunt,
645 4594 702 4640 et
728 4583 905 4637 multae
942 4581 1135 4649 lingtm
1173 4586 1497 4634 sanctorum.
1537 4579 1727 4632 Sermo
1769 4592 1894 4646 ergo

298 4681 429 4742 iDei,
460 4678 667 4748 gladius
696 4674 780 4728 bis
807 4679 992 4741 acutus
1022 4669 1207 4741 (Hebr.
1232 4686 1304 4736 1v,
1332 4669 1443 4738 12).
1471 4668 1626 4724 Unde
1664 4668 1747 4723 bis
1770 4683 1896 4724 acu-

294 4782 398 4825 4us
417 4771 440 4825 ?
462 4768 599 4824 Dicit
622 4767 690 4822 de
711 4762 1092 4833 temporalibus
1112 4803 1125 4826 ,
1149 4759 1279 4816 dicit
1307 4759 1371 4814 de
1400 4758 1634 4813 aeternis.
1667 4758 1724 4811 lu
1752 4766 1895 4812 utro-

290 4877 416 4933 ~que
444 4859 634 4932 probat
656 4857 803 4929 quod
827 4855 972 4920 dicit,
1007 4863 1062 4909 et
1089 4868 1223 4909 eum
1242 4866 1400 4923 quem
1428 4849 1573 4913 ferit,
1605 4857 1817 4918 separat
1861 4863 1892 4903 a

288 4952 532 5010 oriundo.
551 4951 740 5007 Nonne
761 4949 873 5019 ipse
901 4955 983 5002 est
1000 4945 1226 5017 gladius,
1245 4944 1311 5000 de
1327 4959 1431 5015 quo
1455 4941 1708 4997 Dominus
1725 4940 1889 4995 dicit:

296 5044 433 5099 .Non
454 5043 564 5099 veni
590 5057 765 5112 peccat
791 5039 983 5094 mittere
1012 5038 1063 5092 in
1092 5046 1296 5100 terram,
1320 5035 1407 5090 sed
1422 5034 1646 5106 gladium
1669 5030 1882 5103 (Matth.

294 5152 364 5203 rx,
394 5133 526 5205 54)?
552 5131 789 5188 Attende
804 5127 1071 5200 quomodo
1098 5128 1245 5183 venit
1270 5126 1592 5198 disjungere,
1623 5124 1891 5197 quomodo

309 5227 456 5284 venit
490 5239 762 5295 separare.
795 5221 1055 5293 Disjengit
1078 5229 1324 5282 sanctos.
1364 5217 1617 5289 disiungit
1660 5218 1888 5287 impios,

292 5325 571 5388 separata
598 5326 649 5372 te
674 5315 813 5387 quod
842 5324 892 5370 te
921 5312 1157 5385 impedit.
1190 5311 1355 5368 Filius
1383 5310 1488 5364 vult
1521 5309 1728 5365 servire
1760 5309 1888 5374 Deo,

296 5420 462 5477 epater
490 5425 601 5463 non
620 5408 735 5463 vult
767 5404 1180 5476 :venit'gladius
1201 5444 1215 5468 ,
1247 5402 1409 5459 venit
1432 5417 1609 5457 sermo
1643 5401 1767 5467 Dei;
1808 5400 1892 5455 di-

298 5500 441 5555 uidit
462 5501 627 5557 ﬁlium
657 5516 687 5555 s
712 5508 884 5571 patre;
908 5498 1040 5554 Filia
1064 5497 1198 5564 vult,
1229 5504 1398 5552 mater
1418 5510 1524 5551 non
1552 5495 1692 5557 vult;
1714 5493 1892 5565 gladio

298 5591 618 5649 dividuntur
647 5593 712 5650 ab
734 5592 982 5649 invicem.
1012 5589 1190 5647 Nurus
1219 5589 1349 5656 vult,
1388 5603 1576 5647 socrus
1604 5603 1709 5643 non
1738 5586 1851 5641 vult
1875 5603 1889 5652 ;
1922 5590 1931 5599 '

308 5681 498 5739 veniat
525 5684 741 5753 gladius
760 5685 845 5740 bis
876 5692 1065 5740 acutus
1084 5723 1100 5751 ,
1123 5681 1309 5737 all'erat
1337 5681 1747 5752 promissionem
1770 5680 1892 5735 vitae

306 5774 597 5847 prmscntis
636 5786 697 5831 et
739 5776 928 5833 hnurze
961 5819 976 5843 ,
1019 5775 1436 5833 consolationem
1478 5774 1845 5846 temporalium
1871 5812 1886 5839 ,

2015 463 2337 512 mternorum
2387 459 2807 530 perfruitionem.
2855 468 2997 526 Ecce
3038 471 3245 543 gladius
3277 492 3344 533 ex
3380 488 3609 551 utraque

2019 557 2167 615 parte
2215 560 2434 617 acutus,
2467 557 2782 623 promittens
2817 566 3128 633 temporalia
3174 576 3231 624 et
3268 578 3486 627 teterna.
3548 574 3608 629 ln

2016 653 2121 708 quo
2149 656 2246 698 nos
2268 643 2453 700 fefellit
2481 649 2525 701 ‘Y
2548 648 2734 705 Nonne
2762 651 2996 711 Ecclesia
3020 657 3109 713 Dei
3133 674 3230 729 per
3260 670 3427 718 totum
3451 681 3612 724 mun-

2019 731 2145 787 dum
2178 752 2281 803 non
2326 741 2481 793 erat?
2519 740 2659 797 Ecce
2700 753 2799 800 est.
2844 749 3013 805 Antea
3066 752 3361 824 legebatur,
3405 768 3459 813 et
3499 739 3607 817 non

2018 828 2297 885 videbatur
2321 849 2333 884 :
2360 833 2517 887 modo
2545 836 2683 891 sicut
2712 837 2921 909 legitur,
2951 843 3020 896 ita
3048 847 3306 903 cernitur.
3342 850 3606 924 Quidquid

2021 923 2388 990 temporaliter
2410 925 2562 980 nobis
2606 930 2927 996 promissum
2957 942 3037 988 est
3057 977 3072 1001 ,
3104 935 3167 989 ad
3201 954 3359 994 unam
3402 923 3606 1011 partem

2018 1011 2178 1082 gladii
2203 1014 2465 1082 pertinet:
2497 1017 2750 1091 quidquid
2774 1021 2826 1077 in
2848 1026 3251 1094 sempiternum,
3283 1031 3350 1085 ad
3379 1033 3604 1090 alteram

2020 1106 2392 1176 partemgladii
2417 1110 2665 1178 pertinet.
2693 1112 2871 1168 Habes
2903 1133 3054 1188 spem
3082 1118 3377 1179 futurarum
3400 1143 3607 1197 rerum,

2018 1195 2185 1253 habes
2210 1201 2630 1259 consolationem
2670 1210 3049 1276 pmsentium;
3082 1212 3192 1268 noli
3220 1218 3421 1274 retrahi
3447 1214 3516 1276 ab

2017 1288 2107 1358 qui
2141 1290 2254 1344 vult
2293 1292 2613 1350 retrahere:
2652 1305 2832 1366 pater,
2882 1310 3083 1365 mater,
3130 1318 3302 1371 soror,
3334 1323 3468 1364 uxor
3506 1311 3603 1376 sit,

2017 1380 2220 1436 amicus
2247 1381 2335 1447 sit,
2367 1397 2472 1438 non
2513 1393 2565 1440 te
2586 1387 2853 1454 retrahat;
2891 1400 2945 1446 et
2968 1392 3111 1449 utilis
3140 1395 3230 1450 tibi
3259 1398 3361 1452 erit
3395 1399 3604 1471 gladius

2014 1469 2098 1526 bis
2123 1481 2328 1527 acutus.
2363 1473 2575 1532 Utiliter
2606 1486 2656 1534 te
2686 1479 2776 1536 ille
2797 1492 3028 1553 separat,
3055 1486 3193 1542 male
3224 1496 3275 1544 te
3303 1499 3356 1545 tu
3378 1469 3603 1563 conglu-

2015 1561 2174 1617 tinas.
2204 1562 2362 1620 Venit
2386 1581 2515 1637 ergo
2542 1568 2798 1627 Dominus
2823 1583 3007 1629 noster
3035 1575 3216 1634 ferens
3259 1561 3605 1651 gladium‘bis

2015 1663 2251 1723 acutum,
2284 1659 2601 1725 promittens
2628 1670 2848 1728 aeterna,
2865 1665 3093 1735 impleas
3109 1674 3442 1741 temporalia.
3466 1675 3603 1733 Nam

2013 1742 2136 1801 ideo
2158 1754 2212 1802 et
2250 1747 2358 1804 duo
2401 1749 2750 1809 Testamenta
2791 1754 3060 1812 dicuntur.
3114 1759 3241 1828 Qum
3279 1775 3433 1819 erant
3473 1782 3602 1838 ergo

2013 1841 2222 1909 frameae
2251 1840 2324 1895 bis
2351 1852 2513 1897 acntw
2539 1843 2592 1898 in
2618 1845 2849 1902 manibus
2875 1864 3048 1903 eorum
3067 1850 3094 1903 .9
3118 1852 3232 1907 Duo
3259 1852 3600 1914 Testamenta

2013 1931 2083 1986 ad
2095 1933 2329 2003 gladium
2353 1934 2436 1989 bis
2457 1945 2670 1991 acutum
2695 1938 2961 2007 pertinent
2981 1957 2995 1993 :
3015 1940 3178 1998 Vetus
3199 1944 3596 2004 Testamentum

2014 2030 2223 2079 terrena
2253 2027 2530 2096 promittit,
2585 2027 2799 2084 Novum
2832 2039 3051 2087 mterua.
3075 2031 3131 2088 In
3161 2044 3387 2108 utroque
3417 2054 3598 2096 sermo

2014 2114 2107 2170 Dei
2134 2132 2292 2171 verax
2327 2118 2571 2174 inventus
2592 2129 2693 2189 est,
2732 2122 3012 2193 utgladius
3051 2125 3133 2180 bis
3158 2136 3368 2183 acutus.
3414 2130 3592 2199 Quare

2010 2219 2139 2275 ergo
2168 2207 2220 2261 in
2260 2210 2540 2275 manibus,
2566 2221 2621 2266 et
2649 2214 2755 2268 non
2792 2214 2854 2275 in
2893 2215 3132 2286 linguis?
3173 2217 3238 2272 Et
3281 2222 3487 2290 framea:
3525 2222 3600 2280 bis

2011 2306 2200 2362 acutte,
2232 2298 2406 2370 inquit
2432 2341 2448 2367 ,
2479 2301 2535 2355 in
2569 2303 2803 2358 inanibus
2834 2321 3027 2359 eorum.
3050 2306 3117 2362 In
3154 2310 3386 2366 tironibus
3426 2312 3594 2383 dixit,

2010 2386 2065 2442 in
2089 2397 2371 2457 potestate.
2404 2393 2741 2463 Acceperunt
2789 2410 2918 2467 ergo
2947 2412 3250 2455 sermonem
3284 2401 3374 2457 Dei
3409 2403 3461 2456 in
3498 2419 3597 2473 po-

2013 2488 2204 2536 testate
2222 2522 2238 2547 ,
2270 2490 2326 2536 ut
2349 2482 2438 2537 ubi
2465 2484 2662 2540 vellent
2681 2485 2919 2543 dicerent
2938 2530 2952 2557 ,
2982 2489 3067 2544 cui
3095 2491 3291 2547 vellent
3317 2492 3595 2563 dicerent;

2013 2587 2120 2627 non
2143 2572 2391 2628 timerent
2417 2583 2765 2645 potestatem,
2797 2593 2903 2634 non
2934 2591 3340 2637 contemnerent
3364 2599 3598 2655 pauper-

2011 2673 2192 2721 tatem.
2216 2664 2271 2719 ln
2298 2668 2545 2725 manibus
2583 2670 2728 2726 enim
2774 2671 3041 2729 habebant
3070 2674 3324 2746 gladium,
3361 2692 3463 2748 qua
3502 2692 3601 2734 vo-

2007 2755 2208 2822 lebant,
2233 2756 2531 2825 vibrabant,
2582 2763 2907 2827 versabant,
2965 2766 3448 2836 percutiebant:et
3494 2768 3600 2825 hoc

2006 2854 2177 2901 totum
2211 2859 2327 2903 erat
2353 2849 2404 2904 in
2437 2860 2700 2923 potestate
2743 2854 3164 2923 pratdicantium.
3212 2857 3347 2914 Nam
3391 2859 3438 2915 si
3488 2875 3598 2918 non

2004 2946 2087 2992 est
2117 2939 2169 2993 in
2199 2940 2444 2997 manibus
2472 2958 2651 2997 sermo
2674 2960 2687 2996 :
2709 2959 2778 3006 ne
2803 2944 2941 3000 forte
2958 2946 3150 3019 aliquis
3169 2947 3330 3017 dicat,
3361 2949 3600 3018 Quomo-

2004 3028 2076 3085 do
2100 3045 2280 3087 sermo
2308 3041 2390 3087 est
2407 3033 2614 3103 gladius
2646 3034 2727 3090 bis
2758 3044 2978 3104 acutus,
3002 3046 3057 3093 et
3082 3040 3351 3109 quomodo
3394 3040 3449 3096 in
3490 3057 3599 3096 ma-

2005 3123 2199 3180 nibus?
2244 3124 2287 3181 si
2334 3139 2461 3197 ergo
2501 3141 2680 3182 sermo
2728 3142 2834 3183 non
2886 3137 2971 3184 est
3016 3130 3071 3185 in
3116 3132 3379 3200 manibus,
3428 3148 3600 3204 quare

2004 3215 2261 3286 scriptum
2288 3227 2388 3282 est,
2421 3216 2615 3273 Factus
2640 3228 2711 3273 est
2735 3236 2900 3274 sermo
2927 3218 3138 3283 Domini
3170 3223 3223 3279 in
3248 3240 3403 3277 manu
3419 3225 3599 3296 Aggtrs'

2003 3310 2261 3380 propheta:
2286 3310 2482 3384 (Aggtei
2511 3327 2545 3376 ι,
2581 3310 2677 3381 1)?
2704 3311 2991 3383 Numquid,
3018 3313 3219 3372 fratres.
3239 3358 3255 3382 ,
3287 3332 3593 3375 sermonem

2002 3415 2156 3454 suum
2187 3401 2331 3456 Deus
2354 3401 2406 3454 in
2433 3401 2613 3472 digitis
2640 3403 2808 3472 ipsius
2844 3403 3006 3460 fecit?
3035 3405 3171 3474 Quid
3221 3417 3336 3475 est,
3367 3409 3419 3463 in
3439 3426 3595 3466 manu

2004 3491 2172 3562 ipsius
2192 3491 2354 3561 factus
2377 3493 2487 3547 est?
2512 3492 2567 3547 ln
2599 3504 2863 3563 potestate
2894 3495 2966 3551 illi
2988 3496 3170 3552 datum
3192 3509 3275 3555 est
3300 3500 3593 3570 praedicare

2001 3597 2308 3640 sermonem
2352 3584 2589 3640 Domini.
2638 3586 2917 3643 Postremo
2957 3604 3241 3660 possumus
3279 3593 3440 3648 etiam
3492 3592 3589 3649 has

2002 3696 2191 3736 manus
2216 3681 2371 3737 aliter
2391 3682 2707 3754 intelligere.
2747 3685 2880 3741 Nam
2906 3688 2993 3758 qui
3022 3689 3184 3747 locuti
3209 3701 3357 3758 sunt,
3391 3692 3445 3747 in
3485 3692 3590 3749 lin-

1996 3788 2100 3844 gua
2128 3772 2430 3842 habuerunt
2461 3789 2765 3830 sermonem
2811 3777 2937 3843 Dei;
2988 3779 3080 3849 qui
3108 3781 3488 3850 scripserunt.
3522 3783 3582 3839 in

1999 3866 2247 3920 manibus
2275 3884 2289 3919 :
2319 3865 2386 3919 Et
2412 3866 2619 3935 framea:
2644 3868 2719 3922 bis
2746 3877 2908 3923 acuta:
2940 3869 2992 3923 in
3019 3872 3247 3927 manibus
3281 3889 3476 3928 eorum.

2074 3958 2160 4012 15.
2202 3957 2349 4030 [vers.
2380 3957 2457 4031 7.]
2484 3959 2622 4026 Jam,
2651 3959 2844 4019 fratres
2867 4001 2882 4028 ,
2925 3962 3116 4019 videtis
3149 3976 3364 4023 sanctos
3404 3981 3588 4024 anna-

1999 4057 2113 4113 tos;
2144 4048 2403 4105 attendite
2443 4063 2671 4121 Strages,
2717 4052 2978 4110 attendite
3011 4054 3244 4127 gloriosa
3275 4058 3478 4126 puella.
3524 4059 3587 4117 Si

1999 4141 2140 4195 enim
2172 4138 2481 4211 imperator,
2535 4150 2590 4197 et
2625 4143 2816 4208 miles;
2846 4145 2893 4199 si
2944 4146 3122 4215 miles,
3174 4156 3237 4203 et
3282 4149 3488 4218 hostis;
3536 4154 3587 4208 si

1997 4231 2217 4297 bellum,
2262 4242 2317 4287 et
2363 4234 2605 4289 victoria.
2646 4234 2782 4303 Quid
2815 4234 3053 4294 fecerunt
3084 4239 3170 4298 isti
3227 4241 3485 4298 habentes
3526 4245 3585 4301 in

1998 4321 2243 4376 manibus
2271 4322 2498 4378 frameas
2523 4323 2604 4378 bis
2630 4328 2852 4381 acutas?
2875 4327 2957 4380 Αιι
2986 4329 3273 4396 faciendam
3304 4334 3586 4391 vindictam

1997 4413 2312 4485 ingentibus.
2347 4414 2537 4471 Videte
2568 4416 2611 4470 si
2643 4432 2750 4472 non
2778 4428 2861 4474 est
2893 4420 3123 4477 vindicta
3152 4423 3290 4480 facta
3326 4427 3380 4480 in
3403 4428 3584 4497 genti-

1995 4504 2116 4560 bus.
2144 4505 2390 4573 Quotidie
2415 4507 2529 4577 ipsa
2551 4507 2640 4575 lit;
2675 4508 2779 4565 hoc
2808 4512 3014 4583 agimus
3052 4524 3108 4570 et
3153 4525 3251 4571 no‘s
3291 4517 3583 4589 loquendo.

1997 4596 2270 4652 Attendite
2290 4598 2558 4668 quomodo
2586 4615 2741 4656 emsxe
2772 4611 2897 4658 sunt
2919 4615 3105 4674 gentes
3131 4606 3457 4679 Babyloniae.
3500 4612 3583 4670 Illi

1994 4688 2236 4744 redditur
2259 4689 2478 4760 duplum
2510 4706 2529 4744 :
2555 4692 2634 4747 sic
2653 4694 2795 4748 enim
2817 4694 2885 4750 de
2902 4696 2988 4750 illa
3013 4700 3268 4767 scriptum
3297 4711 3417 4767 est,
3446 4702 3586 4759 Red-

1995 4780 2097 4834 dite
2121 4780 2197 4835 illi
2216 4780 2449 4851 duplum,
2471 4784 2540 4836 ad
2566 4784 2700 4854 quod
2729 4784 2844 4854 fecit
2871 4784 3057 4859 (Apoc.
3080 4805 3230 4857 xvut,
3253 4792 3586 4862 6).Quomo-

1993 4871 2065 4925 do
2086 4871 2326 4929 redditur
2354 4873 2612 4945 duplum?
2634 4874 2844 4931 Bellant
2870 4879 3061 4945 sancti,
3089 4881 3327 4938 educunt
3351 4883 3582 4943 frameas

1995 4963 2078 5020 bis
2099 4973 2282 5021 acutas
2306 4981 2323 5032 ;
2354 4966 2485 5022 fiunt
2509 4976 2739 5038 strages,
2763 4970 2896 5024 fiunt
2936 4972 3256 5040 occisiones,
3286 4979 3585 5046 separatio-

1997 5072 2093 5113 nes
2139 5075 2153 5111 :
2204 5059 2471 5128 quomodo
2517 5060 2592 5116 illi
2635 5060 2861 5131 duplum
2906 5064 3179 5120 redditur?
3226 5066 3317 5122 Illa
3368 5070 3585 5139 querulo

1996 5156 2204 5217 poterat
2224 5151 2469 5220 persequi
2487 5150 2840 5216 Christianos,
2863 5168 3080 5209 carnem
3096 5157 3389 5223 occidebat,
3410 5160 3584 5217 Deum

1997 5254 2102 5295 non
2154 5240 2566 5312 confringebat:
2599 5244 2759 5299 modo
2807 5245 2885 5299 illi
2922 5245 3144 5317 duplum
3200 5252 3473 5319 redditur;
3524 5265 3585 5310 et

1997 5328 2196 5403 Pagani
2218 5333 2629 5405 exstinguuntur
2653 5337 2703 5402 ’,
2720 5344 2775 5391 et
2807 5337 2945 5392 idola
2978 5339 3313 5409 franguntur.
3353 5344 3586 5410 Quomo-

1995 5426 2087 5494 do,
2121 5426 2347 5495 inquies,
2372 5427 2569 5496 Pagani
2599 5427 2958 5485 occiduntur?
2986 5430 3266 5498 Quomodo
3286 5476 3301 5498 ,
3328 5436 3426 5489 nisi
3456 5450 3580 5493 eum

1996 5516 2282 5575 Christiani
2303 5519 2474 5574 liunt‘!
2499 5518 2691 5587 Quer
2723 5535 3005 5592 paganum,
3029 5540 3135 5580 non
3159 5525 3400 5592 invenio;
3430 5527 3580 5583 chri-

2061 5659 2078 5732 t
2110 5658 2184 5732 sic
2200 5656 2390 5732 aliquot
2536 5665 2590 5708 At
2611 5657 2744 5720 Edd.,
2767 5657 3046 5723 promittens
3064 5662 3365 5728 tanporalia,
3404 5664 3454 5719 in
3472 5664 3580 5732 qu?-

1997 5718 2083 5792 bus
2104 5714 2301 5792 nostum
2315 5714 2530 5792 fefellit.”
2657 5786 2669 5792 ‘
2730 5714 2780 5723 ”
2850 5781 2861 5792 .

2064 5783 2082 5812 ²
2105 5781 2473 5832 christioteauus
2496 5788 2596 5851 Ms.)
2623 5781 2892 5847 apage-nia
2907 5784 3155 5838 occiditur.
