4082 6204
431 336 563 392 1957

427 448 634 502 stiavms
655 453 738 502 est
768 463 781 498 ε
811 461 938 516 ergo
977 454 1216 501 mortuus
1241 452 1321 499 est
1356 460 1608 515 paganus.
1651 446 1781 500 Nam
1821 449 1864 500 si
1897 463 2004 502 non

431 540 767 601 occiduntur,
808 540 946 593 unde
980 539 1177 592 dictum
1219 550 1301 594 est
1334 540 1490 594 Petro
1524 540 1736 593 :Macta
1776 551 1824 595 et
1866 558 2010 594 man-

436 632 566 682 duca
614 629 749 696 (Act.
799 646 859 695 ι,
902 629 1032 698 15)?
1082 628 1230 684 Unde
1276 630 1388 698 ipse
1439 629 1630 684 Saulus
1671 630 1879 685 occisus
1929 639 2012 686 est

437 730 766 790 persecutor,
797 733 847 775 et
878 721 1071 775 Paulus
1097 732 1306 776 erectus
1334 731 1417 776 est
1442 722 1790 790 praedicator?
1817 723 2011 788 Qumro

438 813 657 866 Sauium
704 822 1118 882 persecutorem,
1151 823 1205 867 et
1239 829 1347 867 non
1385 815 1622 879 invenio;
1673 815 1882 869 occisus
1910 825 2009 870 est.

442 905 629 959 Unde?
658 907 729 959 bc
757 908 956 960 t'ramea
990 905 1072 959 bis
1101 914 1273 959 acuta.
1317 905 1419 960 Sed
1451 907 1570 975 quia
1601 908 1809 961 occisus
1849 918 1930 962 est
1958 907 2014 962 in

436 1012 514 1058 se,
551 1007 600 1050 et
624 997 919 1050 vivilicatus
947 1008 1028 1049 est
1053 998 1102 1049 in
1129 996 1338 1051 Christo
1363 1037 1376 1059 ,
1405 997 1525 1052 ideo
1549 998 1820 1052 conlidens
1846 998 2012 1052 dicit:

437 1085 572 1145 ,l’ivo
596 1097 764 1138 autem
775 1089 888 1155 jam
918 1104 1016 1138 nou
1062 1104 1182 1155 ego;
1218 1089 1333 1140 vivit
1370 1099 1540 1140 autem
1572 1089 1627 1141 in
1667 1105 1745 1142 me
1786 1087 2014 1143 Christus

443 1167 631 1235 (Colat.
663 1194 720 1242 tt,
753 1178 870 1245 "20).
900 1178 1175 1242 Quomodo
1199 1180 1268 1232 illi
1293 1180 1368 1244 lit,
1388 1179 1464 1234 sic
1489 1197 1583 1249 per
1611 1181 1778 1236 illum.
1804 1182 2014 1236 Etenim

444 1284 560 1321 tum
598 1271 766 1322 factus
791 1279 932 1322 esset
956 1270 1288 1338 pratdicator,
1320 1273 1523 1340 accepit
1549 1282 1601 1326 et
1632 1272 1814 1341 ipsein
1839 1274 2015 1329 mani-

447 1360 542 1416 bus
575 1361 827 1416 frameam
860 1363 938 1417 bis
976 1373 1206 1427 aculam,
1251 1365 1317 1417 ad
1344 1366 1629 1434 faciendam
1658 1367 1926 1420 vindictam
1963 1369 2015 1421 in

438 1453 686 1520 gentibus.
721 1453 783 1505 Et
810 1470 874 1506 ne
898 1468 1025 1507 vere
1047 1463 1098 1507 tu
1124 1463 1336 1522 putares
1360 1455 1602 1510 homines
1625 1456 1764 1510 ferro
1788 1459 2013 1526 perculi,

439 1543 748 1610 sanguinem
775 1541 940 1608 fundi,
971 1544 1185 1598 vulnera
1219 1547 1269 1598 in
1295 1560 1457 1600 carne
1486 1547 1622 1611 fieri,
1663 1549 1920 1617 sequitur,
1964 1557 2018 1603 et

439 1633 656 1699 exponit
692 1649 706 1683 :
739 1633 1126 1702 Obiurgationes
1172 1635 1224 1686 in
1283 1635 1504 1704 populis.
1547 1635 1857 1705 Objurgatio
1899 1651 2017 1706 quae

439 1731 520 1773 est
541 1722 563 1775 ’ἶ
582 1721 880 1791 Correptio.
916 1725 1174 1779 Proccdat
1197 1741 1261 1778 ex
1307 1726 1459 1780 vobis
1493 1726 1689 1780 framea
1718 1727 1800 1782 bis
1819 1738 1972 1782 acuta
1999 1770 2014 1795 ,

442 1814 603 1866 nolite
631 1815 1048 1878 ccssaro;dedit
1096 1817 1236 1870 illam
1281 1818 1431 1872 vobis
1475 1818 1614 1873 Deus
1663 1834 1758 1888 pro
1805 1820 2018 1875 modulo

400 1946 406 1954 .
439 1911 637 1955 vestro.
667 1903 848 1970 Qualis
885 1904 1047 1958 homo
1071 1919 1150 1969 es,
1183 1906 1270 1975 qui
1303 1906 1441 1960 idola
1491 1909 1664 1962 colis?
1715 1909 1808 1962 Dic
1846 1911 2018 1965 amico

443 1999 551 2054 tuo,
577 1992 618 2044 si
651 2001 826 2045 tamen
869 1975 1128 2048 remansit
1169 1997 1251 2049 cui
1282 1995 1430 2051 dicas
1461 2015 1474 2050 :
1503 1998 1690 2063 Qualis
1733 1999 1893 2054 homo
1936 2015 2015 2064 es,

437 2084 528 2150 qui
577 2083 820 2136 dimisisti
849 2101 969 2139 eum
997 2100 1025 2139 a
1056 2102 1161 2154 quo
1207 2087 1380 2142 factus
1417 2103 1494 2156 es,
1539 2100 1591 2144 ct
1637 2092 1829 2146 adoras
1877 2093 2018 2162 quod

440 2173 604 2227 fecisti
630 2175 652 2226 ‘i
689 2174 871 2228 Melior
902 2186 986 2230 est
1013 2176 1163 2232 faber
1187 2219 1201 2242 ,
1231 2196 1388 2248 quam
1411 2181 1550 2249 quod
1585 2182 1805 2237 fabricat
1845 2183 2014 2240 faber.

439 2264 492 2316 Si
517 2262 721 2318 fabrum
754 2265 979 2322 adorare
1025 2268 1315 2335 erubescis,
1359 2271 1498 2340 quod
1533 2272 1677 2327 father
1713 2273 1834 2328 fecit
1857 2317 1871 2340 ,
1911 2289 2016 2329 non

438 2357 754 2409 erubescis?
803 2358 934 2411 Cum
985 2359 1210 2427 cmperit
1248 2361 1583 2426 erubescere,
1635 2379 1756 2416 cum
1795 2367 2021 2433 cmperit

440 2450 744 2513 compungi,
777 2446 944 2500 fecisti
973 2447 1166 2501 vulnus
1193 2447 1260 2501 de
1292 2449 1527 2514 framea;
1553 2454 1793 2519 pervenit
1812 2453 1878 2507 ad
1901 2469 2015 2520 cor,

440 2535 731 2587 moriturus
757 2543 836 2588 est
860 2544 914 2588 ttt
934 2536 1076 2590 vivat
1109 2553 1122 2588 :
1158 2536 1392 2592 Framea:
1428 2539 1502 2592 bis
1521 2550 1681 2594 acuta:
1712 2542 1766 2594 in
1789 2542 2020 2597 manibus

442 2639 635 2685 eorum,
663 2624 732 2676 ad
757 2625 1039 2693 faciendam
1064 2627 1334 2680 vindictam
1364 2627 1418 2682 in
1437 2631 1684 2700 gentibus,
1709 2633 2020 2703 objurgatio-

440 2729 526 2765 nes
547 2714 597 2765 in
621 2713 841 2782 populis.

513 2805 600 2857 14.
643 2802 774 2875 [vers
823 2803 904 2876 3.]
934 2806 1000 2860 Ut
1025 2809 1233 2878 alligent
1258 2827 1396 2881 reges
1413 2827 1583 2865 eorum
1603 2813 1654 2866 in
1678 2815 2016 2882 compedibus,

438 2903 486 2945 et
515 2895 703 2949 nobiles
723 2912 896 2949 eorum
921 2897 972 2950 in
995 2899 1204 2952 vinculis
1225 2902 1416 2970 ferreis.
1454 2903 1520 2958 Ut
1541 2906 1730 2974 faciant
1765 2907 1817 2959 in
1851 2907 1920 2960 eis
1931 2909 2024 2976 ju-

442 2984 628 3036 dicium
657 2988 1014 3056 conscriptum.
1048 2988 1228 3044 Facile
1265 2994 1606 3060 exposuimus
1645 2998 1912 3065 quomodo
1954 2998 2021 3054 de

444 3073 659 3129 l'rameis
685 3078 881 3131 cadant
910 3088 966 3132 ut
998 3091 1304 3148 exsurgant,
1348 3094 1660 3151 separentur
1691 3096 1748 3140 ut
1795 3103 2020 3157 congre-

443 3173 651 3232 gcntur,
677 3166 1020 3221 vulnerentur
1041 3178 1096 3222 ut
1113 3179 1384 3236 sanentur,
1410 3174 1704 3229 moriantur
1729 3186 1785 3230 ιιι
1803 3179 2013 3232 vivant:

442 3255 537 3308 sed
569 3256 691 3324 quid
717 3256 1010 3312 faciemus?
1034 3261 1301 3329 quomodo
1321 3278 1667 3332 exponemus,
1693 3268 1773 3320 Ad
1799 3269 2019 3338 alligan-

444 3347 534 3399 dos
563 3365 699 3418 rcges
715 3366 886 3402 eorum
916 3351 966 3402 in
1004 3352 1371 3421 compedibus?
1410 3356 1578 3426 Reges
1623 3360 1860 3427 gentium
1897 3361 2018 3415 alli-

438 3438 594 3506 gandi
643 3440 694 3491 in
742 3442 1128 3509 compedibus;
1173 3453 1217 3496 et
1255 3445 1441 3500 nobiles
1489 3464 1662 3501 eorum
1695 3450 1746 3501 in
1785 3451 2016 3521 vinculis,

441 3529 641 3583 addidit.
662 3533 854 3602 ferreis.
889 3534 1163 3598 Adestotc,
1202 3545 1257 3589 ut
1300 3541 1598 3607 agnoscatis
1635 3542 1797 3609 quod.
1828 3544 2013 3597 uestis.

442 3619 528 3672 isti
546 3625 686 3674 enim
706 3638 891 3676 versus
916 3639 1047 3690 quos
1068 3627 1838 3693 cmpimusexponere,obscuri
1855 3641 1977 3684 sunt
2000 3649 2014 3696 ;

437 3711 531 3764 sed
568 3712 695 3764 illud
721 3713 860 3780 quod
891 3730 957 3766 ex
989 3714 1089 3767 illis
1116 3715 1352 3768 dicturus
1379 3730 1518 3780 sum,
1556 3731 1660 3768 non
1687 3727 1766 3771 est
1798 3735 2014 3774 novum.

437 3799 554 3853 Jam
605 3811 786 3853 notum
817 3812 899 3854 est
929 3803 1078 3854 vobis
1103 3820 1117 3864 ;
1148 3804 1306 3857 modo
1336 3821 1438 3858 non
1465 3805 1671 3860 discere
1693 3823 1825 3876 opus
1853 3811 2015 3865 habe-

440 3893 527 3955 tis,
564 3891 656 3944 sed
687 3893 1134 3960 _commemorari.
1175 3893 1254 3948 Ad
1304 3895 1404 3949 hoc
1449 3905 1623 3950 autem
1663 3898 1828 3953 voluit
1879 3901 2016 3976 Deus

437 3986 664 4039 obscure
689 4001 888 4055 ponere
909 3986 1164 4055 quosdam
1195 4003 1384 4042 versus
1412 4005 1556 4050 suos,
1589 4007 1692 4044 non
1720 4001 1774 4044 ut
1810 3993 2015 4063 aliquid

438 4094 632 4132 novum
663 4078 728 4130 de
757 4078 860 4132 illis
903 4088 1148 4143 eruatur;
1187 4079 1278 4134 sed
1318 4089 1374 4134 ut
1424 4081 1562 4149 quod
1611 4081 1718 4150 jam
1765 4085 2014 4138 usitatum

436 4183 552 4227 erat
585 4173 622 4239 ⁸,
665 4172 903 4226 obscuris
931 4172 1185 4241 expositis
1232 4173 1528 4227 innovetur.
1560 4173 1814 4229 Novimus
1860 4191 2014 4247 reges

440 4266 603 4319 factos
638 4264 976 4330 christianos,
1033 4267 1272 4319 novimus
1316 4265 1522 4320 nobiles
1568 4269 1799 4336 gentium
1848 4269 2013 4326 factos

435 4358 769 4411 christianos.
801 4357 935 4410 Sunt
965 4356 1221 4426 hodieque
1245 4398 1258 4420 ,
1287 4367 1340 4410 et
1368 4356 1580 4411 fuerunt
1604 4359 1646 4424 ³,
1682 4367 1735 4413 et
1753 4369 1936 4426 erunt;
1960 4371 2013 4417 et

437 4465 541 4503 non
563 4459 782 4504 cessant
804 4448 1016 4502 framea:
1047 4449 1126 4502 bis
1155 4458 1322 4502 acuta:
1349 4450 1398 4503 in
1422 4451 1664 4505 manibus
1684 4461 2008 4508 sanctorum.

434 4541 716 4606 Quomodo
741 4555 867 4608 ergo
911 4541 1098 4609 ligatos
1124 4540 1468 4608 compedibus
1491 4550 1546 4595 et
1575 4543 1798 4597 vinculis
1825 4544 2010 4601 ferreis

436 4630 811 4699 intelligimus?
839 4629 949 4684 Scit
979 4629 1222 4684 Charitas
1253 4639 1424 4684 vestra
1455 4639 1508 4686 et
1530 4631 1757 4686 eruditio
1787 4635 1930 4704 (quia
1955 4636 2007 4690 in

434 4721 670 4776 Ecclesia
704 4721 883 4774 nutriti
913 4721 1072 4786 estis,
1101 4729 1154 4774 et
1174 4721 1358 4775 soletis
1387 4722 1568 4777 audire
1593 4723 1795 4779 divinas
1821 4725 2008 4781 lectio-

434 4813 574 4881 nes),
605 4811 854 4881 quoniam
905 4811 1111 4879 inﬁrma
1141 4811 1315 4864 mundi
1345 4811 1489 4881 elegit
1518 4810 1686 4878 Deus,
1715 4823 1769 4867 ut
1795 4817 2010 4884 confun-

432 4903 569 4957 deret
596 4903 784 4972 fortia;
820 4911 866 4956 et
898 4901 1050 4956 stulta
1080 4902 1254 4956 mundi
1295 4903 1440 4974 elegit
1473 4903 1629 4972 Deus,
1675 4907 1741 4960 ad
1793 4910 2010 4978 confun.

431 4995 620 5048 dendos
643 4996 920 5064 sapientes;
965 5003 1011 5046 et
1037 5011 1096 5048 ea
1126 5011 1239 5064 qua:
1263 5012 1364 5049 non
1389 5003 1503 5049 sunt
1529 5006 1766 5068 tanquam
1808 5017 1867 5054 ea
1893 5017 2007 5072 qum

429 5096 563 5151 sunt,
588 5098 640 5140 ut
659 5103 771 5156 qua:
796 5096 911 5141 sunt
940 5097 1258 5141 evacuentur.
1299 5087 1386 5143 Sic
1411 5090 1552 5143 enim
1573 5092 1648 5146 ait
1667 5093 1960 5162 Apostolus
1984 5110 2001 5148 :

442 5176 612 5232 i'idete
633 5179 762 5231 enim
781 5179 1086 5232 vocationem
1106 5188 1336 5244 vestram,
1364 5181 1567 5248 fratres,
1595 5183 1713 5252 quia
1742 5201 1840 5238 non
1864 5187 2002 5239 mulo

429 5266 464 5318 ti
503 5267 749 5332 sapientes
769 5267 1041 5321 secundum
1071 5284 1270 5321 carnem
1293 5311 1309 5334 ,
1335 5285 1436 5323 non
1463 5271 1610 5324 multi
1637 5285 1877 5342 potentes,
1902 5292 2004 5330 non

428 5356 574 5406 nmlti
600 5355 790 5409 nobiles
811 5374 827 5419 ,'
848 5362 936 5411 sed
964 5358 1117 5410 stulta
1147 5359 1318 5410 mundi
1353 5359 1498 5430 elegit
1523 5359 1659 5416 Deus
1677 5404 1691 5429 ,
1720 5375 1766 5416 et
1799 5365 2006 5434 inﬁrma

426 5445 626 5508 utuna'i,
649 5455 702 5499 ut
728 5447 1054 5514 confunderet
1103 5449 1289 5514 fortia;
1319 5461 1362 5502 et
1409 5451 1646 5521 ignobilia
1693 5467 1740 5508 et
1782 5468 2003 5513 contem-

427 5537 622 5606 ptibilia
649 5539 794 5608 elegit
819 5537 955 5593 Deus
971 5581 984 5604 ,
1007 5550 1052 5594 et
1073 5558 1132 5594 ea
1163 5557 1274 5608 qua:
1292 5559 1392 5596 non
1417 5553 1538 5626 sunt
1559 5553 1794 5616 tanquam
1815 5566 1872 5604 ea
1891 5567 2004 5620 qua:

488 5672 504 5700 ⁸
539 5671 611 5718 sic
633 5678 737 5722 Mss.
764 5672 872 5720 Edd.
901 5686 1037 5732 vero,
1057 5672 1333 5724 inusitatmn
1353 5681 1474 5725 erat.

485 5733 506 5764 ²
538 5737 611 5782 Er.
638 5733 783 5791 Lugd.
809 5743 907 5784 ven
932 5749 944 5784 :
971 5741 1084 5786 sunt
1102 5737 1242 5786 hodie
1265 5749 1371 5797 qtae
1390 5739 1600 5797 fuerunt.
1697 5747 1750 5791 tt.

1490 333 1886 388 ENARRATIU
1927 333 1988 387 ιη
2026 332 2347 396 rsuamu
2377 343 2606 402 cxux.

3554 392 3692 451 1958

2903 941 3198 1012 νηηςθίἰυιη,
3231 957 3285 1004 et
3312 953 3386 1008 ire
3407 972 3504 1025 per
3524 969 3707 1022 totum,

2117 1003 2300 1110 orbem
2350 1017 2607 1068 terrarum
2659 1019 3071 1098 (Matt/axxvm,
3105 1037 3212 1108 19).
3264 1003 3502 1103 Freniuit
3541 1003 3694 1110 mnu:

2117 1093 2238 1194 dus,
2267 1100 2511 1158 erexitse
2541 1106 2623 1159 leo
2647 1111 2901 1171 adversus
2928 1137 3119 1189 agnum
3152 1093 3284 1185 :lsed
3320 1137 3503 1194 fortior
3538 1145 3690 1203 leone

2119 1195 2363 1242 inventus
2405 1202 2486 1246 est
2519 1211 2703 1264 agnus.
2746 1203 2854 1258 Leo
2887 1210 3050 1264 victus
3077 1227 3156 1270 est
3194 1225 3492 1296 saeviendo,
3525 1247 3692 1300 agnus

2119 1284 2248 1332 vicit
2281 1284 2544 1349 patiendo.
2571 1293 2834 1350 Conversa
2879 1313 3001 1356 sunt
3029 1308 3186 1362 corda
3216 1284 3492 1372 hominum,
3522 1289 3587 1377 ad
3624 1328 3690 1379 ti-

2119 1385 2320 1424 morem
2367 1375 2594 1446 Christi;
2627 1398 2903 1455 coeperunt
2955 1411 3125 1465 reges,
3174 1415 3447 1472 coeperunt
3488 1416 3695 1474 nobiles

2119 1468 2389 1526 miraculis
2403 1483 2746 1548 commoveri,
2771 1487 3060 1555 prophetize
3077 1494 3450 1566 adimpletione
3467 1507 3692 1578 turbari,

2119 1559 2300 1614 videre
2327 1563 2379 1616 in
2420 1581 2591 1621 unum
2624 1587 2813 1628 nomen
2841 1593 3158 1639 concurrere
3187 1603 3356 1656 genus
3381 1559 3692 1656 humanum:

2121 1649 2189 1752 1:3t
2234 1653 2358 1720 quid
2389 1655 2667 1714 facerent?
2709 1665 2849 1720 Multi
2886 1671 3160 1740 elegerunt
3187 1649 3696 1752 ignobilitatemtet

2121 1739 2446 1801 dimittentes
2477 1748 2663 1806 domos
2689 1771 2830 1823 suas,
2863 1761 3186 1823 substantias
3216 1786 3340 1826 suas
3369 1775 3697 1836 distribuen-

2124 1840 2203 1886 tes
2253 1839 2602 1908 pauperibus,
2654 1861 3002 1907 cucurrerunt
3037 1857 3101 1911 ad
3136 1863 3531 1927 perfectionem.
3585 1871 3697 1929 Tali

2117 1927 2262 1980 enim
2294 1929 2600 1998 imperfecto
2632 1937 2823 1995 dicitur
2865 1959 2893 1996 a
2940 1947 3161 2004 Domino
3196 1972 3210 2007 :
3241 1956 3301 2009 Si
3344 1961 3415 2012 vis
3453 1966 3698 2033 perfectus

2122 2032 2246 2086 esse,
2275 2021 2418 2087 vade,
2448 2027 2602 2080 vende
2621 2033 2789 2085 omnia
2816 2051 2929 2104 qutc
2957 2039 3127 2108 habes,
3159 2056 3202 2096 et
3245 2048 3312 2099 du
3357 2055 3698 2121 pauperibus;

2122 2118 2168 2162 et
2211 2115 2340 2179 veni,
2392 2133 2592 2187 sequere
2639 2139 2734 2189 me,
2791 2136 2837 2179 et
2881 2130 3080 2186 [iubebis
3135 2137 3423 2194 thesaurum
3466 2146 3518 2198 in
3563 2152 3706 2204 rte/is

2124 2199 2365 2270 (ld.x1x,
2398 2207 2509 2276 ΞΗ).
2543 2211 2686 2267 Multi
2732 2231 2795 2270 ex
2846 2221 3108 2277 nobilibus
3156 2226 3394 2286 fecerunt
3444 2199 3696 2295 ltoc:setl

2122 2308 2466 2353 cessztverunt
2513 2301 2597 2356 isti
2653 2307 2859 2362 nobiles
2913 2325 3032 2366 esse
3080 2322 3316 2386 gentium
3356 2341 3374 2387 ;
3423 2329 3699 2398 elegerunt

2125 2398 2484 2457 paupertatem
2515 2394 2564 2448 in
2596 2401 2812 2465 sarculo,
2848 2405 3178 2464 nobilitatem
3209 2413 3256 2464 in
3287 2394 3533 2472 Christo:
3551 2422 3697 2479 Multi

2123 2487 2299 2534 autem
2331 2490 2519 2558 tenent
2555 2487 2719 2556 ipsam
2761 2494 3088 2553 nobilitatem
3117 2503 3166 2564 ³,
3197 2511 3378 2561 tenent
3408 2513 3575 2580 regias
3601 2531 3697 2582 po-

2126 2579 2342 2628 testates
2363 2616 2376 2636 ,
2405 2584 2460 2630 et
2488 2578 2564 2633 sic
2589 2589 2714 2636 sunt
2748 2584 3039 2643 christiani.
3073 2591 3174 2661 ipsi
3201 2608 3323 2651 sunt
3363 2578 3612 2672 tanquam
3648 2608 3697 2661 in

2123 2665 2487 2732 compedibus,
2516 2677 2570 2722 et
2617 2680 2864 2742 tanquam
2918 2679 2968 2732 in
3019 2683 3238 2742 vinculis
3283 2665 3491 2746 ferreis.
3553 2696 3699 2752 Unda

2124 2751 2263 2807 hoc?
2290 2755 2366 2810 Ne
2395 2762 2838 2829 progrederemur
2866 2769 2932 2820 ad
2973 2772 3176 2843 illicita,
3227 2783 3512 2850 compedes
3551 2801 3697 2843 acce-

2127 2857 2342 2911 perunt;
2403 2852 2689 2919 compedes
2737 2858 3028 2925 Sttpit'nli:t‘,
3066 2868 3348 2934 cornipedes
3383 2873 3527 2927 verbi
3585 2876 3698 2932 Dei.

2196 2937 2283 2991 15.
2325 2940 2500 3004 Quare
2554 2959 2680 3012 ergo
2730 2949 2934 3003 vincula
2990 2953 3178 3021 ferrea,
3229 2968 3283 3013 et
3336 2977 3438 3016 non
3492 2961 3698 3025 vincula

2124 3038 2280 3079 aurea
2304 3027 2328 3079 ?
2357 3026 2550 3084 Ferrea
2573 3045 2694 3088 sunt
2723 3040 2968 3104 quanuiiu
3002 3043 3214 3112 tin'tent;
3239 3058 3439 3118 ament,
3464 3066 3515 3108 et
3539 3072 3698 3114 aurea

2125 3124 2301 3170 erunt.
2332 3119 2582 3175 Attendat
2607 3124 2849 3181 Charitas
2883 3142 3052 3187 vestra
3084 3137 3209 3204 quid
3231 3139 3435 3210 loquar.
3463 3147 3701 3206 Audistis

2124 3207 2282 3260 modo
2313 3213 2608 3276 apostolum
2631 3214 2886 3272 Joannem
2923 3239 2935 3274 :
2971 3221 3142 3278 Timor
3178 3245 3278 3283 non
3304 3207 3374 3285 est
3400 3234 3451 3288 in
3478 3238 3701 3292 citat-ita-

2124 3305 2206 3362 te;
2233 3299 2322 3352 sed
2350 3302 2570 3370 perfecta
2584 3309 2801 3361 clmritas
2823 3315 2962 3380 foras
2986 3317 3133 3371 mittit
3152 3321 3394 3391 timorem,
3418 3330 3533 3396 quia
3555 3332 3700 3386 timor

2125 3397 2424 3444 tormentum
2458 3393 2602 3448 habet
2635 3398 2674 3463 (Ι
2701 3397 2855 3453 Joan.
2888 3406 3093 3475 “318).
3149 3409 3257 3465 lloc
3297 3425 3378 3469 est
3430 3393 3699 3478 vinculum

2123 3476 2376 3534 ferreum.
2404 3481 2469 3536 Et
2507 3494 2682 3540 tamen
2714 3490 2811 3542 nisi
2844 3492 3034 3550 timore
3065 3498 3280 3568 incipiat
3330 3505 3486 3559 homo
3530 3510 3701 3568 Deum

2121 3569 2298 3623 coiere
2320 3611 2333 3632 ,
2369 3587 2471 3624 non
2503 3578 2771 3640 perveniet
2795 3580 2858 3632 ad
2887 3596 3144 3638 amorem.
3194 3590 3400 3646 initium
3430 3601 3698 3665 sapientia:

2125 3658 2288 3712 timor
2316 3661 2518 3715 Domini
2547 3663 2716 3735 (Psal.
2749 3684 2835 3732 cx,
2873 3672 2984 3741 1ο).
3021 3673 3204 3743 Incipit
3244 3696 3370 3751 ergo
3407 3700 3436 3739 a
3479 3658 3698 3747 vinculis

2123 3748 2333 3816 ferreis,
2361 3753 2538 3807 linitur
2561 3756 2625 3810 ad
2662 3767 2899 3828 torquem
2929 3777 3167 3820 aureum.
3204 3748 3407 3828 Dictum
3451 3789 3529 3832 est
3557 3765 3698 3839 enim

2121 3839 2188 3894 de
2239 3841 2523 3910 Sapientia,
2580 3846 2646 3900 Et
2703 3859 2926 3921 torquem
2966 3872 3172 3912 aureum
3213 3862 3346 3917 circa
3401 3877 3536 3924 tuam
3593 3891 3698 3928 cer-

2122 3935 2273 3987 vicem
2305 3935 2489 4009 (Eccli.
2529 3955 2601 4003 Vl,
2649 3941 2761 4013 2:3).
2815 3946 2926 4001 Non
2977 3950 3065 4004 tibi
3110 3953 3404 4024 imponeret
3457 3973 3697 4034 torquem

2121 4039 2340 4081 aureum
2375 4068 2388 4090 ,
2429 4030 2527 4083 nisi
2560 4033 2729 4100 primo
2771 4036 2821 4089 in
2862 4042 3207 4109 compedibus
3248 4047 3434 4105 ferreis
3475 4063 3525 4108 te
3559 4030 3648 4124 pili
3673 4088 3698 4101 -

2117 4125 2316 4185 gasset.
2357 4119 2575 4189 Ctepisti
2613 4139 2642 4176 a
2686 4125 2912 4196 timore,
2953 4140 3337 4193 consummaris
3374 4144 3439 4197 ad
3489 4148 3697 4216 sapien-

2121 4209 2243 4260 tiam
2271 4210 2312 4260 ².
2354 4209 2522 4276 Quam
2560 4215 2708 4268 multi
2749 4231 2871 4272 sunt
2912 4223 2998 4289 qui
3043 4238 3325 4295 propterea
3371 4209 3697 4293 nolunt-tua-

2119 4301 2168 4355 le
2205 4301 2398 4368 facere,
2441 4305 2562 4374 quia
2600 4307 2870 4376 gehennas
2911 4315 3122 4380 timent,
3163 4321 3283 4384 quia
3323 4327 3585 4382 cruciatus
3633 4332 3697 4384 ti-

2118 4395 2302 4447 ment?
2319 4393 2564 4450 Nondum
2587 4407 2767 4453 amant
2791 4401 3070 4469 justitiam.
3103 4408 3160 4461 Si
3179 4411 3280 4463 illis
3299 4417 3700 4481 promitteretur

2116 4484 2436 4553 impunitas,
2481 4496 2534 4543 et
2576 4489 2843 4546 diceretur
2877 4496 2979 4559 eis,
3010 4496 3190 4555 Facite
3227 4504 3366 4572 quod
3410 4507 3562 4561 vultis
3605 4528 3697 4564 sc-

2115 4575 2263 4642 curi,
2310 4577 2624 4648 impunitum
2663 4583 2812 4639 vobis
2855 4587 2987 4653 erit;
3029 4594 3333 4648 emitterent
3379 4612 3696 4668 progressus

2114 4665 2390 4722 libidinum
2420 4686 2632 4726 suarum
2664 4674 2714 4728 in
2740 4691 2960 4747 qumque
2982 4681 3408 4750 nequissima:et
3440 4665 3692 4759 maxime,

2113 4757 2306 4813 fratres
2347 4761 2485 4827 mei,
2519 4764 2748 4818 maxime
2788 4781 2938 4836 reges
2981 4778 3034 4822 et
3078 4772 3314 4839 nobiles,
3350 4778 3540 4846 quibus
3584 4757 3698 4834 mut

2112 4847 2266 4906 facile
2301 4851 2527 4916 dicitur,
2559 4853 2691 4919 Quid
2732 4854 2940 4911 fecisti?
2968 4858 3097 4912 Nam
3139 4875 3339 4932 pauper
3369 4867 3561 4934 homo,
3589 4871 3691 4924 etsi

2113 4953 2217 4992 non
2253 4941 2432 4995 timeat
2462 4943 2624 4996 Deum
2651 4959 2664 5009 ;
2697 4945 2816 5012 quia
2851 4945 3118 5001 nullarum
3147 4950 3336 5005 virium
3368 4965 3448 5008 est
3471 4997 3483 5020 ,
3516 4959 3690 5011 nulla-

2110 5042 2228 5082 rum
2265 5029 2610 5098 facultatum;
2643 5048 2708 5086 ne
2737 5047 2856 5088 cum
2888 5051 2954 5089 se;
2989 5045 3360 5108 commoverit,
3395 5045 3446 5098 in
3485 5051 3688 5118 suppli-

2109 5119 2249 5172 cium
2283 5121 2537 5188 rapiatur,
2571 5131 2743 5176 cessat
2773 5124 2962 5180 timere
3000 5126 3259 5197 homin-is,
3293 5135 3390 5186 etsi
3433 5151 3540 5189 non
3573 5139 3695 5192 Dei.

2111 5211 2361 5267 Potentes
2399 5223 2575 5266 autem
2619 5216 2837 5283 mundi,
2880 5233 3062 5288 reges,
3109 5223 3342 5290 nobiles,
3377 5227 3474 5281 nisi
3522 5229 3693 5286 Deunr

2112 5304 2361 5370 timeant,
2393 5305 2517 5374 quid
2547 5307 2841 5362 timebunt?
2867 5307 2972 5365 Sed
3001 5313 3314 5379 przedicatur
3335 5317 3456 5383 illis,
3489 5329 3540 5373 et
3563 5337 3685 5388 per-

2108 5394 2378 5448 cutiuntttr
2417 5395 2613 5449 framea
2654 5397 2734 5450 bis
2760 5408 2932 5453 acuta.
2965 5401 3164 5455 Dicitur
3201 5404 3300 5458 illis
3332 5409 3450 5475 quia
3483 5419 3564 5462 est
3592 5412 3688 5480 qui

2110 5493 2269 5554 ponat
2296 5485 2430 5539 alios
2455 5485 2519 5540 ad
2547 5485 2847 5555 dexteram,
2876 5491 3008 5544 alios
3033 5491 3099 5545 ad
3124 5494 3428 5563 sinistram;
3462 5509 3517 5552 ut
3544 5499 3690 5557 dicat

2171 5622 2188 5689 ξ
2216 5621 2304 5689 Hic
2320 5620 2368 5668 in
2392 5619 2727 5689 Fdd._add_itur,
2751 5621 2801 5672 in
2822 5623 3008 5674 (‘hristo
3031 5627 3192 5689 :qnod
3216 5628 3355 5679 abest
3371 5642 3398 5679 a
3422 5637 3526 5681 mss.

2169 5686 2190 5714 ι
2215 5683 2344 5753 rod,
2369 5696 2400 5753 ς
2421 5682 2670 5753 sapientia.
2696 5682 2750 5734 At
2765 5698 2938 5734 omnes
2958 5682 3098 5750 Mss,’
3109 5688 3175 5739 ad
3197 5689 3479 5753 sapientum
3505 5701 3594 5746 :et
3616 5707 3680 5744 es

2108 5747 2184 5796 his
2204 5757 2218 5803 ι
2241 5742 2373 5794 Iurcs
2390 5742 2588 5806 habent,
2612 5759 2954 5798 consummare.
