4082 6204
456 311 600 368 1959

461 427 543 482 eis
569 426 659 496 qui
703 442 733 480 a
776 426 1006 480 sinistris
1035 435 1157 481 sunt
1187 445 1197 479 :
1233 426 1312 481 Ite
1348 428 1402 480 in
1440 428 1602 497 ignem
1638 437 1914 491 aeternum,
1949 442 2036 487 aut

460 528 672 587 paratus
695 527 767 572 est
785 517 985 571 diabolo
1015 527 1062 571 et
1094 519 1285 588 angelis
1299 520 1406 590 ejus
1427 517 1637 590 (Matth.
1664 534 1789 582 xxv,
1812 519 1902 584 55,
1923 518 2034 588 bl).

459 604 707 661 Nondum
743 605 969 677 diligunt
1000 606 1293 676 justitiam,
1331 608 1424 662 sed
1464 609 1652 666 limem
1690 623 1929 677 poenam;
1984 614 2042 661 et

448 697 699 753 timendo
736 712 980 766 poenam,
1020 698 1130 767 jam
1175 707 1494 769 acceperunt
1533 700 1847 769 compedes,
1891 709 1945 753 ct
1983 698 2036 753 iu

458 790 684 843 vinculis
725 787 913 843 ferreis
953 789 1284 843 erudiuntur.
1328 788 1488 843 Venit
1530 789 1595 843 ad
1639 803 1734 842 nos
1773 788 1932 842 homo
1971 788 2040 843 de

460 879 658 935 saeculo
700 888 923 948 potens;
972 879 1192 933 oﬂ'endit
1238 880 1380 932 illum
1422 895 1557 933 uxor
1595 893 1726 944 sua,
1773 887 1863 931 aut
1901 876 2038 931 forte

458 971 765 1039 concupivit
799 970 1019 1024 alterius
1060 971 1447 1040 pulchriorem,
1496 978 1588 1024 aut
1625 970 1843 1025 alteram
1883 969 2039 1023 ditio-

457 1077 573 1117 rem
600 1080 613 1115 :
636 1063 749 1117 vult
783 1063 1053 1119 dimittere
1088 1078 1205 1117 eam
1246 1076 1403 1132 quam
1436 1062 1623 1126 habet,
1659 1070 1711 1115 et
1746 1076 1850 1115 non
1894 1059 2035 1114 facit.

458 1153 624 1209 'Audit
651 1169 682 1209 a
712 1169 872 1209 servo
903 1154 1031 1220 Dei,
1063 1154 1262 1208 audita
1292 1152 1581 1222 propheta,
1612 1151 1758 1206 audit
1795 1152 1865 1206 ab
1905 1166 2037 1223 apo-

458 1245 634 1312 stolo,
665 1255 719 1299 et
758 1261 863 1299 non
899 1245 1025 1300 facit
1049 1245 1101 1309 ¹;
1139 1245 1281 1299 audit
1312 1244 1377 1298 ab
1420 1258 1485 1297 eo
1528 1244 1579 1297 in
1614 1243 1764 1311 cujus
1789 1242 2038 1298 manibus

459 1345 543 1390 est
571 1336 767 1390 framea
798 1336 881 1391 bis
899 1344 1052 1389 acuta
1073 1377 1088 1403 ,
1118 1334 1234 1389 Non
1264 1334 1592 1401 facies,.non
1620 1334 1741 1388 licet
1771 1333 1897 1399 tibi,
1930 1348 2036 1387 non

460 1426 721 1494 permittit
748 1426 885 1479 Deus
914 1425 1183 1480 dimittere
1213 1440 1458 1489 uxorem,
1490 1432 1709 1494 excepta
1732 1438 1890 1479 causa
1924 1422 2038 1478 for—

459 1514 741 1569 nicationis
784 1514 894 1585 (Id.
940 1531 992 1581 v,
1031 1513 1146 1586 5‘2.)
1186 1532 1200 1567 :
1243 1516 1391 1569 audit
1434 1514 1564 1582 hoc,
1606 1515 1797 1582 timet,
1836 1522 1891 1569 et
1930 1529 2038 1570 non

460 1606 603 1660 facit.
646 1605 815 1662 Pedes
854 1606 999 1661 leves
1037 1606 1147 1676 jam
1190 1607 1663 1678 progrediebantur
1703 1608 1756 1661 in
1791 1607 1994 1677 lapsum
2018 1648 2035 1674 ,

458 1696 804 1767 compedibus
852 1707 1132 1763 tenentur;
1183 1698 1344 1754 habet
1380 1700 1591 1754 vincula
1634 1699 1837 1765 ferrea,
1887 1701 2040 1756 timet

458 1789 648 1843 Deum.
699 1790 901 1844 Dicitur
942 1790 1014 1845 illi
1050 1791 1374 1847 :Damnabit
1418 1801 1469 1848 te
1512 1792 1683 1859 Deus,
1728 1795 1772 1849 si
1814 1792 2034 1859 feceris;

454 1880 617 1948 iudex
657 1889 739 1935 est
765 1896 925 1951 supra
965 1895 1181 1947 omnes,
1214 1883 1363 1936 audit
1387 1882 1646 1953 gemitum
1676 1885 1859 1939 uxoris
1896 1894 2033 1951 tuae,

456 1987 583 2028 reus
615 1973 880 2028 teneberis
910 1973 960 2027 in
987 1982 1275 2042 conspectu
1301 1974 1573 2044 ejus.,llac
1608 1978 2037 2045 concupiscentia

455 2064 745 2131 blanditur,
774 2065 874 2119 hac
904 2080 1057 2133 paena
1087 2064 1344 2119 deterret.
1376 2066 1573 2121 lbatad
1594 2068 2035 2121 consentiendum

454 2170 637 2227 pravze
657 2156 973 2226 cupiditati,
999 2157 1104 2211 nisi
1129 2157 1334 2211 vincula
1360 2157 1528 2213 ferrea
1552 2159 1862 2215 retinerent.
1886 2159 2037 2227 Quod

442 2250 575 2319 plus
620 2257 734 2314 est,
777 2250 823 2304 si
864 2249 1035 2314 dicat,
1085 2249 1374 2304 Continere
1406 2249 1523 2318 .jam
1566 2250 1721 2315 volo,
1762 2250 1887 2305 uolo
1923 2250 2037 2320 jam

444 2353 679 2396 uxorem
713 2356 727 2392 :
754 2339 867 2394 Non
893 2347 1068 2409 potes.
1091 2338 1227 2406 Quid
1244 2380 1259 2404 ,
1282 2338 1327 2393 si
1347 2347 1401 2392 tu
1427 2340 1508 2393 vis
1526 2380 1540 2405 ,
1568 2347 1623 2395 et
1647 2339 1737 2394 illa
1758 2355 1862 2394 non
1888 2340 2037 2394 vult?
2075 2403 2083 2424 ι

451 2430 711 2500 numquid
748 2445 846 2499 per
874 2430 1253 2484 continentiam
1284 2439 1425 2484 tuam
1453 2428 1612 2484 debet
1640 2430 1727 2483 illa
1769 2430 1881 2484 lieri
1924 2431 2034 2485 for-

451 2523 726 2580 nicaria’?
751 2522 808 2578 Si
842 2523 929 2577 alii
955 2522 1197 2591 nupserit
1228 2531 1278 2576 te
1304 2520 1459 2587 vivo,
1492 2520 1734 2576 adultera
1769 2522 1889 2575 erit.
1916 2520 2035 2575 Non

449 2616 568 2669 vult
597 2614 686 2669 tali
713 2613 863 2669 lucro
885 2614 1025 2669 Deus
1044 2628 1392 2682 compensare
1418 2613 1523 2667 tale
1550 2611 1823 2666 damnum.
1848 2611 2033 2668 Redde

450 2705 727 2770 debitum;
757 2706 856 2761 etsi
897 2721 1003 2760 non
1046 2705 1243 2775 exigis,
1274 2704 1459 2759 redde.
1489 2704 1591 2758 Pro
1616 2704 2034 2761 sanctiﬁcatione

439 2800 689 2873 perfecta
732 2802 873 2856 Deus
922 2800 1016 2855 tibi
1063 2798 1424 2869 computabit,
1465 2798 1510 2854 si
1555 2813 1659 2853 nou
1695 2797 1836 2868 quod
1875 2797 2036 2853 debet

449 2892 620 2963 exigis
646 2891 687 2957 ³,
719 2890 813 2946 sed
851 2890 1029 2945 reddis
1056 2889 1196 2960 quod
1224 2888 1452 2945 debetur
1483 2890 1660 2943 uxori.
1684 2887 1894 2954 Times,
1924 2901 2032 2943 non

445 2984 615 3052 facis;
651 2983 1028 3040 concutiuntur
1063 2982 1270 3037 vincula
1317 2992 1426 3036 tua.
1469 2980 1606 3035 Audi
1647 2980 1771 3051 quia
1809 2980 2033 3036 vinculis

436 3075 635 3131 terreis
662 3075 981 3130 constrictus
1015 3090 1074 3129 es
1099 3091 1113 3127 :
1144 3072 1392 3143 Alligatus
1422 3088 1473 3127 es
1506 3072 1652 3125 uxori
1667 3073 1692 3124 ?
1715 3070 1796 3125 Ne
1821 3072 2032 3142 quasie—

446 3168 520 3219 ris
547 3166 847 3219 solutionem
877 3162 937 3235 (.1
969 3163 1087 3220 Cor.
1118 3179 1196 3218 vu
1216 3205 1230 3227 ,
1276 3163 1381 3230 '59,
1414 3165 1481 3229 3,
1521 3162 1635 3233 27).
1675 3163 1873 3217 Durum
1912 3170 2027 3231 est,

440 3253 679 3311 ferreum
721 3264 823 3310 est.
850 3254 981 3309 Nam
1011 3255 1222 3324 quando
1249 3254 1504 3309 Dominus
1532 3253 1634 3308 hoc
1661 3255 1768 3319 ait,
1799 3254 2032 3310 ostendit

440 3347 571 3416 quia
612 3345 880 3400 vinculum
924 3356 1006 3399 est
1048 3343 1279 3399 ferreum
1313 3361 1327 3397 :
1359 3343 1761 3416 (adolescentes
1810 3345 2026 3400 audite:

441 3437 655 3494 vincula
686 3436 858 3490 ferrea
900 3444 1027 3489 sunt
1047 3475 1062 3500 ,
1090 3433 1253 3488 nolite
1287 3433 1450 3502 pedes
1490 3433 1739 3498 mittere;
1770 3448 1891 3488 cum
1924 3434 2027 3488 mi-

440 3526 650 3592 seritis,
701 3525 901 3581 arctius
951 3523 1390 3594 constringemini
1460 3522 1825 3593 compedibus.
1873 3524 2028 3580 Tales

432 3616 730 3689 compedes
755 3616 1092 3671 consolidant
1116 3614 1268 3670 vobis
1278 3620 1343 3670 “et
1368 3615 1600 3686 episcopi
1628 3628 1836 3670 manus.
1856 3611 2053 3671 Num-3

440 3709 570 3780 quid
599 3723 706 3764 non
734 3707 941 3778 fugiunt
969 3708 1021 3763 in
1053 3706 1343 3762 Ecclesiam
1372 3706 1694 3777 compediti,
1726 3716 1781 3763 et
1807 3707 2025 3763 solvun-

430 3808 531 3855 ειυι·
551 3798 677 3854 hic?
707 3798 814 3852 Viri
858 3796 1065 3868 fugiunt
1093 3796 1198 3852 huc
1238 3796 1478 3852 volentes
1515 3796 1785 3853 dimittere
1829 3811 2025 3853 uxores

432 3902 599 3955 suas;
629 3887 716 3944 hic
742 3887 941 3943 arctius
965 3887 1319 3959 colligantur:
1344 3902 1501 3943 nemo
1528 3888 1684 3943 solvit
1708 3887 1728 3919 ⁸
1755 3889 1851 3944 has
1878 3904 2026 3944 eom-

436 3980 671 4055 pedes).
707 3980 857 4049 Quod
884 3978 1024 4035 Deus
1053 3980 1340 4051 conjunxit,
1374 3980 1523 4035 homo
1552 3996 1652 4034 non
1680 3991 1893 4050 separet.
1917 3981 2022 4036 Sed

445 4071 585 4129 dum
613 4081 736 4129 sunt
761 4071 992 4129 vincula.
1016 4070 1146 4139 Quis
1178 4071 1420 4128 nesciat?
1451 4070 1621 4140 Ipsam
1647 4070 1895 4126 duritiam
1922 4071 2019 4127 do-

440 4165 659 4221 luerunt
683 4165 920 4236 Apostoli
941 4205 957 4230 ,
998 4173 1054 4221 et
1080 4164 1367 4221 dixerunt:
1401 4164 1462 4220 Si
1494 4163 1609 4220 talis
1637 4174 1710 4221 est
1732 4181 1887 4220 causa
1906 4182 2021 4220 cunt

439 4274 620 4325 umore,
642 4274 745 4311 non
767 4256 967 4326 expedit
987 4259 1190 4312 nubere.
1214 4256 1272 4312 Si
1298 4256 1510 4311 vincula
1532 4256 1702 4313 ferrea
1723 4266 1882 4323 sunt,
1906 4273 2019 4314 anon

443 4364 579 4419 opus
608 4357 691 4404 est
730 4359 785 4403 ut
814 4349 923 4405 illic
962 4348 1127 4420 pedes
1156 4349 1453 4404 mittantur.
1483 4349 1548 4404 Et
1576 4349 1831 4405 Dominus
1856 4367 1868 4403 :
1897 4348 2018 4404 Non

425 4436 613 4497 omnes
639 4442 845 4511 capiunt
870 4442 1066 4496 verbum
1092 4441 1262 4507 istud;
1282 4441 1372 4495 sed
1396 4441 1481 4510 qui
1507 4450 1665 4511 potest
1688 4457 1867 4510 capere
1889 4482 1904 4508 ,
1927 4457 2016 4495 ca-

426 4537 544 4607 piat
570 4533 781 4606 (Matth.
807 4549 926 4596 XIX.
955 4533 988 4589 6
1008 4574 1023 4600 ,
1051 4533 1118 4588 10
1140 4573 1156 4599 ,
1193 4532 1302 4602 ll).
1333 4531 1582 4603 Alligatus
1627 4549 1678 4587 es
1719 4533 1909 4587 uxori?
1935 4531 2018 4587 Ne

422 4626 692 4694 quaesieris
736 4624 1065 4688 solutionem;
1093 4623 1213 4693 quia
1256 4623 1499 4692 alligatus
1538 4636 1597 4676 es
1644 4623 1866 4678 vinculis
1904 4622 2013 4679 fer-

426 4720 562 4774 reis.
594 4717 804 4773 Solutus
831 4732 883 4771 es
911 4715 973 4770 ab
1003 4714 1200 4769 uxore?
1224 4730 1286 4768 ne
1309 4715 1562 4784 qua'st'ert's
1582 4730 1789 4768 uxorem
1817 4715 1861 4789 (Ι
1890 4715 2011 4773 Cor.

434 4827 511 4867 vti
537 4853 551 4874 ,
584 4808 675 4883 27)
700 4828 713 4872 ;
743 4825 847 4864 non
877 4817 928 4863 te
952 4808 1170 4880 colliges
1198 4808 1422 4864 vinculis
1448 4806 1656 4862 ferreis.

506 4903 594 4958 l6.
625 4899 647 4975 [
664 4918 791 4957 vers.
804 4900 864 4957 .9.
880 4898 967 4973 ].U
973 4909 990 4953 t
1006 4900 1199 4972 faciant
1224 4900 1277 4954 in
1297 4898 1368 4953 eis
1373 4898 1628 4970 judicium
1648 4899 2008 4968 conscriptum.

425 4996 546 5054 illoc
572 5006 655 5053 est
673 4995 931 5068 judicium
961 4992 1102 5064 quod
1122 4992 1329 5048 faciunt
1353 4991 1522 5047 sancti
1554 5006 1648 5060 per
1671 5004 1857 5046 omnes
1882 5006 2013 5062 gen—

422 5101 534 5147 tes.
570 5090 744 5158 Quare
764 5130 778 5156 ,
808 5084 1347 5156 conscriptuleuia
1388 5084 1487 5140 ista
1521 5092 1676 5138 antea
1704 5084 2008 5154 conscripta

491 5249 510 5281 ί
547 5246 772 5308 Plerique
797 5254 921 5308 MSS._,
961 5242 1291 5308 quam__hab_et.
1327 5240 1610 5308 Non_.facis,
1636 5240 1784 5308 audit
1812 5255 1845 5291 a
1866 5252 2009 5308 servo

428 5310 535 5371 Dei,
560 5303 703 5371 audii
719 5322 749 5357 a
762 5303 1009 5371 propheta,
1026 5303 1163 5371 audit
1181 5304 1241 5354 ab
1258 5303 1483 5367 apostolo,
1503 5313 1602 5354 Non
1621 5304 1761 5366 facis.
1787 5311 1839 5354 Et
1862 5304 1999 5353 infra:

428 5365 532 5421 Non
552 5368 688 5434 facis,
716 5365 809 5434 non
831 5365 940 5418 licet
955 5366 1057 5434 tibi,
1082 5372 1177 5434 etc.

488 5434 509 5465 ³
534 5425 605 5480 ἐν.
631 5425 776 5494 Lugd,
816 5438 932 5494 ven.
974 5430 1043 5478 sic
1082 5428 1265 5494 habent
1284 5426 1412 5475 hunc
1437 5425 1637 5494 locum:
1665 5426 1833 5494 picam
1876 5427 2004 5490 quod

427 5490 535 5552 plus
555 5498 626 5542 est
648 5506 664 5541 :
686 5487 773 5543 sed
798 5487 1217 5559 dicat,_(jontinere_
1229 5487 1492 5559 jamﬂvolo,
1515 5488 1623 5537 nolo
1644 5488 1759 5559 jam
1781 5487 2002 5559 ςᾳοὲεζη,

368 5590 373 5593 ι
414 5548 519 5600 itan
540 5559 741 5617 votest...
763 5551 996 5617 numquid
1014 5564 1099 5615 per
1114 5548 1450 5601 continentiam
1470 5555 1603 5600 tuam
1621 5548 1763 5601 debes
1777 5549 1913 5600 illam
1928 5552 2004 5613 [a-

416 5623 534 5662 cere
558 5612 901 5674 {amicariamﬁ
978 5612 1032 5674 at;

478 5674 511 5739 ,φ
624 5673 787 5733 plures
809 5681 919 5739 Mss.
934 5673 1045 5723 add.
1070 5685 1194 5722 vero
1206 5686 1232 5739 _:
1258 5671 1456 5737 siquod
1486 5684 1579 5725 non
1603 5671 1800 5725 debetur
1822 5671 1994 5739 exigis.

484 5736 509 5770 δ
531 5735 609 5786 ste
626 5740 733 5782 Mss.
757 5742 813 5784 At
829 5735 959 5795 add,
984 5747 1121 5785 nemo
1146 5733 1308 5784 sulcat.

1700 315 1776 370 S..
1799 312 2158 371 AUCISSTINI
2196 315 2494 373 EPISCOPI

3582 333 3727 389 1960

2143 437 2301 491 sunt,
2343 440 2397 485 et
2430 433 2594 488 modo
2630 437 2981 507 complentur.
3031 441 3168 496 Ecce
3216 442 3373 497 modo
3420 445 3551 498 liunt
3579 462 3593 496 :
3622 446 3724 500 ali-

2142 518 2356 587 quando
2394 522 2720 592 legebantur,
2754 537 2806 581 et
2841 544 2943 583 non
2986 531 3199 586 ﬁebant.
3234 533 3300 586 Et
3319 532 3572 588 conclusit
3605 535 3675 588 ita
3706 551 3724 590 :

2146 605 2321 663 Gloria
2349 612 2455 666 hate
2493 624 2564 668 est
2590 618 2817 672 omnibus
2852 628 3038 675 sanctis
3062 638 3192 692 ejus.
3222 623 3324 677 Per
3355 630 3522 678 totum
3564 640 3727 677 mun-

2144 700 2269 754 dum
2296 743 2310 765 ,
2361 719 2453 773 per
2497 708 2771 765 universas
2818 724 3004 780 gentes
3052 714 3150 769 hoc
3196 705 3368 770 sancti
3414 727 3613 785 agunt,
3646 722 3728 772 sic

2144 791 2540 859 glorificantur:
2569 800 2647 852 sic
2693 800 2933 856 exaltant
2980 803 3146 858 Deum
3194 806 3245 859 iu
3295 805 3534 860 faucibus
3573 807 3724 868 suis.

2142 882 2222 935 sic
2247 883 2493 940 la'tautur
2522 889 2573 942 in
2610 890 2873 947 cubilibus
2905 893 3016 947 suis
3037 935 3050 958 ,
3078 896 3154 949 sic
3179 897 3446 951 exsultant
3474 898 3527 951 in
3555 898 3723 966 gloria

2143 984 2271 1035 sua,
2299 974 2377 1029 sic
2414 979 2712 1035 exaltantur
2736 982 2790 1037 in
2837 982 3047 1051 salute,
3090 986 3165 1039 sic
3203 995 3421 1041 cantant
3457 988 3725 1042 canticum

2146 1078 2381 1133 novum,
2411 1069 2489 1125 sic
2516 1069 2698 1128 dicunt
2720 1074 2939 1129 Alleluia
2960 1118 2975 1141 ,
3007 1075 3187 1150 corde,
3219 1067 3346 1144 ore,
3375 1079 3497 1132 vita.
3523 1078 3726 1135 Amen.

2592 1281 2674 1342 IN
2717 1283 3094 1346 PSALMUM
3136 1284 3234 1346 CL

2732 1404 3150 1462 ENARRATIO.

2216 1514 2268 1568 l.
2296 1512 2555 1580 Quamvis
2589 1517 2723 1571 ordo
2752 1518 3080 1573 Psalmorum
3102 1561 3117 1584 ,
3146 1520 3233 1590 qui
3264 1520 3394 1574 mihi
3423 1522 3597 1592 magni
3636 1537 3726 1576 sa-

2143 1607 2403 1663 cramenti
2444 1608 2652 1663 videtur
2696 1609 2971 1664 continere
3008 1620 3270 1666 secretum
3316 1611 3552 1666 nondum
3592 1614 3724 1667 mihi

2145 1697 2303 1754 fuerit
2326 1700 2592 1756 revelatus
2616 1717 2631 1766 ;
2666 1712 2840 1756 tamen
2870 1703 2989 1772 quia
3018 1719 3201 1758 omnes
3227 1714 3437 1760 centum
3465 1706 3722 1776 quinquav

2143 1789 2287 1858 ginta
2322 1800 2686 1853 numerantur.
2715 1792 2874 1847 etiam
2903 1793 3056 1847 nobis
3080 1794 3168 1863 qui
3214 1795 3373 1850 totius
3406 1795 3603 1850 ordinis
3630 1811 3727 1851 eo-

2143 1896 2261 1934 rum
2280 1881 2610 1937 altitudinem
2634 1883 2808 1938 adhuc
2826 1884 2940 1938 acie
2962 1885 3155 1939 mentis
3178 1900 3281 1939 non
3303 1885 3754 1955 penetravimus,.

2145 1974 2413 2029 insinuant
2450 1975 2680 2045 aliquid,
2727 1977 2865 2031 unde
2917 1992 3024 2031 non
3070 1978 3421 2047 impudenter,
3465 1988 3723 2048 quantum
3795 1966 3806 1978 ’

2146 2064 2399 2119 Dominus
2424 2065 2670 2133 adjuvat,
2698 2065 2968 2136 disputare
2999 2068 3281 2136 possimus.
3303 2068 3535 2123 Primum
3561 2069 3723 2138 quin-

2143 2156 2392 2212 denarius
2432 2172 2720 2224 numerus,
2760 2175 2824 2213 ex
2849 2174 2955 2229 quo
2994 2161 3093 2215 iste
3131 2161 3507 2229 multiplicatur
3546 2161 3722 2231 (quod

2142 2248 2283 2302 enim
2327 2248 2509 2303 valent
2553 2250 2857 2320 quindecim
2909 2251 2961 2305 in
3003 2251 3190 2306 ordine
3227 2251 3592 2321 singulorum,
3623 2252 3724 2308 hoc

2143 2338 2320 2393 valent
2343 2350 2559 2394 centum
2590 2340 2970 2415 quinquaginta
3014 2342 3065 2396 in
3109 2342 3296 2398 ordine
3336 2342 3715 2409 denariorum,

2144 2429 2392 2498 quoniam
2444 2431 2753 2499 quindecies
2806 2432 2927 2487 deni
2970 2447 3064 2487 eos
3111 2432 3339 2498 faciunt;
3394 2432 3493 2487 hoc
3543 2433 3722 2489 valent

2144 2521 2288 2576 mille
2329 2523 2596 2594 quingenti
2643 2523 2694 2577 in
2744 2523 2936 2579 ordine
2978 2525 3433 2590 centenariorum,
3472 2525 3720 2594 quoniam

2143 2612 2450 2681 quindecies
2477 2614 2688 2669 centeni
2719 2624 2875 2679 sunt;
2907 2614 3008 2669 hoc
3033 2614 3210 2668 valent
3233 2614 3531 2683 quindecim
3558 2614 3721 2669 millia

2144 2703 2197 2757 in
2226 2704 2413 2759 ordine
2452 2705 2872 2760 millenariorum
2894 2748 2908 2770 ,
2940 2705 3189 2775 quoniam
3235 2704 3541 2774 quindecies
3574 2705 3719 2760 mille

2141 2795 2298 2868 sunt)
2325 2814 2338 2850 :
2368 2796 2744 2866 quindenarius
2771 2811 2898 2866 ergo
2924 2810 3177 2850 numerus
3201 2796 3534 2850 concordiam
3551 2794 3720 2864 signi-

2142 2887 2265 2944 ficat
2298 2887 2460 2943 duum
2487 2888 2967 2943 Tesramentorum.
2995 2886 3050 2941 in
3097 2887 3187 2942 illo
3227 2888 3369 2942 enim
3407 2888 3717 2943 observatur

2139 2978 2451 3044 sabbatum,
2490 2977 2631 3048 quod
2662 2977 2922 3049 significat
2946 2978 3178 3048 quietem
3208 2976 3404 3045 (Exod.
3433 2992 3504 3031 xx
3524 3019 3540 3043 ,
3574 2977 3667 3045 10)
3698 2994 3712 3029 :

2138 3071 2194 3126 in
2224 3070 2325 3125 isto
2354 3069 2649 3125 dominicus
2676 3069 2787 3124 dies
2807 3110 2823 3137 ,
2851 3070 2938 3140 qui
2964 3070 3227 3139 significat
3250 3070 3707 3127 resurrectionem.

2131 3155 2423 3218 Sabbatum
2451 3170 2627 3217 autem
2669 3170 2751 3217 est
2790 3161 2905 3217 dies
2941 3162 3234 3232 septimus:
3266 3162 3560 3217 dominicus
3584 3177 3716 3218 vero

2137 3263 2256 3323 post
2294 3253 2577 3322 septimum
2598 3294 2613 3318 ,
2644 3251 2771 3322 quid
2811 3252 2908 3306 nisi
2935 3262 3183 3315 octavus,
3216 3253 3353 3308 idem
3383 3254 3471 3323 qui
3513 3254 3717 3324 primus

2138 3343 2413 3399 habendus
2450 3343 2573 3397 est?
2598 3342 2714 3411 Ipse
2754 3342 2895 3397 enim
2937 3343 3131 3398 dicitur
3175 3345 3334 3399 etiam
3380 3362 3483 3399 una
3517 3344 3714 3400 sabbati

2136 3432 2330 3501 (Marc.
2360 3447 2449 3487 xvi
2472 3471 2487 3496 ,
2514 3431 2595 3501 2),
2623 3441 2684 3487 ut
2709 3431 2900 3488 deinde
2928 3433 2998 3488 sit
3032 3433 3261 3489 secunda
3283 3475 3297 3497 ,
3328 3436 3480 3489 tertia
3501 3477 3517 3501 ,
3543 3450 3713 3506 quar-

2125 3530 2186 3577 ta
2205 3564 2220 3587 ,
2250 3531 2306 3578 et
2336 3523 2586 3594 deinceps
2614 3538 2782 3595 usque
2805 3524 2870 3579 ad
2900 3526 3178 3594 septimum
3202 3525 3498 3581 sabbatum.
3526 3528 3571 3584 A
3611 3528 3712 3584 do.

2134 3614 2331 3669 minico
2358 3623 2533 3669 autem
2564 3629 2732 3686 usque
2759 3615 2824 3670 ad
2852 3616 3172 3672 dominicum
3200 3627 3418 3673 octavus
3443 3629 3526 3674 est
3550 3620 3666 3676 dies
3680 3641 3707 3677 ~:

2134 3706 2223 3762 ubi
2267 3707 2592 3763 Testameuti
2633 3708 2763 3765 Novi
2805 3709 3060 3764 revelatio
3102 3710 3423 3777 declaratur,
3468 3713 3611 3783 quod
3652 3714 3707 3769 in
3786 3702 3793 3715 ’

2136 3798 2310 3855 Veteri
2338 3808 2587 3870 tanquam
2615 3799 2715 3855 sub
2759 3801 2985 3855 terrenis
3025 3802 3465 3869 promissionihus
3489 3802 3710 3873 tegeba.

2130 3897 2238 3945 tur.
2275 3889 2487 3959 Septem
2517 3905 2674 3960 porro
2701 3899 2755 3946 et
2793 3899 2915 3946 octo
2940 3891 3239 3960 quindecim
3279 3901 3421 3946 sunt.
3454 3892 3553 3945 Tot
3579 3902 3709 3948 sunt

2122 3990 2185 4037 -et
2219 3982 2422 4038 cantica
2449 3997 2567 4051 quae
2608 3982 2940 4053 appellantur
2966 3982 3220 4053 graduum
3241 4027 3256 4050 ,
3285 3985 3530 4052 quoniam
3576 3988 3706 4040 toti-

2128 4072 2250 4127 dem
2297 4071 2507 4127 fuerant
2542 4073 2699 4128 etiam
2741 4073 2919 4143 templi
2957 4073 3168 4143 gradus.
3214 4074 3414 4130 Deinde
3455 4084 3508 4129 et
3547 4077 3706 4147 quin-

2127 4164 2758 4233 quagenarius'numerus
2787 4178 3034 4232 maguum
3080 4174 3463 4219 sacramentum
3506 4180 3601 4235 per
3640 4183 3704 4224 se

2125 4255 2279 4323 gerit.
2335 4253 2555 4309 Constat
2595 4253 2736 4308 enim
2791 4254 2859 4310 de
2911 4255 3201 4324 septimana
3248 4255 3692 4324 septimanarum,

2124 4344 2303 4400 addito
2334 4360 2440 4401 uno
2469 4354 2715 4416 tauquam
2742 4347 2857 4415 ipso
2884 4355 3073 4400 octavo
3098 4346 3162 4400 ad
3191 4347 3700 4416 quinquagenm-ium

2125 4455 2403 4496 numerum
2429 4440 2840 4496 terminandum.
2868 4440 3080 4510 Septies
3109 4442 3303 4511 quippe
3332 4452 3534 4510 Septem
3560 4456 3699 4510 qua-

2122 4530 2361 4602 draginta
2404 4546 2602 4586 novem
2651 4531 2884 4596 faciunt;
2932 4531 3126 4602 quibus
3169 4547 3306 4586 unus
3358 4532 3587 4598 additur,
3638 4542 3702 4587 ut

2122 4621 2251 4675 [iant
2298 4622 2693 4693 quinquaginta.
2751 4623 2852 4690 Qui
2909 4636 3160 4678 numerus
3219 4624 3699 4694 quinquagenarius

2120 4732 2301 4801 usque,
2320 4716 2452 4772 adeo
2482 4732 2686 4787 magum
2718 4717 3119 4788 signiﬁcationis
3152 4724 3233 4771 est
3251 4757 3266 4783 ,
3295 4725 3457 4771 ut-es
3484 4716 3698 4773 Domini

2119 4808 2508 4864 resurrectione
2536 4815 2614 4863 tot
2655 4807 2843 4864 diebus
2884 4806 3194 4876 completis,
3223 4806 3340 4875 ipso
3366 4806 3697 4875 quinquage-

2119 4901 2268 4955 nario
2308 4900 2395 4957 die
2440 4902 2645 4956 venerit
2688 4914 2848 4970 super
2889 4912 2983 4956 eos
3023 4902 3115 4970 qui
3153 4899 3206 4954 in
3242 4898 3457 4975 Christo
3480 4898 3698 4955 fuerant

2117 4994 2458 5064 congregati,
2487 4993 2714 5062 Spiritus
2740 5001 2952 5048 sanctus
2979 4991 3113 5066 (Act.
3139 5008 3207 5058 ιι,
3239 4991 3383 5061 ιιι).
3412 4991 3511 5058 Qui
3537 4991 3695 5062 spiri-

2116 5094 2200 5142 tus
2228 5096 2441 5141 sanctns
2465 5086 2519 5141 iu
2544 5086 2832 5155 Scripturis
2856 5086 3157 5155 septenario
3180 5085 3445 5155 praecipue
3469 5098 3721 5140 numeroa

2112 5178 2515 5233 commendatur
2533 5218 2549 5245 ,
2581 5178 2692 5233 sive
2718 5177 2855 5247 apud
2884 5177 3069 5232 Isaiam
3090 5216 3105 5238 ,
3145 5176 3258 5231 sive
3284 5176 3335 5231 in
3371 5174 3689 5247 Apocalypsi

2114 5269 2294 5341 (Apoc.
2344 5286 2394 5337 ι,
2430 5270 2562 5341 20);
2602 5272 2691 5326 ubi
2734 5270 3069 5341 apertissime
3102 5278 3309 5339 septem
3340 5269 3568 5339 Spiritus
3597 5264 3692 5322 Dei

2110 5361 2476 5432 perhibentur,
2502 5372 2719 5431 pr0pter
2738 5363 3100 5432 operationem
3137 5359 3489 5431 septenariam
3532 5358 3693 5413 unius

2108 5452 2451 5522 ejusdemque
2499 5451 2749 5522 Spiritus.
2789 5452 2919 5520 Quae
2968 5452 3206 5521 operatio
3249 5450 3545 5519 scptcnaria
3593 5463 3695 5518 per

2107 5543 2296 5599 lsaiam
2329 5542 2640 5613 prophetam
2669 5543 2741 5598 ita
2768 5552 3216 5598 commemoratur
3248 5560 3261 5597 :
3300 5541 3584 5611 Requiesret
3612 5555 3682 5593 su-

2108 5652 2197 5705 per
2223 5651 2334 5689 cum
2361 5635 2584 5705 Spiritus
2618 5633 2748 5699 Dei;
2780 5633 3005 5704 Spiritus
3024 5633 3287 5703 sapientia.-
3306 5640 3351 5685 et
3376 5632 3685 5691 intellectus,

2114 5727 2338 5798 Spiritus
2374 5725 2579 5781 consilii
2627 5733 2673 5781 et
2716 5726 3069 5797 fortitudinis,
3119 5723 3344 5796 Spiritus
3381 5721 3600 5780 scientiis
3642 5726 3688 5774 et
