4042 6202
8 423 96 477 nodo
122 433 181 489 ilth
191 451 220 498 ιε

10 510 51 564 Et
65 523 218 584 iniiinii},

7 602 65 656 i‘rr
83 617 168 668 totum
185 637 219 676 ag

7 703 91 754 illlCii
117 722 188 776 Tigqu
197 759 202 774 ι
211 747 220 764 ,Α

8 811 10 839 I
43 791 172 854 faucibus
187 821 218 862 in

12 885 130 942 saltim
145 895 169 945 in

8 987 112 1034 nutant
134 991 218 1044 (alii:

8 1083 51 1122 ire
64 1112 72 1134 ,
89 1075 152 1128 na.
165 1082 218 1136 te;

16 1522 94 1575 mili
109 1531 184 1596 litigii
197 1548 216 1583 5;

8 1629 17 1663 l
47 1617 167 1671 nondum
181 1627 213 1675 ei

9 1721 114 1764 ratum
126 1715 213 1784 quas:

8 1803 75 1856 tius
94 1805 209 1861 inlitis

8 1913 20 1945 'l
34 1898 209 1962 praelatis!

8 1999 97 2050 inuri.
121 2005 206 2059 qam

8 2121 15 2129 .
31 2082 151 2135 Primum
162 2087 206 2150 ei

16 2179 136 2243 pluitur
155 2187 202 2246 in

11 2271 201 2337 agninam

8 2378 15 2415 ξ
42 2362 197 2415 datum.

11 2465 18 2506 ἱ
33 2472 41 2512 ζ
74 2454 124 2506 [οΰ
147 2459 196 2503 iis!

7 2565 90 2611 ium,
111 2547 194 2614 quin

7 2640 135 2692 iintletim

8 2741 136 2784 imisue

8 2821 188 2886 (cur-ditia?

12 2937 42 2973 ni
64 2919 185 2970 olant:

9 3012 59 3064 od.
78 3024 129 3071 tt,
145 3007 164 3056 li

7 3103 179 3160 strictim

404 357 528 415 1961
1161 373 1166 380 ·
1501 342 1892 402 ΕΝᾹΠΒᾹΤΙΟ
1933 341 1973 393 l’.‘

2078 316 2356 395 suntm
2391 337 2494 392 CL.

400 468 632 543 pietatis,
661 465 885 537 Spiritus
915 464 1106 520 timoris
1137 461 1344 518 Domini
1371 459 1522 528 (leni.
1545 475 1628 522 ιιι,
1658 459 1713 522 ‘2,
1744 457 1822 528 3).
1851 455 1966 526 Ipse

399 560 565 614 debet
603 557 819 627 intelligi
861 557 1020 611 timor
1063 553 1270 607 Domini
1317 561 1528 615 castus,
1560 563 1876 620 permanens
1915 548 1967 601 in

399 647 653 704 saaculum
699 647 878 702 sa-culi
924 643 1092 712 (Psal.
1144 659 1306 708 mu,
1337 641 1446 711 10).
1493 641 1749 696 Servilem
1792 649 1968 694 autem

397 739 646 792 timorem
673 741 1034 792 consummata
1055 732 1284 788 charitas
1311 731 1452 786 foras
1472 731 1630 786 mittit
1654 729 1694 800 (l
1715 729 1869 783 Joan.
1893 744 1966 795 iv,

402 827 528 898 l8);
559 837 613 884 et
635 842 733 882 nos
757 825 955 880 liberos
986 824 1140 889 facit,
1173 838 1240 878 ne
1265 822 1471 877 servilia
1502 837 1662 891 opera
1691 821 1966 885 faciamus,

401 929 522 989 quae
549 917 770 972 sabbato
797 914 1161 986 prohibentur.
1194 912 1439 968 Charitas
1464 922 1639 966 autem
1664 911 1756 966 Dei
1781 910 1970 966 dill'usa

398 1017 487 1065 est
522 1008 574 1063 in
616 1005 867 1062 cordibus
914 1005 1110 1060 nostris
1151 1018 1244 1074 per
1285 1002 1536 1072 Spiritum
1575 1011 1812 1057 sanctum
1837 1001 1970 1071 ,.qui

403 1100 557 1154 datus
598 1106 681 1153 est
725 1098 878 1152 nobis
917 1095 1094 1166 (Rom.
1136 1109 1194 1163 ν,
1225 1095 1301 1164 5).
1332 1094 1465 1149 lliuc
1499 1108 1710 1164 quoque
1747 1093 1992 1164 Spiritus-

404 1199 616 1244 sanctus
635 1187 932 1258 septenario
954 1201 1172 1240 numero
1199 1185 1615 1240 commendatur.
1641 1185 1975 1254 Quinquage-

398 1282 610 1338 narium
633 1297 761 1336 vero
786 1280 944 1336 etiam
974 1280 1027 1334 in
1053 1277 1397 1349 quadraginta
1425 1288 1478 1332 et
1507 1277 1690 1332 decem
1722 1275 1974 1330 Dominus

401 1374 710 1445 dispertitus
732 1382 833 1428 est.
860 1372 954 1426 Die
992 1372 1185 1441 quippe
1213 1369 1615 1440 quadragesimo
1643 1378 1764 1439 post
1791 1383 1974 1422 resur-

399 1469 692 1520 rectionem
723 1479 873 1538 suam
903 1461 1140 1518 ascendit
1165 1462 1218 1516 in
1238 1461 1430 1516 coelum
1451 1503 1466 1527 ,
1495 1475 1557 1514 ac
1594 1459 1788 1514 deinde
1826 1473 1974 1513 com-

402 1556 559 1625 pletis
587 1555 772 1610 diebus
811 1554 997 1610 decem
1044 1554 1190 1608 misit
1237 1552 1489 1623 Spiritum
1532 1560 1769 1607 sanctum
1801 1568 1816 1634 ς
1845 1567 1975 1620 qua-

402 1646 717 1718 dragenario
738 1645 940 1702 scilicet
958 1659 1180 1700 numero
1201 1644 1544 1714 temporalem
1571 1644 1622 1697 in
1636 1642 1749 1697 hoc
1777 1641 1974 1696 mundo

398 1736 844 1792 cohabitationem
878 1734 1281 1791 commendans.
1304 1734 1563 1802 Quoniam
1608 1731 1974 1802 quaternarius

402 1827 457 1883 in
505 1827 850 1898 quadraginta
898 1841 1148 1882 numerus
1192 1825 1470 1896 przevalet;
1525 1834 1750 1896 quatuor
1797 1832 1974 1878 autem

403 1928 584 1988 partes
609 1917 769 1974 habet
794 1918 1021 1974 mundus
1047 1928 1101 1974 et
1125 1933 1296 1973 annus
1322 1935 1338 1974 :
1368 1917 1589 1972 denario
1613 1932 1738 1971 vero
1761 1915 1972 1982 addito,

402 2013 552 2068 velut
582 2012 828 2069 mercede
852 2028 950 2082 pro
982 2013 1198 2082 impleta
1230 2013 1344 2083 lege
1381 2013 1534 2067 bonis
1577 2011 1825 2082 operibus
1853 2011 1976 2065 red-

399 2102 532 2166 dita,
557 2103 668 2173 ipsa
694 2106 962 2158 azternltas
991 2104 1265 2173 ﬁguratur.
1295 2103 1445 2157 Hunc
1466 2101 1972 2172 quinquagenarimn

403 2192 616 2262 triplum
653 2192 812 2248 habet
833 2194 1156 2249 centesimus
1193 2203 1248 2249 et
1275 2194 1741 2264 quinquagesimus
1780 2208 1971 2247 nume-

399 2296 529 2348 rus,
564 2291 810 2353 tanquam
844 2297 966 2338 eum
1009 2283 1434 2352 multiplicaverit
1471 2281 1700 2336 trinitas.
1730 2279 1885 2338 Unde
1919 2292 1976 2337 et

400 2371 502 2428 bac
525 2367 684 2428 causa
715 2387 821 2428 non
848 2373 1280 2428 inconvenienter
1308 2373 1649 2443 intelligimus
1679 2373 1836 2426 istum
1870 2383 1974 2426 nu-

403 2475 605 2518 merum
631 2479 750 2519 esse
791 2463 1144 2518 Psalmorum.
1171 2462 1302 2518 Nam
1336 2474 1391 2518 et
1432 2464 1483 2518 in
1529 2464 1619 2521 illo
1649 2479 1869 2518 numero
1899 2462 1977 2534 pi-

401 2554 570 2608 scium
622 2554 711 2624 qui
761 2554 900 2624 capti
951 2563 1076 2608 sunt
1121 2555 1322 2609 retibus
1372 2563 1490 2624 post
1529 2554 1973 2609 resurrectionem

402 2648 581 2703 missis
599 2689 615 2714 ,
646 2647 712 2703 ad
741 2656 952 2703 centum
981 2648 1354 2718 quinquaginta
1382 2646 1574 2701 additis
1603 2646 1768 2701 tribus
1794 2645 1970 2716 (Joan.

403 2757 496 2797 ut
522 2784 538 2810 ,
563 2741 672 2815 ll),
703 2745 848 2800 velut
872 2741 1164 2797 admonitio
1190 2741 1396 2796 videtur
1422 2739 1554 2795 facta
1575 2783 1591 2807 ,
1624 2742 1674 2794 in
1697 2751 1824 2810 quot
1849 2756 1974 2810 par-

404 2845 484 2890 tes
528 2835 719 2891 debeat
767 2834 868 2890 isle
919 2848 1170 2889 numerus
1216 2832 1522 2903 dispertiri,
1563 2840 1621 2885 ut
1666 2841 1745 2886 ter
1781 2830 1972 2886 habeat

402 2927 816 2997 quinquagenos.
845 2926 1154 2995 Quanquam
1200 2924 1288 2978 ille
1327 2927 1578 2977 numerus
1618 2922 1836 2991 piscium
1876 2920 1974 2976 ha-

399 3013 525 3072 beat
561 3028 613 3073 et
655 3017 810 3072 aliam
857 3001 1114 3071 rationem
1156 3015 1322 3070 multo
1348 3011 1682 3068 subtiliorem
1709 3012 1970 3079 etjucun-

397 3107 644 3172 diorem,
674 3105 813 3177 quod
841 3105 1023 3160 decem
1054 3113 1108 3159 et
1130 3115 1332 3174 septem
1375 3106 1425 3158 in
1467 3104 1731 3172 trigonum
1763 3102 1938 3155 missis
1957 3142 1971 3165 ,

403 3197 454 3252 id
481 3207 598 3263 est,
629 3197 697 3252 ab
725 3211 831 3250 uno
874 3211 1044 3266 usque
1072 3195 1135 3250 ad
1173 3195 1357 3250 decem
1386 3203 1442 3250 et
1481 3202 1684 3263 septem
1725 3192 1974 3247 omnibus

397 3288 755 3358 computatis,
806 3286 874 3340 ad
922 3285 1164 3340 eumdem
1213 3299 1490 3340 numerum
1539 3279 1862 3351 pervenitur.
1916 3283 1972 3338 In

401 3382 586 3435 decem
608 3388 782 3434 autent
806 3376 936 3443 Lex,
961 3377 1012 3431 in
1040 3387 1242 3446 septem
1269 3392 1394 3430 vero
1414 3375 1590 3430 Gratia
1614 3375 1970 3445 signiﬁcatur;

399 3471 524 3542 quia
548 3469 744 3540 Legem
783 3484 890 3524 non
921 3468 1140 3537 implet,
1172 3467 1270 3521 nisi
1293 3467 1520 3521 charitas
1550 3465 1737 3520 ditl'usa
1765 3467 1819 3526 in
1849 3481 1972 3520 cor-

394 3562 555 3616 dibus
600 3560 794 3614 nostris
823 3574 918 3629 per
947 3557 1200 3628 Spiritmn
1240 3566 1514 3622 sanctum,
1546 3556 1634 3625 qui
1673 3558 1974 3625 septenario

401 3665 626 3707 tmmero
649 3650 990 3719 signiﬁcatur.

471 3744 527 3797 2.
558 3743 708 3808 Quod
732 3755 861 3810 ergo
891 3739 1103 3808 quidam
1136 3739 1151 3770 ⁸
1184 3736 1418 3790 omnium
1456 3735 1790 3790 Psalmorum
1817 3734 1973 3804 quin-

403 3849 507 3902 que
543 3833 863 3896 libros,.esse
891 3829 1268 3895 crediderunt,
1300 3827 1429 3882 illud
1455 3826 1620 3880 secuti
1650 3835 1807 3893 sunt,
1837 3842 1974 3897 quo-

402 3925 505 3979 ties
534 3924 586 3978 in
613 3923 717 3977 line
739 3921 926 3992 psalmi
957 3920 1153 3974 dictum
1178 3917 1366 3983 fuerit,
1396 3917 1551 3981 Fiat,
1576 3917 1850 3989 ﬁat(Psal.
1879 3934 1972 3986 xc,

404 4031 564 4079 uri,
594 4029 842 4069 Lxxxvm
865 4054 879 4077 ,
913 4020 959 4064 et
986 4009 1100 4082 cv).
1132 4009 1236 4064 Sed
1268 4009 1422 4078 hujus
1458 4009 1840 4080 dispertitionis
1884 4027 1975 4065 ra-

403 4108 603 4162 tionem
631 4120 752 4159 cum
792 4104 980 4158 vellem
1006 4101 1456 4172 comprehendere
1475 4143 1491 4167 ,
1521 4108 1625 4155 non
1651 4103 1787 4156 valui
1811 4119 1826 4157 :
1848 4101 1974 4173 quia

402 4217 505 4257 nec
534 4202 662 4271 ipse
697 4199 927 4269 quinque
959 4207 1136 4266 partes
1172 4195 1401 4266 mquales
1426 4203 1551 4250 sunt
1587 4195 1727 4251 inter
1751 4211 1838 4261 se,
1875 4196 1975 4251 etsi

404 4310 510 4350 non
555 4291 833 4360 scriptura:
870 4288 1190 4359 quantitate,
1239 4286 1428 4341 saltem
1475 4287 1803 4341 Psalmorum
1859 4288 1975 4358 ipso

404 4398 646 4448 numero,
679 4392 736 4437 ut
782 4381 1015 4436 tricenos
1062 4378 1337 4433 haberent.
1369 4378 1434 4432 Et
1476 4379 1520 4433 si
1565 4380 1976 4452 uniuscujusque

404 4477 524 4531 libri
557 4474 675 4528 linis
700 4483 803 4528 est.
837 4470 985 4534 Fiat,
1015 4471 1138 4538 ﬁat;
1165 4485 1262 4523 cur
1295 4469 1429 4525 liber
1477 4469 1694 4539 quintus
1731 4470 1976 4541 idemque

404 4565 620 4620 ultimus
643 4577 748 4617 non
777 4560 963 4616 eodem
990 4547 1093 4614 fine
1123 4558 1192 4614 sit
1217 4553 1528 4613 terminatus
1549 4601 1562 4622 ,
1591 4560 1782 4615 merito
1807 4561 1974 4630 quaeri

405 4669 598 4731 potest.
621 4655 728 4711 Nos
754 4663 929 4709 autem
967 4653 1256 4724 Scriptum
1298 4652 1565 4706 canonica:
1607 4654 1972 4706 auctoritatem

402 4756 719 4819 sequentes,
767 4745 858 4799 ubi
905 4744 1124 4815 legitur,
1167 4742 1427 4813 Scriptum
1465 4753 1535 4796 est
1575 4743 1707 4796 enim
1757 4743 1807 4796 in
1848 4744 1976 4797 libro

404 4843 728 4896 Psalmorum
767 4839 902 4910 (Act.
945 4852 996 4900 ι,
1033 4836 1162 4906 20);
1195 4851 1354 4891 unum
1401 4834 1729 4889 Psalmorum
1784 4835 1973 4889 librum

402 4949 521 4987 esse
549 4931 816 4986 novimus.
848 4915 914 4983 Εἰ
939 4928 1093 4982 video
1126 4926 1334 4998 quidem
1362 4927 1626 4996 quomodo
1657 4936 1708 4981 et
1747 4926 1848 4982 hoc
1885 4943 1976 4982 vc-

403 5040 519 5077 rum
564 5022 664 5085 sit,
697 5033 751 5075 et
780 5019 906 5074 illud
932 5020 976 5074 si
1003 5034 1186 5074 verum
1223 5027 1336 5083 est,
1362 5017 1486 5073 huic
1523 5033 1650 5072 vero
1699 5035 1800 5073 non
1839 5021 1977 5074 relu-

403 5127 593 5168 etetur.
627 5113 766 5168 Fieri
805 5113 946 5167 enim
976 5121 1148 5183 poteSt
1174 5121 1231 5166 ut
1270 5109 1445 5180 aliqua
1471 5111 1852 5165 consuetudine
1893 5111 1978 5165 lit-

361 5235 364 5237 -
404 5217 635 5259 terarum
669 5204 1001 5259 habt-marum
1027 5218 1167 5258 unus
1210 5201 1348 5258 liber
1385 5201 1619 5267 dicatur,
1651 5202 1737 5272 qui
1768 5212 1974 5258 constat

403 5312 467 5349 ex
489 5295 760 5367 plurilms;
800 5295 939 5349 sicut
965 5310 1030 5348 ex
1061 5291 1316 5349 Ecclesiis
1347 5291 1586 5363 pluribus
1626 5308 1729 5346 una
1769 5302 1977 5347 constat

407 5387 664 5452 Ecclesia,
707 5394 763 5440 et
810 5401 875 5442 ex
914 5385 1150 5456 pluribus
1193 5385 1341 5440 caelis
1389 5399 1549 5439 unum
1594 5385 1785 5441 etelum
1817 5384 1974 5455 (Non

405 5480 548 5534 enim
578 5477 831 5532 canorum
861 5475 1072 5545 aliquod
1119 5477 1454 5545 prietermisit
1488 5477 1577 5546 qui
1621 5475 1788 5541 dixit,
1817 5476 1977 5530 Auxi-

407 5573 532 5627 lium
550 5586 710 5623 meum
736 5586 767 5622 a
791 5568 1025 5631 Domino,
1051 5567 1136 5630 qui
1161 5569 1275 5636 fecit
1303 5568 1480 5622 calum
1515 5579 1562 5621 et
1599 5578 1782 5622 terram
1805 5566 1972 5640 [Psal.

406 5680 542 5727 cxx,
571 5661 650 5734 2].
676 5661 741 5716 Et
767 5677 887 5717 cum
913 5661 1184 5730 Scriptura
1217 5659 1389 5727 dicat,
1421 5660 1484 5714 Et
1509 5663 1696 5716 vocavit
1724 5660 1860 5718 Deus
1886 5663 1978 5732 ﬁr-

471 5778 488 5808 ί
516 5774 694 5837 ttegius
706 5778 809 5822 Msa
827 5769 958 5833 quod
978 5782 1248 5836 graecorum
1270 5770 1484 5834 quidam.

650 5859 919 5925 ΡΑτιιοι..
936 5931 944 5935 ἓ
960 5859 1263 5922 XXXVII
1275 5904 1290 5922 .

3511 339 3647 393 1962

2073 465 2373 508 mamentum
2426 453 2640 513 ca’lllm,’
2678 460 2728 503 et
2766 467 2930 522 aquas
2969 467 3087 506 esse
3126 467 3283 522 super
3342 453 3646 508 ﬁrmamen-

2074 552 2182 596 tum
2214 541 2364 613 [Gem
2399 559 2448 598 t.
2477 541 2529 600 3.
2563 540 2637 613 7],
2669 541 2767 594 hoc
2796 551 2876 594 est
2905 557 3065 610 super
3091 544 3282 596 cmlum
3311 559 3323 596 :
3357 559 3459 598 neu
3489 560 3644 599 mcu-

2073 633 2200 688 tilur
2231 643 2400 688 tamen
2426 635 2609 687 eadem
2639 632 2906 703 Scriptura
2929 633 3139 696 dicens,
3171 633 3237 688 Et
3261 653 3407 707 aqua:
3425 653 3536 705 quis
3553 653 3645 689 su-

2075 743 2162 795 per
2189 725 2339 778 cazlos
2367 735 2480 777 sunt
2505 765 2518 786 ,
2549 723 2755 777 laudent
2781 741 2959 777 nomen
2988 723 3195 778 Domini
3215 723 3383 798 [Ps-al.
3409 742 3606 781 cxmu
3633 772 3647 785 .

2023 861 2033 878 .
2072 817 2141 881 4,
2164 816 2250 890 5];
2293 816 2414 887 quia
2457 832 2560 870 non
2602 818 2711 879 ait,
2741 833 2902 884 super
2925 817 3138 888 cadum)
3161 861 3176 884 ,
3201 828 3254 873 et
3281 835 3384 873 una
3414 831 3552 874 terra
3581 836 3648 875 ex

2074 910 2253 964 multis
2283 910 2458 964 terris.
2493 909 2622 963 Nam
2657 918 2710 962 et
2741 910 2922 964 orbem
2952 919 3143 976 terrai,
3178 923 3230 966 et
3257 914 3439 968 orbem
3481 922 3650 968 terra-

2074 1018 2220 1068 rum,
2258 1001 2561 1072 quotidiana
2604 1002 2987 1057 consuetudine
3032 1002 3274 1058 dicimus.
3311 1005 3374 1058 Et
3412 1005 3500 1074 qui
3540 1005 3647 1068 ait,

2077 1094 2334 1154 Scriptum
2363 1095 2510 1148 estin
2537 1095 2663 1147 libro
2696 1093 3046 1162 Psalmorum,
3079 1113 3378 1167 quanquam
3427 1112 3544 1151 mos
3574 1097 3652 1150 lo-

2077 1187 2271 1256 quendi
2300 1187 2376 1242 sic
2403 1203 2460 1240 se
2487 1185 2711 1249 habeat,
2742 1196 2796 1238 ut
2828 1203 2987 1240 unum
3016 1204 3132 1242 esse
3163 1190 3348 1242 librum
3381 1190 3652 1243 insinuare

2079 1278 2310 1331 voluisse
2350 1277 2625 1341 videatur;
2657 1287 2831 1332 tamen
2860 1279 3167 1348 responderi
3210 1289 3417 1348 potest,
3447 1281 3495 1332 in
3524 1281 3652 1334 libro

2078 1365 2400 1420 Psalmorum
2429 1383 2546 1421 esse
2568 1367 2768 1421 dictum
2793 1410 2808 1433 ,
2839 1368 2894 1421 In
2928 1369 3102 1437 aliquo
3131 1369 3264 1423 libro
3290 1386 3471 1423 eorum
3506 1371 3655 1439 quiti—

2078 1473 2180 1526 que
2211 1475 2223 1509 :
2254 1457 2392 1528 quod
2425 1459 2475 1511 in
2503 1474 2602 1511 usu
2635 1459 2914 1512 locutionis
2943 1476 3109 1529 usque
3135 1461 3266 1514 adeo
3292 1462 3371 1514 vel
3405 1477 3507 1514 non
3539 1475 3650 1527 cst,

2077 1550 2160 1602 vel
2192 1565 2312 1604 raro
2340 1559 2418 1604 est
2443 1592 2457 1614 ,
2490 1560 2547 1603 ut
2572 1551 2728 1604 etiam
2759 1550 3035 1625 duodecim
3067 1553 3446 1622 Prophetarum
3487 1571 3650 1607 unum

2079 1641 2271 1694 librum
2297 1656 2416 1695 esse
2444 1642 2562 1695 ideo
2594 1641 2993 1710 persuadeatur,
3022 1642 3141 1712 quia
3169 1645 3410 1698 similiter
3439 1646 3649 1715 legitur,

2079 1733 2223 1787 Sicut
2246 1733 2485 1802 scriptum
2514 1735 2659 1786 estin
2689 1733 2814 1786 libro
2837 1733 3207 1802 Prophetarum
3233 1733 3364 1805 (Act.
3399 1752 3468 1788 \‘ll
3493 1777 3508 1801 ,
3539 1737 3651 1804 4‘2).

2079 1825 2214 1880 Sunt
2238 1825 2396 1880 etiam
2427 1825 2514 1894 qui
2548 1827 2825 1902 universas
2855 1827 3071 1880 omnino
3099 1828 3398 1895 Scripturas
3435 1833 3655 1885 canoni-

2078 1933 2170 1971 cas
2215 1933 2374 1970 unum
2422 1917 2610 1971 librmn
2660 1928 2888 1984 vocent,
2939 1919 3077 1986 (μιθύ
3128 1919 3278 1978 valde
3334 1921 3557 1974 mirabili
3602 1931 3656 1976 et

2079 2007 2253 2062 divina
2293 2010 2494 2064 unitate
2529 2009 2850 2063 concordent
2882 2027 2894 2063 :
2927 2020 2979 2063 et
3007 2010 3127 2064 hinc
3165 2026 3282 2064 esse
3310 2011 3503 2064 dictum
3531 2052 3546 2075 ,
3588 2011 3654 2065 In

2079 2099 2244 2169 capite
2270 2099 2386 2152 libri
2417 2099 2658 2167 scriptum
2685 2108 2756 2152 cst
2783 2100 2845 2152 de
2883 2117 2991 2163 me,
3035 2111 3089 2152 ut
3128 2101 3314 2170 facium
3349 2101 3656 2155 voluntatem

2080 2199 2252 2255 tuam;
2287 2198 2349 2243 ut
2394 2190 2471 2244 sic
2519 2189 2842 2260 intelligatur
2887 2206 2980 2258 per
3020 2191 3210 2245 Filium
3255 2192 3414 2247 Pater
3461 2192 3656 2248 fecisse

2079 2279 2372 2344 mundum,
2417 2281 2569 2346 cujus
2613 2281 2846 2334 conditio
2891 2281 3202 2350 principium
3261 2282 3652 2352 Scripturarum

2079 2377 2162 2423 est
2193 2369 2244 2423 in
2276 2369 2412 2423 libro
2432 2369 2722 2424 Geneseos.
2758 2369 2853 2423 Vel
2883 2372 3048 2438 magis
3094 2373 3213 2441 quia
3262 2373 3538 2443 prophetia
3576 2377 3659 2430 vi-

2079 2461 2234 2516 detur
2261 2475 2407 2527 esse,
2438 2479 2540 2515 non
2591 2461 2727 2516 facta
2774 2477 2994 2516 narrans
3019 2506 3033 2528 ,
3062 2464 3152 2518 sed
3203 2464 3372 2519 futura
3418 2483 3656 2536 pramun.

2080 2552 2217 2606 tlans
2246 2551 2372 2622 (non
2397 2552 2535 2606 enim
2577 2554 2682 2615 ait,
2721 2553 2860 2622 quod
2902 2553 3151 2618 fecerim;
3200 2555 3290 2609 sed
3311 2597 3324 2619 ,
3355 2567 3406 2608 nt
3432 2558 3616 2626 faciam
3637 2601 3652 2624 ,

2078 2646 2190 2699 sive
2209 2687 2223 2709 ,
2255 2654 2308 2698 ut
2336 2649 2551 2716 facerem
2577 2646 2878 2700 voluntatem
2908 2649 3098 2716 luant);
3129 2647 3192 2701 ad
3221 2648 3344 2701 illud
3376 2647 3489 2703 Ita'c
3527 2665 3656 2704 sen-

2080 2737 2242 2790 tentia
2271 2736 2544 2791 referenda
2572 2746 2674 2800 est,
2702 2737 2841 2807 quod
2870 2738 2920 2791 in
2953 2739 3136 2807 primis
3163 2740 3397 2808 partibus
3417 2741 3653 2808 ejusdem

2079 2826 2196 2882 libri
2228 2828 2480 2897 scriptum
2518 2836 2633 2895 est,
2661 2827 2827 2883 Erunt
2864 2830 2964 2882 duo
2993 2830 3044 2883 in
3077 2847 3229 2885 carne
3258 2848 3357 2885 una
3385 2831 3532 2902 (Gen.
3581 2849 3615 2887 ll
3637 2876 3652 2897 ,

2076 2919 2189 2989 21).
2217 2918 2366 2986 Quod
2405 2928 2791 2974 sacramentum
2815 2935 3060 2989 magnum
3099 2920 3228 2975 dicit
3256 2924 3568 2992 Apostolus,
3603 2925 3654 2978 in

2077 3011 2289 3065 Christo
2313 3019 2366 3065 et
2392 3011 2443 3065 in
2474 3011 2708 3066 Ecclesia
2741 3009 2954 3083 (Ep/tes.
2986 3027 3040 3076 ν,
3069 3013 3157 3076 31.
3189 3012 3300 3086 59.).
3339 3014 3653 3086 Quanquam

2077 3114 2131 3157 et
2171 3105 2268 3156 iste
2297 3103 2626 3158 Psalmorum
2653 3103 2786 3158 liber
2815 3113 2986 3171 potest
3029 3105 3244 3174 intelligi
3284 3107 3606 3175 signiﬁcatus
3634 3150 3650 3172 ,

2082 3196 2166 3248 ubi
2192 3195 2389 3250 dictum
2420 3204 2502 3250 est
2522 3237 2538 3262 ,
2573 3193 2649 3249 In”
2664 3196 2829 3266 capite
2851 3195 2965 3249 libri
2993 3197 3233 3266 scriptum
3262 3207 3332 3250 est
3363 3197 3426 3251 de
3461 3215 3571 3262 me,
3601 3211 3656 3251 ut

2079 3287 2264 3356 [nciam
2304 3285 2612 3340 voluntatem
2650 3295 2787 3339 tuam
2811 3303 2830 3340 :
2850 3286 3087 3356 sequitur
3112 3289 3252 3342 enim
3273 3328 3288 3353 ,
3319 3287 3453 3343 Deus
3483 3307 3620 3343 mens
3639 3333 3655 3353 ,

2078 3377 2246 3440 volui,
2293 3384 2340 3429 et
2385 3376 2542 3447 legem
2588 3386 2724 3430 tuam
2770 3377 2823 3430 in
2871 3377 3034 3431 medio
3078 3380 3246 3433 cordis
3292 3381 3409 3435 mei.
3438 3381 3514 3435 De
3543 3382 3659 3452 ip-o

2079 3469 2272 3538 quippe
2291 3470 2548 3538 accipitur
2568 3467 2910 3538 prephelatus
2929 3471 2978 3523 in
2998 3471 3170 3538 capite
3199 3471 3319 3524 libri
3344 3471 3497 3541 lmjus
3523 3475 3659 3542 psal-

2079 3575 2197 3611 mus
2227 3559 2339 3628 ipse
2367 3560 2597 3629 primus,
2628 3559 2813 3614 Beatus
2843 3561 2916 3613 vir
2939 3562 3027 3630 qui
3059 3578 3159 3614 non
3205 3564 3326 3616 abiit
3359 3564 3410 3617 in
3445 3568 3653 3620 consilio

2079 3648 2350 3718 impiorum
2373 3690 2388 3715 ,
2415 3658 2461 3701 et
2487 3650 2539 3702 in
2562 3651 2642 3703 via
2664 3660 2979 3720 peccatorum
3007 3669 3106 3704 non
3129 3655 3262 3705 stetit
3281 3695 3295 3718 ,
3327 3665 3372 3708 et
3401 3656 3452 3710 in
3479 3665 3650 3712 cathe-

2079 3739 2173 3791 dra
2203 3740 2592 3809 pestilentiarum
2622 3757 2722 3794 non
2747 3740 2908 3794 sedit:
2927 3741 3016 3794 sed
3038 3743 3088 3794 in
3111 3742 3218 3812 lege
3244 3743 3447 3798 Domini
3473 3749 3652 3800 volun—

2080 3839 2157 3883 tas
2185 3831 2324 3900 ejus,
2355 3841 2400 3884 et
2427 3831 2480 3884 in
2506 3831 2613 3901 lege
2635 3833 2746 3901 ejus
2772 3832 3093 3908 meditabitur
3127 3834 3209 3886 die
3234 3851 3293 3888 ac
3321 3847 3464 3890 nocte
3483 3837 3652 3910 (Psal.

2081 3936 2096 3976 1
2121 3961 2136 3986 ,
2168 3921 2221 3986 1,
2247 3919 2306 3990 2)
2332 3938 2345 3974 :
2370 3931 2428 3976 ut
2453 3922 2554 3976 hoc
2581 3922 2650 3976 sit
2676 3923 2816 3992 quod
2843 3923 3039 3977 dictum
3063 3935 3173 3989 est,
3206 3923 3343 3981 Deus
3369 3945 3534 3997 meus,
3563 3947 3653 3985 vo-

2081 4014 2154 4068 lui
2172 4056 2186 4079 ,
2210 4023 2256 4068 et
2282 4015 2438 4085 legem
2480 4023 2616 4068 tuam
2645 4015 2698 4069 in
2721 4016 2884 4068 medio
2918 4017 3083 4070 cordis
3124 4019 3240 4070 mei.
3281 4019 3431 4086 Quod
3472 4032 3651 4078 autem

2080 4105 2338 4174 sequitur,
2369 4103 2723 4175 Euangelizavi
2749 4105 3002 4176 justitiam
3030 4121 3165 4160 tuam
3196 4108 3250 4162 in
3281 4107 3506 4165 Ecclesia
3540 4129 3653 4166 ma-

2080 4214 2179 4267 gna
2209 4195 2382 4267 (Psal.
2432 4212 2642 4262 XXXII,
2674 4196 2863 4266 8-10);
2893 4199 3269 4268 congruentius
3307 4201 3373 4255 ad
3403 4203 3529 4258 illud
3568 4221 3654 4261 re-
3685 4200 3692 4206 κ

2081 4290 2267 4353 fertur,
2302 4289 2366 4341 Et
2394 4300 2538 4342 erunt
2569 4290 2669 4342 duo
2689 4291 2744 4342 in
2771 4307 2922 4343 carne
2943 4308 3060 4343 una.

2152 4383 2206 4437 5.
2230 4382 2357 4437 Sive
2377 4381 2664 4452 ergoillud,
2687 4383 2798 4436 sive
2821 4382 2921 4436 hoc
2953 4384 3425 4456 intelligatnrquod
3448 4388 3647 4446 dictum

2081 4483 2162 4527 est
2180 4513 2195 4540 ,
2223 4471 2288 4526 In
2316 4474 2478 4543 capite
2498 4475 2650 4538 libri;
2678 4474 2815 4529 liber
2841 4475 2939 4530 iste
2975 4475 3304 4531 Psalmormn
3351 4495 3445 4549 per
3493 4485 3654 4552 quin-

2079 4579 2375 4634 quagenos,
2431 4566 2476 4618 si
2532 4581 2627 4636 per
2674 4565 2817 4635 ipsos
2867 4567 3347 4638 quinquagenarias
3397 4572 3653 4627 articulos

2083 4655 2454 4726 interrogetur,
2484 4672 2731 4727 magnum
2759 4658 2956 4728 aliquid
3013 4669 3067 4712 et
3092 4660 3245 4714 valde
3274 4660 3490 4730 dignum
3520 4678 3650 4718 con-

2081 4751 2403 4805 sideratione
2431 4751 2734 4820 respondet.
2758 4751 2872 4805 Non
2901 4751 3042 4805 enim
3073 4753 3262 4805 frustra
3289 4754 3416 4808 mihi
3444 4755 3652 4810 videtur

2080 4841 2545 4911 quinquagesimus
2583 4855 2702 4895 esse
2739 4841 2806 4895 de
2852 4843 3158 4910 pmnitentia
3182 4883 3195 4907 ,
3222 4846 3542 4900 centesimus
3582 4848 3651 4902 de

2082 4932 2446 5002 misericordia
2477 4942 2530 4984 et
2553 4932 2752 5000 judicio
2773 4974 2786 4995 ,
2813 4932 3137 4986 centesiums
3178 4935 3647 5006 quinquagesimus

2081 5021 2148 5076 de
2177 5022 2330 5077 laude
2355 5023 2445 5076 Dei
2468 5023 2518 5076 in
2547 5024 2743 5075 sanctis
2772 5023 2906 5092 ejus.
2955 5024 3043 5080 Sic
3099 5027 3239 5079 enim
3285 5028 3351 5080 ad
3397 5037 3649 5086 mternam

2081 5113 2394 5182 beatamque
2421 5113 2685 5168 tendimus
2711 5115 2868 5167 vitam
2892 5155 2906 5180 ,
2939 5116 3181 5185 primitus
3213 5130 3423 5187 peccata
3469 5132 3650 5177 nostra

2082 5204 2382 5259 damnando
2403 5246 2418 5271 ,
2447 5204 2638 5260 deinde
2661 5206 2796 5260 bene
2823 5208 3051 5261 vivendo
3071 5250 3085 5274 ,
3114 5219 3168 5262 ut
3195 5217 3315 5278 post
3329 5212 3653 5267 condemna-

2083 5306 2189 5351 tam
2214 5297 2372 5351 vitam
2405 5297 2596 5352 malam
2617 5307 2924 5368 gestamque
2949 5299 3162 5365 bonam,
3178 5317 3474 5358 mereamur
3497 5313 3654 5359 arter-

2081 5405 2226 5445 nam.
2251 5389 2555 5444 Secundum
2583 5391 2909 5461 propositum
2941 5391 3081 5445 enim
3114 5392 3482 5448 occultissima:
3499 5394 3652 5462 justi-

2084 5485 2168 5536 liﬂ‘.
2191 5483 2541 5551 lionitatisque
2567 5497 2677 5536 sua:
2707 5482 2868 5547 Deus,
2890 5499 3015 5552 quos
3042 5484 3428 5551 prazdestinarit,
3463 5485 3577 5539 illos
3605 5499 3654 5540 ct

2082 5577 2270 5631 vocavit
2291 5592 2310 5640 ;
2331 5585 2375 5630 et
2395 5593 2518 5646 quos
2539 5577 2728 5629 vocavit
2743 5618 2756 5639 ,
2777 5577 2912 5644 ipsos
2931 5585 2976 5628 et
2991 5577 3291 5646 justiﬁcavit
3308 5592 3326 5639 ;
3346 5593 3468 5646 quos
3485 5591 3652 5633 autem

2083 5668 2393 5734 iustiﬁcarit,
2439 5668 2576 5735 ipsos
2600 5679 2646 5720 et
2680 5667 2977 5738 glori/icam‘t
3024 5667 3199 5735 (Rom.
3231 5683 3338 5733 vni,
3369 5668 3481 5740 50).
3515 5670 3656 5726 Prac-

2089 5759 2373 5816 destinatio
2425 5769 2601 5814 nostra
2659 5775 2761 5813 non
2806 5759 2854 5810 in
2915 5757 3066 5811 nobis
3108 5757 3245 5813 facta
3305 5770 3418 5824 est,
3463 5760 3556 5818 scd
3601 5763 3655 5818 in

2827 5848 3178 5914 (Soixunte~
3204 5857 3431 5924 ἄραξε.)
