2041 3102
184 152 195 178 1
202 150 253 179 963

181 208 285 235 occulto
308 207 375 242 apud
400 208 502 242 ipsum,
518 208 542 234 in
563 208 618 242 ejus
641 209 814 243 prmscicntia.
831 209 891 237 'l'ria
904 219 965 237 vero

183 254 283 289 reliqua
309 254 334 280 itt
362 254 437 280 nobis
460 254 541 284 ﬁunt,
558 255 670 287 vacatio,
686 254 848 288 justiiicatio,
869 256 967 290 gloriﬁ-

163 300 259 329 icatio.
277 300 406 326 tht‘tttttur
420 299 612 334 praedicatione
635 300 796 334 pwnitcutin:
810 310 815 327 :
832 300 871 328 sic
895 302 965 328 cnim

182 348 260 381 cmpit
276 347 399 373 Dominus
415 346 611 381 ovangclizarc,
626 347 695 381 Agite
720 347 907 381 paenitentiam;
920 356 966 382 ap-

183 393 359 427 propinquavit
382 393 447 419 cnim
470 401 572 427 regnum
591 393 710 419 ctelorutn
722 393 825 426 (Matth.
843 402 881 425 In,
895 394 965 426 9.;ct

184 446 219 469 tv,
235 439 287 472 l7).
302 437 483 465 Justiﬁcamur
507 439 532 464 in
559 439 698 465 vocatione
720 439 917 476 miscricordim,
939 444 965 466 ct

180 483 273 518 timore
284 483 375 517 jtnlicii
388 492 393 509 :
406 483 466 510 hinc
477 487 519 510 est
529 483 597 518 quod
607 483 715 516 dicitur,
733 483 809 514 Deus,
827 484 851 510 iu
865 484 965 511 nomine

181 535 222 555 tuo
233 530 330 556 saluum
341 537 380 555 me
395 531 446 564 fac,
469 534 492 556 et
505 529 530 555 in
544 529 633 555 virtute
647 535 690 555 tua
701 530 790 564 judico
806 538 845 555 me
870 529 962 565 (Psal.

179 566 232 603 Lm.
244 575 281 605 5).
296 575 351 602 Non
369 575 572 609 timetjudicari,
585 576 627 609 qui
645 575 894 610 impetraveritaute
908 576 962 602 sal-

178 622 242 647 vari.
259 621 358 652 Vocati,
374 622 554 647 renuntiamus
568 620 673 647 diabolo
697 629 743 655 per
768 621 961 655 paenitentiam,

177 675 210 694 ne
230 667 278 693 sub
304 667 366 701 jugo
381 667 437 699 ejus
453 673 634 693 remaneamus
648 676 653 693 :
667 666 816 700 justiﬁcati,
836 674 962 694 sanantur

178 720 223 745 per
236 712 439 739 miscricordiam
455 711 622 746 ucjudicium
643 712 797 738 timeamus:
811 712 959 747 gloriﬁcati,

178 759 319 784 transitans
332 758 356 783 in
367 758 445 783 vitam
460 762 598 789 :cternatn,
613 757 657 784 ubi
676 758 756 784 Deum
769 757 826 784 sine
839 757 892 784 ﬁne
904 758 962 784 lau-

176 805 278 831 damus.
296 805 332 831 Ad
346 805 394 831 hoc
409 806 540 839 pertinere
554 805 669 832 arbitror
680 806 749 840 quod
761 805 887 832 Dominus
901 806 938 832 ait
953 814 959 832 :

177 850 241 877 Erae
253 851 324 885 ejirio
336 851 467 883 dazmouiu,
483 856 505 877 et
515 852 633 877 sanitates
650 852 753 886 perﬁcio
764 851 839 878 hodie
851 856 873 878 et
894 859 959 884 cras,

177 903 199 923 εἰ
224 898 295 924 tertia
309 898 315 912 ¹
331 906 488 924 consummor
500 897 574 930 (Luc.
591 905 646 929 xm,
661 897 717 931 52).
733 896 809 930 Quod
832 898 912 924 etiam
934 898 960 924 in

177 944 262 970 triduo
276 952 329 970 sua!
341 944 469 979 passionis
481 950 507 971 et
528 944 695 971 dormitionis
722 951 750 970 ct
783 943 960 978 evigilatiouis

176 991 299 1017 Ostendit.
313 990 460 1017 Cruciﬁxus
475 994 515 1016 cst
529 990 599 1016 enim
610 1010 617 1022 .
632 994 658 1016 ct
672 989 800 1022 sepultus,
827 993 855 1016 et
870 997 959 1016 resur-

176 1038 252 1063 rexit.
267 1036 293 1063 ln
309 1043 387 1063 cruce
409 1036 441 1062 dc
458 1035 621 1070 principibus
634 1040 661 1062 et
677 1036 851 1071 potestatibus
865 1035 959 1061 trium-

175 1081 286 1116 phavit,
314 1082 340 1109 in
367 1081 489 1116 sepulcro
520 1081 660 1116 requievit,
700 1081 726 1107 in
765 1081 960 1108 resurrectione

174 1126 324 1154 exsultavit.
341 1125 502 1153 Paenitentia
525 1126 636 1158 cruciat,
659 1126 761 1160 justitia
789 1126 957 1159 tranquillat,

174 1172 226 1199 vita
242 1177 341 1199 :etcrua
361 1170 501 1207 gloriﬁcat.
518 1170 685 1198 Ptenitentia:
705 1178 756 1197 vox
771 1175 827 1198 est:
841 1170 959 1197 Miserere

172 1218 232 1250 mei,
249 1217 326 1251 Deus,
338 1217 475 1244 secundum
485 1225 603 1252 magnam
613 1216 810 1244 misericordtam
826 1221 915 1247 luam;
935 1220 958 1242 et

173 1263 308 1290 secundum
345 1263 530 1290 multitudinem
564 1262 752 1289 miseratiouum
773 1266 873 1288 tuarum
904 1261 959 1288 dele

171 1309 326 1344 iniquitatem
334 1317 425 1335 meum.
439 1308 500 1336 llam
510 1307 585 1336 oﬁ‘erl
595 1307 753 1335 sacriﬁcium
771 1308 823 1334 Deo
836 1307 956 1341 spiritnut

171 1354 388 1387 contribulatum,
402 1361 450 1381 cor
466 1354 608 1380 contritum
629 1357 656 1380 et
672 1352 836 1380 humiliatum
862 1352 955 1388 (Psnl.

171 1408 196 1429 ι..
210 1399 433 1434 5,19).Justiti:n
459 1398 557 1426 Christi
585 1405 635 1425 vox
664 1402 706 1425 est
727 1398 753 1424 in
773 1398 864 1425 electis
885 1398 956 1425 suis:

172 1443 372 1471 Misericordiam
379 1448 402 1470 et
412 1444 537 1478 judicium
552 1442 658 1470 cantabo
671 1442 724 1476 tibi,
738 1442 866 1473 Domine;
889 1443 957 1476 νεαι-

171 1491 232 1523 Iam,
248 1495 269 1516 rt
278 1490 416 1526 intelligam
430 1490 456 1516 in
469 1490 510 1517 via
519 1489 691 1522 immaculata,
707 1488 808 1523 quando
830 1489 911 1515 venies
923 1488 957 1515 ad

170 1544 217 1562 me.
229 1535 278 1562 Per
290 1534 497 1563 miscricordiam
512 1534 610 1570 quippe
624 1534 784 1569 adjuvamur
797 1533 830 1560 ad
856 1533 956 1560 facien-

169 1580 229 1607 dnm
242 1580 381 1616 justitiam,
397 1585 425 1607 ut
436 1579 522 1607 securi
537 1578 571 1607 ad
583 1578 711 1614 judicium
735 1578 893 1611 veniamus;
908 1578 953 1606 ubi

168 1626 356 1661 dispertiuntur
370 1626 401 1653 de
414 1627 511 1653 civitate
527 1625 632 1652 Domini
646 1632 732 1651 omnes
752 1624 795 1659 qui
820 1629 957 1658 operantur

169 1671 322 1704 iniquitatem
335 1670 418 1706 (Psal.
431 1678 456 1701 c,
473 1671 498 1702 ι,
512 1670 538 1701 2,
552 1668 591 1705 8).
603 1669 661 1703 Quo
675 1676 753 1696 versu
765 1663 883 1703 psalmus
905 1669 956 1697 iste

172 1715 348 1747 Concludilut‘,
364 1716 435 1742 vitm’
451 1720 557 1741 mle-rum
570 1722 620 1741 vos
631 1718 682 1741 est.

205 1762 229 1788 4.
248 1760 320 1797 [t-crs.
336 1761 359 1792 t,
373 1760 413 1795 2.]
428 1759 542 1786 Lnndate
559 1759 692 1786 Dominum
713 1758 739 1786 in
764 1760 857 1786 sanctis
881 1760 955 1795 ejus:

169 1807 292 1842 utiqucin
304 1807 342 1833 eis
353 1813 420 1840 quos
433 1805 600 1840 gloriﬁcavit.
613 1804 728 1832 Laudato
742 1814 799 1832 eum
823 1806 849 1832 in
863 1806 952 1841 ﬁrma-

168 1858 250 1879 mento
272 1852 368 1878 uirtutis
385 1852 449 1888 ejus.
473 1849 587 1877 Laudate
611 1859 668 1877 eum
688 1850 715 1877 in
729 1851 861 1878 virtuftbns
882 1851 954 1886 ejus;

168 1899 220 1929 wl,
236 1903 262 1924 ut
273 1898 316 1924 alii
328 1896 491 1931 interpretati
502 1901 564 1923 sunt
573 1917 581 1928 ,
592 1896 618 1922 t'n
630 1896 795 1931 potentatibus
805 1897 870 1931 ejus.
884 1895 954 1923 Latt-

168 1946 226 1970 tlnte
246 1952 302 1971 eum
321 1943 457 1971 secundum
482 1942 666 1969 multitudinem
689 1942 867 1977 magnitudinis
888 1943 953 1977 ejus.

168 1991 260 2018 Omnia
277 1991 325 2017 ista
339 1990 388 2026 ipsi
404 1994 464 2016 sunt
479 1989 561 2016 sancti
574 1989 643 2023 ejus;
657 1988 790 2023 quomodo
801 1988 866 2015 dicit
880 1989 954 2023 Apo-

172 2037 271 2063 stolus:
287 2035 320 2063 Ut
332 2044 377 2062 nos
390 2035 468 2062 simus
481 2034 576 2067 iustitia
587 2033 634 2060 Dei
648 2034 673 2060 in
689 2034 744 2068 ipso
757 2033 788 2068 (ll
798 2032 953 2068 Cur.v,2l).

168 2083 195 2109 Si
210 2072 272 2117 ergo
283 2081 383 2116 justitia
402 2081 447 2107 Dci
463 2088 542 2113 quant
556 2079 616 2107 fecit
631 2080 656 2106 in
668 2079 717 2109 eis.
731 2086 780 2106 cur
796 2086 847 2106 non
863 2083 889 2105 ct
903 2079 955 2105 vir-

170 2133 213 2155 tus
228 2127 273 2155 llci
284 2135 362 2162 quam
387 2126 481 2153 iccitin
496 2126 546 2158 cis,
567 2130 594 2151 ut
608 2129 777 2160 resurgerth
795 2133 809 2151 a
825 2125 954 2152 mortuis?

168 2174 232 2201 Nam
248 2174 312 2201 etin
327 2173 423 2200 Christi
439 2170 633 2199 resurrectione
648 2171 731 2198 virtus
745 2171 858 2198 maxime
878 2178 953 2198 cont-

169 2219 399 2252 uteudatur;quia
425 2219 449 2245 in
475 2218 599 2252 passione
613 2216 751 2244 inﬁrmitas
773 2216 954 2249 fuit,diccnle

168 2266 306 2301 Aposloln,
324 2265 379 2292 Etsi
400 2264 536 2298 cruciﬁxus
560 2268 596 2290 est
617 2272 649 2290 ex
669 2263 825 2298 inﬁrmitate.
839 2263 882 2290 sed
897 2264 953 2290 t'it'it

169 2321 199 2338 cr
214 2312 302 2338 virtute
321 2310 368 2338 Dei
383 2309 447 2345 (Id.
463 2317 521 2341 xm,
534 2310 562 2342 ά)
576 2318 582 2335 :
598 2313 624 2335 ct
646 2309 698 2335 alio
713 2308 782 2339 loco,
798 2308 838 2335 Ad
861 2317 954 2344 cogno-

169 2358 298 2390 scendunt,
312 2357 407 2392 inquit,
422 2364 489 2389 eum,
504 2360 527 2382 et
547 2355 663 2382 virtutem
690 2355 877 2382 resurrectionis
900 2356 954 2391 ejus

171 2402 416 2439 (Pliilipp.tu.10).
432 2402 538 2438 Oplintc
560 2406 648 2428 autem
673 2401 720 2433 ait,
738 2400 770 2427 1η
797 2401 954 2434 ﬁrmamento

170 2449 267 2476 virtutis
288 2449 351 2484 ejus.
367 2448 576 2476 Firmamentum
598 2451 639 2474 est
662 2446 733 2474 enim
761 2446 875 2478 virtutis,
891 2447 952 2481 quia

168 2495 221 2530 jznn
233 2503 284 2523 non
301 2494 438 2527 morietur,
454 2499 480 2521 et
496 2500 567 2520 mors
578 2492 614 2520 ei‘
630 2493 698 2520 ultra
713 2499 766 2520 non
775 2491 955 2519 dominabitur

170 2542 256 2574 (nom.
273 2540 358 2575 v1.9).
375 2540 428 2567 Cur
451 2547 502 2566 non
523 2544 549 2566 et
573 2543 723 2574 potentatus
752 2538 797 2566 Dei
821 2537 953 2571 dicantur,

169 2595 236 2622 quos
250 2587 274 2613 in
285 2586 324 2613 eis
333 2584 413 2613 fecit?
437 2585 491 2611 lino
503 2577 625 2619 ipsi'sint
637 2587 789 2618 potentatus
803 2583 877 2617 ejus;
890 2590 956 2617 quo-

170 2631 248 2659 modo
267 2632 365 2659 dictum
381 2635 432 2661 cst,
451 2629 506 2656 Nos
528 2636 620 2656 sumus
639 2629 740 2664 justitia
767 2627 813 2654 Dei
836 2628 862 2654 in
889 2628 954 2662 ipso.

170 2677 238 2710 Quid
264 2678 335 2704 enim
361 2676 603 2711 potentius,quam
629 2681 740 2709 regnare
762 2673 787 2700 in
807 2679 954 2707 internum,

203 2758 288 2798 ’.πλιειη
300 2756 371 2798 tertia
381 2756 428 2782 diu.
438 2757 519 2785 Abest,
528 2754 576 2784 die,
584 2761 597 2779 a
608 2754 741 2786 potioribus
753 2756 804 2778 uss.
815 2757 839 2778 et
851 2759 864 2778 a
876 2759 956 2785 grzcco

172 2792 241 2812 textu
254 2787 381 2819 Evangelii.

205 2821 213 2834 ι
226 2819 291 2848 ιειιιι.,
303 2821 325 2843 et
337 2818 400 2846 uiue,
419 2822 466 2843 etc.
487 2816 611 2846 t‘articula,
627 2819 659 2845 et,
678 2814 805 2845 redundat,
824 2821 869 2839 nec
883 2815 954 2840 estlu

173 2852 224 2896 ":-
231 2878 324 2910 altquot
332 2882 396 2908 ιιεεἸ
407 2885 453 2904 non
461 2878 599 2909 morientur,
611 2880 633 2903 et
645 2883 708 2903 mors
719 2876 753 2903 eis
761 2877 832 2907 ultra.
846 2880 893 2902 etc.

795 153 825 182 S.
846 154 1027 182 AUGl'STlNl
1047 156 1195 186 ΕΝΞιἸΟΡι

1727 170 1809 199 4938

1021 212 1070 239 sub
1083 213 1193 247 pedibus
1207 216 1300 251 positis
1320 218 1447 248 omnibus
1459 220 1589 249 inimicis?
1600 223 1653 251 Cur
1678 232 1731 252 non
1755 227 1807 261 ipsi

1016 259 1072 286 sint
1086 260 1164 287 ctiam
1185 263 1325 291 multitudo
1346 267 1532 300 magnitudinis
1553 269 1629 303 ejus?
1651 270 1707 298 Non
1724 259 1776 306 qua
1796 274 1805 289 ‘

1016 305 1077 339 ipse
1091 314 1200 341 magnus
1213 314 1253 335 est
1264 330 1271 341 ,
1285 310 1330 337 sed
1345 320 1393 345 qua
1407 320 1514 348 magnos
1527 322 1574 342 eos
1588 315 1659 349 iecit.
1672 324 1724 345 tam
1734 305 1809 346 inul-

1018 355 1077 399 tos,
1088 351 1136 399 hoc
1150 358 1207 386 est,
1223 355 1303 382 millia
1327 357 1445 384 tnillium.
1463 359 1535 387 Sicut
1553 361 1632 389 aliter
1645 363 1803 399 intelligitur

1015 396 1115 430 justitia
1129 405 1180 432 qua
1191 404 1232 426 est
1243 399 1407 435 ipsejustus;
1422 403 1499 432 aliter
1510 413 1587 440 quam
1600 406 1626 434 in
1637 408 1714 435 nobis
1726 396 1802 441 iam,

1018 445 1046 467 ut
1058 449 1106 468 nos
1116 442 1198 471 simus
1206 444 1306 478 justitia
1316 446 1385 481 ejus.

1051 487 1076 515 5.
1093 487 1172 516 Iidem
1184 490 1231 524 ipsi
1242 492 1323 519 sancti
1333 497 1394 519 snnt
1404 493 1429 520 in
1444 495 1565 523 omnibus
1578 498 1685 526 musicis
1694 501 1801 535 organis

1015 532 1141 569 deinceps
1154 535 1291 570 sigttil‘tcati
1302 558 1309 570 ,
1323 538 1355 565 ad
1371 539 1529 567 laudandum
1539 542 1630 570 Deum.
1641 544 1715 577 Quod
1727 532 1800 573 enim

1016 581 1151 626 proposuit
1176 581 1283 615 dicens,
1296 583 1409 612 Laudate
1429 585 1565 614 Dominum
1580 589 1605 616 in
1621 591 1710 617 sanctis
1724 592 1780 626 ejus
1790 614 1798 622 .

1015 623 1065 652 hoc
1079 626 1243 661 exsequitur,
1253 629 1324 656 varie
1333 630 1485 665 signiﬁcans
1492 633 1599 661 eosdem
1613 635 1681 669 ipsos
1691 623 1798 664 sanctos

1011 670 1080 705 ejus.

1048 715 1075 743 6.
1096 715 1169 752 [ven
1183 717 1222 754 3.]
1238 718 1351 747 Laudale
1365 728 1421 747 eum
1441 722 1468 749 in
1491 731 1553 750 sono
1576 724 1642 751 tubis
1662 732 1673 752 .'
1688 732 1798 761 propter

1014 760 1097 788 laudis
1109 762 1357 792 excellentissimam
1385 766 1542 795 claritatem.
1557 768 1673 797 Laudate
1689 760 1748 798 eum
1768 772 1797 798 in

1011 807 1131 841 psalterio
1152 814 1175 835 et
1190 810 1297 837 cithara.
1313 811 1468 840 Psalterium
1494 819 1535 841 est
1559 815 1592 842 de
1617 817 1798 851 superioribus

1013 852 1123 880 laudans
1130 853 1227 887 Deum,
1242 855 1342 884 cithara
1355 858 1388 885 de
1401 857 1569 888 inferioribus
1578 861 1687 889 laudans
1702 863 1795 894 Deum;

1013 901 1137 932 tanquam
1148 899 1181 927 de
1192 901 1345 929 coelestibus
1355 907 1381 930 et
1395 905 1565 933 terrestribus
1574 927 1582 938 ,
1599 912 1721 942 tanquam
1735 917 1794 936 etttu

1012 943 1056 977 qui
1069 943 1230 973 fecitcmlum
1241 951 1268 974 et
1283 951 1390 975 terram.
1400 949 1460 977 Jam
1474 951 1571 986 quippe
1589 951 1615 979 in
1630 952 1681 980 alio
1694 954 1796 989 psalmo

1012 989 1181 1022 exposuimus
1195 991 1348 1026 psalterium
1358 993 1472 1030 desuper
1485 996 1584 1024 habere
1596 1003 1722 1026 sonorum
1731 1000 1794 1026 illud

1012 1032 1121 1067 lignum,
1131 1036 1171 1062 cui
1182 1043 1322 1065 nervorum
1335 1039 1429 1072 series,
1439 1041 1715 1071 utmelioremsonum
1731 1045 1794 1072 red.

986 1076 990 1083 '
1011 1077 1065 1108 dat.
1078 1078 1217 1107 incumbit:
1228 1082 1297 1116 quod
1308 1083 1406 1118 lignum
1418 1085 1519 1113 cithara
1529 1086 1639 1115 inferius
1652 1088 1743 1116 habet.

1046 1123 1072 1150 7.
1094 1123 1167 1160 [rem
1181 1125 1220 1162 ι.]
1235 1126 1350 1155 Laudate
1361 1137 1418 1156 eum
1429 1131 1455 1157 in
1465 1136 1584 1166 tympano
1596 1138 1619 1159 et
1626 1133 1793 1170 choro.Tytn-

1010 1177 1107 1204 patttun
1122 1172 1209 1199 laudat
1223 1173 1304 1201 Deum
1316 1195 1323 1208 ,
1335 1182 1395 1203 cum
1406 1176 1461 1210 jam
1481 1177 1508 1204 in
1521 1185 1601 1205 carne
1608 1184 1706 1207 mutata
1722 1182 1792 1209 nulla

1010 1221 1052 1243 est
1063 1222 1174 1244 terrena:
1194 1221 1370 1261 corruptionis
1390 1222 1540 1251 inﬁrmitas.
1553 1224 1591 1251 De
1612 1226 1685 1253 corio
1697 1227 1793 1261 quippe

1011 1262 1038 1288 tit
1054 1266 1206 1298 tympanum
1219 1266 1353 1293 cxsiccato
1363 1272 1443 1302 atque
1458 1268 1572 1297 ﬁrmato.
1588 1269 1691 1298 Chorus
1703 1271 1793 1299 laudat

1011 1306 1226 1342 Dcutu,quando
1248 1310 1336 1339 laudat
1358 1319 1418 1339 eutn
1433 1319 1524 1347 pacata
1543 1315 1665 1343 societas.
1680 1316 1794 1344 Laudate

1009 1360 1064 1379 eum
1077 1354 1102 1379 in
1117 1355 1217 1382 chordis
1226 1360 1249 1383 et
1262 1365 1367 1392 organo.
1380 1357 1499 1386 Chordas
1510 1359 1589 1387 habet
1601 1365 1629 1388 et
1639 1362 1791 1396 psalterium

1008 1401 1036 1424 et
1050 1399 1166 1431 cithara,
1182 1408 1239 1435 qua:
1254 1402 1375 1435 superius
1391 1410 1598 1433 commemorata
1620 1412 1690 1434 sunt.
1706 1408 1790 1443 Orga-

1010 1449 1171 1471 numautcm
1186 1447 1310 1479 generale
1336 1455 1431 1475 nomen
1458 1454 1501 1477 cst
1523 1451 1643 1478 outnium
1666 1460 1791 1480 νςιεητιιιιι

1009 1489 1191 1523 musicorum;
1221 1493 1340 1526 quamvis
1361 1494 1416 1528 jam
1440 1495 1583 1524 obtinuerit
1608 1499 1790 1531 consuetudo,

1006 1539 1144 1570 utorgana
1160 1539 1262 1571 proprie
1277 1538 1399 1566 dicantur
1409 1548 1439 1567 ea
1450 1548 1509 1575 qtue
1527 1542 1652 1570 inﬂantur
1667 1543 1789 1571 follibus:

1008 1581 1077 1615 quod
1084 1589 1166 1617 genus
1174 1583 1346 1617 signiﬁcatum
1355 1584 1398 1612 hic
1404 1593 1522 1613 essenon
1529 1588 1720 1616 arbitror.Nam
1728 1597 1789 1617 cmn

1007 1633 1135 1661 organum
1149 1628 1303 1655 vocabulum
1327 1637 1442 1664 grtecum
1455 1631 1508 1663 sit,
1529 1637 1558 1658 ut
1580 1632 1632 1659 disi
1644 1654 1651 1665 ,
1665 1635 1790 1668 generale

1006 1672 1130 1699 omnibus
1144 1673 1251 1700 musicis
1265 1674 1463 1709 instrumentis;
1479 1677 1529 1705 hoc
1543 1678 1585 1705 cui
1612 1679 1687 1707 tolles
1711 1680 1789 1707 adhi-

1007 1716 1113 1749 bentur.
1124 1718 1175 1745 alio
1185 1718 1269 1746 Gneci
1281 1721 1388 1748 nomine
1402 1722 1545 1757 appellant.
1561 1723 1596 1751 Ut
1607 1729 1696 1752 autem
1711 1733 1790 1760 orga-

986 1772 988 1775 τ
1006 1769 1068 1788 num
1081 1762 1193 1795 dicatur,
1206 1764 1288 1799 magis
1298 1766 1376 1792 latina
1386 1772 1413 1793 ct
1425 1774 1456 1794 ea
1469 1767 1584 1802 vulgaris
1609 1773 1650 1796 est
1674 1776 1788 1797 consue-

1008 1808 1079 1835 tudo.
1109 1808 1183 1842 Quod
1205 1817 1268 1845 ergo
1293 1811 1383 1844 ait,in
1396 1812 1496 1840 chordis
1521 1820 1545 1840 et
1566 1821 1670 1849 organo,
1686 1815 1791 1842 videtur

1006 1855 1070 1881 mihi
1081 1854 1185 1889 aliquod
1197 1863 1324 1890 organum
1338 1857 1408 1891 quod
1426 1858 1539 1885 chordas
1564 1858 1676 1891 habeat,
1688 1859 1788 1894 signiti-

1005 1908 1066 1927 care
1080 1901 1204 1928 voluisse.
1229 1901 1287 1929 Non
1311 1902 1380 1929 enitn
1404 1903 1460 1930 sola
1482 1904 1605 1938 psalteria
1629 1910 1656 1938 et
1679 1905 1789 1933 cithara:

1006 1946 1119 1973 chordas
1145 1946 1260 1973 habent:
1277 1947 1322 1973 sed
1344 1947 1404 1982 quia
1425 1948 1450 1975 in
1475 1937 1600 1983 psalterio
1618 1937 1645 1977 et
1668 1950 1768 1978 cithara
1781 1972 1788 1982 ,

1007 1996 1113 2026 propter
1125 1999 1219 2019 sanum
1234 1992 1267 2019 ab
1283 1992 1449 2020 inferioribus
1473 1998 1500 2021 et
1522 1995 1718 2029 superioribus,
1745 1996 1788 2023 in-

1006 2042 1112 2064 ventum
1120 2042 1161 2064 est
1169 2037 1265 2072 aliquid
1276 2037 1345 2071 qttod
1358 2038 1502 2065 secundum
1515 2039 1583 2066 hanc
1592 2039 1788 2067 distinctionem

1005 2083 1089 2118 possit
1108 2083 1232 2119 intelligi,
1247 2083 1316 2111 aliud
1337 2091 1385 2111 nos
1404 2084 1430 2111 in
1453 2085 1517 2119 ipsis
1542 2085 1648 2113 chordis
1669 2093 1790 2121 quaerere

1005 2129 1159 2162 admonuit;
1174 2130 1234 2164 quia
1247 2134 1273 2156 et
1289 2129 1352 2163 ipszn
1374 2134 1435 2156 sunt
1456 2137 1536 2162 caro,
1552 2130 1599 2158 scd
1616 2130 1669 2164 jam
1688 2138 1702 2156 a
1725 2138 1789 2158 cor-

1005 2175 1127 2209 ruptione
1142 2174 1250 2202 liberata
1259 2175 1280 2200 ’.
1293 2174 1393 2207 Quibus
1407 2174 1517 2202 fortasse
1531 2175 1591 2202 ideo
1601 2175 1700 2203 addidit
1712 2183 1791 2210 orga-

982 2223 983 2227 ‘
1006 2229 1067 2248 num
1083 2242 1090 2253 ,
1117 2229 1169 2248 non
1191 2225 1220 2248 ut
1241 2220 1351 2255 singula:
1373 2225 1485 2255 sonent,
1510 2221 1557 2248 sed
1582 2225 1611 2248 ut
1638 2221 1791 2248 diversitate

1005 2267 1211 2295 concordissima
1225 2271 1381 2299 consonent,
1396 2267 1464 2294 sicut
1474 2266 1630 2294 ordinantur
1641 2267 1667 2294 iu
1678 2274 1788 2301 organo.

1006 2313 1142 2340 Habebunt
1151 2313 1222 2339 enim
1237 2313 1316 2339 etiam
1329 2317 1391 2340 tunc
1402 2312 1486 2339 sancti
1499 2312 1543 2339 Dei
1554 2312 1715 2339 dill'ercntias
1726 2319 1791 2339 suas

1005 2363 1191 2390 consonantes.
1205 2365 1255 2385 non
1269 2358 1445 2390 dissonantes,
1468 2357 1494 2384 id
1507 2362 1558 2390 est,
1573 2357 1771 2385 consentientes
1780 2377 1790 2389 .

1006 2412 1058 2431 non
1084 2404 1287 2437 dissentientes;
1303 2404 1372 2431 sicut
1398 2403 1428 2430 ﬁt
1449 2403 1621 2431 suavissimus
1645 2408 1790 2431 concentus

1005 2458 1038 2477 cx
1052 2450 1164 2477 diversis
1173 2450 1277 2485 quidem
1288 2470 1295 2482 ,
1307 2449 1354 2476 sed
1368 2457 1421 2476 non
1433 2449 1501 2476 inter
1514 2457 1543 2476 se
1561 2448 1680 2476 adversis
1704 2449 1791 2475 sonis.

1007 2496 1088 2523 Stella
1103 2496 1167 2523 enim
1186 2504 1201 2521 α
1215 2495 1286 2522 stella
1300 2495 1384 2528 di/I‘ert
1405 2495 1430 2522 in
1442 2495 1577 2528 claritate;
1596 2496 1632 2522 sic
1643 2500 1667 2521 et
1678 2502 1791 2521 resurrc~

1006 2542 1055 2568 ctio
1068 2546 1202 2568 mortorunt
1216 2541 1236 2575 (l
1250 2540 1308 2568 Cor.
1323 2548 1368 2574 xv,
1384 2541 1428 2572 41,
1442 2540 1498 2575 42).

1042 2588 1058 2616 8
1080 2587 1152 2624 [vers
1164 2588 1191 2619 5,
1203 2586 1242 2623 6.]
1258 2586 1372 2614 Laudat:
1383 2594 1439 2613 eum
1451 2587 1477 2612 in
1487 2585 1606 2620 cymbalis
1620 2585 1681 2612 bene
1691 2593 1788 2611 sonan—

1008 2633 1081 2665 tibus,
1098 2632 1200 2659 lundate
1211 2640 1268 2660 eum
1297 2633 1324 2658 in
1345 2631 1465 2667 cymbalis
1475 2630 1644 2666 jubilatiouis.
1664 2630 1792 2666 Cymbala

1008 2680 1119 2706 invicem
1135 2684 1241 2712 tangunt
1254 2684 1279 2704 ut
1293 2683 1387 2704 sonent
1398 2677 1428 2709 ’ς
1443 2677 1503 2704 ideo
1517 2685 1530 2703 a
1546 2676 1701 2711 quibusdam
1716 2675 1793 2702 labiis

1007 2726 1105 2753 nostris
1118 2730 1267 2760 comparata
1281 2729 1354 2751 sunt.
1369 2724 1421 2751 Sed
1437 2724 1531 2750 melius
1552 2722 1662 2758 intelligi
1686 2726 1751 2757 puto
1766 2721 1793 2748 in

1040 2814 1047 2828 ¹
1067 2815 1103 2836 Er.
1115 2811 1189 2840 Lugd.
1203 2815 1261 2835 Ven.
1273 2814 1338 2838 ων..
1359 2810 1397 2835 hic
1410 2813 1435 2834 et
1446 2809 1517 2840 paulo
1529 2813 1590 2840 post,
1603 2808 1667 2840 quia.
1716 2812 1746 2832 λι.

1038 2845 1049 2858 ¹
1065 2844 1100 2868 sic
1111 2841 1225 2867 meliores
1236 2845 1287 2866 Ms.
1302 2842 1356 2866 ριιιι.
1370 2848 1438 2869 vero,
1446 2840 1560 2866 liberam.

1041 2875 1050 2890 ³
1061 2873 1127 2904 ωα..
1140 2877 1164 2898 ut
1175 2872 1232 2898 bene
1243 2876 1332 2898 sontem.
1346 2873 1427 2902 Abest,
1441 2872 1506 2901 ιιίειω,
1516 2879 1528 2896 a
1539 2875 1591 2896 MSS.
