4132 6454
308 362 446 420 1033

712 568 794 629 IN
837 510 1217 633 pSALMuiu
1258 571 1501 633 LXXX

866 693 1325 753 «ENARRATIO.

955 821 1126 862 sermo
1152 804 1251 877 (α).
1860 821 1889 858 ς’

366 920 420 975 1.
449 918 602 992 [υενδ.
633 918 708 991 1.]
753 918 920 989 Loqui
957 917 1023 973 ad
1048 932 1144 974 vos
1171 917 1239 973 de
1267 919 1515 988 przesenti
1545 918 1749 989 psalmo
1777 933 1893 975 sus-

290 1010 542 1081 cepimus
573 1028 586 1063 :
618 1010 831 1081 adjuvet
853 1026 884 1064 v
904 1025 1041 1069 eam
1081 1019 1318 1065 nostram
1349 1010 1501 1080 quies
1529 1019 1702 1065 vestra
1727 1012 1774 1075 ¹;
1813 1020 1893 1066 et-

290 1100 442 1156 enim
488 1101 755 1171 aliquanto
793 1107 874 1156 est
901 1099 1215 1155 obtunsior:
1243 1098 1389 1154 dabit
1422 1099 1472 1154 ei
1499 1098 1638 1155 vires
1667 1101 1892 1155 intentio

290 1189 650 1258 audientium,
672 1198 728 1246 et
748 1190 1066 1261 adjutorium
1088 1189 1321 1261 iubentis
1343 1200 1398 1245 ut
1423 1191 1629 1260 loquar.
1657 1189 1888 1245 Titulum

293 1281 466 1339 habet
492 1284 732 1355 psalmus
758 1284 895 1339 iste:
928 1282 994 1337 In
1021 1283 1175 1351 ﬁnem
1210 1298 1302 1353 pro
1331 1283 1687 1349 torcularibus,
1716 1284 1889 1354 quinta

292 1373 805 1440 sabbatipPsalmus
825 1376 926 1445 ipsi
951 1373 1143 1445 Asaph.
1193 1375 1250 1429 ln
1290 1390 1453 1431 unum
1486 1376 1695 1431 titulum
1722 1377 1886 1432 multa

294 1476 706 1537 sunteongesta
732 1466 1018 1538 mysteria;
1066 1467 1137 1521 ita
1179 1476 1353 1523 tamen
1397 1475 1455 1522 ut
1502 1468 1661 1523 limen
1690 1468 1885 1523 Psalmi

296 1557 501 1614 indicet
527 1558 799 1613 interiora.
830 1559 957 1613 Cum
977 1558 1043 1613 de
1060 1558 1414 1615 torcularibus
1435 1559 1657 1614 locuturi
1683 1574 1883 1625 sumus,

296 1665 465 1706 nemo
490 1658 725 1704 vestrum
750 1649 944 1720 aliquid
971 1657 1243 1721 exspectet
1283 1665 1382 1705 nos
1419 1650 1653 1707 dicturos
1678 1665 1798 1707 esse
1821 1650 1889 1707 de

296 1741 442 1808 laeu,
470 1740 539 1796 de
566 1740 736 1811 prelo,
761 1739 829 1795 de
852 1739 1087 1805 ﬁscinis;
1107 1740 1227 1810 quia
1258 1755 1360 1796 nec
1385 1740 1496 1810 ipse
1522 1741 1757 1812 psalmus
1786 1740 1888 1797 boe

298 1832 482 1901 habet,
524 1842 578 1889 et
624 1832 744 1888 ideo
786 1833 954 1902 magis
1003 1833 1200 1889 indicat
1242 1833 1573 1905 mysterium.
1602 1833 1733 1888 Nam
1760 1840 1816 1888 et
1842 1834 1888 1888 si

295 1919 501 1997 aliQuid
524 1924 632 1981 tale
661 1924 858 1979 Psalmi
890 1932 1064 1979 textus
1088 1924 1404 1990 contineret,
1433 1938 1539 1979 non
1568 1923 1776 1981 deesset
1796 1924 1886 1994 qui

299 2025 518 2088 putaret
561 2017 627 2073 ad
666 2017 897 2072 litteram
939 2031 1057 2072 esse
1096 2017 1401 2086 accipienda
1449 2018 1756 2085 toreularia,
1790 2033 1887 2073 nec

300 2109 506 2179 aliquid
526 2109 630 2165 illic
652 2108 879 2179 amplius
904 2108 1301 2179 requirendum,
1330 2124 1429 2165 nee
1449 2110 1670 2181 mystice
1688 2109 1887 2181 aliquid

300 2200 565 2271 positum,
597 2211 651 2256 et
691 2208 899 2256 sacrate
941 2200 1328 2270 signiﬁcatum;
1360 2200 1451 2255 sed
1479 2200 1682 2257 diceret
1711 2220 1723 2255 :
1751 2201 1888 2257 Sim-

301 2293 514 2364 pliciter
550 2293 791 2348 Psalmus
818 2292 884 2347 de
913 2292 1262 2348 torcularibus
1300 2293 1563 2363 loquitur,
1594 2302 1648 2348 et
1677 2303 1729 2347 tu
1757 2292 1885 2349 mihi

302 2385 487 2440 nescio
511 2384 633 2456 quid
663 2384 805 2439 aliud
835 2384 1141 2455 suSpicaris.
1185 2384 1327 2439 Nihil
1363 2385 1447 2440 hic
1489 2386 1595 2441 tale
1632 2386 1883 2452 audistis,

302 2491 426 2531 cum
452 2476 736 2546 legeretur.
780 2474 921 2544 Ergo
958 2474 1184 2543 accipite
1221 2475 1500 2530 toreularia
1532 2475 1840 2547 mysterium
1865 2479 1884 2509 ⁸

305 2568 583 2635 Ecclesiae,
617 2567 759 2638 quod
789 2582 928 2621 nunc
953 2569 1144 2637 agitur.
1180 2567 1235 2621 ln
1267 2569 1618 2625 torcularibus
1648 2570 1887 2625 animad-

303 2660 559 2715 vertimus
601 2659 844 2728 quacdam
885 2659 982 2713 tria
1014 2676 1026 2712 :
1058 2672 1390 2727 prcssuram,
1431 2668 1485 2714 et
1529 2659 1597 2716 de
1639 2675 1886 2730 pressura

304 2751 553 2821 quaedam
590 2750 726 2814 duo;
769 2766 925 2805 unum
964 2750 1393 2818 recondendum,
1444 2751 1670 2806 alterum
1718 2752 1885 2823 proji-

302 2841 579 2897 ciendum.
612 2840 696 2895 Fit
724 2855 850 2912 ergo
875 2843 926 2897 in
956 2842 1202 2898 torculari
1222 2843 1572 2909 conculcatio,
1593 2844 1882 2909 tribulatio,

303 2932 518 3002 pondus
544 2949 555 2984 :
585 2939 639 2986 et
663 2932 718 2987 in
742 2931 825 2987 his
854 2933 1023 2988 oleum
1050 2934 1312 3004 cliqnatur
1334 2934 1541 2990 occulte
1562 2934 1614 2989 in
1641 2936 1890 3006 gemella-

305 3022 473 3089 rium;
503 3038 716 3078 amurca
744 3024 951 3095 publice
974 3040 1067 3094 per
1092 3024 1294 3095 plateas
1318 3027 1500 3080 currit.
1533 3026 1792 3081 lntendite
1819 3026 1885 3082 ad

306 3130 557 3186 magnum
600 3115 702 3171 hoc
748 3117 1128 3186 spectaculum.
1174 3117 1288 3171 Non
1324 3117 1466 3171 enim
1514 3117 1709 3173 desinit
1747 3118 1886 3174 Deus

305 3204 511 3262 edere‘
540 3206 689 3261 nobis
735 3206 877 3276 quod
915 3222 1038 3262 cum
1076 3222 1268 3278 magno
1303 3208 1496 3279 gaudio
1536 3219 1839 3279 spectemus
1872 3229 1884 3264 :

304 3309 400 3354 aut
436 3299 562 3356 eirei
605 3298 812 3356 insania
855 3299 978 3355 huic
1021 3301 1324 3371 spectaculo
1363 3301 1717 3371 comparanda
1763 3303 1885 3357 est?

305 3390 401 3445 illa
426 3391 490 3446 ad
517 3406 783 3447 amurcam
805 3392 1052 3461 pertinet,
1079 3392 1177 3447 hoc
1199 3393 1265 3448 ad
1282 3394 1480 3449 oleum.
1512 3394 1733 3462 Quando
1759 3411 1885 3467 ergo

304 3483 499 3538 auditis
525 3484 910 3539 contumaciter
946 3484 1149 3553 garrire
1194 3485 1549 3555 blaSphemos,
1591 3495 1645 3541 et
1686 3487 1882 3556 dicere,

305 3574 576 3630 abundare
588 3588 865 3645 pressuras
886 3575 1215 3643 temporibus
1230 3576 1558 3642 Christianis;
1582 3578 1727 3633 scitis
1744 3579 1882 3634 enim

307 3668 431 3738 quia
451 3668 552 3724 hoc
578 3676 759 3723 amant
785 3668 962 3723 dicere
992 3686 1005 3721 ε
1035 3676 1087 3722 et
1118 3678 1267 3722 vetus
1295 3668 1506 3737 quidem
1527 3709 1541 3733 ,
1572 3669 1664 3725 sed
1688 3685 1719 3724 a
1744 3679 1883 3727 tem-

305 3758 522 3827 poribus
548 3758 851 3813 ehristianis
875 3757 1038 3828 erepit
1056 3757 1412 3827 proverbium,
1433 3758 1544 3813 Non
1568 3760 1699 3829 pluit
1721 3760 1881 3828 Deus,

304 3850 409 3905 duc
437 3851 501 3905 ad
528 3850 875 3907 Christianos.
908 3849 1217 3920 Quanquam
1252 3850 1454 3919 priores
1488 3851 1589 3906 ista
1615 3852 1880 3909 dixerunt.

305 3942 395 3995 Isti
438 3950 613 3996 autem
658 3941 818 3995 modo
860 3940 1044 3995 dicunt
1086 3950 1140 3996 et
1180 3940 1300 4009 quia
1324 3941 1459 4016 pluit
1489 3940 1649 4005 Deus,
1682 3943 1791 3998 Duc
1816 3944 1882 3998 ad

304 4030 641 4085 Christianos
672 4048 685 4083 :
719 4045 822 4085 non
864 4031 999 4101 pluit
1045 4031 1207 4096 Deus,
1237 4045 1341 4085 non
1369 4032 1724 4098 seminamus;
1753 4034 1885 4104 pluit

305 4123 483 4187 Deus,
527 4137 633 4177 non
678 4123 980 4178 trituramus
997 4122 1039 4177 ’⁸.
1084 4124 1151 4177 Ει
1190 4122 1312 4178 inde
1354 4124 1538 4179 volunt
1584 4128 1880 4197 superbire,

367 4258 384 4321 ξ
419 4257 492 4306 sic
513 4255 741 4321 meliores
760 4264 867 4307 Mss.
895 4257 1103 4321 At_Edd.,
1137 4257 1220 4321 qui
1238 4264 1284 4308 et
1306 4265 1526 4309 vestram.

365 4319 387 4382 ξ
421 4318 603 4382 Βγρωίε.
625 4327 730 4382 Μεη
758 4318 1059 4382 martyrium.

303 4379 387 4491 da’
418 4381 686 4490 Sicgemig.
713 4389 793 4431 Ms.
814 4389 867 4431 At
885 4379 1023 4442 'Edd.,
1050 4381 1224 4432 deserit
1247 4381 1392 4444 (forte
1417 4397 1530 4445 pro,
1555 4384 1729 4449 deerit)
1758 4395 1885 4440 Deus

369 4453 440 4491 re.
465 4454 494 4489 e
549 4475 561 4489 .

369 4453 440 4500 re,
465 4448 561 4490 etc.

362 4502 387 4533 ι
420 4503 568 4552 Editio
590 4508 662 4552 Er.
688 4504 767 4554 hie
792 4517 804 4552 :
833 4501 913 4552 die
934 4503 1000 4553 ad
1021 4502 1331 4555 Christianos.
1359 4513 1467 4557 [.ov.
1505 4515 1670 4559 autem
1704 4524 1715 4559 :
1754 4510 1885 4562 dicat

302 4562 625 4635 Christianus-.7
638 4571 696 4635 lit
709 4628 719 4635 _
734 4564 890 4635 altero
922 4565 1061 4635 infra
1073 4566 1197 4635 loco,
1219 4567 1465 4635 p_ro,_duc_
1482 4568 1548 4635 ad
1570 4570 1878 4635 Christianos,

301 4627 685 4695 utraqueeditio
708 4628 881 4695 habet_,_
900 4626 1061 4676 dicant
1083 4626 1356 4695 Caristiaui.
1382 4631 1578 4695 Quidam
1614 4646 1731 4683 vero
1753 4626 1880 4695 libri,

299 4686 487 4756 scilicet
503 4687 925 4756 gemm._Pratell.,
949 4696 1064 4756 etc,
1090 4689 1185 4739 alio
1208 4686 1465 4756 verborum
1490 4694 1665 4756 ordine
1683 4686 1881 4756 proveri

300 4748 436 4820 bium
456 4749 680 4799 referunt
700 4750 828 4820 hunc
842 4752 891 4799 in
904 4748 1126 4820 modum:
1152 4752 1291 4816 coepit
1310 4754 1629 4820 proverbium,
1645 4748 1745 4807 ἤδη
1763 4757 1883 4819 pluit

299 4817 449 4875 Deus,
473 4824 566 4861 non
598 4810 885 4875 seminarium
912 4825 930 4862 :
950 4810 1070 4875 pluit
1093 4810 1238 4870 Deus;
1263 4810 1357 4875 non
1378 4810 1677 4867 trituramus.
1718 4810 1773 4867 Ei
1807 4833 1882 4869 se-

299 4870 483 4943 quitur,
499 4872 770 4943 .Nou'ptuat
790 4882 935 4935 Deus,
950 4870 1089 4923 'dicat
1110 4874 1407 4943 Caristiauus
1425 4884 1524 4943 ;__et
1562 4877 1696 4940 pluat
1721 4888 1880 4943 Deus,

296 4932 433 5006 dicat
451 4932 769 5006 pltristiuuus.
797 4932 1075 5006 (nunquam
1097 4935 1282 5006 priores
1311 4936 1403 4987 ista
1426 4932 1655 5006 dixerunt
1676 4956 1686 4989 :
1711 4940 1763 4990 Ιιί
1794 4932 1882 4993 (ιιι-ί

294 5000 397 5044 tem
418 5000 462 5065 et
498 4994 639 5067 modo
662 4996 845 5067 dicunt,
871 5002 916 5045 et
942 4994 1055 5067 inde
1084 4994 1243 5067 uolunt
1281 4999 1544 5065 superbire,
1588 5009 1681 5067 etc.
1725 5010 1776 5067 lit
1799 5009 1880 5067 qui

294 5056 513 5122 omnium
536 5058 895 5122 vetustissimus
916 5065 1063 5120 atque
1080 5061 1271 5122 optimze
1292 5056 1421 5110 neue
1441 5056 1541 5122 est,
1555 5065 1693 5112 Corb.
1733 5056 1883 5116 habet

289 5118 367 5183 sic
391 5130 403 5183 ς
430 5116 573 5180 coepit
594 5119 910 5183 proverbium,
949 5116 1048 5169 Non
1090 5116 1211 5183 ptuit
1248 5130 1395 5181 Deus,
1432 5116 1532 5172 non"
1562 5125 1878 5177 seminmnus:

294 5177 420 5249 ptuit
447 5177 708 5240 Deus,'non
727 5177 1009 5249 triturdmus
1035 5177 1119 5249 :_ét
1157 5195 1249 5249 non
1269 5177 1390 5246 pluit
1425 5192 1569 5249 Deus,
1594 5185 1723 5237 dicat
1746 5188 1884 5238 Chri-

293 5242 499 5306 stianus.
522 5250 800 5306 Quamnam
833 5242 1018 5306 priores
1047 5242 1139 5306 ista
1174 5242 1402 5296 dixerunt
1428 5259 1446 5295 :
1468 5245 1519 5296 hi
1546 5242 1703 5298 autem
1740 5252 1883 5301 modo

292 5300 549 5367 dicantet
570 5300 684 5365 quid
706 5300 843 5367 ptuit'
869 5314 1013 5363 Deus,
1042 5305 1173 5356 dicat
1208 5305 1520 5358 Christianus.
1566 5309 1685 5359 Inde
1725 5300 1884 5363 volunt

292 5363 570 5438 superbire1
583 5363 679 5419 etc.
704 5363 795 5438 Sed
818 5374 927 5438 apta
950 5381 1048 5429 prae
1063 5370 1258 5438 ueteris
1280 5369 1557 5438 faciliorque
1582 5373 1684 5438 vim
1701 5381 1784 5438 _es_t
1809 5374 1882 5438 le-

290 5430 392 5475 ctio
415 5432 521 5475 Mss.
549 5434 661 5489 Reg.
691 5436 742 5492 et
760 5430 940 5492 Remig.
970 5445 981 5478 :
1011 5439 1109 5479 Non
1131 5430 1251 5492 pluit
1276 5440 1421 5491 Deus,
1441 5430 1536 5482 diu:
1550 5434 1616 5482 ad
1655 5434 1883 5485 Christia-

291 5499 398 5547 nos,
425 5495 542 5556 _etc.,
565 5496 611 5556 et
632 5490 745 5556 quia
768 5489 1057 5556 pluitjDeus,
1083 5489 1648 5556 due‘adichristumosﬁd
1674 5504 1751 5545 est
1772 5510 1883 5546 cau-

291 5550 783 5619 sam_in_cbristianos
814 5552 967 5619 r_efer,
988 5553 1126 5614 juxta
1166 5552 1281 5603 illud
1306 5556 1434 5617 quod
1461 5550 1605 5619 etiam
1649 5559 1698 5606 in
1730 5556 1814 5607 lib.
1853 5560 1884 5609 Ξ

290 5609 357 5681 de
388 5610 589 5681 civitate
620 5615 795 5681 Dcite;
826 5616 873 5674 3,
907 5609 1011 5664 ait':
1048 5633 1073 5681 a_
1085 5622 1242 5681 ortum
1265 5609 1393 5681 esse
1438 5616 1639 5681 vulgare
1680 5632 1881 5680 prover-

298 5689 319 5743 ιι
342 5672 495 5743 bium,
524 5673 681 5743 Pluvia
704 5674 833 5743 deﬁt,
861 5672 1007 5743 causa
1029 5677 1295 5743 Christiani.
1316 5694 1349 5743 rp
1387 5680 1501 5743 Hine
1520 5672 1726 5743 “quoque
1763 5691 1881 5733 Ter-

293 5731 527 5784 tullianus
550 5735 600 5783 in
626 5731 951 5798 Apologetieo,
975 5751 1020 5787 c.
1046 5738 1107 5788 40
1130 5752 1142 5787 ε
1176 5756 1197 5785 e
1219 5741 1264 5788 Si
1286 5741 1491 5802 Tiberis,
1517 5731 1690 5805 idquii,
1711 5731 1882 5795 ascen-

353 5814 426 5878 (a)
453 5816 515 5864 Ad
541 5815 737 5878 plebem
753 5820 1193 5881 Carthaginenscm.

489 5899 718 5962 SANCT.
767 5902 1045 5960 Aueus'r.
1095 5903 1199 5963 IV.

1406 363 1798 421 ENARRATIO
1837 363 1901 417 IN
1941 362 2265 427 PSALMUM
2305 370 2508 430 LXX.»

3454 393 3589 451 1054

2012 478 2149 535 unde
2176 482 2433 541 deberent
2455 490 2680 582 amplius
2707 494 3037 566 supplicare;
3066 500 3321 572 eligentes
3346 506 3589 582 blasphe-

2006 584 2152 666 mare
2178 588 2334 643 quam
2361 591 2535 634 orare.
2564 579 2698 638 Cum
2720 599 2848 656 ergo
2870 586 2969 642 ista
2997 602 3437 666 commemorant,
3462 579 3583 657 cum

2004 661 2105 718 ista
2130 664 2352 735 jactant,
2382 684 2502 724 cum
2534 672 2632 728 ista
2658 674 2857 743 dicunt,
2887 688 2939 734 et
2969 686 3352 744 contumaciter
3379 661 3581 760 dicunt,

2003 768 2108 853 rion
2135 770 2255 812 cum
2285 759 2476 817 timore
2500 802 2514 828 ,
2546 764 2640 820 sed
2682 781 2801 823 cum
2832 770 3089 841 elatione;
3124 791 3229 832 non
3250 794 3344 835 vos
3373 759 3582 853 perturé

2001 843 2149 901 bent.
2196 849 2326 905 Puta
2366 852 2507 907 enim
2549 854 2673 924 quia
2704 871 2965 927 pressura:
2991 862 3291 935 abundant,
3322 843 3388 926 tu.
3408 874 3581 930 oleum

1999 944 2133 990 esto.
2182 938 2339 1009 Nigra
2381 943 2615 999 tenebris
2661 946 2973 1017 ignorantiae
3017 940 3230 1012 amurca
3266 960 3502 1033 insultet,
3528 978 3582 1021 et

2000 1026 2092 1081 illa
2124 1038 2369 1100 tanquam
2403 1048 2497 1102 per
2525 1035 2725 1106 plateas
2750 1041 2983 1111 projecta
3012 1046 3219 1114 publice
3240 1050 3456 1108 insultet
3524 1064 3579 1111 tu

1996 1120 2134 1187 apud
2167 1130 2216 1176 te
2251 1123 2304 1177 in
2335 1125 2498 1180 corde
2530 1136 2639 1194 tuo,
2673 1130 2761 1187 ubi
2792 1135 2880 1203 qui
2907 1134 3049 1191 videt
3073 1138 3122 1192 in
3156 1142 3365 1197 occulto
3393 1146 3580 1204 reddet

1998 1210 2091 1265 tibi
2123 1210 2141 1284 (
2165 1212 2350 1268 Matth.
2380 1231 2453 1283 vr,
2485 1216 2578 1289 6),
2602 1220 2805 1291 liquare
2831 1224 2885 1278 in
2912 1228 3299 1295 gemellarium.
3345 1234 3493 1291 Oliva
3524 1238 3575 1293 in

1994 1303 2184 1359 arbore
2235 1308 2549 1376 quibusdam
2598 1313 2810 1382 quidem
2866 1322 3265 1389 tempestatibus
3320 1327 3574 1399 agitatur,

1994 1411 2099 1452 non
2128 1406 2303 1455 tamen
2331 1404 2596 1471 pressuris
2623 1408 2899 1464 torcularis
2924 1414 3197 1481 atteritur;
3231 1416 3351 1472 ideo
3381 1429 3577 1477 utrum-

1992 1503 2097 1558 que
2138 1492 2295 1545 simul
2326 1494 2519 1562 pendet
2544 1510 2610 1549 ex
2636 1497 2826 1555 arbore
2850 1542 2863 1565 ,
2909 1509 2963 1557 et
3004 1505 3145 1573 quod
3189 1508 3574 1579 projiciendum

1994 1589 2096 1647 est,
2128 1590 2181 1636 et
2207 1583 2349 1652 quod
2390 1586 2785 1644 recondendum
2815 1600 2896 1646 est
2925 1610 2937 1647 :
2967 1602 3021 1648 at
3046 1596 3133 1651 ubi
3164 1598 3229 1653 ad
3261 1603 3492 1658 torcular
3519 1614 3575 1659 et

1994 1687 2271 1742 pressuras
2304 1686 2519 1732 ventum
2558 1679 2735 1748 fuerit,
2768 1693 3052 1757 utrumque
3080 1688 3418 1760 discernitur,
3445 1694 3576 1750 diri-

1990 1764 2182 1831 mitur;
2212 1777 2264 1822 et
2291 1768 2435 1823 aliud
2460 1773 2743 1841 appetitur,
2775 1775 2915 1831 aliud
2940 1780 3225 1849 respuitur.
3253 1782 3424 1840 Vultis
3444 1801 3573 1842 nos-

1992 1870 2051 1911 se
2075 1858 2180 1911 vim
2208 1860 2549 1916 toreularium
2582 1863 2837 1920 istorum?
2862 1867 2933 1923 Ut
2962 1885 3128 1925 unum
3155 1873 3351 1943 aliquid
3376 1877 3569 1946 dicam,

1994 1949 2134 2006 unde
2162 1960 2216 2006 et
2246 1952 2343 2023 ipsi
2369 1966 2702 2012 murmurant
2726 1960 2815 2030 qui
2854 1976 2917 2016 ea
2956 1962 3153 2019 faciunt
3182 1983 3194 2020 :
3223 1966 3464 2038 Quantae,
3490 1972 3570 2027 in-

1992 2044 2179 2112 quiunt
2201 2087 2214 2110 ,
2254 2047 2453 2116 rapinae
2480 2051 2802 2120 temporibus
2829 2055 3045 2120 nostris,
3074 2068 3285 2125 quantae
3311 2075 3573 2129 pressurae

1993 2135 2353 2193 innocentium
2379 2182 2394 2207 ,
2437 2149 2646 2210 quanta:
2688 2146 3100 2213 exspoliationes
3152 2164 3334 2206 rerum
3383 2152 3573 2209 aliena-

1990 2232 2139 2284 rum!
2188 2231 2263 2286 Ita
2294 2246 2422 2288 sane
2450 2234 2501 2287 in
2538 2250 2807 2291 amurcam
2855 2241 3113 2307 attendis,
3143 2243 3261 2317 quia
3297 2245 3573 2315 rapiuntur

1991 2337 2080 2377 res
2106 2323 2295 2379 alienae
2320 2342 2333 2391 ;
2377 2326 2428 2380 in
2459 2326 2635 2381 oleum
2672 2344 2776 2382 non
2807 2332 3036 2387 attendis
3060 2374 3074 2398 ,
3103 2336 3222 2403 quia
3252 2338 3571 2407 pauperibus

1989 2410 2258 2468 donantur
2297 2424 2350 2470 et
2386 2417 2634 2486 propriae.
2664 2417 2777 2473 Non
2830 2418 3059 2477 habebat
3102 2426 3386 2494 antiquitas
3437 2430 3568 2485 tales

1990 2512 2233 2572 raptores
2261 2522 2438 2560 rerum
2466 2508 2791 2576 alienarum;
2834 2511 2929 2567 sed
2958 2527 3062 2567 non
3092 2514 3318 2572 habebat
3346 2521 3571 2591 antiqui-

1993 2604 2074 2651 tas
2101 2598 2231 2653 tales
2255 2598 2540 2656 douatores
2562 2618 2736 2657 rerum
2764 2619 2997 2659 suarum.
3026 2607 3313 2678 Aliquanto
3340 2622 3456 2668 esto
3481 2629 3570 2669 cu-

1989 2687 2182 2742 riosior
2212 2690 2263 2743 in
2291 2692 2570 2759 torculari;
2614 2694 2719 2748 noli
2752 2694 2852 2750 hoc
2878 2697 3051 2752 solum
3082 2699 3261 2756 videre
3289 2705 3429 2774 quod
3470 2723 3570 2775 pu-

1992 2778 2127 2835 blice
2173 2779 2289 2836 ﬂuit
2340 2800 2351 2835 :
2400 2792 2481 2837 est
2534 2785 2734 2854 aliquid
2786 2786 2927 2856 quod
2976 2791 3263 2858 quierendo
3312 2794 3567 2852 invenias.

1991 2871 2233 2937 Diseute,
2267 2873 2388 2929 audi
2407 2915 2421 2940 ,
2451 2890 2712 2946 cognosce
2750 2893 2907 2947 quam
2936 2880 3088 2934 multi
3118 2881 3314 2937 faciunt
3338 2886 3477 2955 quod
3506 2903 3569 2942 ex
3628 2918 3640 2933 ο

1990 2978 2083 3018 ore
2114 2964 2324 3019 Domini
2351 2981 2469 3021 cum
2494 2967 2728 3023 audisset
2754 2985 2889 3025 unus
2917 2970 3084 3039 dives,
3100 2974 3265 3031 tristis
3291 2976 3564 3035 abscessit.

1991 3057 2068 3111 Ex
2108 3057 2399 3128 Evangelia
2430 3060 2581 3114 multi
2612 3062 2851 3128 audiunt,
2890 3062 3047 3131 Vade,
3079 3068 3235 3121 vende
3268 3071 3437 3124 omnia
3460 3090 3571 3145 qua:

1991 3148 2235 3217 possides,
2266 3159 2311 3203 et
2338 3150 2405 3203 da
2434 3152 2755 3220 pauperibus,
2783 3162 2827 3206 et
2858 3153 3056 3208 habebis
3086 3157 3371 3213 thesaurum
3396 3162 3448 3215 in
3469 3179 3569 3216 ca:-

1990 3239 2084 3305 lis;
2124 3248 2169 3293 et
2198 3240 2305 3293 veni
2325 3280 2339 3305 ,
2368 3257 2571 3312 sequere
2596 3258 2673 3294 me
2704 3240 2826 3313 (Id.
2871 3260 2980 3310 xxx,
3010 3245 3070 3300 2|
3100 3245 3119 3317 )
3150 3264 3162 3299 :
3192 3263 3298 3302 non
3342 3253 3570 3309 attendis

1989 3345 2147 3399 quam
2188 3331 2338 3385 multi
2385 3332 2435 3386 id
2484 3332 2717 3387 faciunt?
2754 3334 2951 3402 Pauci,
2994 3336 3256 3407 inquiunt,
3291 3351 3433 3396 sunt.
3467 3342 3568 3412 Ipsi

1991 3429 2165 3476 tamen
2206 3424 2357 3491 pauci
2402 3423 2575 3478 oleum
2614 3433 2764 3492 sunt;
2812 3437 2865 3482 et
2915 3428 3003 3496 qui
3052 3427 3186 3485 bene
3223 3441 3441 3488 utuntur
3488 3434 3569 3490 his

1989 3513 2145 3568 rebus
2171 3529 2301 3584 quas
2330 3515 2631 3584 possident,
2677 3517 2743 3571 ad
2790 3519 2965 3573 oleum
3012 3522 3276 3589 pertinent
3303 3541 3317 3578 :
3344 3525 3570 3597 adjunge

1989 3605 2185 3670 omnia,
2218 3613 2271 3659 et
2298 3604 2499 3660 videbis
2531 3606 2923 3675 patrisfamilias
2949 3610 3021 3663 tui
3053 3610 3235 3680 plenas
3260 3616 3564 3684 apothecas.

1991 3695 2150 3751 Vides
2181 3706 2448 3766 raptorem
2492 3699 2699 3767 qualem
2745 3715 3012 3768 nunquam
3047 3702 3256 3769 vidisti;
3284 3704 3405 3761 vide
3436 3722 3566 3762 con-

1988 3797 2303 3858 temptorem
2344 3806 2518 3845 rerum
2566 3806 2781 3845 suarum
2826 3794 3035 3863 qualem
3082 3812 3346 3867 nunquam
3371 3801 3564 3858 vidisti.

1987 3880 2165 3936 Lauda
2195 3883 2497 3949 toreularia,
2529 3883 2776 3953 impletur
2802 3886 3075 3954 prophetia
3102 3888 3169 3943 de
3198 3890 3515 3962 Apocalypsi
3549 3914 3562 3947 :

1986 3970 2163 4026 Justus
2179 3972 2370 4042 justior
2396 3972 2506 4040 ﬁat,
2532 3985 2576 4025 et
2601 3974 2834 4027 sordidus
2862 3973 3115 4030 sordescat
3153 3976 3321 4032 adhuc
3362 3981 3542 4050 (Apoc

1987 4080 2116 4131 χχιι,
2152 4062 2276 4135 11).
2330 4065 2465 4118 Ecce
2493 4065 2771 4119 toreularia
2818 4066 2869 4119 in
2913 4065 3012 4122 hae
3058 4070 3319 4124 sententia
3350 4088 3362 4121 :
3390 4071 3565 4129 Justus

1979 4157 2167 4227 juslior
2194 4156 2304 4223 ﬁat,
2337 4164 2383 4209 et
2409 4156 2643 4211 sordidus
2666 4159 2923 4213 sordescat
2951 4160 3138 4216 adhuc.

2057 4249 2110 4301 ‘2.
2140 4248 2316 4316 Quare
2344 4255 2398 4302 et
2426 4248 2597 4317 quinta
2619 4248 2852 4303 sabbati?
2881 4251 3005 4320 quid
3035 4262 3117 4307 est
3142 4253 3281 4310 hoc?
3307 4256 3566 4314 Reeurra-

1988 4355 2105 4395 mus
2132 4338 2198 4393 ad
2228 4339 2392 4409 prima
2419 4353 2579 4408 Opera
2607 4340 2721 4406 Dei,
2751 4356 2818 4396 ne
2844 4340 2977 4397 forte
3004 4343 3074 4397 ibi
3104 4344 3300 4415 aliquid
3328 4348 3565 4406 invenia-

1988 4446 2105 4485 mus
2146 4447 2252 4501 quo
2299 4439 2352 4485 et
2401 4442 2787 4487 sacramentum
2844 4436 3219 4506 intelligamus.
3277 4440 3565 4500 Sabbatum

1988 4522 2129 4576 enim
2159 4522 2416 4591 septimus
2440 4523 2556 4578 dies
2582 4532 2663 4579 est
2688 4540 2792 4594 quo
2825 4529 3085 4597 requievit
3129 4530 3267 4586 Deus
3297 4532 3364 4588 ab
3392 4538 3568 4590 omni-

1986 4615 2086 4669 bus
2112 4615 2357 4683 operibus
2379 4615 2488 4668 suis
2518 4613 2538 4686 (
2553 4613 2678 4669 Gen.
2704 4632 2759 4680 ιι,
2787 4616 2879 4688 2),
2909 4634 3157 4689 magnum
3184 4622 3433 4679 intimans
3454 4640 3564 4697 my-

1988 4708 2209 4763 sterium
2258 4707 2448 4777 quietis
2493 4715 2688 4762 nostrze
2733 4709 2921 4766 tutum
2948 4712 3014 4766 ab
3039 4714 3288 4769 omnibus
3317 4718 3567 4785 operibus

1986 4800 2202 4857 nostris.
2236 4800 2411 4855 Prima
2443 4802 2648 4857 sabbati
2674 4803 2865 4858 dicitur
2892 4806 3096 4875 primus
3120 4807 3234 4862 dies
3253 4850 3267 4874 ,
3296 4823 3453 4879 quem
3481 4811 3569 4866 do-

1988 4892 2239 4946 minicum
2284 4894 2444 4947 etiam
2498 4894 2832 4949 nominamus
2866 4914 2879 4950 :
2908 4896 3141 4951 secunda
3186 4899 3425 4967 sabbati,
3476 4918 3567 4958 se-

1988 4983 2192 5039 cundus
2221 4984 2368 5049 dies;
2402 4986 2556 5040 tertia
2585 4986 2809 5054 sabbati,
2828 4988 3023 5062 tertius
3051 4989 3197 5055 dies;
3231 5000 3413 5059 quarta
3440 4995 3566 5050 sab-

1986 5076 2115 5143 bati,
2143 5084 2395 5146 quartus;
2429 5078 2601 5148 quinta
2625 5093 2751 5149 ergo
2774 5079 2984 5143 sabbati,
3013 5081 3224 5149 quintus
3248 5097 3278 5137 a
3302 5084 3568 5143 dominico

1987 5171 2073 5227 die
2104 5189 2116 5225 :
2149 5181 2269 5241 post
2297 5188 2453 5242 quem
2481 5181 2629 5228 sexta
2656 5174 2879 5240 sabbati,
2908 5182 3088 5229 sextus
3129 5175 3271 5242 dies;
3315 5187 3367 5234 et
3395 5180 3565 5250 ipsum

1987 5265 2287 5333 sabbatum,
2311 5266 2567 5335 septimus
2595 5265 2728 5320 dies.
2758 5266 2942 5322 Videte
2968 5268 3143 5339 itaque
3171 5272 3360 5341 quibus
3386 5272 3567 5343 loqua-

1988 5366 2073 5414 tur
2115 5359 2203 5414 hic
2244 5359 2477 5429 psalmus
2508 5378 2520 5414 :
2553 5358 2760 5414 videtur
2784 5359 2923 5414 enim
2956 5361 3083 5416 mihi
3113 5365 3364 5433 quoniam
3392 5364 3565 5435 bapti-

1995 5534 2017 5563 ιι
2039 5517 2109 5567 dit
2132 5516 2180 5565 in
2204 5517 2399 5579 moenia,
2424 5528 2463 5579 si
2486 5513 2616 5563 Nilus
2635 5528 2728 5564 non
2746 5517 2965 5579 ascendit
3002 5520 3049 5567 in
3072 5531 3201 5577 arva,
3237 5526 3354 5577 cte.,
3388 5521 3566 5579 statim,

1995 5596 2017 5624 «
2039 5579 2327 5644 Christianos
2345 5578 2402 5625 ad
2427 5577 2639 5644 leonem,
2660 5577 2964 5644 acclamatur.
2990 5598 3010 5623 ι)
3031 5587 3098 5644 rEt
3112 5583 3370 5644 Cyprianus
3394 5582 3451 5629 ad
3474 5577 3568 5631 θεὲ

1987 5641 2303 5705 metrianum;
2339 5655 2361 5705 (ι
2383 5638 2472 5687 Sed
2495 5641 2625 5686 enim
2645 5652 2754 5687 eum
2771 5641 2901 5705 dicas
2918 5638 3422 5705 plurimos'eonqueri,
3442 5645 3569 5705 quod

1996 5700 2166 5765 «bella
2206 5701 2427 5765 crebrius
2449 5708 2668 5765 surgant,
2692 5702 2820 5762 quod
2854 5702 3131 5765 lues,_qu0d
3163 5700 3316 5751 lames
3348 5700 3568 5765 srviant,

1996 5780 2017 5807 α
2041 5761 2269 5829 quodque
2292 5762 2475 5829 imbres
2502 5760 2555 5810 et
2576 5760 2761 5829 pluvias
2784 5774 2959 5811 serena
2984 5760 3126 5825 longa
3166 5764 3463 5829 suSpendant
3486 5760 3569 5817 no;

2002 5840 2024 5869 ι
2042 5823 2119 5871 bis
2142 5824 2379 5884 imputari,
2403 5829 2568 5873 tacere
2592 5823 2714 5871 ultra
2740 5836 2835 5871 nou
2858 5823 3112 5884 oportet.)

2732 5906 2908 5979 (Tren
2920 5915 3112 5967 te~tro
3124 5910 3220 5977 is.)
