4132 6472
519 353 539 412 l
551 357 653 413 033

517 473 646 530 zatis
672 468 925 542 loquitur.
965 466 1161 536 Quinto
1187 464 1328 520 enim
1357 462 1443 518 die
1469 460 1606 515 Deus
1633 474 1695 513 ex
1728 457 1875 529 aquis
1901 457 2101 512 creavit

522 564 800 629 animalia;
832 562 1016 633 quinto
1036 558 1143 624 die,
1165 556 1215 612 id
1235 563 1336 622 est,
1355 554 1527 625 quinta
1551 550 1744 605 sabbati
1769 549 1902 603 dixit
1928 549 2100 603 Deus:

519 656 816 714 Producant
836 669 981 724 aqua:
1001 650 1200 722 reptilia
1220 649 1505 701 animarum
1525 645 1747 698 vivarum
1768 640 1921 715 (Gen.
1935 639 2097 711 t,20).

520 750 709 807 Videte
739 763 865 819 ergo
894 760 1023 811 vos,
1072 743 1123 797 in
1167 740 1358 812 quibus
1403 739 1513 808 jam
1554 736 1915 806 produxerunt
1953 746 2105 802 aquae

518 842 727 914 replilia
753 840 1048 895 animarum
1081 836 1338 889 vivarum.
1377 831 1480 885 Vos
1520 829 1662 884 enim
1709 827 1776 882 ad
1823 824 2104 881 toreularia

518 933 823 1005 pertinetis;
853 939 905 985 et
936 930 989 983 in
1018 926 1169 982 vobis
1196 938 1329 994 quos
1356 921 1719 993 produxerunt
1752 934 1923 991 aqum,
1961 916 2104 972 aliud

519 1026 801 1097 eliquatur,
828 1021 969 1077 aliud
991 1018 1282 1090 projicitur.
1310 1016 1444 1071 Sunt
1469 1014 1610 1070 enim
1634 1013 1784 1067 multi
1816 1027 1919 1068 non
1946 1011 2104 1081 digne

520 1122 760 1177 viventes
804 1117 1076 1187 Baptismo
1136 1112 1275 1184 quod
1330 1117 1684 1181 perceperunt
1712 1124 1725 1162 :
1754 1121 1911 1177 quam
1956 1104 2105 1159 multi

518 1214 659 1268 enim
687 1208 935 1281 baptizati
965 1206 1124 1261 hodie
1150 1205 1347 1259 circum
1380 1202 1621 1272 implere,
1648 1215 1803 1271 quam
1828 1199 1981 1254 istam
2011 1197 2105 1252 ba-

518 1302 725 1359 silicam
775 1298 1114 1355 maluerunt!
1159 1309 1317 1365 quam
1345 1292 1494 1347 multi
1522 1290 1791 1361 baptizati,
1824 1298 1916 1344 aut
1952 1302 2103 1343 casas

520 1398 572 1450 in
604 1395 731 1450 vicis
758 1392 977 1457 iaciunt,
1007 1398 1098 1443 aut
1126 1404 1229 1443 non
1262 1387 1373 1441 lleri
1405 1384 1832 1454 conqueruntur!
1865 1381 2103 1436 Psalmus

518 1497 695 1543 autem
726 1486 823 1539 iste
854 1499 945 1554 pro
968 1479 1303 1535 torcularibus
1342 1486 1397 1533 et
1438 1477 1611 1547 quinta
1636 1475 1846 1539 sabbati,
1877 1474 1929 1527 in
1960 1488 2105 1543 prcs-

518 1596 641 1639 sura
664 1578 1019 1642 discretionis,
1045 1585 1098 1631 et
1124 1576 1174 1629 in
1204 1581 1537 1628 sacramento
1563 1569 1839 1639 Baptismi,
1862 1576 2104 1622 cantatur

518 1675 617 1744 ipsi
641 1670 831 1741 Asaph.
867 1667 1044 1738 Asapb
1072 1665 1232 1719 homo
1260 1663 1473 1734 quidam
1512 1661 1607 1716 fuit
1636 1661 1736 1715 hoc
1768 1660 1982 1716 nomine
2010 1673 2100 1728 ap-

521 1767 746 1838 pellatus
771 1805 785 1829 ,
814 1764 950 1817 sicut
979 1758 1209 1822 ldithun,
1240 1758 1375 1811 sicut
1403 1754 1558 1818 Core,
1592 1753 1726 1807 sicut
1757 1751 1857 1805 alia
1889 1750 2100 1804 nomina

517 1874 637 1930 qua:
682 1856 977 1911 invenimus
1024 1852 1077 1906 in
1126 1849 1292 1905 titulis
1330 1848 1661 1903 Psalmorum
1696 1863 1707 1898 :
1739 1842 2103 1913 interpretatio

518 1960 692 2005 tamen
735 1946 965 2002 nominis
1013 1942 1323 2015 mysterium
1364 1940 1570 1994 intimat
1598 1938 1819 1993 occultae
1844 1935 2100 1992 veritatis.

517 2038 700 2109 Asapb
733 2037 926 2107 quippe
967 2035 1128 2089 latine
1172 2031 1367 2087 dicitur
1407 2029 1776 2100 Congregatio.
1826 2027 1968 2097 Ergo
2010 2043 2101 2097 pro

518 2130 871 2193 torcularibus,
903 2127 1076 2196 quinta
1119 2123 1348 2189 sabbati,
1385 2130 1629 2176 cantatur
1674 2120 1771 2190 ipsi
1816 2118 2020 2189 Asap/t;
2052 2116 2101 2172 id

517 2235 621 2288 est,
650 2236 746 2292 pro
773 2232 1022 2291 pressura
1048 2216 1386 2271 discernente
1406 2256 1422 2280 ,
1453 2212 1732 2283 baptizatis
1760 2227 1825 2266 ex
1851 2226 1982 2280 aqua
2014 2225 2101 2265 re-

518 2315 675 2378 natis,
704 2322 947 2369 cantatur
973 2309 1214 2365 Psalmus
1252 2306 1532 2362 dominicas
1566 2303 1977 2375 congregationi.
2008 2302 2101 2357 Ti-

519 2408 680 2464 tulutn
720 2406 772 2461 in
814 2403 995 2458 limine
1034 2400 1275 2470 legimus,
1306 2407 1360 2454 et
1403 2398 1456 2452 in
1501 2396 1583 2453 his
1625 2396 1825 2467 prelisâ€˜
1853 2394 1976 2465 quid
2001 2392 2101 2448 sibi

518 2500 667 2565 velit,
693 2496 1046 2553 intelleximus
1072 2493 1207 2563 :jam
1235 2491 1279 2546 si
1311 2491 1485 2562 placet
1510 2491 1667 2546 etiam
1696 2490 1865 2559 ipsam
1886 2488 2101 2543 domum

517 2590 717 2662 operis,
763 2588 812 2643 id
858 2594 960 2653 est,
1005 2586 1172 2655 ipsius
1212 2584 1490 2639 torcularis
1531 2582 1780 2637 interiora
1810 2581 2098 2637 videamus.

519 2685 801 2745 lutremus,
835 2678 1196 2749 inspiciamus,
1234 2675 1582 2746 gaudeamus,
1608 2675 1909 2740 timeamus,
1937 2687 2100 2743 appe-

521 2786 717 2840 tamus,
740 2771 1024 2841 fugiamus.
1050 2767 1235 2822 Omnia
1271 2767 1411 2822 enim
1452 2766 1567 2821 hinc
1605 2764 1869 2820 inventuri
1891 2765 2021 2819 estis
2050 2765 2100 2818 in

445 2918 461 2937 ,
520 2866 618 2919 hac
648 2862 899 2919 interiore
927 2859 1106 2923 domo,
1146 2855 1198 2910 id
1237 2866 1352 2920 est,
1397 2856 1448 2909 in
1491 2862 1637 2908 textu
1680 2854 1845 2923 ipsius
1891 2853 2098 2923 psalmi,

519 2974 637 3013 cum
683 2956 881 3025 legere,
924 2960 977 3008 et
1015 2950 1299 3020 adjuvante
1347 2948 1591 3013 Domino,
1636 2947 1777 3018 quod
1824 2947 2102 3003 donaverit

519 3046 662 3118 loqui
692 3043 1035 3113 coeperimus.

588 3142 640 3197 5.
660 3139 807 3213 [uers.
832 3135 911 3208 2.]
932 3135 1193 3199 Eccevos,
1219 3148 1250 3187 0
1277 3132 1475 3202 Asaph,
1505 3131 1842 3201 congregatio
1871 3131 2097 3198 Domini,

528 3230 790 3287 Exsultate
820 3227 924 3281 Deo
953 3225 1173 3294 adjutori
1202 3220 1504 3276 nostro.Vos
1525 3221 1609 3289 qui
1641 3222 1943 3290 congregati
1972 3223 2098 3276 estis

518 3323 699 3385 hodie,
722 3334 816 3373 vos
834 3316 989 3373 hodie
1016 3313 1191 3384 Asapli
1210 3310 1437 3375 Domini,
1467 3310 1512 3364 si
1537 3309 1747 3380 quidem
1777 3311 1925 3365 vobis
1951 3313 2099 3366 caui-

518 3426 602 3471 tur
623 3411 884 3474 Psalmus,
909 3406 1009 3478 ipsi
1026 3403 1226 3474 Asaph,
1250 3402 1515 3456 Exsultate
1537 3401 1640 3456 Deo
1662 3402 1886 3472 adjutori
1906 3414 2096 3460 nostro.

519 3505 799 3563 Exsultant
824 3499 912 3554 alii
942 3499 1104 3564 circo,
1136 3510 1231 3550 vos
1264 3495 1407 3549 Deo:
1433 3495 1698 3550 exsultant
1718 3493 1805 3548 alii
1827 3493 2096 3566 deceptori

517 3613 651 3663 suo;
701 3592 962 3650 exsultate
1004 3604 1098 3644 vos
1139 3587 1365 3657 adjutori
1415 3594 1592 3641 vestro
1636 3603 1649 3639 :
1695 3588 1960 3642 exsultant
2001 3588 2091 3642 alii

519 3691 627 3746 Deo
654 3702 750 3743 suo
775 3683 944 3739 ventri
960 3695 1090 3744 suo;
1124 3678 1390 3735 exsultate
1417 3693 1510 3731 vos
1538 3677 1645 3733 Deo
1662 3687 1841 3731 vestro
1865 3676 2094 3747 adjutori

517 3790 714 3838 vestro.
742 3774 965 3831 Jubilate
1002 3772 1110 3826 Deo
1149 3769 1307 3824 Jacob
1340 3768 1497 3839 :quia
1524 3777 1578 3823 ct
1602 3783 1697 3823 vos
1727 3768 2003 3837 perlinetis
2029 3769 2095 3823 ad

515 3872 712 3938 Jacob;
743 3870 851 3925 imo
880 3881 973 3922 vos
997 3864 1123 3920 estis
1147 3862 1329 3924 Jacob,
1363 3861 1537 3915 minor
1565 3861 1791 3930 populus
1819 3861 1901 3915 cui
1928 3862 2096 3918 servit

517 3965 686 4035 major
719 3960 846 4033 (Id.
876 3974 998 4025 xxv,
1029 3957 1100 4011 23
1121 3956 1162 4025 ).
1207 3953 1432 4008 Jubilate
1474 3952 1581 4007 Deo
1618 3951 1797 4006 Jacob.
1831 3952 2093 4024 Quidquid

516 4055 693 4113 verbis
717 4052 983 4123 explicare
1012 4063 1117 4101 non
1144 4044 1403 4116 poteritis,
1422 4059 1524 4097 non
1553 4043 1671 4098 ideo
1702 4054 1876 4098 tamen
1901 4044 1968 4099 ab
1997 4060 2093 4099 ex-

515 4147 798 4206 sultatione
827 4139 1079 4198 cessetis:
1104 4137 1243 4207 quod
1268 4136 1504 4205 poteritis
1529 4136 1813 4205 explicare.
1833 4136 2088 4201 clamate;

515 4236 656 4310 quod
697 4249 803 4291 non
852 4230 1091 4302 potestis,
1130 4227 1364 4299 jubilate.
1415 4225 1620 4280 Etenim
1662 4242 1729 4280 ex
1773 4224 2090 4280 abundantia

513 4332 843 4405 gaudiorum,
874 4326 960 4381 cui
989 4325 1147 4379 verba
1176 4321 1422 4377 suflicerc
1451 4336 1552 4373 non
1589 4326 1841 4389 possunt,
1873 4320 1923 4372 in
1947 4319 2091 4388 jubi-

515 4425 763 4479 lationem
790 4417 924 4474 solet
946 4429 1224 4485 erumpere
1257 4432 1269 4467 :
1300 4412 1523 4465 Jubilute
1562 4409 1669 4464 Deo
1698 4410 1875 4464 Jacob.

583 4517 637 4571 4.
672 4512 819 4586 [item
850 4508 928 4581 5.]
972 4508 1192 4576 Accipite
1228 4505 1498 4573 psalmum,
1544 4512 1591 4556 et
1625 4503 1739 4556 date
1775 4513 2085 4572 tympanum.

515 4610 584 4664 Et
609 4606 838 4673 accipite,
862 4610 916 4658 ct
943 4600 1076 4654 date.
1106 4596 1239 4665 Quid
1268 4596 1514 4666 accipite?
1536 4594 1660 4664 quid
1690 4593 1842 4647 date?
1869 4592 2090 4661 Accipite

511 4699 785 4768 psalmum,
808 4704 856 4748 et
884 4693 999 4746 date
1025 4703 1337 4761 tympanum.
1375 4687 1508 4741 Dicit
1543 4684 1770 4755 quodam
1812 4684 1929 4738 loco
1955 4698 2088 4754 apo.

510 4790 679 4845 stolus
723 4785 946 4850 Paulus,
985 4779 1381 4851 reprehendens
1424 4787 1478 4832 et
1524 4775 1729 4836 dolens,
1762 4773 1901 4843 quod
1929 4788 2088 4830 nemo

510 4883 585 4938 illi
618 4876 1086 4936 communicaverit
1111 4875 1162 4927 in
1188 4873 1381 4925 ratione
1403 4870 1510 4922 dati
1535 4878 1579 4921 et
1609 4867 1797 4936 accepti
1827 4865 2083 4937 (Philipp.

508 4992 579 5040 tv,
610 4976 677 5030 15
698 4977 736 5043 ).
766 4970 904 5038 Quid
935 4975 1036 5035 est,
1068 4965 1120 5019 iu
1141 4965 1334 5018 ratione
1360 4962 1464 5014 dati
1495 4970 1540 5014 et
1565 4958 1787 5028 accepti,
1820 4958 1918 5012 nisi
1944 4956 2085 5026 quod

412 5110 417 5117 .
507 5065 614 5120 alio
640 5065 756 5118 loco
779 5067 962 5130 aperte
988 5055 1232 5127 exposuit
1259 5071 1272 5106 :
1307 5052 1365 5107 Si
1394 5066 1485 5104 nos
1519 5050 1651 5103 vobis
1685 5046 1973 5118 spiritualia
2004 5063 2086 5103 se-

505 5156 826 5218 minavimus,
855 5164 1096 5221 magnum
1116 5156 1188 5201 est
1208 5145 1250 5199 si
1274 5159 1365 5198 nos
1388 5150 1546 5197 uestra
1582 5139 1808 5193 carnalia
1843 5147 2088 5193 metamus

506 5250 567 5324 (l
599 5249 716 5306 Cor.
751 5263 827 5315 ix,
858 5245 918 5300 ll
944 5243 999 5313 )?
1027 5241 1093 5297 Et
1118 5253 1303 5295 verum
1331 5244 1413 5292 est
1440 5232 1579 5305 quod
1610 5242 1919 5303 tympanum
1944 5229 2086 5301 quod

503 5346 572 5402 de
601 5346 748 5401 corio
775 5341 865 5407 lit,
897 5338 961 5393 ad
987 5350 1201 5392 carnem
1229 5330 1475 5401 pertinet.
1506 5326 1746 5383 Psahnus
1771 5339 1898 5394 ergo
1928 5323 2087 5393 apiri-

503 5438 660 5493 tualis
688 5443 787 5500 est,
817 5440 1124 5505 tympanum
1168 5422 1400 5479 carnale.
1448 5420 1588 5489 Ergo
1628 5416 1779 5487 plebs
1811 5416 1932 5481 Dei,
1960 5429 2088 5470 con-

504 5528 743 5605 gregatio
772 5525 901 5588 Dei,
928 5521 1135 5591 accipite
1162 5516 1413 5588 psalmum
1434 5554 1447 5578 ,
1497 5522 1544 5565 et
1585 5512 1699 5564 date
1745 5520 2037 5580 tympanum
2067 5524 2087 5562 :

505 5600 728 5692 accipite
747 5613 1059 5688 spiritualia,
1082 5619 1137 5667 et
1156 5610 1275 5666 date
1295 5605 1545 5661 carnalia.
1579 5602 1689 5658 Hoc
1714 5612 1793 5657 est
1825 5600 1962 5671 quod
1995 5614 2088 5655 vos

529 5758 562 5866 fr
610 5762 720 5804 Ï‰Î½.
744 5758 937 5809 ethtss.,
966 5743 1183 5811 prtediis.
1205 5740 1374 5792 Melius
1396 5745 1491 5798 Fr.,
1516 5735 1679 5802 prelis.
1706 5736 1753 5785 td
1780 5741 1857 5785 est
1879 5733 2086 5786 torcula-

529 5828 653 5866 nus.

502 5828 653 5867 ribus.

1752 344 1807 402 S.
1850 340 2211 400 AUGUSTlNl
2243 342 2542 401 EPISCOIâ€™I

3658 356 3793 418 1036

2210 468 2263 515 et
2302 459 2368 514 ad
2407 459 2549 514 illam
2590 474 2827 516 mensam
2854 462 2993 518 beati
3035 463 3278 539 Martyris
3303 466 3381 541 (a)
3413 460 3673 528 exhortati
3704 491 3796 530 su-

2209 569 2349 621 mus,
2382 562 2440 608 ut
2468 555 2793 625 accipientes
2818 557 3129 627 Spiritualia,
3157 559 3359 617 daretis
3387 566 3636 621 carnalia.
3669 567 3797 623 Haec

2209 644 2351 700 enim
2377 660 2494 715 qua:
2519 655 2862 703 exstruuntur
2885 649 2951 703 ad
2979 660 3211 721 tempus,
3244 653 3309 709 ad
3340 657 3639 728 recipienda
3668 676 3792 716 cor-

2209 750 2337 806 pora
2363 737 2447 791 vel
2476 736 2712 792 vivorum
2740 739 2824 794 vel
2851 742 3181 797 mortuorum
3208 749 3505 801 necessaria
3529 759 3673 816 sunt,
3697 754 3791 808 sed

2210 832 2449 896 tempore
2494 829 2853 897 praetereunti.
2906 829 3171 902 Numquid
3219 845 3339 904 post
3384 837 3639 905 judicium
3699 842 3794 897 Dei

2210 917 2340 973 istas
2385 918 2609 974 fabricas
2647 919 2698 973 in
2741 920 2935 975 cmlum
2974 922 3307 979 levabimus?
3352 926 3477 982 Sine
3506 928 3586 986 his
3616 939 3792 987 tamen

2210 1008 2311 1064 hoc
2341 1017 2578 1079 tempore
2604 1025 2762 1081 agere
2791 1027 2908 1081 quae
2934 1012 2998 1066 ad
3030 1015 3405 1083 possidendum
3448 1020 3641 1074 caelum
3671 1038 3787 1091 per-

2210 1100 2379 1155 tinent
2418 1116 2521 1154 non
2553 1103 2863 1170 poterimus.
2897 1102 2950 1158 Si
2981 1118 3109 1174 ergo
3138 1105 3275 1160 avidi
3304 1109 3431 1163 estis
3458 1109 3510 1163 in
3541 1113 3791 1181 spiritua-

2209 1190 2347 1245 libus
2372 1191 2709 1260 accipiendis,
2747 1192 2922 1248 devoti
2952 1205 3124 1250 estote
3151 1197 3203 1250 in
3231 1199 3532 1254 carnalibus
3561 1218 3789 1272 erogan-

2208 1280 2310 1336 dis.
2344 1282 2568 1353 Accipite
2609 1283 2878 1354 psalmum,
2918 1295 2964 1339 et
3007 1288 3123 1341 date
3165 1300 3459 1359 tympanum
3489 1295 3787 1363 :accipite'
3834 1336 3849 1360 _.

2210 1388 2392 1430 vocem
2425 1385 2680 1442 nostram,
2712 1377 2917 1434 reddite
2944 1394 3129 1434 manus
3154 1391 3375 1438 vestras.

2280 1467 2331 1521 5.
2368 1464 2674 1521 Psalterium
2714 1469 2996 1538 jucundum
3035 1487 3148 1523 cum
3196 1473 3410 1526 cit/tarn.
3456 1475 3665 1531 Memini
3693 1494 3793 1535 nos

2208 1556 2490 1628 aliquando
2518 1558 2866 1613 dilferentiam
2898 1561 3130 1629 psalterii
3173 1574 3225 1617 et
3264 1564 3482 1620 cithara:
3521 1568 3793 1625 intimasse

2208 1647 2464 1703 Charitati
2493 1659 2685 1704 vestra:
2715 1666 2728 1701 :
2767 1650 2988 1704 studiosi
3013 1654 3101 1721 qui
3128 1655 3504 1722 meminerunt,
3537 1674 3793 1729 recogno-

2209 1750 2392 1807 scant;
2422 1742 2509 1811 qui
2538 1742 2622 1796 vel
2650 1757 2754 1797 non
2785 1742 3094 1811 audierunt,
3125 1747 3207 1801 vel
3253 1763 3356 1802 non
3399 1754 3789 1824 meminerunt,

2208 1832 2434 1888 discant.
2476 1833 2702 1888 Istorum
2733 1834 2958 1890 duorum
2999 1852 3316 1906 organorum
3349 1843 3667 1898 musicorum
3692 1887 3707 1912 ,
3738 1856 3793 1902 et

2207 1927 2442 1997 psalterii
2474 1936 2526 1982 et
2552 1927 2770 1982 citharae
2812 1928 2926 1983 hme
2964 1929 3256 1986 dillâ€˜erentia
3286 1944 3385 1999 est,
3413 1937 3551 2004 quod
3592 1938 3789 2006 psalte-

2208 2017 2343 2071 rium
2393 2018 2589 2086 lignum
2640 2018 2768 2072 illud
2818 2034 3104 2074 concavum
3126 2062 3140 2081 ,
3175 2023 3313 2078 unde
3341 2040 3549 2080 canone
3575 2028 3791 2084 chorda:

2207 2107 2517 2174 redduntur,
2539 2108 2590 2162 iu
2621 2111 2894 2179 superiore
2919 2122 3064 2179 parte
3096 2112 3285 2178 habet;
3315 2116 3560 2171 deorsum
3589 2119 3791 2174 feriun-

2210 2207 2294 2252 tur
2336 2197 2578 2263 chordae,
2609 2208 2665 2253 ut
2692 2200 2922 2269 desuper
2947 2213 3133 2256 sonent
3161 2222 3173 2256 :
3205 2207 3253 2257 in
3281 2206 3483 2260 cithara
3508 2224 3635 2263 vero
3676 2211 3791 2263 ha'c

2208 2288 2392 2344 eadem
2420 2292 2723 2345 concavitas
2750 2292 2874 2361 ligni
2903 2303 3102 2362 partem
3136 2295 3438 2352 inferiorem
3470 2307 3645 2367 tenet;
3677 2312 3791 2356 tan-

2207 2396 2365 2449 quam
2397 2381 2524 2435 illud
2554 2383 2621 2436 sit
2646 2382 2711 2436 de
2741 2384 2880 2437 cmlo
2899 2426 2913 2449 ,
2942 2384 3043 2439 hoc
3070 2385 3139 2441 de
3167 2396 3326 2441 terra.
3364 2389 3608 2446 leestis
3645 2395 3791 2449 enim

2208 2482 2289 2525 est
2322 2472 2626 2542 prasdicatio
2650 2474 2794 2528 verbi
2839 2473 2930 2529 Dei
2965 2494 2977 2528 :
3006 2477 3097 2531 sed
3135 2477 3181 2532 si
3214 2490 3590 2549 exspectamus
3626 2487 3792 2543 caele-

2208 2566 2328 2629 stia,
2359 2581 2467 2621 non
2495 2567 2660 2621 simus
2691 2568 2821 2638 pigri
2848 2570 2913 2623 ad
2935 2572 3200 2639 operanda
3231 2584 3469 2642 terrena;
3495 2580 3612 2648 quia
3645 2584 3787 2650 psal-

2208 2656 2385 2709 terium
2401 2659 2684 2727 jucundum
2706 2701 2719 2725 ,
2752 2658 2845 2714 sed
2874 2677 2985 2713 cum
3006 2662 3216 2719 cithara.
3248 2665 3358 2722 Hoc
3386 2669 3489 2722 alio
3517 2673 3674 2726 modo
3701 2673 3789 2729 di-

2208 2754 2349 2801 ctum
2378 2759 2460 2803 est
2488 2748 2628 2817 quod
2656 2765 2834 2819 supra,
2869 2751 3093 2821 Accipite
3123 2755 3371 2823 psalmum
3390 2799 3403 2822 ,
3437 2769 3482 2812 et
3512 2760 3627 2815 date
3662 2773 3791 2832 tym-

2208 2854 2440 2907 panum:
2471 2838 2557 2893 hic
2603 2855 2701 2910 pro
2755 2842 2956 2910 psalmo
3004 2844 3348 2914 psalterium,
3398 2864 3493 2918 pro
3540 2862 3791 2921 tympano

2206 2929 2407 2984 cithara
2450 2932 2616 2999 posita
2657 2941 2756 2986 est.
2813 2933 2921 2987 Hoc
2963 2942 3139 2989 tamen
3185 2937 3436 2993 admoniti
3484 2956 3686 3007 sumus,
3735 2954 3792 2999 ut

2210 3020 2565 3089 praedicationi
2619 3023 2762 3078 verbi
2818 3023 2908 3078 Dei
2964 3028 3327 3095 corporalibus
3374 3035 3791 3103 respondeamus

2208 3114 2477 3184 operibus.

2276 3207 2329 3262 6.
2368 3206 2515 3280 [vers
2546 3208 2625 3281 4.]
2664 3209 2808 3263 Tuba
2832 3212 3012 3266 cauite.
3046 3212 3155 3269 lloc
3185 3226 3284 3279 est,
3317 3216 3511 3274 clarius
3540 3229 3593 3276 et
3623 3221 3790 3278 ï¬del-

2206 3299 2309 3355 tius
2348 3298 2666 3368 prmdicate;
2724 3316 2790 3356 ne
2831 3305 3135 3359 terrcamini
3185 3324 3195 3359 :
3240 3308 3377 3363 sicut
3419 3311 3492 3365 ait
3536 3315 3791 3383 propheta

2203 3391 2429 3461 quodam
2454 3392 2589 3457 loco,
2618 3392 2881 3461 Exclamo,
2908 3405 2956 3449 et
2976 3398 3143 3452 exulta
3166 3399 3293 3454 sicut
3319 3403 3435 3455 tuba
3461 3420 3627 3457 vocem
3654 3415 3792 3459 tuom

2206 3481 2357 3555 (lstti.
2390 3499 2532 3551 Lvttt,
2566 3484 2639 3555 l).
2670 3484 2814 3538 Tuba
2834 3488 2995 3540 canite
3019 3490 3070 3541 in
3090 3490 3231 3542 initio
3257 3494 3439 3545 mensis
3472 3494 3619 3547 tuba}.
3650 3496 3792 3553 Prte-

2203 3583 2413 3662 ceptum
2431 3582 2545 3629 erat
2570 3584 2621 3629 ut
2655 3578 2706 3630 in
2728 3578 2875 3631 initio
2903 3580 3099 3634 mensis
3131 3581 3251 3635 tuba
3271 3593 3582 3651 caneretur;
3613 3595 3667 3641 et
3693 3588 3794 3643 hoc

2203 3679 2369 3735 usque
2398 3681 2537 3720 nunc
2577 3665 2745 3719 Judaei
2789 3669 3136 3736 corporaliter
3182 3670 3399 3737 faciunt,
3446 3675 3794 3744 spirituahter

2204 3773 2309 3812 lion
2340 3758 2652 3828 intelligunt.
2688 3758 2894 3814 Initium
2923 3761 3062 3815 enim
3094 3764 3291 3817 mensis
3315 3806 3329 3832 ,
3358 3781 3491 3820 nova
3522 3768 3644 3824 luna
3675 3781 3792 3839 est;

2202 3864 2335 3903 nova
2369 3848 2511 3914 luna,
2544 3864 2678 3904 nova
2708 3850 2809 3903 vita
2840 3859 2940 3904 est.
2968 3851 3102 3917 Quid
3135 3862 3216 3907 est
3245 3869 3378 3909 nova
3410 3856 3572 3911 luna?
3604 3859 3665 3914 Si
3693 3878 3795 3931 qua

2200 3942 2352 4011 igitur
2373 3943 2425 3995 in
2446 3940 2643 3995 Christo
2664 3959 2791 3996 nova
2814 3954 3042 3997 creatura
3070 3945 3134 4017 (ll
3157 3944 3271 3999 Cor.
3298 3963 3348 4011 v,
3382 3949 3490 4019 l7).
3522 3951 3658 4017 Quid
3687 3964 3790 4021 est,

2200 4033 2343 4087 Tuba
2373 4036 2534 4088 canite
2556 4036 2606 4089 in
2631 4035 2773 4089 initio
2799 4036 2982 4090 mensis
3007 4036 3139 4091 tubtc
3160 4037 3274 4109 (b)?
3301 4039 3432 4093 Cum
3464 4049 3573 4095 tota
3604 4041 3793 4100 ï¬ducia

2202 4141 2390 4180 novam
2423 4127 2581 4181 vitam
2609 4127 2919 4198 praedicam;
2951 4128 3230 4197 strepitum
3260 4130 3384 4185 vita:
3412 4134 3604 4189 veteris
3632 4137 3793 4191 nolite

2200 4229 2455 4274 metuere.

2270 4311 2322 4363 7.
2365 4309 2513 4382 [vers.
2548 4307 2625 4380 5.]
2668 4308 2801 4374 Quia
2828 4320 3130 4379 prwceptum
3154 4312 3249 4382 ipsi
3286 4312 3449 4369 Israel
3473 4325 3565 4381 est,
3588 4325 3634 4371 et
3647 4318 3794 4388 judi.

2197 4404 2329 4456 cium
2377 4402 2481 4456 Deo
2517 4401 2695 4455 Jacob.
2748 4401 2843 4455 Ubi
2887 4416 3208 4473 przrceptum
3232 4448 3247 4473 ,
3278 4407 3346 4461 ibi
3373 4407 3651 4476 judicium.
3683 4410 3787 4476 Qui

2197 4496 2337 4549 enim
2392 4494 2441 4547 in
2484 4495 2601 4563 lege
2649 4504 3017 4562 peccaverunt,
3071 4512 3164 4564 per
3208 4497 3375 4567 legem
3414 4499 3794 4568 judicabuntur

2200 4587 2372 4660 (Rom.
2413 4602 2470 4650 Î¹Î¹,
2504 4585 2614 4656 12).
2658 4585 2725 4639 Et
2752 4586 2863 4655 ipse
2893 4590 3139 4657 praecepti
3171 4588 3324 4643 dator
3350 4590 3605 4645 Dominus
3634 4592 3792 4646 Chri-

2195 4689 2329 4743 stus,
2361 4676 2592 4731 Verbum
2624 4692 2748 4732 caro
2775 4677 2969 4731 factum
2996 4721 3009 4743 ,
3041 4677 3106 4731 In
3129 4680 3413 4746 judicium,
3445 4681 3648 4751 inquit,
3683 4690 3794 4742 veni

2193 4773 2249 4826 in
2265 4772 2397 4825 hunc
2421 4770 2684 4835 mundum,
2713 4780 2766 4823 ut
2791 4771 2877 4840 qui
2900 4787 2997 4824 non
3020 4770 3184 4825 vident
3209 4772 3428 4840 videant,
3447 4782 3494 4829 et
3520 4775 3605 4845 qui
3628 4776 3795 4830 vident

2199 4866 2319 4921 caeci
2360 4865 2485 4933 [iant
2527 4862 2704 4933 (Joan.
2737 4877 2811 4928 Î¹Ï‡,
2840 4862 2958 4930 59).
2998 4861 3133 4931 Quid
3162 4872 3259 4930 est,
3291 4873 3343 4918 ut
3377 4866 3464 4936 qui
3500 4883 3601 4921 non
3628 4863 3795 4923 videnâ€˜

2195 4957 2410 5019 videant,
2450 4953 2535 5023 qui
2562 4953 2726 5006 vident
2750 4955 2871 5006 ÎµÎ¹ÎµÎ¸á½¶
2892 4953 3039 5021 ï¬unt,
3070 4954 3169 5009 nisi
3210 4954 3438 5012 humiles
3466 4959 3789 5023 exaltcntur,

2261 5116 2274 5145 Â¹
2305 5119 2413 5161 Mss.
2439 5110 2643 5173 plures:
2674 5107 2893 5170 Exigitis.
2918 5110 3003 5158 Alii
3031 5125 3040 5159 :
3073 5111 3311 5173 Accipias.

2258 5176 2330 5237 (a)
2354 5172 2543 5223 scilicet
2564 5172 2624 5221 ad
2646 5184 2862 5237 mep_sam
2887 5174 3097 5233 Cypriani
3123 5176 3361 5237 martyris,
3384 5186 3496 5222 nom
3516 5175 3664 5223 natim
3687 5174 3790 5237 _de-

2196 5232 2385 5299 signati
2414 5242 2599 5296 postea,
2645 5247 2693 5282 Î¹Î¹.
2721 5232 2797 5281 25.
2820 5232 3059 5299 Semper);
3079 5235 3143 5283 ud
3176 5232 3520 5299 Carthaginem
3559 5248 3656 5297 qun
3687 5235 3796 5285 loco

2196 5296 2476 5360 martyrium
2507 5296 2856 5360 consummavit
2886 5296 3160 5360 cyprianus,
3194 5304 3283 5360 Â«in
3309 5298 3481 5345 eodem
3506 5296 3629 5355 loco,
3652 5315 3674 5341 Ï…
3720 5298 3793 5347 in-

2196 5362 2301 5422 quit
2322 5356 2442 5422 aug.
2466 5364 2618 5406 Serm.
2656 5357 2747 5405 H5
2778 5356 2843 5404 de
2868 5356 3094 5422 Diversis,
3131 5371 3174 5405 c.
3211 5357 3257 5413 2,
3295 5377 3316 5403 Î±
3345 5372 3511 5407 mensa
3548 5366 3647 5408 Deo
3681 5372 3791 5409 con-

2204 5417 2228 5468 á¼†
2246 5417 2426 5471 structa
2452 5426 2557 5477 est;
2584 5432 2695 5480 quas
2715 5428 2883 5481 mensa
2906 5417 3080 5467 dicitur
3103 5422 3334 5481 Cypriani,
3362 5434 3456 5467 non
3481 5421 3592 5481 quia
3623 5422 3686 5481 ibi
3715 5429 3794 5469 est

2203 5502 2225 5529 (Î¹
2242 5494 2452 5545 unquam
2471 5479 2740 5545 Cyprianus
2754 5479 2997 5545 epulatus,
3023 5481 3111 5529 scd
3139 5479 3258 5543 quia
3276 5482 3348 5545 ibi
3373 5490 3447 5531 est
3480 5479 3790 5540 iiuniolatus;

2204 5563 2225 5590 Î±
2246 5554 2297 5616 et
2320 5541 2435 5606 Quia
2458 5541 2558 5604 ipsa
2582 5541 2910 5616 immolatione
2934 5554 3020 5589 sua
3053 5541 3235 5616 paravit
3274 5544 3394 5591 hanc
3425 5556 3657 5616 mansum,
3694 5556 3791 5591 non

2204 5625 2225 5652 Î±
2248 5607 2295 5654 in
2320 5603 2415 5667 qua
2440 5603 2731 5668 pascat_sive
2755 5610 2992 5668 pascatgr,
3027 5605 3115 5652 sed
3147 5605 3194 5652 in
3222 5617 3317 5667 qua
3348 5603 3634 5653 sacriï¬cium
3668 5610 3785 5661 Deo,

2205 5686 2225 5713 Î¹(
2247 5669 2321 5716 cui
2340 5664 2398 5716 'et
2418 5664 2521 5728 ipse
2544 5664 2734 5728 oblatus
2756 5664 2849 5723 est,
2875 5664 3123 5728 oï¬‚â€˜eratur.
3148 5682 3171 5709 Î¹

2254 5725 2480 5840 mlum
2503 5729 2550 5788 á¾—.
2578 5725 2607 5775 4
2638 5734 2823 5789 partem
2855 5727 3051 5785 omittit,
3083 5735 3135 5777 In
3165 5726 3342 5792 insigni
3366 5727 3446 5779 die
3478 5725 3789 5779 solemnitatts

2199 5802 2383 5841 vestrm.
