4132 6444
430 332 568 390 1οὗ7

424 445 643 516 superbi
691 444 1053 515 dejiciantur?
1093 461 1198 503 non
1222 447 1364 504 enim
1391 448 1481 520 qui
1520 449 1701 505 vident
1723 448 1850 504 ezeci
1878 447 2025 514 ﬁant,

419 536 519 593 sed
547 538 638 608 qui
664 538 769 594 sibi
800 538 984 596 videre
1027 539 1302 608 videnlur,
1333 541 1401 596 de
1427 542 1667 598 caecitate
1704 542 2025 596 convincan-

417 645 526 696 gur.
556 630 669 684 Hoc
690 632 801 702 agit
837 633 1146 703 mysterium
1180 634 1454 689 torcularis
1479 676 1493 702 ,
1527 644 1581 687 ut
1617 635 1704 703 qui
1733 651 1832 689 non
1860 634 2025 690 vident

416 722 621 775 videant
644 763 661 788 ,
691 732 736 777 et
762 724 847 794 qui
876 724 1042 778 vident
1070 726 1190 779 caci
1214 726 1360 794 ﬁant.

484 813 539 868 8.
584 812 736 885 [νει-ε.
763 813 842 887 6.]
868 814 1229 870 Testimonium
1251 818 1305 872 in
1327 817 1520 885 Joseph
1540 819 1703 889 posuit
1724 818 1871 872 illud.
1901 818 2015 884 Eia,

410 902 639 966 fratres.
672 905 798 975 quid
826 907 945 960 est?
974 906 1173 976 Joseph
1203 908 1581 978 interpretatur
1615 910 2012 979 Augmentatio.

411 993 752 1059 Meministis,
807 996 977 1051 nostis
1013 996 1211 1066 Joseph
1268 998 1318 1051 in
1367 997 1656 1070 Egyptum
1695 998 2015 1054 venditum:

408 1083 659 1157 Christus
687 1088 751 1142 ad
798 1087 999 1143 Gentes
1030 1090 1313 1144 transiens.
1356 1087 1432 1144 lbi
1476 1090 1674 1159 Joseph
1706 1099 1825 1160 post
1854 1090 2018 1146 tribu-

410 1177 644 1233 lationes
672 1180 931 1235 exaltatus
959 1179 1109 1251 (Gen.
1138 1196 1339 1249 xxxvii,
1370 1181 1473 1247 28;
1507 1192 1552 1235 et
1583 1198 1690 1247 xu,
1727 1183 1817 1249 37,
1866 1183 2012 1254 etc.),

410 1278 463 1324 et
486 1270 573 1325 hic
599 1271 843 1326 Christus
868 1282 991 1342 post
1017 1272 1316 1341 passionem
1341 1282 1634 1344 martyrum
1661 1274 2008 1344 gloriﬁcatus.

412 1358 550 1429 Ergo
581 1360 646 1415 ad
677 1360 875 1431 Joscph
906 1363 1075 1432 magis
1095 1361 1294 1418 Gentes
1317 1364 1581 1432 pertinent
1611 1384 1624 1418 :
1654 1375 1708 1419 et
1735 1365 1853 1420 ideo
1879 1381 2011 1435 aug-

410 1454 698 1517 mentatio;
746 1453 868 1523 quia
899 1455 1049 1507 multi
1079 1455 1170 1508 ﬁlii
1207 1454 1434 1509 deserta:
1457 1496 1471 1521 ,
1510 1457 1680 1526 magis
1708 1473 1865 1527 quam
1898 1458 2012 1527 ejus

408 1561 527 1615 qua:
554 1544 713 1598 habet
740 1546 909 1599 virum
937 1544 1093 1615 (Isai.
1119 1562 1222 1612 LIV,
1256 1544 1331 1618 1).
1361 1545 1721 1601 Testimonium
1744 1548 1797 1601 in
1819 1548 2011 1616 Joseplt

410 1637 579 1705 posuit
603 1636 755 1703 illud,
787 1638 906 1689 dum
936 1639 1092 1692 exiret
1124 1638 1186 1692 de
1207 1648 1339 1692 terra
1363 1638 1602 1709 IEgypti.
1635 1638 1820 1695 Videte
1848 1650 1900 1695 et
1924 1640 2011 1695 ltic

412 1728 704 1797 signiﬁcari
748 1728 986 1797 quintam
1030 1729 1280 1783 sabbati:
1325 1729 1546 1796 Quando
1590 1730 1717 1784 exiit
1760 1730 1826 1785 de
1871 1739 2007 1785 terra

411 1817 632 1890 Egypti
658 1818 880 1889 Joseph,
913 1818 963 1872 id
994 1827 1099 1885 est,
1129 1820 1355 1889 populus
1382 1821 1762 1889 multiplicatus
1789 1837 1882 1889 per
1910 1821 2005 1877 Jo-

406 1910 564 1978 seph,
616 1925 709 1979 per
738 1924 885 1963 mare
927 1909 1176 1964 Rubrum
1224 1912 1475 1980 trajeCtus
1520 1918 1602 1966 est
1654 1909 1846 1982 (Exod.
1894 1928 2004 1977 xxv,

404 1998 481 2053 22
508 2000 621 2068 51).
659 1999 725 2054 Et
767 2010 891 2054 tunc
924 2015 1051 2069 ergo
1083 2002 1448 2070 produxerunt
1476 2016 1626 2071 aqua:
1651 2002 1861 2072 reptilia
1887 2003 2004 2058 ani-

405 2104 620 2143 marum
648 2090 903 2143 vivarum.
936 2089 1078 2144 Nihil
1107 2090 1249 2144 aliud
1278 2101 1403 2145 tunc
1427 2092 1480 2145 in
1512 2089 1676 2161 ﬁgura
1708 2092 2003 2163 portende-

406 2182 504 2237 bat
530 2183 775 2237 transitus
803 2183 983 2253 populi
1009 2198 1102 2253 per
1134 2198 1300 2248 mare,
1334 2183 1435 2237 nisi
1468 2184 1746 2239 transitum
1766 2184 2002 2241 ﬁdelium

405 2290 508 2343 per
538 2274 889 2343 Baptismum;
927 2274 1075 2328 testis
1095 2282 1175 2329 est
1195 2274 1481 2343 Apostolus
1514 2291 1527 2327 :
1564 2272 1701 2328 Nolo
1729 2275 1862 2329 enim
1892 2292 2000 2343 vos,

404 2367 601 2437 inquit,
629 2366 897 2436 ignorare,
928 2366 1108 2436 fratres
1132 2405 1148 2431 ,
1177 2365 1295 2432 quia
1322 2375 1489 2434 patres
1516 2366 1678 2419 nostri
1702 2382 1873 2421 omnes
1910 2367 2000 2423 sub

404 2457 535 2510 nube
559 2460 762 2528 [uerunt
790 2495 806 2521 ,
835 2465 880 2509 et
909 2471 1080 2509 omnes
1104 2471 1196 2524 per
1226 2471 1363 2508 mare
1393 2456 1723 2520 transierunt,
1757 2466 1805 2510 et
1829 2474 1998 2511 omnes

399 2551 457 2603 in
488 2548 697 2619 Moysen
740 2547 977 2613 baptizali
1008 2556 1125 2600 sunt
1170 2546 1222 2599 iu
1252 2545 1381 2599 nube
1417 2556 1463 2600 et
1493 2547 1544 2599 in
1576 2546 1704 2599 mari
1731 2545 1772 2618 (l
1798 2546 1913 2601 Cor.
1944 2565 1994 2610 Χ.

401 2642 458 2706 1,
485 2640 562 2711 2).
590 2639 730 2693 Nihil
756 2655 885 2708 ergo
905 2638 1045 2692 aliud
1070 2637 1404 2706 signiﬁcabat
1435 2639 1686 2691 transitus
1708 2653 1803 2707 per
1828 2655 1992 2704 mare,

397 2731 504 2784 nisi
559 2730 955 2783 Sacrameutum
1008 2727 1426 2797 haptizatorum;
1474 2728 1604 2781 nihil
1650 2728 1793 2782 aliud
1848 2729 1991 2785 inse-

380 2804 632 2893 ‘qucntes
659 2820 911 2891 IEgyptii,
942 2820 1044 2873 nisi
1069 2820 1446 2874 abundantiam
1476 2819 1865 2889 praeteritorum
1891 2820 1989 2876 de~

393 2917 668 2969 lictorum.
697 2914 895 2968 Videtis
921 2912 1316 2968 evidentissima
1344 2922 1673 2967 sacramenta
1703 2931 1715 2967 :
1742 2924 1992 2983 premunt

395 3008 636 3080 Egyptii
662 3049 677 3074 ,
706 3016 923 3077 urgent;
955 3007 1152 3061 instant
1175 3022 1301 3076 ergo
1330 3014 1542 3076 peccata
1570 3046 1583 3070 ,
1614 3005 1706 3061 sed
1736 3021 1899 3077 usque
1924 3007 1989 3061 ad

394 3118 605 3173 aquam.
636 3100 770 3168 Quid
800 3115 928 3170 ergo
954 3101 1112 3155 times
1133 3142 1145 3162 ,
1176 3100 1264 3170 qui
1303 3100 1538 3154 nondum
1568 3100 1781 3165 venisti,
1808 3098 1991 3154 venire

390 3196 463 3250 ad
508 3195 824 3265 baptismum
858 3194 1090 3260 Christi,
1126 3193 1352 3248 transire
1394 3209 1488 3263 per
1532 3208 1680 3248 mare
1712 3192 1990 3249 Rubrum?

392 3288 534 3356 Quid
575 3296 657 3343 est
704 3286 963 3342 rubrum?
1010 3285 1277 3356 Sanguine
1328 3284 1534 3339 Domini
1592 3293 1985 3339 consecratum.

390 3379 535 3447 Quid
555 3380 705 3434 times
728 3378 945 3433 venire?
967 3376 1301 3432 Conscientia
1323 3377 1457 3430 forte
1476 3375 1774 3445 aliquorum
1802 3376 1987 3430 imma-

390 3476 542 3529 nium
568 3473 877 3527 delictorum
905 3471 1160 3537 stimulat,
1191 3478 1245 3525 et
1271 3471 1537 3524 excruciat
1568 3470 1621 3522 in
1645 3477 1696 3524 te
1725 3469 1982 3534 animum,

388 3578 449 3623 et
480 3566 602 3621 dicit
634 3567 723 3620 tibi
757 3576 863 3619 tam
898 3580 1145 3635 magnum
1172 3578 1291 3619 esse
1316 3562 1445 3618 illud
1473 3561 1613 3632 quod
1648 3562 1980 3629 commisisti,

390 3666 454 3712 ut
477 3657 728 3727 desperes
776 3655 868 3709 tibi
913 3654 1105 3708 dimitti
1140 3672 1151 3708 :
1202 3655 1328 3708 time
1364 3669 1431 3707 ne
1476 3661 1749 3708 remaneat
1785 3651 1981 3723 aliquid

389 3760 748 3821 peccatorum,
780 3750 823 3803 si
849 3748 980 3802 vixit
1003 3746 1194 3817 aliquis
1218 3745 1613 3817 Egyptiorum.
1647 3744 1780 3801 Cum
1803 3754 1981 3802 autem

391 3842 666 3897 transieris
692 3841 908 3895 rubrum
940 3854 1106 3904 mare,
1136 3853 1256 3892 cum
1279 3841 1500 3893 eductus
1530 3836 1692 3892 fueris
1714 3852 1743 3891 a
1770 3837 1981 3893 delictis

390 3932 497 3986 tuis
518 3932 571 3985 in
598 3946 753 3984 manu
775 3930 973 4000 potenti
990 3940 1043 3984 et
1062 3928 1277 3984 brachio
1299 3927 1422 3983 forti
1452 3927 1619 3999 (Psal.
1643 3943 1842 3994 cxxxv,
1867 3929 1978 4000 l2),

390 4033 742 4095 percepturus
777 4038 836 4078 es
871 4023 1121 4094 mysteria
1162 4038 1281 4091 qua:
1319 4036 1423 4075 non
1473 4036 1728 4085 noveras;
1759 4021 1880 4089 quia
1920 4030 1977 4075 et

386 4116 514 4182 ipse
560 4111 772 4182 Ioseph,
814 4129 923 4166 cum
969 4112 1125 4167 exiret
1179 4111 1241 4164 de
1286 4120 1421 4164 terra
1463 4108 1703 4181 ngypti,
1756 4109 1981 4180 linguam

386 4222 547 4276 quam
568 4222 666 4259 non
702 4213 921 4271 noverat,
948 4204 1159 4257 audivit.
1202 4202 1401 4258 Audies
1428 4202 1659 4273 linguam
1690 4217 1845 4273 quam
1875 4218 1978 4257 non

387 4312 662 4353 noveras:
704 4312 862 4367 quam
902 4295 1060 4351 modo
1084 4294 1305 4349 audiunt
1352 4302 1406 4349 et
1449 4302 1855 4363 recognoscant,
1898 4303 1979 4349 te-

386 4398 593 4443 stantes
616 4396 670 4441 et
701 4388 934 4441 scientes
958 4387 1045 4455 qui
1078 4394 1293 4440 norunt.
1320 4384 1521 4439 Audies
1540 4384 1627 4438 ubi
1656 4384 1851 4439 debeas
1881 4385 1977 4439 ha-

384 4480 519 4534 bere
544 4493 636 4532 cor
664 4497 678 4532 :
705 4478 845 4548 quod
870 4476 1028 4532 modo
1056 4491 1176 4531 cum
1204 4475 1438 4529 dicerem
1466 4516 1483 4542 ,
1519 4473 1668 4528 multi
1700 4474 1977 4530 intellexe-

386 4582 537 4633 runt,
578 4580 632 4627 et
670 4572 1126 4634 acclamaverunt;
1158 4569 1347 4638 reliqui
1374 4567 1503 4621 muti
1534 4576 1815 4633 steterunt,
1855 4569 1977 4637 quia

382 4660 625 4715 nondum
652 4662 882 4731 linguam
912 4675 1069 4730 quam
1101 4674 1204 4713 non
1235 4666 1509 4723 noverant,
1533 4658 1833 4713 audierunt.
1867 4659 1973 4713 Ac-

380 4754 625 4809 celerant
649 4770 795 4825 ergo,
823 4761 1111 4817 transeant,
1145 4751 1352 4806 discant
1387 4768 1399 4810 :
1436 4750 1683 4822 Linguam
1702 4768 1852 4822 quant
1873 4767 1974 4805 non

380 4855 614 4910 noverat,
646 4846 857 4898 audivit.

460 4937 514 4991 9.
556 4936 705 5009 [rem
737 4935 815 5007 7.]
861 4936 1041 4989 Avertit
1079 4935 1140 4988 ab
1170 4935 1401 4988 oneribus
1431 4933 1637 4988 dorsum
1677 4935 1806 5004 ejus.
1848 4933 1975 5002 Quis

380 5030 565 5082 avertit
587 5030 648 5083 ab
674 5028 907 5083 oneribus
929 5028 1133 5081 dorsum
1159 5028 1289 5097 ejus,
1333 5026 1435 5081 nisi
1459 5027 1546 5080 ille
1571 5029 1658 5096 qui
1686 5027 1931 5082 clamavit
1957 5046 1970 5082 :

396 5121 570 5177 Venite
614 5123 680 5176 ad
741 5140 820 5177 me
867 5138 1037 5177 omnes
1087 5123 1171 5191 qui
1222 5122 1461 5176 laboratis
1517 5131 1561 5175 et
1610 5121 1805 5176 onerati
1857 5122 1974 5177 estis

378 5214 602 5287 (Matth.
648 5232 720 5278 xi,
773 5215 907 5286 28)?
954 5216 1074 5270 Alio
1101 5215 1259 5269 modo
1307 5216 1408 5270 hoc
1449 5214 1586 5270 idem
1627 5215 1969 5285 signiﬁcatur.

375 5306 529 5375 quod
558 5307 781 5361 faciebat
806 5307 1062 5362 insecutio
1085 5305 1476 5377 lEgyptiorum,
1509 5306 1611 5361 hoc
1632 5306 1829 5362 faciunt
1851 5322 1971 5361 sar-

374 5398 521 5452 cina:
546 5406 907 5468 peceatorum.
951 5397 1135 5452 Avertit
1164 5398 1226 5450 ab
1252 5398 1483 5451 oneribus
1515 5398 1717 5451 dorsum
1745 5400 1870 5469 ejus.
1905 5398 1973 5452 Et

373 5489 534 5558 quasi
556 5488 783 5551 diceres,
808 5487 1010 5555 Quibus
1029 5488 1314 5543 oneribus?
1343 5488 1529 5542 Manus
1550 5491 1659 5559 ejus
1678 5490 1729 5542 in
1756 5491 1971 5557 captiino

374 5579 678 5633 servierunt.
709 5579 808 5633 Per
833 5579 1121 5649 ecphinum
1152 5578 1516 5649 signiﬁcantur
1541 5595 1700 5648 opera
1729 5581 1965 5636 servilia.

375 5668 658 5735 "undare,
712 5678 1016 5729 stercorare
1036 5672 1075 5735 ‘,
1106 5680 1304 5726 terram
1350 5682 1582 5741 portare,
1615 5674 1845 5742 cophino
1874 5672 1964 5737 ﬁt;

443 5808 458 5837 ι
487 5806 561 5854 sic
583 5809 693 5853 uss.
725 5808 777 5852 At
791 5803 925 5866 add,
950 5804 1187 5853 mundare
1210 5809 1437 5854 stercora.

1538 334 1934 393 ENARRATIO
1972 342 2036 393 ΙΝ
2078 337 2397 397 ρεΑιδιυΜ
2438 342 2648 399 LXXX.

3582 349 3711 405 103$.

2136 453 2347 509 servilia
2388 464 2512 511 sunt
2541 472 2699 528 opera
2728 476 2740 523 ;
2775 459 2896 529 quia
2933 461 3106 516 omnis
3129 462 3218 532 qui
3263 461 3387 517 facit
3429 475 3708 535 peccatum

2134 556 2320 598 servus
2346 554 2427 600 est
2456 548 2685 615 peccati;
2719 558 2773 603 et
2813 548 2858 603 si
2894 563 2987 605 vos
3018 550 3181 607 Filius
3220 553 3555 621 liberaverit,
3583 566 3712 616 tunc

2132 650 2255 689 vere
2283 636 2436 692 liberi
2479 640 2627 694 eritis
2654 640 2828 712 (Joan.
2858 659 2947 697 vni
2972 686 2985 709 ,
3019 645 3125 711 51,
3155 646 3270 719 56).
3313 648 3501 709 Merito
3525 662 3577 708 et
3612 655 3709 711 al)-

2122 725 2262 795 jecta
2288 730 2468 783 mundi
2496 732 2643 800 quasi
2672 734 2883 801 cophini
2910 734 3231 805 deputantur
3274 754 3289 794 :
3318 742 3411 796 sed
3436 752 3491 799 et
3520 746 3704 815 εοριιί-

2126 833 2223 872 nos
2252 819 2386 875 Deus
2418 821 2665 877 buccellis
2694 825 2925 894 implevit
2951 844 2963 891 ;
2995 828 3271 885 duodecim
3299 835 3413 902 cep?
3442 836 3557 891 inos
3584 838 3711 891 bne-

2124 910 2375 965 cellarum
2403 912 2639 983 implevit
2659 914 2867 986 (Matth.
2890 934 3001 982 XIV,
3023 920 3146 990 20);
3172 922 3293 990 quia
3315 924 3518 993 abjecta
3547 928 3706 998 hujus

2122 1001 2302 1055 mundi
2327 1003 2503 1073 elegit,
2537 1013 2592 1059 ιιι
2610 1006 2959 1063 confunderet
2985 1009 3134 1064 fortia
3165 1011 3207 1082 (l
3233 1013 3349 1068 Cor.
3380 1031 3416 1083 ι,
3449 1017 3563 1086 27).
3596 1019 3703 1076 Sed

2121 1101 2176 1146 et
2216 1094 2427 1163 quando
2482 1096 2535 1149 in
2576 1097 2806 1166 cephino
2836 1100 3099 1154 serviebat
3136 1101 3354 1173 loseph,
3396 1114 3592 1163 terram
3635 1112 3704 1165 ibi

2120 1186 2382 1255 portabat,
2409 1189 2528 1258 quia
2553 1189 2744 1245 lateres
2764 1190 2990 1248 faciebat
3018 1212 3030 1247 :
3060 1193 3250 1249 Manus
3274 1198 3383 1266 ejus
3407 1200 3458 1253 iu
3486 1204 3704 1272 cophino

2116 1291 2195 1329 881⁸
2200 1294 2300 1331 vter
2303 1290 2391 1332 unt
2395 1319 2410 1332 .

2189 1369 2275 1423 10.
2319 1369 2465 1441 [vers.
2496 1372 2574 1445 8.]
2616 1372 2680 1428 In
2701 1376 3278 1435 tribulatioueinvocasti
3299 1399 3395 1451 me,
3426 1394 3473 1439 et
3502 1390 3609 1442 erui
3636 1398 3698 1443 te.

2115 1460 2480 1533 Reeognoscat
2508 1482 2567 1522 se
2597 1484 2924 1540 unaquaeque
2949 1475 3274 1530 conscientia
3305 1478 3591 1537 christiana
3611 1525 3625 1549 ,
3655 1488 3698 1539 si

2115 1552 2304 1609 devote
2331 1558 2595 1613 transierit
2627 1575 2774 1616 mare
2811 1563 3049 1630 rubrum,
3081 1567 3125 1619 si
3148 1582 3268 1622 cum
3303 1569 3408 1626 ﬁde
3446 1575 3696 1631 credendi

2113 1652 2168 1698 et
2195 1644 2510 1702 observandi
2541 1650 2768 1721 linguam
2815 1668 2976 1722 quam
3024 1670 3127 1710 non
3168 1670 3409 1727 noverat,
3450 1664 3693 1731 audivit;

2113 1750 2461 1809 recognoscat
2502 1756 2561 1796 se
2603 1743 2652 1796 in
2698 1744 3033 1801 tribulatione
3057 1750 3377 1806 exauditam.
3408 1753 3522 1823 Ipsa
3552 1759 3693 1812 enim

2112 1844 2301 1898 magna
2346 1831 2612 1887 tribulatio
2654 1842 2790 1899 erat,
2832 1837 2997 1905 premi
3043 1839 3264 1893 sarcinis
3307 1854 3643 1911 peccatorum
3677 1865 3689 1914 ;

2111 1930 2363 1989 quantum
2387 1922 2821 1993 gaudetrelevata
2849 1928 3168 1985 conscientia
3196 1933 3208 1984 !
3238 1933 3377 1991 Ecce
3402 1936 3693 2006 baptizatus

2109 2029 2196 2080 es;
2225 2017 2546 2073 conscientia
2577 2036 2693 2088 quae
2720 2019 2831 2074 heri
2865 2023 3205 2090 premebatur
3226 2068 3241 2092 ,
3278 2026 3432 2084 hodie
3459 2033 3693 2100 gratula-

2111 2114 2214 2161 tur.
2246 2107 2533 2163 Exauditus
2556 2125 2613 2164 es
2636 2111 2685 2163 in
2714 2110 3080 2179 tribulatione;
3106 2126 3371 2173 memento
3396 2120 3691 2179 tribulatio-

2110 2197 2190 2250 uis
2221 2207 2343 2252 tute.
2387 2200 2682 2270 Antequam
2711 2203 2993 2259 accederes
3023 2204 3086 2260 ad
3116 2222 3303 2277 aquam
3330 2251 3344 2275 ,
3385 2212 3509 2280 quid
3540 2215 3689 2269 solli-

2106 2290 2352 2347 citudinis
2379 2294 2646 2364 gerebas?
2690 2296 2817 2365 quid
2843 2297 3164 2366 jejuniorutn
3211 2300 3533 2359 exhibcbas?
3562 2308 3687 2378 quid

2107 2383 2504 2439 tribulationum
2535 2386 2586 2439 in
2614 2388 2775 2441 corde
2804 2388 3048 2457 gestabas
3067 2430 3083 2456 ,
3116 2393 3414 2448 orationum
3454 2396 3689 2454 interna-

2105 2490 2312 2541 narum,
2359 2477 2584 2546 piarum,
2617 2477 2967 2532 devotarum?
3015 2480 3183 2535 Occisi
3227 2493 3349 2537 sunt
3379 2485 3558 2543 hostes
3589 2492 3683 2556 tui,

2102 2567 2277 2621 omnia
2310 2578 2523 2637 peccata
2554 2578 2639 2623 tua
2679 2570 2849 2625 deleta
2874 2581 2995 2625 sunt
3038 2589 3049 2624 :
3095 2572 3160 2625 In
3187 2575 3509 2632 tribulatione
3544 2582 3684 2635 invo-

2099 2659 2221 2710 casti
2248 2676 2343 2722 me,
2367 2670 2413 2712 et
2440 2662 2547 2713 erui
2570 2670 2635 2714 te.

2172 2750 2257 2804 11.
2303 2749 2557 2804 Exaudivi
2606 2761 2653 2805 te
2696 2752 2749 2805 in
2799 2753 3086 2809 abscondito
3149 2761 3450 2827 tempestatis
3499 2779 3516 2814 :
3578 2780 3681 2819 non

2100 2842 2151 2895 in
2218 2850 2532 2912 tempestate
2599 2845 2759 2899 maris
2793 2887 2806 2912 ,
2860 2846 2952 2900 sed
3014 2848 3065 2901 in
3125 2858 3435 2918 tempestate
3485 2856 3677 2911 cordis.

2098 2930 2351 2986 Exaudivi
2405 2943 2451 2986 te
2504 2934 2557 2987 in
2619 2935 2908 2989 abscondito
2962 2941 3266 3008 tempestatis
3304 2958 3323 3005 ;
3374 2947 3580 3013 probavi
3636 2960 3683 3004 te

2094 3024 2147 3077 in
2198 3042 2327 3095 aqua
2376 3026 2807 3082 contradictionis.
2862 3028 3065 3085 Revera
3096 3072 3110 3097 ,
3173 3030 3405 3097 fratres,
3455 3053 3634 3093 revera
3663 3085 3676 3106 ,

2094 3116 2181 3185 qui
2227 3117 2505 3171 exauditus
2545 3128 2625 3173 est
2677 3119 2726 3171 in
2773 3120 3086 3174 abscondito
3118 3127 3482 3193 tempestatis,
3515 3130 3678 3187 debet

2095 3206 2301 3275 probari
2360 3208 2411 3261 iu
2469 3223 2602 3277 aqua
2666 3209 3121 3263 eontradictionis.
3173 3210 3307 3266 Cum
3352 3216 3493 3270 enim
3552 3234 3672 3275 cre-

2091 3297 2319 3366 diderit,
2364 3315 2483 3354 cum
2513 3300 2809 3370 baptizatus
2859 3300 3056 3365 fuerit,
3106 3317 3226 3355 cum
3254 3303 3390 3358 viam
3435 3308 3526 3363 Dei
3552 3325 3674 3366 car-

2093 3404 2216 3459 pere
2242 3392 2479 3460 coeperit,
2525 3405 2644 3445 cum
2687 3393 2738 3447 in
2770 3394 3130 3463 gemellarium
3173 3396 3393 3467 eliquari
3437 3401 3674 3460 intende-

2088 3481 2173 3545 rit,
2201 3490 2255 3535 et
2278 3482 2343 3535 ab
2368 3498 2580 3537 amurca
2606 3484 2815 3553 publice
2843 3493 3088 3539 currente
3118 3501 3177 3540 se
3224 3494 3544 3559 extraxerit;
3575 3494 3671 3549 ha-

2087 3578 2233 3635 bebit
2259 3582 2450 3638 multos
2474 3584 2845 3652 exagitatores,
2872 3586 3063 3641 multos
3092 3589 3450 3656 insnltatores,
3481 3590 3672 3643 multos

2087 3669 2429 3739 detractores,
2457 3673 2845 3740 dehortatores,
2896 3678 3158 3734 minantes
3204 3682 3361 3737 etiam
3411 3684 3496 3739 ubi
3544 3700 3667 3756 pos-

2087 3775 2229 3832 sunt,
2269 3766 2619 3833 deterrentes,
2667 3769 3024 3838 deprimentes
3055 3790 3066 3824 :
3094 3770 3207 3827 hmc
3240 3783 3343 3828 tota
3376 3792 3509 3846 aqua
3537 3794 3669 3832 con-

2089 3856 2413 3913 tradictionis
2442 3869 2541 3914 est.
2573 3858 2704 3913 Puto
2731 3860 2887 3916 hodie
2908 3876 3025 3916 esse
3051 3861 3136 3917 hic
3156 3864 3267 3930 sic;
3300 3866 3528 3923 arbitror
3550 3884 3669 3925 esse

2088 3948 2175 4004 hic
2200 3951 2482 4005 nonnullos
2506 3966 2639 4020 quos
2669 3952 2824 4006 amici
2858 3954 2938 4006 sui
2974 3954 3221 4007 volebant
3246 3971 3432 4025 rapere
3472 3958 3536 4012 ad
3562 3961 3668 4015 eir-

2086 4055 2227 4104 cum,
2262 4051 2315 4095 et
2357 4041 2425 4093 ad
2455 4043 2634 4095 nescio
2663 4058 2793 4111 quas
2822 4043 3094 4098 hodierna:
3131 4044 3430 4102 festivitatis
3456 4065 3623 4119 nugas
3662 4070 3666 4075 ·

2088 4132 2219 4188 forte
2250 4133 2347 4202 ipsi
2380 4133 2495 4187 illos
2521 4133 2851 4189 adduxerunt
2882 4136 2948 4189 ad
2974 4138 3273 4193 ecclesiam.
3303 4140 3408 4195 Sed
3431 4142 3543 4197 sive
3568 4144 3666 4216 ipsi

2086 4224 2203 4278 illos
2246 4224 2614 4291 adduxerunt,
2661 4227 2771 4280 sive
2800 4226 2867 4280 ab
2904 4227 2981 4281 eis
3010 4228 3075 4282 ad
3105 4230 3301 4284 circum
3342 4232 3530 4287 abduci
3560 4252 3664 4291 non

2085 4326 2384 4387 potuerunt,
2416 4318 2465 4371 in
2494 4334 2626 4389 aqua
2658 4319 3091 4375 contradictiouis
3118 4323 3321 4391 probati
3361 4337 3504 4379 sunt.
3548 4326 3663 4382 Non

2083 4424 2207 4480 ergo
2237 4410 2522 4465 erubescas
2563 4412 2850 4479 prmdicarc
2890 4413 3030 4482 quod
3077 4414 3234 4477 nosti,
3278 4414 3567 4473 defendere
3610 4430 3666 4474 et

2082 4501 2219 4555 inter
2248 4501 2585 4571 blasphemas
2628 4502 2768 4572 quod
2804 4502 3077 4559 credidisti
3111 4520 3123 4556 :
3156 4503 3198 4557 si
3225 4506 3365 4560 enim
3398 4508 3665 4563 exaudiris

2082 4592 2133 4646 in
2159 4593 2467 4647 abscondito
2489 4593 2836 4662 tempestatis,
2859 4593 3021 4648 corde
3038 4594 3272 4648 creditur
3293 4595 3358 4649 ad
3370 4597 3626 4667 justitiam
3648 4617 3662 4662 ;

2080 4686 2123 4738 si
2157 4684 2395 4754 probaris
2427 4684 2476 4737 in
2509 4699 2641 4754 aqua
2684 4684 3145 4752 contradictionis,
3190 4700 3287 4741 ore
3314 4687 3578 4743 confessio
3608 4688 3667 4742 ﬁt

2080 4776 2145 4831 ad
2174 4776 2395 4831 salutem
2427 4774 2597 4847 (Rom.
2629 4792 2681 4843 π,
2717 4777 2824 4845 10).
2849 4776 3052 4845 Quanta
3082 4786 3163 4832 est
3185 4778 3329 4833 enim
3362 4779 3472 4849 ipsa
3500 4794 3655 4849 aqua,

2079 4866 2507 4921 eontradictionis
2527 4867 2552 4919 ἲ
2574 4866 2682 4935 jam
2704 4881 2837 4935 pene
2853 4866 3045 4921 siccata
3072 4876 3172 4921 est.
3195 4867 3490 4923 Senserunt
3516 4868 3659 4923 illam

2081 4957 2309 5027 majores
2338 4957 2539 5021 nostri,
2569 4956 2779 5026 quando
2806 4958 2966 5011 verbo
3001 4957 3125 5022 Dei,
3158 4958 3369 5027 quando
3409 4956 3664 5028 mysterio

2078 5049 2273 5105 Christi
2314 5050 2508 5103 acriter
2534 5050 2851 5104 resistebant
2878 5058 3097 5119 gentes;
3146 5049 3455 5105 turbabatur
3483 5065 3619 5119 aqua
3648 5070 3659 5103 :

2077 5157 2241 5213 aquas
2281 5142 2422 5196 enim
2468 5156 2564 5212 pro
2608 5141 2812 5210 populis
2838 5139 3121 5209 aliquando
3149 5138 3517 5211 intelligendas
3550 5142 3663 5196 evi-

2079 5235 2265 5291 denter
2314 5234 2657 5307 Apocalypsis
2701 5236 2961 5302 scriptura
3017 5232 3367 5302 demonstrat,
3392 5237 3479 5290 ubi
3509 5252 3663 5308 aqua

2079 5329 2259 5384 multa:
2319 5344 2439 5383 cum
2508 5326 2851 5389 viderentur,
2906 5334 2960 5380 et
3010 5336 3338 5397 quaereretur
3380 5328 3506 5398 quid
3565 5344 3658 5384 es-

2077 5431 2213 5486 sent,
2262 5434 2574 5490 responsum
2618 5425 2719 5483 est,
2766 5414 2959 5487 Populi
2999 5427 3116 5472 sunt
3155 5417 3336 5490 (Apoc.
3385 5434 3510 5483 xvu,
3545 5420 3662 5487 15).

2078 5515 2417 5570 Pertulerunt
2441 5527 2567 5582 ergo
2603 5512 2674 5565 illi
2707 5527 2897 5582 aquam
2939 5511 3395 5577 contradictionis,
3443 5511 3657 5580 quando

2077 5607 2409 5663 fremuerunt
2450 5614 2654 5674 gentes,
2697 5612 2751 5657 et
2794 5604 2970 5674 populi
3017 5602 3253 5657 meditati
3295 5611 3417 5655 sunt
3443 5601 3654 5669 inania;

2075 5696 2286 5769 quando
2315 5696 2595 5750 astiterunt
2625 5708 2775 5765 reges
2802 5704 2955 5749 terra:
2979 5735 2994 5759 ,
3023 5703 3076 5749 et
3106 5694 3368 5763 principes
3389 5706 3656 5749 convene-

2080 5800 2201 5845 runt
2232 5790 2283 5842 in
2313 5804 2496 5846 unum.
2539 5786 2793 5842 adversus
2826 5784 3103 5839 Dominum
3132 5793 3187 5838 et
3227 5784 3482 5839 adversus
3504 5781 3661 5839 Chri-
