4132 6448
585 336 601 386 1
614 330 717 386 059

579 451 721 499 stum
765 442 881 511 eius
915 438 1083 511 (Psal.
1117 452 1173 507 ιι,
1207 440 1258 506 1,
1290 438 1370 508 ‘2).
1411 435 1631 507 Quando
1656 434 1987 492 fremuerunt
2025 448 2156 504 gen-

582 545 664 592 tes
693 575 708 603 ,
763 541 889 589 tunc
950 532 1035 589 leo
1078 531 1165 587 ille
1205 531 1323 586 viro
1366 529 1488 585 forti
1537 527 1764 584 Samson
1810 525 2040 582 venienti
2091 522 2159 578 ad

581 625 878 683 ducendam
938 623 1006 680 de
1047 622 1356 693 alienigenis
1412 635 1652 685 uxorem,
1698 617 1912 672 Christo
1960 614 2162 670 scilicet

578 716 921 773 descendenti
967 715 1034 770 ad
1080 713 1375 769 habendam
1419 711 1707 768 Ecclesiam
1757 709 1823 765 de
1879 706 2157 769 Gentibus,

581 808 813 863 fremens
842 806 950 864 ibat
978 806 1028 861 in
1059 804 1285 860 obviam.
1328 802 1434 858 Sed
1461 802 1587 872 quid
1615 801 1753 872 egit?
1802 799 2035 867 Accepit,
2084 806 2162 852 te.

585 899 717 964 nuit,
747 896 934 968 fregit,
954 894 1230 965 dissipavit
1256 893 1461 948 leonem
1485 910 1501 958 ;
1547 892 1713 946 factus
1735 898 1817 945 est
1842 890 1892 943 in
1921 888 2161 943 manibus

580 990 697 1059 ejus
724 988 868 1043 velut
891 987 1072 1042 haedus
1098 999 1398 1055 caprarum.
1425 982 1562 1050 Quid
1589 982 1733 1039 enim
1760 981 1915 1037 ﬁeret
1941 980 2161 1050 pepulus

579 1080 837 1143 fremens,
878 1077 982 1133 nisi
1028 1075 1305 1147 languidus
1347 1074 1630 1144 peccator?
1660 1072 1845 1128 Occisa
1870 1080 2045 1125 autem
2076 1070 2161 1124 illa

582 1171 812 1237 feritate,
832 1171 940 1239 jam
964 1184 1071 1223 non
1095 1168 1172 1224 sic
1191 1168 1367 1223 fremit
1391 1168 1533 1237 regia
1555 1175 1807 1237 potestas,
1834 1178 1939 1219 non
1962 1163 2040 1217 sic
2063 1161 2165 1216 fre-

584 1264 680 1317 mit
709 1261 931 1331 populus
947 1259 1191 1316 Gentium
1216 1260 1230 1290 ¹
1251 1259 1303 1313 in
1330 1258 1539 1314 obviam
1559 1257 1807 1313 Christo:
1837 1256 1943 1309 imo
1964 1269 2088 1309 vero
2110 1253 2162 1307 in

583 1352 700 1421 ipso
714 1364 879 1420 regno
895 1348 1143 1406 Gentium
1166 1348 1464 1403 invenimus
1483 1348 1626 1418 leges
1655 1361 1747 1417 pro
1774 1344 2031 1409 Ecclesia,
2052 1350 2165 1397 tan-

584 1457 740 1513 quam
769 1440 944 1495 favum
962 1441 1014 1495 in
1036 1455 1126 1495 ore
1146 1441 1230 1495 leo
1252 1439 1331 1493 nis
1357 1437 1551 1510 (Judic.
1584 1452 1693 1503 xrv,
1712 1436 1855 1507 5-8),
1880 1435 2015 1505 Quid
2041 1448 2167 1504 ergo

585 1533 694 1602 jam
726 1541 957 1590 metuam
988 1544 1178 1600 aquam
1217 1528 1649 1585 contradictionis
1673 1569 1687 1593 ,
1728 1542 1845 1598 quae
1870 1540 2037 1597 prepc
2059 1524 2164 1595 iam

586 1630 693 1678 tota
720 1623 909 1678 siccata
931 1622 1052 1678 est?
1079 1621 1167 1676 Illa
1190 1636 1320 1691 pene
1335 1620 1442 1689 jam
1462 1619 1602 1683 silet,
1620 1619 1663 1674 si
1682 1632 1892 1672 amurca
1917 1631 2020 1673 non
2042 1632 2167 1672 eon-

585 1715 828 1771 tradicat.
842 1713 1241 1781 Quantumlibet
1271 1711 1395 1766 mali
1412 1710 1632 1766 sreviant
1646 1709 1826 1776 alieni,
1845 1724 1877 1763 o
1893 1708 1937 1763 si
1954 1723 2046 1764 cos
2064 1723 2166 1762 non

586 1804 837 1875 adjuvant
862 1803 988 1859 mali
1016 1803 1178 1858 nostri
1201 1803 1214 1857 1
1241 1801 1492 1856 Exaudivi
1522 1812 1568 1854 te
1594 1800 1644 1853 in
1670 1798 1957 1854 abscondito
1978 1807 2166 1868 tempe-

587 1898 748 1962 statis,
779 1895 981 1965 probavi
1002 1905 1046 1948 te
1067 1895 1117 1948 in
1138 1909 1268 1964 aqua
1294 1891 1721 1947 contradictionis.
1764 1889 2016 1944 Recolitis
2044 1887 2168 1958 quid

587 1988 655 2044 de
674 1988 887 2043 Christo
907 1987 1103 2042 dictum
1127 1986 1215 2051 sit,
1238 1984 1314 2040 sic
1336 1992 1513 2038 natum
1537 1998 1656 2037 eum
1678 1996 1795 2037 esse
1815 1982 1865 2036 in
1885 1980 2168 2035 multorum

588 2079 813 2145 ruinam,
842 2086 896 2134 et
916 2078 1197 2132 multorum
1224 2075 1685 2137 resurrectionem,
1714 2082 1767 2126 et
1788 2072 1838 2125 in
1860 2071 2065 2141 signum
2087 2069 2171 2123 cui

590 2166 1136 2237 contradicetur(an.
1162 2181 1217 2232 ιι,
1241 2166 1351 2235 54).
1368 2163 1640 2228 Novimus,
1666 2161 1902 2216 videmus
1930 2178 1943 2213 :
1964 2161 2171 2230 signum

591 2262 763 2316 crucis
791 2268 1023 2317 erectum
1054 2268 1132 2315 est
1151 2299 1165 2324 ,
1196 2266 1252 2314 et
1275 2255 1657 2314 contradictum
1685 2262 1766 2309 est
1795 2254 1862 2308 ei.
1890 2252 2171 2308 Contradi-

592 2362 736 2408 ctum
762 2360 844 2408 est
861 2352 1041 2423 gloria:
1062 2350 1262 2416 crucis;
1294 2349 1387 2405 sed
1415 2348 1592 2403 titulus
1618 2356 1731 2402 erat
1758 2360 1916 2415 super
1936 2358 2170 2410 crucem,

593 2444 798 2516 quinon
822 2442 1274 2512 corrumpebatur.
1302 2440 1553 2495 Estenim
1576 2436 1758 2491 titulus
1779 2437 1831 2490 in
1855 2435 2059 2506 psalmo
2080 2432 2133 2487 ε]
2142 2451 2175 2488 ιι

597 2535 727 2588 tituli
743 2534 1133 2603 inscriptionem,
1155 2547 1216 2584 ne
1230 2545 1522 2598 corrumpas
1546 2526 1712 2601 (Psal.
1735 2542 1845 2591 th,
1864 2526 1939 2597 1).
1956 2525 2174 2596 Signum

596 2633 709 2679 erat
729 2624 812 2679 cui
841 2621 1293 2678 contradiceretur
1318 2637 1330 2673 :
1360 2619 1607 2674 dixerunt
1643 2618 1785 2671 enim
1814 2614 1980 2671 1υάίεί
2005 2657 2020 2682 ,
2052 2613 2175 2667 Noli

601 2716 784 2785 facere,
809 2713 920 2769 Rea;
944 2712 1277 2775 Judworum;
1308 2709 1392 2763 sed
1416 2710 1496 2778 [ac
1515 2706 1647 2778 quod
1676 2708 1783 2778 ipse
1808 2706 1986 2760 dixerit
2014 2721 2176 2776 regem

608 2822 661 2860 se
682 2820 786 2859 esse
812 2803 1128 2859 Judmorum.
1155 2802 1300 2855 Victa
1338 2806 1418 2854 est
1450 2797 1825 2863 contradictio;
1863 2811 2173 2866 responsum

600 2895 857 2963 est,Quod
868 2894 1065 2964 scripsi,
1081 2892 1256 2963 scripsi
1271 2890 1449 2960 (Joan.
1469 2906 1577 2955 xu,
1602 2888 2060 2960 19-22).Exaudivi
2072 2889 2177 2941 tein

600 2987 886 3043 abscondito
907 2985 1226 3056 tempestatis,
1251 2982 1455 3055 probavi
1472 2983 1582 3037 tein
1597 2998 1727 3049 aqua
1748 2982 2175 3035 contradictionis.

672 3081 758 3138 12.
789 3076 1111 3153 [vers.9,10.]
1143 3077 1252 3131 Hoc
1266 3084 1429 3130 totum
1453 3075 1517 3129 ab
1534 3074 1683 3128 initio
1705 3073 1901 3128 Psalmi
1925 3089 2089 3144 usque
2113 3073 2177 3127 ad

603 3176 741 3229 hunc
762 3187 992 3238 versum,
1024 3170 1089 3225 de
1108 3170 1226 3225 oleo
1254 3166 1532 3223 torcularis
1556 3165 1871 3220 audivimus.
1906 3164 2057 3232 Quod
2087 3180 2173 3220 re-

602 3274 706 3321 stat
732 3265 899 3335 magis
933 3261 1218 3318 dolendum
1243 3268 1325 3315 est
1362 3267 1414 3314 et
1452 3256 1746 3312 cavendum
1783 3256 1885 3311 :ad
1908 3271 2177 3311 amurcam

605 3358 743 3413 enim
777 3354 1054 3411 torcularis
1072 3353 1301 3423 pertinet
1323 3364 1486 3419 usque
1511 3348 1575 3404 ad
1603 3348 1793 3414 ﬁnem;
1828 3348 2053 3404 fortasse
2074 3365 2177 3404 non

605 3446 798 3503 frustra
827 3454 881 3501 et
909 3444 1219 3515 interposito
1243 3440 1609 3511 diapsalmate.
1637 3438 1739 3495 Sed
1765 3442 1925 3495 etiam
1954 3443 2055 3495 hoc
2082 3456 2178 3495 au-

603 3537 717 3593 dire
747 3537 873 3591 utile
911 3543 1026 3600 est,
1061 3543 1119 3589 ut
1145 3535 1231 3605 qui
1263 3548 1323 3589 se
1343 3534 1453 3603 jam
1486 3529 1539 3583 in
1567 3532 1684 3586 oleo
1714 3532 1874 3597 videt,
1918 3532 2174 3603 gaudeat;

605 3630 691 3701 qui
720 3629 1040 3699 periclitatur
1067 3643 1135 3683 ne
1161 3628 1212 3682 in
1238 3643 1449 3682 amurca
1478 3636 1653 3683 currat
1672 3628 1931 3694 ’,ειιγειιι⁸
1961 3626 2178 3683 Utrum-

606 3736 710 3791 que
734 3719 855 3775 audi
881 3736 894 3772 :
918 3734 1079 3773 unum
1104 3718 1283 3789 dilige,
1311 3720 1536 3774 alterum
1567 3719 1712 3773 time.
1744 3717 1878 3771 Audi
1901 3758 1914 3782 ,
1962 3716 2179 3788 papulas

606 3828 745 3867 meus
770 3851 784 3879 ,
812 3821 859 3866 et
883 3812 1081 3881 loquar,
1113 3819 1157 3865 et
1190 3812 1487 3880 testiﬁcabor
1518 3811 1623 3864 tibi.
1661 3808 1773 3863 Non
1808 3810 1947 3863 enim
1987 3810 2179 3879 popqu

606 3902 798 3966 alieno,
830 3915 935 3956 non
964 3901 1104 3955 enim
1134 3900 1324 3970 populo
1352 3916 1454 3955 non
1483 3900 1765 3971 pertinenti
1796 3898 1860 3953 ad
1894 3899 2126 3954 torcular
2164 3919 2176 3955 :

607 3991 859 4058 Judicate,
889 3991 1073 4061 inquit,
1101 3991 1230 4045 inter
1249 4006 1325 4044 me
1348 4000 1392 4045 et
1420 3991 1615 4045 vineam
1640 4006 1801 4043 meam
1830 3988 1979 4060 (Isai.
2008 4005 2060 4056 v,
2086 3990 2175 4061 5).

608 4082 743 4135 Audi
771 4081 986 4151 populus
1014 4097 1151 4136 meus
1171 4120 1185 4142 ,
1214 4092 1259 4134 et
1287 4082 1483 4151 loquar,
1507 4091 1551 4136 et
1587 4080 1885 4151 testiﬁcabor
1905 4082 2011 4135 tibi.

680 4175 767 4230 15.
796 4173 980 4240 Israel,
1004 4174 1047 4228 si
1075 4190 1151 4228 me
1171 4175 1407 4242 audieris,
1438 4191 1536 4228 non
1567 4174 1660 4229 erit
1688 4174 1740 4228 in
1769 4184 1817 4231 te
1841 4176 1962 4230 deus
1989 4190 2177 4229 recens.

609 4269 748 4323 Deus
777 4281 987 4333 recens,
1011 4274 1094 4322 est
1122 4265 1186 4321 ad
1227 4275 1433 4337 tempus
1472 4266 1639 4321 factus
1668 4284 1681 4320 :
1713 4267 1849 4322 Deus
1874 4278 2049 4322 autem
2080 4283 2179 4323 no-

609 4370 720 4417 ster
743 4374 847 4416 non
873 4374 1079 4424 recens,
1114 4358 1205 4413 sed
1232 4358 1300 4413 ab
1328 4360 1619 4413 aeternitate
1646 4358 1697 4413 in
1720 4360 2088 4415 aeternitatem.
2117 4360 2182 4413 Et

608 4450 850 4509 Christus
897 4459 1076 4505 noster
1102 4464 1286 4505 recens
1315 4448 1450 4506 forte
1474 4449 1654 4517 homo,
1688 4452 1781 4507 sed
1827 4453 2181 4522 sempiternus

611 4541 769 4598 Deus.
800 4540 934 4609 Quid
954 4540 1095 4596 enim
1121 4548 1245 4597 ante
1272 4540 1619 4612 principium?
1647 4542 1715 4597 Et
1734 4544 1915 4614 utique
1941 4544 1994 4598 in
2026 4544 2179 4614 prin-

610 4632 748 4702 cipio
774 4637 889 4687 erat
922 4630 1168 4697 Verbum,
1192 4639 1246 4686 et
1291 4631 1518 4688 Verbum
1567 4640 1684 4687 erat
1722 4633 1861 4703 apud
1888 4634 2052 4690 Deum
2080 4677 2093 4701 ,
2127 4643 2183 4690 et

612 4725 751 4781 Deus
778 4732 890 4780 erat
919 4722 1153 4779 Verbum
1179 4731 1263 4779 :et
1286 4724 1397 4794 ipse
1422 4724 1667 4779 Christus
1694 4725 1714 4756 ³
1740 4735 1921 4781 noster
1951 4726 2179 4782 Verbum

609 4830 735 4874 caro
755 4816 970 4883 factum,
996 4813 1322 4871 uthabitaret
1349 4815 1400 4870 in
1427 4815 1580 4870 nobis
1603 4815 1784 4885 (Joan.
1806 4831 1842 4881 ι,
1863 4817 1913 4881 1,
1946 4818 2033 4887 14)
2051 4818 2182 4873 ,Αιιο

607 4907 680 4965 sit
706 4922 833 4979 ergo
858 4917 915 4963 ut
936 4906 1010 4962 sit
1028 4906 1081 4962 in
1098 4905 1275 4977 aliquo
1300 4905 1432 4961 deus
1455 4921 1640 4962 recens
1671 4924 1684 4960 :
1710 4907 1841 4964 deus
1869 4924 2075 4978 recens,
2094 4921 2182 4966 aut

606 5004 761 5074 lapis,
781 5011 871 5058 aut
895 5001 1203 5072 phantasma
1221 5009 1321 5056 est.
1337 4999 1452 5055 Non
1467 5008 1567 5067 est,
1591 5001 1777 5072 inquit,
1797 5001 1930 5073 lapis
1950 5022 1960 5057 :
1981 5019 2078 5074 ego
2094 5021 2183 5060 ar-

605 5101 852 5165 genteum
876 5093 1045 5147 habeo
1070 5099 1124 5149 et
1147 5106 1391 5147 aureum.
1418 5090 1606 5146 Merito
1637 5092 1747 5161 ipsa
1769 5095 1999 5163 pretiosa
2020 5098 2184 5153 voluit

604 5185 899 5248 nominare,
932 5184 1018 5254 qui
1045 5182 1206 5248 dixit,
1236 5182 1389 5237 Idola
1440 5181 1671 5237 Gentium
1695 5193 1954 5255 argentum
2000 5196 2046 5240 et
2090 5204 2185 5241 au—

603 5290 736 5329 rum.
754 5274 935 5346 Magna
960 5283 1102 5339 sunt,
1120 5274 1239 5345 quia
1257 5288 1415 5329 aurea
1436 5282 1489 5330 et
1512 5284 1759 5346 argentea
1779 5285 1934 5342 sunt;
1958 5278 2184 5346 pretiosa

604 5372 759 5433 sunt;
788 5364 961 5421 lucida
988 5374 1112 5421 sunt
1144 5383 1155 5418 :
1202 5363 1296 5420 sed
1324 5374 1497 5420 tamen
1536 5365 1719 5420 oculos
1755 5364 1969 5433 habent,
1997 5377 2050 5423 et
2078 5385 2182 5423 non

668 5517 687 5584 ξ
714 5515 902 5584 Aliquot
924 5520 1052 5574 Mss,
1072 5526 1165 5564 non
1187 5514 1224 5566 it
1241 5514 1292 5584 in
1315 5511 1497 5584 obviam
1516 5512 1720 5584 christo.

663 5582 684 5613 ι
714 5577 846 5637 ΕΜ..
879 5577 932 5641 in
962 5589 1211 5641 amurcam
1242 5577 1479 5641 incurrat.
1518 5582 1571 5624 At
1602 5590 1775 5628 omnes
1807 5585 1937 5641 Mss,
1976 5589 2142 5634 currat
2167 5600 2178 5634 ;

601 5648 651 5697 ει
676 5656 748 5711 ex_
773 5641 847 5711 ιιιε
866 5636 1047 5701 plures,
1070 5636 1119 5688 in
1145 5650 1376 5700 amurca;
1401 5637 1447 5688 id
1473 5644 1565 5699 est,
1596 5650 1703 5688 cum
1727 5636 2100 5695 amurca'currat
2120 5646 2182 5696 de

600 5704 848 5757 torculari.

664 5767 685 5798 ⁸
707 5768 781 5815 sic
807 5768 917 5812 In.
944 5768 996 5812 At
1019 5760 1153 5821 Edd.,
1179 5767 1311 5813 Deus

1814 324 1867 380 S.
1914 318 2276 379 AUGUSTINI
2317 321 2619 382 EPISCOPI

3702 342 3849 400 1011)

2269 434 2445 491 vident
2474 436 2641 506 (Psal.
2665 454 2808 507 exin,
2836 442 2888 508 4,
2917 443 3000 513 5).
3024 443 3288 503 Recentcs
3309 447 3361 503 hi
3387 448 3478 508 dii.
3502 451 3637 518 Quid
3658 469 3855 513 recen~

2267 526 2369 583 tius
2397 528 2499 584 deo
2522 544 2586 585 ex
2621 531 2875 588 ofﬁcina?
2898 533 3045 591 Licet
3073 538 3190 593 illos
3225 539 3333 609 jam
3361 552 3597 599 vetustos
3624 561 3854 605 aranea-

2265 635 2382 675 rum
2404 636 2582 678 casses
2607 626 2972 694 contexerint;
2999 630 3086 700 qui
3107 632 3418 701 sempiterni
3449 651 3555 691 non
3586 648 3730 705 sunt,
3754 654 3854 696 re-

2265 721 2448 767 centes
2471 724 2593 768 sunt
2636 732 2649 769 :
2680 717 2780 772 hoc
2820 718 2886 773 de
2925 719 3171 791 Paganis.
3215 722 3405 780 Nescio
3438 729 3556 797 quis
3580 730 3716 786 alius
3742 773 3756 799 ,
3789 730 3853 787 in

2266 801 2549 857 vanitatem
2575 806 2838 876 accipiens
2866 825 3057 866 nomen
3082 813 3292 870 Domini
3327 816 3422 873 Dei
3446 819 3545 885 sui,
3592 821 3716 876 fecit
3744 823 3854 878 sibi

2265 889 2532 983 Christum
2562 906 2857 954 creaturam
2879 941 2893 967 ,
2944 900 3213 960 Christum
3243 906 3500 977 imparem
3525 920 3579 966 et
3609 912 3851 983 inmquao

2269 979 2371 1036 lem
2398 988 2706 1053 generanti;
2737 988 2929 1046 Filium
2966 993 3057 1048 Dei
3089 996 3291 1063 dicens,
3324 1007 3376 1054 et
3401 999 3590 1055 Filium
3626 979 3855 1061 Dei-nc-

2267 1088 2418 1144 gans.
2446 1075 2501 1131 Si
2547 1079 2687 1133 enim
2712 1080 2879 1137 Filius
2904 1084 3089 1139 unicus
3115 1096 3214 1153 est,
3257 1088 3358 1145 hoc
3383 1091 3523 1160 quod
3562 1092 3714 1147 Pater
3741 1104 3853 1160 est,

2268 1174 2322 1220 et
2343 1165 2443 1221 hoc
2468 1178 2550 1223 est
2572 1185 2635 1224 ex
2670 1172 3001 1230 aeternitate:
3033 1184 3087 1231 tu
3114 1186 3289 1233 autem
3318 1182 3499 1237 nescio
3527 1184 3654 1253 quid
3702 1186 3857 1241 aliud

2269 1256 2511 1327 cogitasti
2534 1258 2586 1314 in
2612 1261 2774 1319 corde
2808 1272 2929 1330 tuo;
2959 1265 3114 1322 deum
3137 1279 3404 1326 recentem
3428 1274 3673 1341 posuisti.
3699 1276 3857 1332 Fecit

2269 1348 2369 1403 sibi
2389 1350 2523 1405 alius
2538 1351 2692 1407 deum
2714 1365 3033 1425 pugnantem
3049 1370 3229 1416 contra
3246 1373 3459 1432 gentem
3484 1367 3851 1437 tenebrarum,

2272 1442 2545 1499 timentem
2574 1461 2639 1500 ne
2665 1448 2959 1517 invadatur,
2992 1462 3318 1524 satagcntcm
3353 1473 3419 1513 ne
3437 1472 3854 1532 corrumpatur;

2270 1548 2336 1589 ex
2367 1544 2516 1605 parte
2547 1546 2723 1593 tamen
2754 1554 3084 1611 corruptum,
3125 1555 3181 1601 ιιι
3225 1559 3403 1617 posset
3428 1566 3547 1608 CSSC
3575 1562 3713 1609 totus
3741 1557 3858 1611 Sill-

2272 1640 2367 1680 vus
2393 1642 2406 1690 ;
2432 1627 2524 1681 sed
2553 1644 2659 1683 non
2702 1640 2860 1697 tetus,
2900 1634 3020 1703 quia
3061 1652 3123 1690 ex
3165 1647 3313 1707 parte
3340 1654 3639 1713 corruptus.
3687 1647 3861 1703 Mani-

2271 1715 2406 1773 chzei
2434 1718 2531 1773 ista
2558 1719 2773 1787 dicunt;
2819 1723 3016 1779 faciunt
3044 1726 3141 1782 sibi
3176 1737 3231 1784 et
3256 1730 3340 1785 isti
3369 1736 3421 1786 in
3451 1735 3615 1791 corde
3659 1752 3859 1793 recen-

2274 1814 2380 1863 tem
2405 1809 2582 1863 deum.
2604 1810 2716 1865 Non
2735 1821 2817 1867 est
2833 1814 2949 1869 talis
2970 1816 3108 1871 Deus
3133 1830 3333 1889 noster,
3357 1836 3462 1878 non
3484 1834 3565 1880 est
3585 1827 3702 1884 talis
3724 1844 3859 1902 por-

2275 1898 2348 1953 tio
2376 1907 2461 1955 tua
2481 1900 2643 1957 Iacob
2678 1920 2691 1956 :
2720 1904 2810 1959 sed
2839 1906 2927 1975 qui
2953 1906 3075 1963 fecit
3099 1910 3292 1966 etelum
3319 1922 3371 1968 et
3393 1925 3607 1983 terram,
3634 1898 3746 1988 ipse
3771 1932 3861 1978 est

2275 1990 2414 2047 Deus
2439 2000 2596 2058 tuus;
2622 1997 2711 2064 qui
2738 2012 2840 2052 non
2870 2008 2991 2070 eget
3016 2001 3193 2071 bonis,
3209 2005 3296 2074 qui
3326 2022 3429 2062 non
3460 2010 3605 2066 timet
3631 2025 3662 2065 a
3681 2014 3857 2070 malis.

2348 2083 2438 2138 14.
2469 2084 2616 2139 Multi
2644 2102 2772 2157 ergo
2802 2087 3037 2146 haeretici
3062 2108 3180 2148 cum
3206 2095 3431 2167 Paganis
3474 2101 3608 2155 alios
3637 2111 3691 2157 et
3718 2104 3859 2159 alios

2276 2172 2405 2229 deos
2425 2175 2525 2231 sibi
2567 2177 2667 2247 ipsi
2689 2179 2950 2247 fecerunt,
2973 2184 3105 2239 alios
3140 2196 3194 2241 et
3221 2188 3351 2244 alios
3383 2190 3513 2246 deos
3556 2195 3657 2249 sibi
3688 2196 3861 2254 ﬁnxe-

2277 2275 2436 2330 runt;
2469 2278 2521 2322 et
2550 2282 2641 2323 eos
2664 2271 2872 2327 etiamsi
2905 2289 3007 2329 non
3035 2275 3089 2330 in
3121 2279 3349 2348 templis,
3387 2292 3559 2338 tamen
3605 2287 3745 2356 quod
3773 2297 3861 2343 est

2277 2358 2429 2429 pejus
2450 2361 2502 2416 in
2525 2377 2621 2416 suo
2647 2364 2805 2418 corde
2828 2378 3135 2435 posuerunt,
3152 2378 3206 2425 et
3226 2369 3477 2427 falsorum
3497 2375 3861 2434 ridendorum-

2277 2464 2380 2519 que
2419 2451 2819 2509 simulacrorum
2862 2458 3053 2526 templa
3103 2458 3202 2529 ipsi
3245 2459 3367 2519 facti
3411 2473 3553 2519 sunt.
3616 2466 3861 2539 Magnum

2278 2554 2410 2610 opus
2439 2551 2538 2606 est,
2572 2544 2710 2599 intus
2734 2545 2848 2600 haec
2876 2546 3013 2602 idola
3044 2548 3323 2621 frangere;
3354 2562 3405 2608 ct
3428 2555 3604 2611 locum
3634 2558 3743 2613 Deo
3767 2561 3845 2613 vi-

2279 2633 2443 2698 venti,
2474 2649 2575 2690 non
2622 2638 2820 2692 recenti
2858 2641 3133 2697 mundare.
3176 2642 3375 2701 Omnes
3422 2650 3563 2703 enim
3600 2650 3681 2704 isti
3714 2652 3860 2709 aliud

2282 2732 2441 2793 atque
2482 2725 2622 2780 aliud
2678 2728 2990 2797 sentientes,
3033 2731 3167 2787 alios
3219 2743 3378 2805 atque
3430 2738 3563 2793 alios
3592 2739 3719 2797 deos
3761 2744 3861 2797 sibi

2281 2814 2574 2882 facientes,
2624 2817 2897 2891 ipsamque
2944 2820 3100 2878 ﬁdem
3154 2824 3383 2882 falsitate
3426 2829 3711 2895 variantes,
3776 2833 3862 2886 vi-

2281 2908 2474 2964 dentur
2500 2911 2813 2978 dissentire;
2854 2914 2946 2969 sed
2975 2930 3161 2971 omnes
3190 2932 3220 2972 a
3265 2920 3486 2974 terrenis
3530 2921 3863 2991 cogitationi-

2281 2999 2380 3054 bus
2407 3016 2512 3055 non
2541 3002 2817 3069 recedunt,
2864 3005 2916 3059 in
2946 3007 3170 3062 terrenis
3207 3009 3613 3078 cogitationibus
3638 3028 3862 3070 consen-

2283 3091 2419 3146 tiunt
2461 3092 2562 3148 sibi
2594 3112 2607 3147 :
2634 3095 2814 3164 opinio
2857 3096 3070 3153 diversa
3109 3108 3209 3164 est,
3250 3100 3455 3155 vanitas
3498 3118 3599 3157 una
3652 3113 3754 3160 est.
3787 3105 3862 3163 De

2282 3183 2388 3237 illis
2426 3184 2477 3239 in
2510 3185 2613 3239 alio
2642 3187 2848 3256 psalmo
2876 3188 3087 3256 dicitur,
3120 3189 3233 3260 Ipsi
3274 3191 3335 3244 de
3366 3193 3587 3249 vanitate
3610 3195 3663 3249 in
3703 3213 3860 3251 unum

2284 3275 2461 3348 (Psat.
2512 3294 2624 3345 ωιι,
2676 3280 2763 3351 10)
2794 3298 2806 3335 :
2837 3282 3076 3351 quamvis
3117 3283 3423 3353 opinionum
3467 3288 3721 3344 varietate
3750 3288 3860 3345 dis-

2289 3369 2532 3437 cordent,
2566 3370 2728 3425 simili
2780 3380 2953 3426 tamen
2983 3374 3213 3429 vanitate
3240 3375 3571 3446 colligantur.
3604 3379 3670 3434 Et
3695 3381 3863 3437 nostis

2281 3462 2404 3530 quia
2431 3463 2637 3517 vanitas
2676 3473 2820 3517 retro
2848 3472 2962 3527 est,
2994 3468 3261 3534 posterior
3303 3476 3385 3523 est
3431 3485 3443 3523 :
3480 3470 3600 3525 ideo
3626 3471 3715 3526 ille
3744 3488 3862 3542 qua:

2281 3563 2423 3608 retro
2453 3554 2666 3619 oblitus,
2696 3555 2843 3610 idest
2890 3557 3174 3611 vanitatem
3202 3558 3417 3626 oblitus,
3444 3560 3495 3614 in
3516 3576 3576 3615 ea
3603 3578 3721 3631 quae
3739 3572 3862 3619 ante

2282 3655 2424 3711 sunt,
2476 3645 2524 3700 id
2570 3654 2650 3701 est
2680 3646 2730 3700 in
2763 3646 3038 3701 veritatem
3088 3656 3356 3717 extentus,
3385 3652 3623 3720 sequitur
3663 3651 3729 3706 ad
3761 3654 3863 3723 pal-

2284 3752 2423 3791 mam
2451 3752 2694 3807 supernae
2722 3738 3013 3793 vocationis
3061 3740 3154 3795 Dei
3184 3740 3235 3794 in
3276 3741 3490 3796 Christo
3535 3743 3661 3798 Jesu
3691 3745 3707 3813 (
3735 3744 3861 3798 Plii-

2282 3829 2411 3900 lipp.
2442 3845 2516 3892 ιιι,
2548 3829 2635 3895 15,
2674 3829 2786 3900 14).
2823 3830 2960 3899 Ergo
2987 3830 3037 3884 in
3068 3830 3219 3901 pejus
3254 3831 3351 3886 sibi
3383 3832 3469 3886 isti
3498 3834 3861 3903 consentiunt,

2283 3920 2522 3989 quamvis
2542 3920 2823 3976 dissentire
2851 3935 2880 3973 a
2902 3936 2960 3975 se
2986 3921 3212 3978 invicem
3240 3922 3537 3979 vidcantur.
3564 3924 3687 3980 Ideo
3702 3925 3859 3981 Samo

2283 4026 2379 4066 son
2403 4011 2597 4067 caudas
2621 4012 2856 4082 vulpium
2896 4014 3163 4085 colligavit
3191 4014 3397 4085 (Judic.
3426 4033 3513 4083 xv,
3544 4019 3577 4072 4
3597 4018 3633 4082 ).
3671 4018 3863 4089 Vulpes

2284 4100 2585 4167 insidiosos,
2633 4105 2966 4174 maximeque
3005 4105 3287 4162 haereticos
3335 4108 3635 4177 signiﬁcant
3671 4108 3862 4174 ;dolo-

2283 4206 2391 4259 sos,
2426 4192 2809 4260 fraudulentos,
2851 4197 3154 4250 cavernosis
3198 4196 3526 4252 anfractibus
3554 4199 3778 4253 latentes
3808 4209 3863 4255 et

2283 4282 2628 4352 decipientea,
2651 4285 2814 4339 odore
2838 4286 2995 4339 etiam
3024 4295 3160 4340 tetro
3189 4295 3450 4355 patentes.
3484 4289 3679 4344 Contra
3703 4306 3861 4361 quem

2284 4373 2503 4430 odorem
2549 4374 2677 4429 dicit
2721 4375 3005 4444 Apostolus
3049 4395 3060 4430 :
3092 4375 3277 4431 Christi
3314 4377 3470 4432 bonus
3498 4380 3622 4433 odor
3650 4397 3823 4436 sumus
3844 4384 3861 4415 ι

2283 4466 2337 4520 in
2358 4466 2493 4519 omni
2520 4466 2627 4520 loco
2650 4464 2715 4537 (ll
2740 4464 2857 4520 Cor.
2899 4481 2955 4531 ιι,
2985 4466 3109 4539 15).
3145 4467 3264 4521 Ista:
3290 4468 3475 4538 vulpes
3500 4470 3864 4540 signiﬁcantur

2286 4558 2341 4613 in
2361 4558 2589 4614 Canticis
2615 4558 2965 4624 canticorum,
3006 4558 3095 4613 ubi
3118 4558 3308 4615 dicitur
3341 4577 3354 4613 :
3383 4560 3559 4629 Capite
3587 4562 3727 4617 nobis
3750 4564 3863 4617 vul-

2289 4668 2375 4719 pes
2404 4651 2632 4720 pusillas,
2684 4651 3071 4705 exterminantes
3095 4652 3262 4706 vineas
3281 4694 3296 4720 ,
3324 4652 3533 4707 latentes
3559 4655 3612 4707 in
3638 4654 3862 4709 cavernis

2288 4744 2521 4798 tortuosis
2555 4742 2722 4814 (Cant.
2747 4758 2803 4808 ll,
2840 4742 2951 4813 15).
2983 4741 3157 4813 Capite
3178 4744 3338 4812 nobis,
3358 4747 3658 4802 convincite
3678 4748 3861 4816 nobis;

2286 4838 2431 4906 capis
2456 4837 2595 4892 enim
2622 4852 2743 4891 eum
2769 4851 2926 4906 quem
2951 4835 3016 4891 de
3046 4836 3276 4893 falsitate
3318 4840 3610 4895 convincis.
3637 4838 3863 4894 Contra-

2286 4928 2584 4985 dicentibus
2608 4928 2837 4999 denique
2857 4929 3153 4998 vulpeculis
3180 4930 3425 4997 Domino,
3459 4941 3512 4987 et
3537 4931 3860 4996 dicentibus,

2289 5019 2354 5075 In
2381 5037 2483 5091 qua
2520 5029 2761 5091 potestate
2808 5019 2903 5074 ista
2931 5019 3057 5089 facis
3080 5021 3106 5074 ?
3148 5020 3465 5091 Respondete
3506 5023 3631 5075 mihi
3674 5032 3718 5076 et
3757 5038 3861 5089 vos,

2288 5112 2477 5182 inquit,
2508 5128 2664 5165 unum
2688 5127 2963 5167 sermonem
2992 5126 3011 5165 :
3034 5110 3326 5183 Baptismus
3350 5111 3568 5166 Joannis
3596 5114 3727 5166 unde
3752 5115 3866 5168 est!

2290 5204 2352 5258 de
2372 5203 2518 5270 caelo,
2545 5220 2610 5255 an
2645 5220 2707 5257 ea:
2734 5202 3058 5258 hominibus?
3101 5203 3300 5273 Vulpes
3344 5213 3521 5258 autem
3565 5205 3738 5259 solent
3768 5205 3863 5260 ha-

2281 5292 2416 5351 bere
2443 5295 2575 5350 tales
2606 5294 2824 5364 foveas,
2847 5305 2904 5350 ut
2937 5310 3001 5350 ex
3032 5310 3132 5350 una
3169 5304 3317 5364 parte
3339 5296 3555 5361 intrent,
3591 5306 3645 5352 et
3669 5313 3735 5352 ex
3764 5298 3863 5353 alia

2292 5395 2439 5456 parte
2468 5394 2661 5441 exeant
2688 5404 2701 5438 :
2731 5387 2796 5440 ad
2827 5396 3108 5457 utrumque
3147 5386 3384 5443 foramen
3415 5398 3598 5458 captor
3625 5390 3861 5459 vulpium

2293 5475 2426 5532 retia
2453 5476 2648 5545 posuit.
2679 5476 2844 5530 Dicite
2874 5476 3023 5544 mihi,
3052 5477 3114 5531 de
3150 5477 3274 5532 creto
3302 5489 3411 5545 est,
3448 5494 3514 5532 an
3543 5495 3605 5534 ea:
3642 5481 3859 5535 homini-

2292 5566 2429 5620 bus?
2462 5565 2708 5620 Sentiunt
2757 5566 2831 5620 illi
2862 5579 2980 5620 eum
3007 5581 3073 5622 ex
3121 5577 3343 5639 utraque
3388 5578 3536 5639 parte
3575 5570 3862 5627 tetendisse

2291 5655 2430 5711 unde
2458 5663 2700 5724 caperet;
2732 5663 2786 5709 et
2827 5655 2971 5710 aiunt
3009 5657 3147 5727 apud
3193 5672 3254 5713 se
3292 5677 3306 5714 :
3361 5657 3423 5713 Si
3454 5660 3748 5727 dixerimus,
3789 5661 3843 5716 in

2356 5769 2372 5798 ι
2395 5768 2475 5816 Hic
2497 5766 2684 5815 additur
2702 5767 2750 5817 in
2768 5767 2897 5829 Edd.,
2922 5776 3035 5831 Deo,
3052 5771 3178 5833 quod
3201 5782 3229 5821 ιι
3250 5779 3354 5823 Mss.
3369 5772 3524 5823 abest.

3862 2790 3871 2818 δ
