4132 6454
242 398 379 453 10M

235 510 463 581 quiunt,
510 508 588 563 De
622 509 786 573 ccelo;
816 507 1041 560 dicturus
1080 512 1148 558 est
1197 504 1359 571 nobis,
1394 505 1563 570 Quare
1588 519 1704 574 ergo
1750 518 1848 555 non

240 601 538 656 credidistis
564 601 589 653 ?
616 600 707 655 ille
736 599 877 654 enim
923 596 1288 652 testimonium
1313 595 1527 656 Christo
1555 594 1845 665 perhibuit.

242 693 311 748 Si
336 691 669 757 dixerimus,
700 688 779 743 De
810 698 983 755 terra;
1021 687 1217 759 lapidat
1250 704 1341 742 nos
1370 686 1609 758 populus,
1654 688 1774 757 quia
1800 696 1857 740 ut

241 785 560 856 prophetam
589 799 703 837 eum
732 784 938 838 habent.
969 782 1274 838 Seutientcs
1298 796 1424 853 ergo
1442 780 1541 836 hac
1564 792 1721 850 atque
1752 780 1853 836 hac

240 891 371 931 csse
416 875 563 931 unde
610 884 953 945 caperentur,
1008 873 1421 944 responderunt,
1475 873 1759 929 Nescimus.
1791 874 1859 930 Et

243 970 521 1025 Dominus
555 987 567 1021 :
603 967 714 1022 Nec
734 984 824 1037 ego
846 967 983 1022 vobis
1017 966 1127 1021 dico
1153 967 1322 1037 inqua
1342 974 1580 1036 potestate
1609 967 1706 1020 ista
1724 965 1857 1035 facio

244 1062 476 1133 (Matth.
502 1077 615 1129 xxi,
634 1059 845 1133 25-27).
870 1061 977 1116 Vos
993 1059 1165 1115 dicitis
1179 1074 1272 1115 vos
1294 1059 1501 1115 nescire
1522 1058 1661 1129 quod
1678 1059 1854 1123 scitis;

242 1168 352 1223 ego
383 1154 548 1209 vobis
562 1167 665 1208 non
684 1151 803 1207 dico
817 1151 960 1223 quod
979 1150 1217 1223 quzeritis
1250 1150 1406 1220 :quia
1436 1165 1501 1205 ex
1530 1149 1675 1203 nulla
1710 1158 1858 1217 parte

240 1247 403 1302 exire
421 1246 541 1301 ausi
555 1246 706 1314 estis,
731 1246 786 1299 in
806 1244 996 1300 vestris
1017 1243 1249 1299 tenebris
1262 1241 1613 1298 remansistis.
1630 1241 1846 1296 Obtem-

240 1352 514 1408 percmus
542 1351 669 1407 ergo
699 1345 752 1392 et
776 1349 895 1401 nos,
927 1336 971 1390 si
1002 1348 1306 1405 possumus,
1337 1332 1535 1388 dicenti
1564 1332 1726 1387 verbo
1764 1330 1857 1385 Dei

242 1429 435 1500 Capite
484 1430 628 1484 nobis
657 1428 828 1499 vulpes
852 1427 1082 1497 pusillas,
1113 1424 1495 1480 exterminantes
1529 1424 1696 1477 vineas
1724 1439 1741 1475 :
1791 1421 1860 1476 vi-

243 1522 481 1578 deamus
510 1522 555 1578 si
583 1530 636 1576 et
661 1534 760 1575 nos
784 1518 1039 1590 quasdam
1082 1516 1389 1587 vulpeculas
1429 1530 1620 1587 capere
1666 1527 1859 1585 possu-

243 1630 407 1679 mus;
441 1628 806 1685 proponamus
861 1612 929 1666 ad
971 1611 1207 1666 foramen
1260 1618 1563 1681 utrumque,
1624 1619 1680 1663 ut
1719 1606 1861 1662 unde

243 1708 442 1778 vulpes
480 1708 630 1762 exire
684 1705 945 1771 voluerit,
978 1704 1233 1774 capiatur.
1265 1702 1423 1757 Verbi
1468 1702 1656 1773 gratia,
1689 1700 1862 1756 mani-

246 1798 407 1853 chmo
430 1795 648 1852 facienti
676 1795 776 1851 sibi
800 1794 957 1850 deum
985 1801 1276 1861 recentem,
1306 1800 1359 1847 et
1394 1792 1447 1847 in
1470 1792 1629 1847 corde
1652 1806 1747 1847 suo
1775 1806 1860 1862 po.

244 1891 401 1946 neuti
428 1890 573 1961 quod
614 1903 718 1943 non
751 1897 851 1953 est,
874 1887 1114 1942 dicamus
1158 1894 1212 1941 et
1266 1885 1655 1955 interrogemus
1699 1899 1854 1939 eum:

244 1980 566 2037 Substantia
580 1979 674 2034 Dei
695 1977 1051 2047 corruptibilis
1065 1984 1165 2043 est,
1177 1992 1241 2030 an
1261 1973 1699 2045 incorruptibilis?
1715 1974 1860 2045 Elige

244 2071 401 2143 quod
430 2072 531 2137 vis,
555 2078 610 2126 et
637 2070 722 2126 exi
751 2085 851 2140 qua
884 2069 982 2134 vis,
1015 2067 1110 2122 sed
1141 2081 1247 2121 non
1273 2066 1511 2137 ell'ugies.
1540 2066 1594 2120 Si
1635 2065 1854 2129 dixeris,

246 2164 638 2235 Corruptibilis
663 2179 678 2228 ;
701 2178 804 2217 non
831 2176 859 2215 a
888 2162 1100 2231 pepulo,
1132 2158 1225 2214 sed
1248 2174 1277 2214 a
1305 2160 1473 2230 tcipso
1492 2158 1812 2229 lapidaberis
1840 2177 1852 2213 :

246 2259 291 2313 si
322 2264 507 2311 autem
557 2254 763 2309 dixeris
802 2251 1262 2321 incorruptibilem
1292 2251 1493 2313 Deum;
1523 2249 1847 2319 incorrupti-

250 2349 383 2404 bilis
433 2346 706 2419 quomodo
752 2346 924 2400 timuit
962 2353 1173 2414 gentem
1205 2342 1588 2398 tenebrarum?
1617 2342 1744 2413 quid
1774 2342 1852 2397 fa-

248 2450 404 2495 ctura
457 2448 573 2495 erat
626 2438 1011 2508 incorruptibili
1065 2451 1197 2506 gens
1240 2436 1641 2506 corruptionis?
1716 2435 1851 2503 Quid

249 2540 420 2588 restat
462 2532 561 2586 nisi
612 2539 673 2585 nt
696 2529 922 2593 dicatur,
957 2528 1267 2582 Nescimus?
1315 2526 1418 2582 Sed
1450 2536 1626 2582 tamen
1678 2526 1721 2583 si
1753 2526 1855 2582 hoc

249 2640 357 2681 non
404 2624 551 2691 dolo,
600 2622 693 2678 sed
741 2621 1033 2693 ignorantia
1074 2620 1289 2685 dicitur,
1331 2634 1436 2675 non
1496 2628 1770 2675 remaneat
1799 2620 1851 2675 in

251 2720 525 2777 tenebris:
556 2734 619 2773 ex
648 2718 803 2787 vulpe
830 2716 922 2771 fiat
972 2716 1104 2781 ovis,
1144 2714 1327 2769 credat
1366 2713 1638 2781 invisibili,
1673 2713 1851 2768 incor-

254 2810 495 2881 ruptibili
534 2808 631 2863 soli
674 2808 803 2871 Deo,
848 2821 954 2861 non
990 2806 1225 2870 recenti;
1260 2805 1381 2871 soli,
1414 2804 1481 2860 ab
1510 2819 1576 2859 eo
1602 2804 1742 2874 quod
1769 2814 1852 2859 est

254 2903 421 2968 solus,
462 2914 567 2955 non
590 2900 655 2955 ab
681 2915 747 2955 eo
764 2898 905 2970 quod
928 2906 1008 2953 est
1024 2898 1124 2964 sol,
1144 2912 1210 2951 ne
1229 2911 1324 2951 nos
1346 2897 1448 2967 ipsi
1472 2896 1610 2966 vulpi
1634 2896 1849 2967 fugienti

255 2994 412 3047 alium
457 3007 737 3047 cavernam
768 2991 1044 3061 aperuisse
1074 2988 1369 3044 videamur.
1401 2988 1712 3058 Quanquam
1752 3004 1850 3045 nec

258 3102 451 3141 nomen
501 3085 633 3139 solis
661 3082 1092 3137 formidahimus.
1142 3080 1239 3135 Est
1282 3079 1424 3135 enim
1476 3080 1526 3135 in
1559 3079 1848 3150 Scripturis

260 3176 451 3231 nostris
479 3194 492 3231 :
516 3174 612 3231 Sol
637 3174 872 3245 justitiaz,
902 3181 946 3227 et
964 3172 1155 3227 sanitas
1180 3171 1232 3224 in
1256 3171 1431 3241 pennis
1456 3171 1566 3240 eius
1594 3170 1844 3243 (Malach.

262 3283 329 3333 ιτ,
362 3266 457 3335 2).
508 3264 589 3320 Ab
626 3272 760 3318 :cstu
807 3263 936 3318 solis
980 3261 1139 3332 hujus
1164 3261 1350 3316 umbra
1400 3262 1712 3331 appetitur:
1746 3262 1847 3318 sub

263 3363 367 3418 alas
390 3370 568 3416 autem
601 3359 730 3414 solis
774 3358 932 3429 hujus
961 3357 1027 3412 ab
1048 3365 1180 3412 aestu
1214 3354 1448 3425 fugitur;
1478 3355 1678 3411 sanitas
1704 3355 1845 3410 enim

257 3455 306 3511 in
353 3454 543 3525 pennis
586 3451 724 3522 ejus.
771 3450 875 3506 Iste
901 3456 984 3505 est
1011 3448 1092 3504 sol
1117 3447 1185 3503 de
1222 3463 1325 3516 quo
1359 3447 1550 3503 dicturi
1581 3456 1705 3503 sunt
1736 3448 1838 3503 im-

251 3554 363 3623 pii:
398 3551 535 3623 Ergo
576 3551 852 3605 erravimus
892 3563 922 3599 a
962 3546 1041 3599 ria
1073 3544 1318 3609 veritatis,
1352 3552 1398 3597 et
1429 3542 1644 3614 justitia:
1674 3540 1847 3597 lumen

249 3662 356 3701 non
384 3645 511 3699 luxit
531 3642 695 3707 nobis,
724 3648 770 3694 et
801 3638 877 3693 sol
897 3654 996 3692 non
1026 3646 1097 3690 est
1123 3644 1262 3689 ortus
1286 3634 1426 3689 nobis
1454 3634 1471 3703 (
1497 3632 1705 3703 Sap.:v,
1749 3632 1842 3704 6).

250 3736 456 3793 Dicturi
486 3742 613 3789 sunt
640 3733 950 3788 adoratores
980 3730 1129 3793 solis,
1159 3727 1254 3783 Sol
1283 3744 1382 3781 non
1405 3738 1549 3781 ortus
1576 3734 1648 3780 est
1670 3724 1847 3792 nobis;

249 3830 379 3901 quia
398 3843 517 3883 cum
545 3826 773 3882 adorent
800 3824 966 3880 solem
994 3835 1151 3892 quem
1183 3819 1307 3875 facit
1336 3819 1466 3875 oriri
1492 3833 1654 3888 super
1674 3818 1845 3874 bonos

250 3930 308 3978 et
344 3920 515 3975 malos
544 3918 779 3989 (Matth.
822 3932 877 3983 v,
918 3914 1063 3983 .15),
1094 3929 1201 3968 non
1243 3920 1326 3968 est
1353 3912 1432 3967 eis
1477 3922 1625 3967 ortus
1654 3911 1733 3967 sol
1759 3910 1847 3981 qui

253 4013 403 4068 solos
428 4011 695 4065 illuminat
738 4010 928 4065 bonos.
974 4005 1198 4061 Faciunt
1223 4004 1321 4059 sibi
1353 4018 1481 4075 ergo
1507 4003 1635 4059 deos
1661 4017 1847 4058 recen-

258 4118 344 4160 tes
371 4102 569 4175 quique
619 4102 799 4171 quales
829 4101 1013 4155 volunt
1042 4118 1054 4153 :
1088 4097 1211 4169 quid
1238 4096 1381 4151 enim
1426 4095 1646 4165 impedit
1690 4093 1849 4149 offici-

258 4211 382 4251 nam
412 4194 624 4263 decepti
650 4192 828 4248 cordis
856 4190 1118 4245 fabricare
1140 4187 1457 4258 phantasma
1487 4184 1641 4255 quale
1668 4184 1849 4240 volue-
1908 4258 1917 4275 VA

260 4288 369 4343 rit?
397 4285 505 4343 Sed
548 4299 736 4339 omnes
789 4282 841 4338 hi
881 4283 932 4337 in
976 4278 1363 4351 posterioribus
1394 4276 1749 4341 consentiunt,
1797 4275 1847 4330 id

262 4388 359 4445 est,
388 4377 547 4433 simili
575 4376 811 4432 vanitate
837 4374 1164 4429 detinentur.
1197 4369 1347 4425 Unde
1386 4370 1613 4424 Samson
1639 4375 1843 4434 noster,

262 4472 347 4541 qui
377 4471 536 4525 etiam
583 4468 969 4537 interpretatur
1000 4464 1091 4520 Sol
1123 4464 1382 4536 ipsorum,
1429 4476 1613 4517 eorum
1642 4460 1848 4515 scilicet

264 4563 450 4634 quibus
494 4563 669 4625 lucet;
724 4576 834 4615 non
877 4558 1150 4623 omnium,
1191 4555 1347 4611 sicuti
1377 4562 1460 4609 est
1484 4552 1663 4608 oriens
1689 4567 1848 4623 super

269 4655 431 4709 bonos
452 4663 506 4709 ct
534 4652 727 4717 malos,
759 4650 854 4706 sed
883 4651 961 4704 sol
991 4646 1366 4719 quorumdam,
1398 4646 1479 4700 sol
1498 4643 1719 4715 justitize
1745 4642 1839 4715 (li-

272 4762 451 4817 guram
491 4746 631 4801 enim
674 4743 904 4799 habebat
947 4741 1220 4811 Christi),
1252 4738 1539 4809 colligavit,
1585 4745 1645 4791 ut
1671 4735 1849 4790 dicere

272 4852 558 4907 creperum,
604 4834 801 4891 caudas
827 4834 1062 4903 vulpium
1095 4875 1109 4899 ,
1142 4840 1196 4887 et
1243 4830 1315 4885 ibi
1361 4829 1535 4899 ignem
1583 4825 1845 4897 alligavit;

270 4932 441 5000 ignem
471 4926 537 4982 ad
580 4925 993 4992 incendendum,
1027 4924 1120 4979 sed
1167 4936 1371 4977 messes
1408 4920 1845 4989 alienigenarum.

269 5022 496 5077 Proinde
518 5020 654 5075 tales
676 5018 1073 5074 consentientes
1095 5017 1144 5070 in
1177 5013 1574 5086 posterioribus,
1600 5020 1847 5082 tanquam

268 5111 443 5167 caudis
462 5110 715 5180 colligati,
732 5109 945 5164 trahunt
966 5108 1137 5179 ignem
1151 5113 1611 5175 corrumpentem;
1635 5102 1725 5158 sed
1743 5117 1847 5157 non

270 5202 558 5258 incendunt
602 5210 903 5256 nostrorum
954 5208 1180 5270 segetes.
1228 5216 1245 5248 ι
1281 5196 1440 5252 Νονίι
1475 5215 1492 5247 ι
1518 5194 1661 5249 enim
1692 5212 1711 5246 ι
1746 5193 1849 5249 Do-

271 5296 437 5349 minus
477 5294 565 5364 qui
594 5302 719 5348 sunt
754 5292 905 5362 ejus;
934 5299 987 5346 et
1016 5289 1231 5345 recedat
1259 5290 1325 5344 ab
1350 5288 1625 5358 iniquitate
1674 5286 1848 5342 omnis

270 5386 352 5455 qui
381 5386 805 5439 invocatnomen
834 5383 1061 5438 Domini.
1086 5382 1142 5435 In
1162 5395 1351 5451 magna
1370 5386 1544 5434 autem
1562 5378 1723 5433 domo
1742 5392 1846 5431 non

274 5476 435 5532 solum
464 5486 590 5532 sunt
613 5492 737 5531 vasa
765 5491 924 5531 aurea
945 5484 1001 5530 et
1039 5481 1287 5544 argentea
1314 5514 1328 5539 ,
1372 5471 1466 5527 sed
1512 5480 1567 5526 et
1594 5470 1765 5541 lignea
1792 5478 1845 5525 et

279 5566 445 5621 fictilia
472 5586 486 5622 :
511 5576 567 5623 et
585 5568 689 5622 alia
715 5567 927 5638 quidem
966 5573 1091 5621 sunt
1114 5566 1166 5619 in
1195 5564 1473 5629 honorem,
1518 5562 1619 5616 alia
1648 5576 1772 5616 vero
1795 5561 1846 5615 in

280 5660 659 5716 contumeliam.
690 5660 744 5716 Si
774 5660 891 5729 quis
913 5668 1087 5715 autem
1132 5655 1468 5711 mundaverit
1494 5670 1550 5711 se
1576 5655 1642 5710 ab
1663 5654 1847 5725 hujus-

283 5750 434 5814 modi.
472 5752 577 5807 erit
617 5765 712 5805 vas
750 5751 804 5805 in
836 5750 1113 5813 honorem,
1143 5750 1271 5803 utile
1302 5747 1543 5812 Domino,
1595 5746 1659 5801 ad
1690 5760 1847 5801 omne

282 5856 404 5913 opus
425 5840 621 5899 bonum
654 5851 895 5912 paratum
934 5862 950 5893 ι
987 5840 1056 5913 (ll
1085 5840 1216 5895 Tim.
1247 5856 1313 5906 ιι,
1352 5839 1509 5895 1931
1541 5838 1557 5909 )
1585 5856 1598 5905 ;
1629 5848 1681 5893 et
1724 5837 1843 5892 ideo

1326 391 1723 446 ENARRATIO
1764 390 1828 445 IN
1873 392 2200 450 PSALMUM
2259 395 2475 452 LXXX.

3404 398 3542 454 1042

1962 521 2060 561 nec
2102 506 2302 563 caudas
2342 508 2606 579 vulpium,
2652 522 2749 564 nec
2812 507 2955 566 faces
2999 510 3234 583 vulpium
3286 513 3550 583 pertime-

1960 606 2092 653 scel.
2112 598 2220 654 Sed
2264 599 2533 655 videamus
2558 599 2626 657 de
2677 601 2871 672 populo
2913 601 3018 657 isto
3052 619 3064 655 :
3094 601 3156 659 Si
3194 619 3270 658 me
3306 603 3544 671 audieris,

1962 688 2169 759 inquit,
2219 705 2319 743 non
2364 689 2457 745 erit
2508 690 2559 743 in
2588 699 2634 743 te
2665 691 2788 746 dem
2821 707 3012 746 recens.
3056 692 3232 748 Movet
3254 708 3340 749 me
3362 735 3378 763 ,
3406 696 3549 766 quod

1962 782 2099 849 dixi,
2144 783 2195 836 in
2230 791 2277 836 te
2304 798 2322 837 :
2350 798 2454 837 non
2484 783 2625 839 enim
2653 782 2801 851 dixit,
2832 784 2871 838 A
2901 794 2952 841 te
2972 824 2987 851 ,
3021 784 3170 856 quasi
3208 786 3549 843 simulacrum

1963 876 2257 932 forinsecus
2283 877 2572 932 adhibitum
2592 894 2605 943 ;
2625 876 2739 943 sed,
2765 877 2817 932 in
2844 885 2908 945 te,
2928 878 2982 933 in
3006 878 3166 935 corde
3194 887 3304 945 tuo,
3335 880 3387 935 in
3412 880 3547 935 ima-

1962 971 2084 1040 gine
2110 969 2492 1039 phantasmatis
2519 968 2616 1036 tui,
2643 969 2693 1022 in
2724 967 3040 1039 deceptione
3065 969 3262 1025 erroris
3282 970 3355 1024 tui
3374 978 3547 1026 tecum

1966 1060 2202 1131 portabis
2230 1060 2385 1115 deum
2410 1070 2554 1114 tuum
2587 1068 2878 1128 recentem,
2906 1074 3190 1116 remanens
3208 1068 3466 1116 vetustus.
3487 1059 3549 1118 Si

1963 1167 2091 1223 ergo
2116 1169 2192 1206 me
2232 1152 2489 1217 audieris;
2514 1167 2610 1217 me,
2656 1150 2851 1221 inquit,
2880 1149 3002 1221 quia
3032 1164 3131 1222 ego
3158 1165 3272 1206 sum
3302 1151 3391 1221 qui
3428 1165 3546 1207 sum

1964 1245 1981 1311 (
2004 1243 2166 1297 Exod.
2198 1240 2372 1314 111,14)
2396 1261 2409 1311 ;
2437 1258 2535 1297 non
2562 1242 2653 1296 erit
2679 1242 2729 1295 in
2756 1250 2803 1296 te
2824 1242 2945 1297 deus
2973 1257 3171 1307 recens,
3203 1258 3292 1296 nec
3312 1242 3547 1298 adorabis

1964 1335 2109 1388 deum
2140 1334 2379 1388 alienum.
2404 1332 2459 1389 Si
2482 1333 2622 1389 enim
2650 1332 2700 1387 in
2721 1342 2770 1389 te
2783 1348 2887 1389 non
2912 1333 3000 1401 sit,
3028 1350 3128 1388 non
3145 1332 3377 1388 adorabis
3397 1334 3545 1388 deum

1962 1428 2183 1481 alienum
2217 1426 2314 1482 :Si
2345 1435 2398 1481 tu
2419 1442 2522 1481 non
2556 1426 2753 1497 cogites
2778 1425 2935 1481 deum
2972 1424 3184 1493 falsum,
3212 1439 3317 1481 non
3360 1425 3547 1481 adora-

1964 1519 2045 1574 bis
2073 1520 2230 1574 dcum
2264 1518 2600 1584 fabricatum;
2631 1534 2731 1572 non
2751 1518 2887 1573 enim
2912 1517 3003 1571 erit
3030 1517 3083 1571 in
3104 1526 3152 1572 te
3188 1517 3308 1572 deus
3330 1533 3519 1573 recens.

2036 1614 2122 1670 15.
2152 1611 2303 1686 [vers.
2328 1612 2441 1687 11.]
2467 1613 2577 1685 Ego
2597 1613 2729 1667 enim
2752 1628 2884 1666 sum.
2902 1610 3041 1680 Quid
3058 1612 3136 1668 vis
3157 1611 3383 1667 adorare
3401 1611 3545 1683 quod

1964 1720 2069 1760 non
2093 1706 2210 1760 est?
2236 1704 2347 1777 Ego
2373 1707 2503 1760 enim
2530 1722 2641 1759 sum
2669 1703 2919 1759 Dominus
2944 1701 3082 1761 Deus
3122 1711 3235 1757 tuus
3263 1718 3281 1757 :
3303 1702 3425 1774 quia
3445 1717 3547 1775 ego

1964 1812 2079 1853 sum
2096 1799 2183 1872 qui
2201 1814 2337 1853 sum.
2361 1799 2539 1870 Etego
2559 1797 2771 1869 quidem
2788 1812 2927 1865 sum,
2943 1796 3227 1867 inquit,qui
3242 1810 3363 1852 sum
3385 1810 3547 1867 super

1964 1906 2176 1945 omnem
2203 1900 2497 1946 creaturam
2527 1910 2538 1945 :
2570 1890 2661 1945 tibi
2682 1898 2857 1945 tamen
2876 1888 3239 1958 temporaliter
3262 1886 3387 1958 quid
3407 1901 3547 1958 prte-

1962 1982 2109 2037 sliti?
2136 1981 2235 2048 Qui
2258 1982 2408 2036 eduxi
2437 1993 2482 2037 te
2523 1982 2585 2035 de
2619 1992 2750 2036 terra
2782 1980 3019 2052 Egypti.
3070 1978 3186 2035 Non
3225 1979 3299 2034 illi
3331 1986 3534 2034 tantum

1963 2076 2158 2145 populo
2205 2073 2397 2129 dicitur
2427 2091 2439 2127 :
2470 2088 2658 2129 omnes
2690 2073 2832 2129 enim
2871 2071 3046 2129 educti
3098 2086 3280 2127 sumus
3309 2070 3377 2126 de
3401 2079 3542 2127 terra

1962 2167 2198 2239 Egypti,
2239 2183 2426 2224 omnes
2467 2183 2563 2238 per
2586 2182 2733 2223 mare
2760 2165 2999 2222 Rubrum
3036 2164 3395 2232 transivimus,
3436 2162 3540 2218 ini-

1961 2261 2085 2315 mici
2110 2261 2278 2316 nostri
2311 2269 2688 2331 persequentes
2718 2274 2815 2316 nos
2850 2260 2901 2314 in
2944 2273 3080 2329 aqua
3106 2256 3395 2328 perierunt.
3422 2256 3539 2312 Non

1960 2352 2125 2408 simus
2172 2353 2363 2423 ingrati
2407 2353 2517 2408 Deo
2546 2362 2770 2419 nostro;
2820 2368 2924 2407 non
2965 2350 3345 2407 obliviscamur
3375 2350 3539 2405 Deum

1958 2452 2280 2505 manentem.
2320 2451 2373 2499 et
2401 2444 2717 2500 fabricemus
2758 2445 2811 2499 in
2855 2442 3007 2498 nobis
3032 2442 3192 2497 deum
3234 2449 3529 2496 recentem.

1961 2534 2061 2601 Qui
2084 2535 2236 2591 eduxi
2274 2545 2321 2591 te
2364 2537 2425 2590 de
2455 2545 2589 2591 terra
2614 2536 2834 2608 Egypti
2859 2552 2876 2589 :
2910 2534 3142 2604 loquitur
3172 2532 3330 2587 Deus.
3364 2531 3540 2587 Dilata

1956 2643 2011 2680 os
2038 2636 2193 2693 tuum,
2229 2636 2273 2681 et
2316 2628 2602 2698 adimplebo
2641 2628 2789 2681 illud.
2834 2627 3117 2697 Angustias
3165 2628 3364 2699 pateris
3406 2629 3459 2684 in
3486 2638 3538 2685 te

1956 2725 2171 2788 propter
2222 2718 2378 2773 deum
2422 2727 2692 2774 recentem
2738 2718 3083 2775 constitutum
3115 2719 3167 2773 in
3213 2720 3377 2775 corde
3415 2727 3537 2786 tuo;

1956 2810 2139 2882 frange
2189 2826 2382 2867 vanum
2438 2810 2819 2877 simulacrum,
2876 2811 3047 2881 dejice
3098 2811 3165 2867 de
3215 2812 3539 2868 conscientia

1954 2912 2042 2957 tua
2096 2903 2276 2958 ﬁctum
2328 2903 2525 2959 idolum
2582 2922 2594 2956 :
2662 2904 2822 2958 dilata
2877 2921 2933 2959 os
2994 2914 3154 2972 tuum,
3212 2904 3533 2974 conﬁtendo,

1952 2997 2217 3063 amando;
2256 3006 2303 3053 et
2340 2997 2623 3067 adimplebo
2666 2997 2815 3065 illud,
2847 2997 3097 3069 quoniam
3130 2997 3271 3068 apud
3307 3012 3393 3053 me
3418 2997 3539 3055 fons

1951 3088 2090 3143 vitm.
2126 3088 2293 3160 (Ρδαι.
2317 3104 2481 3156 xxxv,
2509 3087 2623 3160 10).

2022 3180 2107 3236 16.
2134 3179 2281 3253 [vers.
2308 3180 2418 3253 12.]
2444 3181 2553 3235 lloc
2579 3180 2789 3251 quidem
2817 3180 2942 3236 dicit
2964 3180 3253 3247 Dominus;
3285 3179 3378 3237 sed
3402 3181 3528 3253 quid

1952 3272 2229 3343 sequitur?
2260 3272 2323 3326 Et
2349 3289 2448 3326 non
2476 3271 2729 3326 obaudivit
2755 3272 2970 3343 populus
2992 3289 3131 3328 meus
3157 3288 3323 3327 uocem
3349 3289 3531 3330 meam.

1950 3362 2066 3418 Non
2095 3363 2235 3418 enim
2287 3363 2595 3441 loqueretur
2637 3364 2735 3418 ista
2760 3405 2773 3429 ,
2805 3364 2903 3417 nisi
2935 3362 3132 3435 populo
3160 3377 3258 3419 suo
3286 3381 3302 3416 :
3335 3363 3533 3420 scimus

1950 3454 2091 3510 enim
2138 3454 2260 3524 quia
2307 3469 2653 3525 quarcumque
2698 3454 2805 3509 Lex
2852 3453 2998 3522 dicit,
3049 3453 3133 3510 his
3177 3454 3264 3524 qui
3308 3454 3359 3508 in
3391 3453 3534 3524 Lege

1952 3554 2074 3600 sunt
2118 3545 2246 3601 dicit
2290 3544 2467 3616 (Rom.
2498 3562 2573 3613 ιιι,
2604 3544 2711 3618 19).
2764 3545 2829 3601 Et
2876 3562 2976 3601 non
3021 3545 3273 3600 obaudivit
3316 3545 3533 3617 papulas

1952 3652 2089 3689 meus
2117 3652 2282 3689 vocem
2309 3651 2506 3701 meam;
2544 3646 2589 3691 et
2616 3635 2779 3692 Israel
2814 3652 2915 3692 non
2952 3638 3161 3692 intendit
3188 3638 3329 3692 mihi.
3360 3638 3533 3704 Quis?

1950 3729 2075 3785 cui?
2106 3728 2269 3784 Israel
2297 3729 2439 3783 milii.
2472 3730 2515 3785 Ο
2547 3731 2749 3801 ingrata
2778 3728 2989 3784 anima!
3032 3745 3128 3800 per
3157 3744 3243 3785 me
3273 3730 3467 3795 anima,
3500 3745 3529 3783 a

1951 3835 2038 3876 me
2063 3829 2246 3875 vocata
2273 3820 2468 3887 anima,
2496 3836 2525 3874 a
2555 3836 2641 3876 me
2666 3821 2718 3875 in
2740 3835 2890 3891 spem
2914 3820 3154 3886 reducta,
3184 3835 3213 3874 a
3238 3836 3322 3874 me
3351 3836 3379 3874 a
3407 3835 3533 3895 pee-

1952 3911 2084 3967 catis
2110 3911 2288 3967 abluta
2320 3928 2331 3964 :
2362 3911 2427 3965 Et
2456 3911 2749 3966 Israel‘non
2777 3912 2988 3965 intendit
3017 3912 3159 3965 mihi.
3193 3912 3530 3980 Baptizantur

1952 4002 2091 4057 enim
2109 4012 2162 4058 et
2190 4010 2465 4057 transeunt
2490 4018 2584 4071 per
2611 4017 2754 4057 mare
2778 4002 3050 4066 Rubrum;
3085 4000 3177 4057 sed
3201 4001 3252 4055 in
3271 4002 3353 4056 via
3380 4017 3527 4055 mur-

1954 4101 2191 4158 murant,
2242 4092 2653 4157 contradicunt,
2698 4099 3129 4161 conqueruntur,
3178 4090 3529 4147 seditionibus

1951 4184 2365 4249 Conturbantur,
2412 4183 2598 4254 ingrati
2629 4183 2677 4237 ei
2705 4183 2793 4253 qui
2839 4182 3079 4237 liberavit
3103 4198 3131 4237 a
3161 4184 3527 4254 persequenti-

1952 4276 2054 4331 bus
2084 4276 2359 4343 hostibus,
2391 4276 2481 4346 qui
2523 4274 2667 4331 ducit
2697 4290 2792 4345 per
2838 4274 3071 4341 siccum,
3122 4290 3215 4345 per
3267 4290 3526 4339 eremum,

1952 4384 2072 4424 cum
2118 4368 2238 4423 cibo
2286 4377 2461 4423 tamen
2490 4377 2544 4423 ct
2574 4376 2734 4436 potu,
2782 4382 2901 4422 cum
2944 4367 3143 4422 lumine
3189 4377 3448 4423 nocturno
3476 4377 3531 4422 et

1954 4461 2259 4517 umbraculo
2283 4461 2474 4515 diurno
2506 4478 2518 4513 :
2552 4459 2619 4514 Et
2647 4459 2811 4514 Israel
2835 4476 2935 4513 non
2962 4460 3175 4515 intendit
3208 4460 3349 4514 mihi.

2023 4553 2110 4607 17.
2150 4549 2448 4624 [vers.15.]
2490 4550 2556 4605 Et
2595 4551 2762 4605 dimisi
2803 4567 2886 4605 eos
2928 4551 3203 4606 secundum
3242 4549 3529 4618 affectiones

1953 4642 2119 4696 cordis
2144 4657 2336 4695 eorum.
2380 4639 2521 4696 Ecce
2566 4640 2839 4696 torcular:
2871 4650 3054 4711 aperta
3094 4648 3219 4695 sunt
3245 4640 3526 4707 foramina,

1953 4732 2118 4788 currit
2141 4746 2377 4787 amurca.
2410 4730 2478 4785 Et
2508 4730 2676 4785 dimisi
2704 4747 2787 4786 eos
2807 4772 2820 4794 ,
2852 4744 2957 4786 non
2986 4729 3277 4787 secundum
3305 4731 3527 4787 salutem

1954 4832 2337 4895 praeceptorum
2395 4837 2685 4887 meorum;
2738 4821 2871 4888 sed,
2920 4822 3192 4876 secundum
3242 4820 3531 4888 a/fectiones

1952 4918 2117 4971 cordis
2160 4932 2330 4970 eorum
2360 4932 2379 4970 :
2418 4914 2611 4970 donavi
2654 4929 2747 4971 eos
2791 4914 2911 4969 sibi.
2960 4914 3093 4969 Dicit
3121 4922 3177 4969 et
3201 4914 3527 4983 Apostolus:

1953 5007 2186 5061 Tradidit
2212 5006 2324 5061 illos
2346 5005 2482 5061 Deus
2502 5007 2554 5060 in
2579 5005 3007 5074 concupiscentias
3031 5004 3196 5059 cordis
3220 5020 3389 5058 eorum
3416 5003 3527 5077 (Id.

1952 5116 1999 5167 ι,
2025 5100 2095 5154 24
2113 5100 2151 5170 ).
2187 5098 2366 5154 Dimisi
2402 5116 2483 5153 eos
2512 5098 2781 5154 secundum
2811 5095 3096 5164 aﬂ‘ectiones
3124 5096 3289 5151 cordis
3316 5110 3488 5152 eorum
3512 5115 3533 5163 ;

1952 5192 2093 5245 ibunt
2134 5191 2187 5244 in
2215 5189 2560 5257 aﬂ'ectionibus
2589 5189 2711 5244 suis.
2745 5187 2872 5242 Inde
2898 5195 2983 5243 est
3009 5187 3148 5258 quod
3181 5187 3407 5245 horretis
3439 5207 3451 5243 :
3486 5191 3533 5245 si

1955 5291 2129 5338 tamen
2172 5280 2476 5353 eliquamini
2520 5280 2571 5334 in
2614 5277 2918 5349 gemellaria
2960 5277 3269 5336 abscondita
3299 5280 3530 5348 Domini,

1952 5372 1996 5427 si
2040 5380 2214 5426 tamen
2258 5371 2541 5441 apothecas
2583 5369 2701 5439 ejus
2745 5368 3050 5437 adamastis,
3099 5371 3222 5428 inde
3268 5379 3350 5427 est
3391 5374 3533 5441 quod

1956 5464 2203 5520 horretis.
2236 5463 2339 5518 Alii
2370 5461 2662 5518 defendunt
2690 5464 2907 5531 circum,
2941 5464 3030 5519 alii
3060 5464 3530 5535 amphitheatrum,

1954 5556 2043 5611 alii
2072 5569 2223 5611 casas
2252 5555 2305 5609 in
2335 5554 2463 5610 vicis
2485 5595 2498 5619 ,
2527 5554 2615 5609 alii
2654 5554 2862 5611 theatra
2884 5596 2899 5623 ,
2930 5556 3015 5610 alii
3048 5555 3179 5611 illud
3198 5596 3213 5621 ,
3244 5556 3332 5610 alii
3362 5554 3490 5612 illud
3518 5576 3531 5620 ;

1953 5648 2042 5703 alii
2090 5655 2358 5718 postremo
2403 5646 2533 5704 deos
2575 5657 2817 5704 recentes
2847 5662 2970 5702 suos
3003 5664 3014 5700 :
3044 5645 3196 5700 Ibunt
3223 5646 3275 5700 in
3304 5644 3533 5713 affectio-

1954 5741 2096 5794 nibus
2122 5740 2244 5794 suis.

2034 5834 2117 5890 l8.
2145 5830 2310 5905 [πη.
2342 5835 2427 5901 1-1,
2461 5833 2569 5904 15.]
2601 5834 2660 5889 Si
2687 5833 2822 5905 plebs
2852 5849 2960 5887 mea
2989 5833 3208 5887 audisset
3240 5850 3317 5888 me
3334 5851 3353 5897 ;
3383 5831 3545 5903 Isi-aq
