4132 6458
608 406 626 457 1
637 402 741 457 043

603 520 645 571 si
684 516 739 569 in
774 514 865 569 viis
910 514 1030 568 meis
1074 513 1398 567 ambulasset.
1448 509 1583 565 Dicit
1629 509 1769 565 enim
1816 507 2038 561 fortasse
2084 506 2181 559 iste

607 605 788 671 Israel,
822 604 957 660 Ecce
984 618 1165 674 pecco,
1197 601 1533 657 manifestum
1562 610 1642 655 est
1667 616 1681 665 ;
1711 614 1777 655 eo
1810 606 1926 668 post
1951 596 2183 650 affectio-

606 714 699 754 nes
728 696 903 752 cordis
931 697 1035 751 mei
1067 713 1078 747 :
1112 695 1203 750 sed
1230 693 1353 765 quid
1394 691 1570 747 facio?
1619 690 1870 746 Diabolus
1894 687 1997 742 hoc
2037 686 2179 752 facit,

607 791 875 845 dazmoncs
906 790 1005 844 hoc
1049 789 1265 844 faciunt.
1316 786 1453 854 Quid
1500 795 1582 841 est
1618 783 1900 839 diabolus?
1944 782 2031 852 qui
2061 788 2184 834 sunt

603 881 917 938 daemones?
963 880 1118 935 Certe
1164 878 1360 933 inimici
1412 877 1507 931 tui.
1555 875 1717 929 Israel
1756 876 1799 930 si
1843 874 1894 926 in
1924 874 2017 927 viis
2060 872 2183 925 meis

601 975 943 1034 ambulasset;
981 974 1031 1026 in
1077 970 1289 1024 nihilum
1333 986 1503 1022 onmes
1544 968 1771 1021 inimicos
1809 981 1979 1019 eorum
2017 964 2183 1017 humi-

600 1066 817 1119 liussem.
846 1062 1009 1131 Ergo,
1044 1062 1102 1115 Si
1132 1060 1267 1130 plebs
1294 1076 1401 1112 mea
1420 1100 1435 1124 ,
1460 1058 1680 1111 audisset
1706 1073 1783 1109 me
1806 1072 1822 1108 :
1848 1070 2009 1125 quare
2035 1054 2177 1108 enim

598 1150 743 1219 mea,
775 1154 819 1206 si
864 1169 965 1206 ron
998 1151 1141 1204 audit
1186 1150 1313 1205 me?
1362 1149 1423 1204 Si
1464 1149 1600 1217 plebs
1643 1164 1772 1214 mea,
1816 1147 2035 1199 audisset
2079 1162 2173 1199 me.

599 1247 735 1315 Quid
764 1256 864 1311 est,
908 1244 1043 1314 plebs
1072 1244 1221 1298 mea?
1267 1243 1449 1297 Israel.
1493 1242 1627 1310 Quid
1654 1250 1766 1307 est,
1796 1240 2014 1293 audisset
2055 1239 2179 1291 me?

603 1339 664 1395 Si
689 1340 740 1392 in
766 1338 857 1391 viis
885 1338 1003 1391 meis
1029 1336 1347 1390 ambulasset.
1385 1335 1653 1401 Queritur,
1682 1342 1736 1389 et
1768 1332 1932 1403 gemit
1955 1331 2053 1386 sub
2081 1332 2178 1385 iui-

596 1430 750 1484 micis
774 1448 785 1482 :
812 1427 877 1483 In
899 1428 1110 1481 nihilum
1137 1427 1364 1480 inimicos
1385 1443 1555 1480 eorum
1581 1424 1941 1491 humiliassem,
1966 1432 2009 1477 et
2029 1439 2178 1494 super

595 1520 887 1575 tribnlcntes
916 1535 998 1573 eos
1024 1518 1267 1572 misissem
1289 1533 1493 1571 manum
1532 1533 1711 1569 meam.

666 1612 753 1668 l9.
786 1610 935 1685 [vers.
966 1609 1077 1682 16.]
1106 1611 1253 1665 Nunc
1274 1624 1402 1665 vero
1431 1609 1554 1679 quid
1582 1616 1876 1679 queruntur
1903 1606 1970 1662 de
1996 1605 2175 1659 inimi-

594 1706 714 1761 cis?
744 1706 844 1775 ipsi
880 1704 998 1760 facti
1030 1714 1151 1758 sunt
1182 1704 1389 1774 pejores
1413 1701 1631 1757 inimici.
1678 1699 1956 1769 Quomodo
1988 1697 2175 1754 enim?

592 1798 717 1870 quid
745 1797 1022 1867 sequitur?
1055 1796 1127 1850 De
1150 1796 1376 1849 inimicis
1402 1793 1717 1865 querimini;
1748 1807 1841 1846 vos
1864 1790 1988 1862 quid
2010 1790 2175 1845 estis?

592 1888 799 1943 Inimici
822 1887 1031 1942 Domini
1054 1888 1244 1940 mentiti
1268 1894 1383 1939 sunt
1406 1886 1468 1939 ei.
1503 1885 1838 1939 Rcuuutias?
1866 1883 2131 1937 Renuntio
2156 1900 2167 1935 :

591 1990 643 2036 et
674 1980 808 2034 redit
845 1979 910 2034 ad
950 1978 1092 2049 quod
1132 1978 1418 2032 renuntiat.
1462 1976 1652 2045 Utique
1680 1976 1869 2046 quibus
1900 1974 2057 2029 rebus
2086 1989 2170 2029 re-

592 2073 824 2137 nuntias,
872 2071 972 2125 nisi
1017 2070 1170 2125 factis
1200 2070 1375 2135 malis,
1428 2068 1577 2122 factis
1618 2066 1913 2133 diabolicis,
1962 2066 2112 2120 factis
2142 2081 2170 2120 a

591 2164 702 2219 Deo
724 2162 1070 2223 damnandis;
1104 2160 1277 2225 furtis,
1306 2159 1525 2230 rapinis,
1556 2158 1822 2229 periuriis,
1853 2156 2169 2223 homicidiis,

589 2254 884 2317 adulteriis,
916 2253 1224 2321 sacrilegiis,
1258 2251 1424 2305 sacris
1452 2247 1820 2304 abominandis
1847 2290 1858 2309 ,
1890 2248 2170 2301 curiosita-

590 2346 769 2401 tibus?
814 2345 905 2399 llis
935 2344 1181 2398 omnibus
1211 2342 1514 2405 renuntias,
1548 2350 1600 2394 et
1624 2354 1808 2394 rursus
1838 2339 1919 2392 his
1948 2338 2172 2392 inﬂexus

589 2436 878 2506 superaris.
911 2435 1070 2490 Facta
1100 2442 1223 2488 sunt
1269 2433 1359 2488 tibi
1401 2432 1693 2502 posteriora
1723 2430 1985 2508 deteriora
2025 2428 2171 2498 prio—

590 2529 736 2583 ribus
766 2546 777 2582 :
807 2528 953 2583 conis
982 2541 1227 2581 reversus
1257 2525 1321 2579 ad
1351 2524 1606 2579 vomitum
1649 2539 1799 2578 suum
1821 2565 1835 2588 ,
1868 2532 1920 2577 et
1947 2537 2039 2576 sus
2066 2521 2171 2575 lota

589 2624 639 2676 in
672 2620 961 2674 volutabris
989 2620 1123 2674 caeni
1154 2618 1236 2688 (ll
1268 2616 1407 2670 Petr.
1447 2632 1515 2682 ιι,
1550 2615 1640 2683 9.0,
1664 2614 1734 2668 22
1754 2615 1793 2683 ).
1823 2613 2027 2667 Inimici
2062 2611 2172 2665 Do-

589 2713 711 2766 mini
749 2712 937 2764 mentiti
984 2720 1098 2763 sunt
1142 2711 1203 2765 ei.
1260 2709 1327 2762 Et
1371 2717 1564 2778 quanta
1617 2706 1864 2776 patientia
1915 2704 2172 2759 Domini!

588 2806 762 2872 Quare
800 2819 906 2858 non
947 2801 1394 2872 prosternuntur?
1442 2814 1606 2869 quare
1652 2816 1754 2851 non
1802 2796 2175 2852 trucidantur?

588 2913 754 2968 quare
803 2911 905 2949 non
951 2904 1089 2949 terra
1131 2893 1439 2947 dehiscente
1485 2892 1809 2946 sorbentur?
1861 2906 2023 2960 quare
2066 2906 2169 2945 non

588 2988 726 3043 ccelo
774 2987 1025 3057 flagrante
1075 2984 1467 3040 incenduntur?
1512 2982 1641 3050 Quia
1690 2998 1875 3053 magna
1922 2984 2169 3052 patientia

588 3076 819 3132 Domini.
864 3075 931 3130 Et
966 3086 1121 3131 erunt
1152 3074 1437 3144 impuniti?
1478 3074 1645 3128 Absit.
1694 3073 1807 3126 Non
1837 3073 1936 3128 sibi
1967 3082 2168 3128 tantum

588 3170 655 3225 de
684 3170 775 3224 Dei
812 3167 1171 3223 misericordia
1203 3167 1572 3229 blandiantur,
1605 3175 1659 3219 ut
1685 3166 1781 3219 sibi
1814 3166 1929 3235 ejus
1958 3166 2169 3236 injusti-

589 3264 712 3317 tiam
747 3261 1115 3330 polliceantur.
1152 3258 1367 3329 Ignoras
1397 3258 1519 3328 quia
1552 3257 1641 3312 Dei
1683 3257 1935 3328 patientia
1964 3258 2028 3311 ad
2060 3273 2173 3327 pm-

587 3353 867 3408 uiteutiam
898 3361 949 3405 te
987 3348 1240 3404 adducit?
1282 3348 1360 3402 Tu
1390 3356 1564 3402 autem
1596 3348 1885 3402 secundum
1923 3348 2170 3402 duritiam

589 3442 765 3498 cordis
795 3442 870 3495 tui
900 3448 953 3495 et
976 3454 1071 3494 cor
1100 3438 1457 3509 impaanitens,
1487 3437 1814 3492 thesaurizas
1841 3437 1931 3491 tibi
1959 3439 2170 3511 iram'in

588 3534 676 3588 die
704 3535 796 3587 ine
823 3541 876 3587 et
920 3532 1260 3586 revelationis
1298 3529 1425 3599 justi
1467 3528 1650 3599 judicii
1686 3528 1813 3594 Dei,
1859 3530 1946 3598 qui
1988 3529 2172 3585 reddet

591 3625 874 3693 unicuique
919 3620 1210 3677 secundum
1238 3635 1396 3690 opera
1427 3634 1520 3673 sua
1552 3618 1723 3690 (Rom.
1754 3624 1823 3684 ιι,
1854 3620 1997 3689 4-6).
2033 3619 2098 3673 Et
2127 3622 2170 3674 si

589 3715 750 3771 modo
777 3730 881 3768 non
912 3713 1109 3779 reddit,
1141 3720 1266 3766 tunc
1292 3711 1513 3766 reddet:
1547 3711 1591 3766 si
1619 3713 1759 3765 enim
1790 3710 1947 3764 modo
1977 3710 2168 3779 reddit,

590 3804 655 3859 ad
686 3814 891 3873 tempus
918 3801 1125 3869 reddit;
1154 3818 1258 3856 non
1288 3816 1546 3855 converso
1574 3810 1749 3880 autem
1781 3816 1879 3855 nec
1902 3809 2163 3865 correcto,

590 3900 643 3953 in
670 3906 930 3952 internum
970 3896 1173 3951 reddet.
1206 3895 1337 3949 Vide
1367 3911 1494 3967 ergo
1528 3897 1646 3966 quia
1680 3910 1786 3950 non
1814 3905 1972 3951 erunt
1999 3897 2172 3966 impu-

593 3990 686 4043 niti
713 4008 726 4055 ;
774 3988 988 4043 attende
1014 3987 1153 4057 quod
1185 3987 1423 4056 sequitur
1453 4005 1467 4041 :
1501 3985 1705 4040 Inimici
1737 3986 1946 4041 Domini
1982 3988 2173 4041 mentiti

590 4090 706 4134 sunt
746 4081 810 4133 ei.
850 4079 1094 4133 Dicturus
1122 4093 1179 4131 es
1200 4121 1213 4144 ,
1246 4078 1311 4132 Et
1340 4077 1467 4148 quid
1496 4079 1572 4133 eis
1604 4078 1768 4132 fecit?
1808 4078 1920 4133 Non
1950 4079 2174 4133 vivunt?

592 4187 698 4226 non
731 4185 886 4224 auras
912 4170 1175 4239 carpunt?
1204 4185 1306 4223 non
1339 4170 1507 4224 lucem
1541 4169 1829 4224 hauriunt?
1868 4187 1971 4225 non
2002 4170 2174 4225 fontes

594 4262 820 4333 p0tant?
872 4276 977 4315 non
1024 4262 1223 4316 fructus
1274 4270 1427 4315 terra:
1469 4260 1675 4315 edunt?
1738 4259 1804 4314 Et
1847 4262 1937 4315 erit
1980 4271 2175 4332 tempus

593 4369 765 4409 eorum
792 4354 842 4405 in
871 4362 1131 4405 (sternunt.

665 4449 754 4503 20.
786 4447 952 4502 Nemo
982 4448 1082 4503 sibi
1109 4462 1235 4518 ergo
1262 4446 1591 4514 blandiatur,
1625 4450 1746 4518 quia
1785 4447 1932 4517 quasi
1964 4445 2029 4501 ad
2063 4455 2171 4500 toro

596 4542 746 4597 eular
773 4539 1001 4610 pertinet
1032 4557 1043 4591 :
1078 4539 1273 4593 bonum
1300 4547 1383 4593 est
1410 4540 1516 4606 illi,
1546 4540 1587 4594 si
1616 4540 1681 4593 ad
1708 4540 1882 4593 oleum
1912 4540 1962 4593 iu
1996 4548 2175 4593 torcu-

597 4635 693 4688 lari
743 4635 1021 4703 pertineat.
1064 4633 1177 4687 Non
1210 4633 1308 4687 sibi
1355 4634 1667 4702 polliceatur
1694 4633 2053 4702 unusquisque
2084 4633 2174 4685 ha-

597 4727 732 4783 bens
760 4725 895 4779 facta
926 4724 1146 4789 nefaria,
1179 4740 1295 4794 qua:
1318 4739 1535 4795 regnum
1561 4724 1653 4777 Dei
1678 4739 1778 4776 non
1813 4723 2174 4792 possidebunt,

598 4826 652 4872 et
696 4816 835 4871 dicat
883 4815 981 4869 sibi
1031 4833 1043 4867 :
1093 4814 1351 4883 Quoniam
1410 4814 1579 4868 habeo
1629 4814 1835 4883 signum
1882 4812 2079 4866 Christi
2126 4822 2180 4867 et

599 4900 938 4964 Sacramenta
965 4907 979 4936 ³
1008 4904 1226 4970 Christi,
1257 4920 1359 4959 non
1387 4904 1604 4959 delebor
1630 4905 1681 4959 in
1712 4914 1968 4959 aeternum
1994 4919 2009 4969 ;
2054 4912 2107 4958 et
2135 4904 2179 4958 si

601 5014 817 5070 purgor,
850 5014 945 5069 per
972 4998 1145 5069 ignem
1178 4998 1353 5052 salvus
1383 5012 1494 5052 ero.
1525 4997 1655 5051 Nam
1680 4996 1802 5067 quid
1834 5006 1915 5051 est
1942 4997 2082 5066 quod
2111 4997 2183 5050 ait

601 5094 889 5163 Apostolus
919 5093 986 5148 de
1018 5094 1099 5147 his
1127 5092 1215 5163 qui
1257 5091 1453 5146 habent
1482 5091 1925 5145 fundamentum?
1965 5090 2177 5145 Funda-

602 5195 823 5239 mentum
846 5184 989 5237 aliud
1013 5200 1156 5237 nemo
1183 5192 1341 5254 potest
1365 5199 1565 5252 ponere,
1600 5193 1781 5253 prteter
1808 5180 1863 5234 id
1886 5181 2019 5249 quod
2051 5183 2185 5250 posi-

604 5288 708 5329 tum
736 5285 827 5341 est,
855 5277 989 5345 quod
1026 5284 1099 5329 est
1129 5272 1356 5329 Christus
1382 5272 1548 5328 Iesus.
1593 5266 1729 5339 Quid
1770 5282 1871 5339 est,
1919 5271 2180 5340 inquiunt,

603 5367 742 5438 quod
786 5366 1069 5437 sequitur?
1104 5383 1121 5415 ι
1158 5363 1531 5435 Unusquisque
1575 5374 1753 5419 autem
1798 5377 1958 5432 super
2001 5361 2188 5417 funda-

606 5469 844 5514 mentum
875 5458 1049 5511 videat
1074 5455 1198 5527 quid
1226 5457 1632 5525 superaedilicat.
1662 5456 1809 5510 Alius
1836 5456 1975 5510 enim
2003 5471 2188 5525 super-

605 5552 830 5607 aadiftcat
869 5565 1054 5604 aurum
1076 5590 1092 5616 ,
1133 5556 1443 5617 argentum,
1478 5549 1678 5618 lapides
1710 5549 2007 5619 pretiosos;
2056 5549 2188 5604 alius

608 5645 743 5713 ligna
766 5685 779 5710 ,
814 5644 991 5697 fenum
1014 5684 1029 5707 ,
1061 5641 1308 5711 stipulam
1344 5656 1356 5693 :
1405 5642 1816 5713 uniuscujusque
1860 5659 1994 5712 opus
2036 5643 2190 5714 quale

610 5737 697 5804 sit,
730 5736 865 5805 ignis
892 5733 1171 5805 probabit;
1198 5732 1313 5788 dies
1334 5734 1475 5787 enim
1502 5733 1708 5789 Domini
1735 5733 2043 5803 declarabit,
2070 5736 2189 5804 quia

674 5855 687 5884 ί
711 5850 933 5915 Plerique
950 5859 1081 5913 Mss,
1107 5855 1480 5902 Sacrmncntum.

1798 398 1851 450 S.
1898 391 2253 450 AUCUS'I'INI
2296 393 2592 450 EPISCOPI

3739 408 3885 465 10H

2296 502 2346 557 in
2380 506 2497 575 igne
2527 504 2864 560 revelabitur.
2910 506 2965 561 Si
2993 507 3143 579 cujus
3168 523 3301 579 opus
3344 520 3692 581 permanserit
3731 520 3884 589 quod

2292 596 2750 667 supermdilieavit.
2777 598 3073 654 mercedem
3098 602 3361 669 accipiet:
3400 622 3419 655 ι
3452 604 3551 662 hoc
3589 618 3706 675 est,
3750 612 3885 681 quia

2291 703 2451 757 super
2491 688 2885 744 fundamentum
2922 690 3062 759 justa
3105 707 3266 763 opera
3305 695 3621 765 azditicavit;
3665 719 3881 769 aurum,

2290 789 2569 851 argentum,
2595 780 2790 850 lapides
2812 784 3074 852 pretiosos.
3099 784 3152 839 Si
3177 794 3350 840 autem
3378 800 3590 857 peccata
3613 810 3625 856 ;
3655 793 3878 864 lignum,

2290 874 2480 941 fenum,
2522 873 2761 942 stipulam
2804 890 2819 927 :
2861 883 3038 929 tamen
3072 887 3288 947 propter
3327 877 3728 938 fundamentum
3766 887 3884 956 ipse

2287 964 2455 1017 salvus
2485 966 2613 1030 erit;
2654 966 2724 1019 sic
2765 974 2929 1020 tamen
2970 977 3206 1038 tanquam
3247 987 3335 1038 per
3362 972 3527 1040 ignem
3559 974 3577 1043 (
3597 974 3612 1027 Ι
3641 976 3758 1031 Cor.
3792 994 3876 1045 tu,

2289 1056 2500 1127 lO-l5).
2535 1057 2777 1121 Fratres,
2805 1059 2959 1112 nimis
2987 1060 3199 1115 timidus
3225 1076 3343 1117 esse
3373 1065 3491 1115 volo
3524 1083 3537 1119 :
3569 1068 3757 1125 melius
3790 1081 3879 1126 est

2286 1146 2426 1199 enim
2468 1162 2572 1200 non
2603 1147 2754 1202 vobis
2790 1148 2918 1202 dare
2955 1149 3291 1205 securitatem
3329 1154 3542 1207 malam.
3588 1156 3700 1210 Non
3730 1159 3876 1213 dabo

2285 1236 2424 1306 quod
2457 1253 2562 1291 non
2594 1240 2827 1308 accipio,
2860 1241 3051 1295 timens
3092 1252 3264 1297 terreo
3296 1260 3309 1297 :
3342 1260 3559 1302 securos
3588 1264 3682 1304 vos
3723 1251 3870 1307 face-

2285 1343 2421 1396 rem,
2453 1329 2495 1383 si
2523 1345 2742 1385 securus
2770 1331 2948 1386 fierem
2975 1350 2988 1397 ;
3042 1349 3140 1403 ego
3170 1334 3343 1404 ignem
3381 1349 3637 1395 :etcrnum
3678 1343 3865 1401 timeo.

2288 1418 2351 1473 Et
2398 1422 2491 1475 erit
2534 1431 2729 1493 tempus
2768 1440 2937 1477 eorum
2980 1425 3032 1478 in
3071 1434 3309 1479 (uernum
3334 1471 3348 1494 ,
3396 1446 3498 1483 non
3529 1434 3665 1503 acet;
3681 1434 3734 1489 io
3767 1437 3868 1493 his:

2285 1512 2458 1583 ignem
2509 1523 2801 1580 aeternum;
2846 1516 2910 1571 de
2952 1533 3056 1587 quo
3104 1519 3207 1573 alio
3237 1521 3352 1576 loco
3379 1521 3648 1596 Scriptura
3696 1529 3865 1591 dicit:

2283 1603 2427 1675 Ignis
2467 1622 2640 1660 eorum
2678 1624 2777 1661 non
2815 1610 3193 1679 rxsliuguelur,
3235 1622 3282 1664 et
3324 1616 3503 1670 vermis
3549 1634 3721 1673 eorum
3763 1640 3866 1678 non

2282 1698 2522 1751 morietur
2554 1697 2703 1768 (Isai.
2733 1716 2879 1763 vat,
2907 1699 2977 1755 9.4
2999 1704 3035 1768 ).
3065 1702 3169 1755 Sed
3198 1702 3263 1758 de
3291 1704 3464 1774 impiis
3494 1708 3643 1773 dixit,
3668 1712 3744 1767 ait
3771 1714 3867 1769 ali-

2280 1792 2417 1861 quis,
2444 1808 2546 1845 non
2575 1792 2641 1845 de
2670 1808 2789 1856 mc;
2822 1794 2909 1863 qui
2940 1797 3183 1863 quamvis
3212 1808 3455 1865 peccator
3479 1800 3599 1869 sim,
3624 1809 3867 1875 quamvis

2277 1882 2506 1950 adulter,
2538 1883 2782 1953 quamvis
2813 1883 3102 1950 fraudator,
3129 1889 3368 1955 quamvis
3395 1901 3594 1960 raptor,
3623 1900 3866 1964 quamvis

2278 1976 2567 2046 perjurus;
2625 1975 2796 2031 habeo
2850 1987 3024 2033 tamen
3078 1979 3129 2033 in
3182 1980 3525 2038 fundamento
3570 1987 3862 2058 Christum,

2276 2066 2594 2121 christiauus
2620 2083 2757 2135 sum,
2784 2069 3075 2138 baptizatus
3098 2086 3214 2126 sum
3242 2090 3253 2126 :
3286 2089 3383 2143 ego
3410 2092 3502 2144 per
3531 2078 3703 2148 ignem
3737 2099 3862 2151 pur-

2276 2174 2406 2230 gor,
2438 2167 2491 2214 et
2520 2169 2740 2229 propter
2786 2159 3184 2216 fundamentum
3230 2181 3335 2219 non
3370 2182 3546 2235 pereo.
3598 2171 3689 2226 Dic
3733 2176 3863 2232 mihi

2280 2249 2488 2313 iterum,
2524 2249 2657 2317 Quid
2692 2250 2795 2304 es?
2824 2251 3177 2319 Christianus,
3203 2254 3399 2325 inquis.
3428 2257 3640 2314 interim
3675 2267 3861 2320 transi.

2277 2338 2411 2404 Quid
2458 2339 2645 2392 aliud?
2691 2340 2924 2408 Raptor,
2972 2341 3210 2405 adulter,
3258 2354 3311 2398 et
3340 2356 3531 2401 caetera
3574 2351 3641 2405 de
3671 2355 3864 2422 quibus

2277 2428 2563 2497 Apostolus
2589 2428 2717 2482 dicit
2744 2446 2755 2478 :
2790 2430 3039 2494 Quoniam
3070 2432 3153 2503 qui
3185 2433 3310 2486 talia
3330 2448 3504 2505 agunt,
3537 2456 3743 2511 regnum
3767 2443 3865 2500 Dei

2277 2536 2377 2573 non
2414 2521 2736 2589 possidebunt
2778 2522 2793 2593 (
2818 2520 2988 2575 Galat.
3016 2539 3075 2587 v,
3104 2524 3164 2577 21
3190 2524 3227 2595 ).
3274 2527 3425 2582 Certe
3452 2546 3578 2601 ergo
3607 2548 3636 2587 a
3669 2536 3863 2593 talibus

2278 2625 2382 2665 non
2410 2621 2701 2676 correctus,
2730 2612 2796 2667 de
2823 2614 3010 2667 talibus
3036 2616 3334 2671 commissis
3365 2622 3723 2686 pmnitentiam
3754 2643 3861 2682 non

2277 2718 2438 2774 agens
2459 2747 2471 2771 ,
2514 2720 2730 2775 regnum
2762 2707 3018 2760 cmlorum
3051 2709 3278 2777 speras?
3322 2709 3433 2764 Non
3464 2714 3689 2782 opinor;
3730 2735 3862 2787 quo-

2277 2796 2412 2848 niam
2445 2795 2531 2864 qui
2566 2796 2687 2848 talia
2721 2806 2891 2866 agunt,
2929 2813 3135 2867 regnum
3155 2796 3254 2851 Dei
3284 2816 3384 2853 non
3421 2804 3761 2871 possidebunt.
3791 2808 3862 2863 Et

2279 2887 2491 2956 ignoras
2519 2888 2639 2957 quia
2672 2888 2920 2956 patientia
2954 2888 3050 2943 Dei
3096 2888 3161 2943 ad
3208 2892 3574 2960 paenitentiam
3608 2905 3659 2951 te
3689 2899 3862 2953 addu-

2276 2978 2388 3032 cit?
2433 2978 2514 3032 Tu
2545 2979 2725 3032 nescio
2755 2978 2879 3048 quid
2924 2979 3016 3033 tibi
3049 2981 3307 3049 pollicens
3331 3025 3343 3046 ,
3393 2986 3683 3041 secundum
3714 2990 3863 3045 duri-

2280 3069 2405 3123 tiam
2438 3077 2580 3123 tuam
2611 3078 2665 3124 et
2693 3084 2787 3124 cor
2814 3069 3151 3141 impmnitcns
3180 3073 3503 3130 thesaurizas
3532 3078 3621 3131 tibi
3646 3080 3778 3135 iram
3808 3083 3861 3137 in

2275 3162 2362 3217 die
2393 3162 2484 3218 ira:
2511 3172 2564 3218 et
2611 3164 2951 3219 revelationis
2988 3165 3114 3235 justi
3157 3168 3342 3236 judicii
3388 3169 3497 3236 Dei,
3547 3173 3638 3242 qui
3675 3175 3864 3231 reddet

2278 3253 2560 3324 unicuique
2596 3255 2885 3309 secundum
2913 3271 3072 3324 opera
3104 3274 3217 3311 sua.
3265 3260 3491 3315 Attende
3530 3278 3655 3332 ergo
3686 3264 3857 3335 ipsum

2272 3344 2505 3413 judicem
2536 3347 2857 3401 venientem.
2905 3347 3085 3411 Bene;
3132 3349 3239 3403 Deo
3278 3353 3516 3420 gratias:
3553 3371 3655 3409 non
3699 3360 3868 3415 tacuit

2276 3438 2592 3490 sententiam
2618 3437 2968 3501 definitivam,
3002 3456 3108 3493 non
3138 3442 3279 3495 misit
3309 3442 3449 3497 foras
3479 3461 3598 3499 reos
3629 3457 3681 3501 et
3713 3449 3863 3505 duxit

2275 3526 2471 3581 velum.
2498 3528 2634 3583 Ante
2657 3529 2821 3583 voluit
2847 3532 3203 3598 prmnuntiare
3224 3532 3360 3602 quod
3384 3535 3640 3605 disposuit
3664 3537 3861 3594 facere.

2274 3617 2476 3689 Nempe
2502 3619 2935 3691 congregabantur
2973 3632 3091 3675 ante
3126 3639 3238 3676 eum
3277 3640 3448 3679 omnes
3487 3639 3675 3697 gentes.
3722 3631 3863 3698 Quid

2277 3711 2342 3767 de
2372 3712 2475 3767 illis
2504 3712 2702 3767 faciet?
2729 3714 2996 3784 Separabit
3018 3730 3099 3767 eos
3122 3733 3141 3779 ;
3184 3726 3227 3767 et
3265 3717 3394 3770 alios
3420 3730 3568 3787 ponet
3594 3724 3661 3775 ad
3688 3723 3867 3780 dexte-

2275 3823 2405 3870 ram,
2430 3806 2557 3859 alios
2590 3806 2658 3859 ad
2677 3807 2952 3860 sinistram.
2979 3807 3245 3876 Numquid
3279 3810 3483 3865 medius
3512 3813 3657 3868 locus
3682 3830 3869 3871 serva-

2280 3908 2361 3951 tus
2388 3898 2509 3975 est?
2552 3897 2688 3967 Quid
2728 3898 2926 3952 dextris
2954 3898 3192 3953 dicturus
3222 3901 3347 3953 est?
3382 3900 3575 3968 Venite,
3618 3904 3868 3960 benedicti

2280 3987 2449 4041 Patris
2492 3990 2607 4055 mei,
2650 3990 2889 4060 percipite
2926 4006 3154 4060 regnum.
3197 3991 3331 4059 Quid
3370 3994 3643 4048 sinistris?
3691 3996 3771 4050 Ite
3808 3999 3866 4053 in

2278 4081 2440 4150 ignem
2476 4091 2736 4147 wternum,
2760 4083 2846 4151 qui
2884 4092 3093 4153 paratus
3118 4092 3190 4136 est
3228 4083 3429 4137 diabolo
3459 4095 3503 4139 et
3533 4088 3721 4157 angelis
3747 4090 3867 4158 eius

2280 4171 2493 4241 (Matth.
2520 4190 2641 4235 xxv,
2666 4173 2757 4239 5‘2,
2788 4174 2878 4239 3'5,
2908 4175 2996 4238 5i,
3028 4173 3136 4243 ll).
3172 4174 3227 4227 Si
3256 4190 3359 4228 non
3389 4176 3541 4230 times
3568 4177 3702 4230 mitti
3730 4194 3863 4248 quo,

2279 4266 2398 4319 vide
2427 4281 2547 4318 cum
2579 4281 2704 4335 quo.
2736 4266 2791 4321 Si
2820 4281 2948 4335 ergo
2975 4282 3135 4335 opera
3182 4268 3268 4320 illa
3308 4268 3481 4322 omnia
3515 4284 3735 4338 regnum
3766 4271 3869 4327 Dei

2282 4373 2384 4412 nou
2414 4357 2789 4427 possidebunt;
2820 4358 2927 4412 imo
2950 4373 3053 4411 non
3077 4372 3260 4428 opera,
3285 4359 3378 4414 sed
3400 4360 3487 4430 qui
3517 4362 3633 4414 talia
3664 4371 3864 4431 agunt;

2280 4466 2401 4504 nam
2433 4463 2593 4518 opera
2642 4449 2763 4502 talia
2804 4449 2857 4503 in
2904 4449 3024 4520 igne
3067 4464 3172 4513 non
3214 4460 3410 4504 erunt:
3444 4467 3547 4504 non
3592 4452 3731 4506 enim
3774 4453 3870 4509 illo

2282 4544 2399 4613 igne
2429 4541 2677 4596 ardentes
2722 4541 2941 4595 furaturi
2972 4550 3094 4595 sunt
3138 4551 3190 4596 et
3228 4542 3571 4596 adulteraturi
3599 4558 3613 4607 ;
3658 4543 3750 4597 sed
3779 4546 3873 4613 qui

2283 4635 2405 4689 talia
2442 4644 2617 4706 agunt,
2658 4650 2865 4703 regnum
2906 4632 3004 4686 Dei
3044 4650 3143 4687 non
3184 4634 3504 4701 possidebunt
3541 4649 3558 4686 :
3599 4649 3702 4687 non
3739 4649 3872 4705 ergo

2283 4734 2440 4783 erunt
2466 4742 2493 4779 a
2522 4726 2722 4779 dextris
2746 4740 2865 4779 cum
2894 4725 2999 4779 illis
3027 4724 3216 4793 quibus
3244 4725 3466 4791 dicetur,
3503 4724 3692 4789 Venite,
3722 4725 3876 4780 lum-

2284 4818 2407 4870 dicti
2426 4815 2599 4869 Patris
2624 4816 2740 4881 mei,
2768 4814 3007 4885 percipite
3026 4830 3268 4885 regnum;
3294 4817 3413 4885 quia
3436 4817 3520 4887 qui
3544 4816 3666 4869 talia
3688 4826 3867 4887 agunt,

2284 4925 2494 4981 regnum
2529 4905 2626 4961 Dei
2668 4924 2771 4962 non
2811 4908 3152 4978 possidebunt.
3197 4905 3251 4963 Si
3296 4924 3423 4977 ergo
3452 4924 3481 4962 a
3521 4908 3723 4963 dextris
3760 4926 3872 4965 non

2287 5008 2463 5064 erunt,
2489 5013 2594 5053 non
2620 5006 2784 5053 restat
2804 4999 2904 5053 nisi
2930 5009 2985 5053 ut
3006 5000 3111 5053 sint
3138 5014 3166 5053 a
3194 4999 3425 5054 sinistris
3451 5016 3463 5053 :
3491 5001 3721 5055 sinistris
3742 5000 3874 5071 quid

2287 5089 2468 5145 dicet?
2506 5089 2587 5144 Ite
2611 5090 2662 5143 in
2693 5090 2859 5161 ignem
2884 5099 3127 5144 internum
3150 5105 3169 5143 :
3196 5089 3315 5160 quia
3345 5091 3438 5144 erit
3472 5098 3665 5162 tempus
3698 5106 3877 5145 eorum

2288 5182 2342 5235 in
2367 5190 2626 5236 internum.
2718 5202 2721 5203 '

2300 5282 2305 5287 '
2360 5276 2450 5328 21.
2478 5274 2697 5343 Expone
2725 5289 2886 5345 ergo,
2918 5275 3121 5345 inquit,
3149 5275 3326 5341 nobis,
3356 5274 3517 5345 ligna,
3549 5274 3747 5337 fenum,
3780 5276 3879 5330 sti-

2294 5366 2469 5437 pulam
2498 5366 2588 5436 qui
2632 5367 2893 5421 aedificant
2938 5381 3098 5436 super
3140 5365 3540 5421 fundamentum
3562 5409 3577 5435 ,
3609 5367 3877 5437 quomodo

2293 5473 2397 5511 non
2428 5466 2680 5526 pereant,
2712 5458 2806 5512 sed
2851 5458 2981 5512 salvi
3028 5457 3195 5525 fiant;
3245 5460 3322 5514 sic
3367 5469 3543 5515 tamen
3588 5462 3735 5529 quasi
3782 5474 3877 5530 per

2292 5551 2489 5621 ignem.
2514 5549 2749 5605 Obscura
2777 5549 2989 5621 quidem
3020 5550 3105 5605 illa
3138 5553 3381 5621 qumstio,
3406 5552 3519 5617 sed,
3556 5562 3610 5606 ut
3637 5568 3875 5623 possum,

2295 5642 2527 5696 breviter
2569 5641 2709 5695 dico.
2763 5641 2996 5709 Fratres,
3048 5651 3171 5696 sunt
3214 5642 3457 5698 homines
3496 5645 3712 5701 omnino
3748 5660 3881 5699 cou-

2297 5741 2588 5802 templores
2608 5733 2785 5787 saeculi
2814 5734 2989 5803 hujus,
3011 5734 3201 5804 quibus
3228 5748 3332 5789 non
3356 5744 3437 5790 est
3460 5746 3665 5804 gratum
3690 5738 3705 5768 ¹
3727 5736 3880 5806 quid-

2367 5851 2381 5879 ί
2402 5849 2473 5897 sic
2486 5854 2557 5897 Er.
2575 5856 2623 5899 et
2637 5847 2816 5911 aliquot
2830 5854 2937 5898 Mss.
2962 5848 3065 5911 Alii,
3088 5854 3249 5900 nattan
3268 5864 3285 5913 ;
3310 5858 3391 5901 aut
3413 5863 3521 5901 cum
3537 5858 3666 5911 t.ov.,
3691 5858 3859 5901 notum
