4132 6446
316 347 476 403 1015

309 465 464 534 quid
490 461 855 533 temporaliter
878 460 1028 528 ﬂuit;
1068 476 1171 518 non
1200 462 1404 517 haerent
1428 462 1710 518 dilectione
1744 461 1916 532 aliqua

311 556 557 611 terrenis
593 554 849 627 cperibus
871 556 910 622 ¹,
954 556 1142 620 sancti,
1185 554 1347 621 casti,
1376 555 1741 621 continentes,
1766 554 1914 623 justi,

308 646 572 703 fortassis
598 656 653 702 et
674 647 851 701 omnia
881 661 975 701 sua
1002 645 1291 701 vendentes
1314 656 1367 700 et
1388 646 1710 716 pauperibus
1736 645 1917 701 distri-

306 740 574 806 buentes,
621 748 714 794 aut
742 738 1079 810 possidentes
1124 747 1369 807 tanquam
1409 752 1513 791 non
1558 736 1912 807 pessidentes,

305 842 377 887 et
424 842 630 887 utentes
660 831 761 886 hoc
792 830 987 885 mundo
1025 839 1275 899 tauquam
1312 844 1415 884 non
1460 839 1669 885 utentes
1709 828 1910 899 (lCor.

304 938 430 988 vn,
462 923 555 987 30,
582 923 705 991 51).
747 921 881 978 Sunt
922 930 1096 975 autem
1145 920 1234 974 alii
1280 920 1367 990 qui
1414 920 1572 974 rebus
1620 919 1914 974 infirmitati

301 1016 598 1071 concessis
629 1014 892 1070 inhrcrent
929 1014 1256 1083 aliquantum
1288 1012 1589 1068 dilectione.
1632 1012 1747 1067 Non
1776 1012 1914 1083 rapit

302 1107 509 1161 villam
536 1107 759 1160 alienam
784 1123 799 1172 ;
841 1105 934 1161 sed
961 1107 1037 1161 sic
1061 1113 1205 1160 amat
1233 1120 1382 1159 suam
1403 1146 1418 1170 ,
1447 1115 1503 1158 ut
1529 1104 1572 1159 si
1602 1103 1909 1174 perdiderit,

305 1197 694 1252 conturbetur.
740 1196 855 1251 Non
895 1196 1096 1266 appetit
1127 1210 1346 1253 uxorem
1390 1196 1656 1260 alienam;
1699 1195 1793 1250 sed
1835 1197 1913 1250 sic

307 1290 550 1344 inhaeret
588 1304 719 1354 suae,
750 1289 828 1343 sic
866 1289 1119 1342 miscetur
1161 1302 1303 1354 sure,
1334 1296 1393 1339 ut
1434 1285 1651 1341 modum
1690 1300 1794 1340 non
1838 1284 1909 1341 ibi

310 1390 504 1436 teneat
549 1381 918 1451 prmscriptum
964 1379 1172 1443 tabulis,
1223 1379 1509 1434 liberorum
1548 1377 1908 1447 procreando-

309 1492 443 1531 rum
468 1490 645 1529 causa.
667 1474 781 1529 Non
810 1474 943 1527 tollit
965 1473 1171 1535 aliena;
1203 1472 1297 1526 scd
1319 1474 1512 1541 repetit
1532 1486 1650 1537 sua,
1674 1480 1728 1527 et
1753 1472 1911 1526 habet

310 1582 446 1621 cum
492 1566 658 1621 fratre
686 1582 783 1621 suo
808 1564 1065 1636 judicium
1095 1582 1107 1617 :
1141 1565 1331 1619 talibus
1359 1564 1501 1619 enim
1531 1563 1726 1618 dicitur
1745 1606 1759 1628 ,
1786 1562 1907 1617 Jam

309 1661 524 1729 quidem
549 1660 757 1713 omnino
783 1658 1021 1712 delictum
1048 1667 1120 1711 est
1147 1657 1196 1710 in
1220 1657 1374 1720 vobis,
1402 1657 1518 1727 quia
1539 1655 1737 1726 judicia
1758 1654 1909 1709 habe-

313 1755 388 1808 tis
411 1752 662 1807 vobiscum
687 1749 794 1821 (Id.
822 1766 893 1816 vi,
921 1748 996 1819 7).
1022 1748 1216 1803 Verum
1242 1749 1352 1817 ipsa
1377 1746 1574 1816 judicia
1598 1746 1649 1800 in
1674 1746 1907 1800 Ecclesia

307 1845 470 1916 jubet
507 1844 625 1913 agi,
656 1858 761 1896 non
801 1841 867 1896 ad
911 1842 1080 1894 forum
1123 1838 1297 1904 trahi;
1339 1845 1515 1892 tamen
1556 1836 1748 1892 delicta
1788 1850 1908 1892 esse

310 1939 451 1993 dicit
480 1957 492 1992 :
520 1935 795 1991 contendit
834 1935 975 1989 enim
1011 1933 1331 1988 ehristianus
1370 1946 1469 2001 pro
1491 1931 1647 1987 rebus
1682 1931 1907 1987 terrenis

311 2029 551 2099 amplius
573 2043 728 2098 quam
769 2026 923 2081 decet
955 2039 1075 2079 cum
1102 2024 1184 2078 cui
1214 2023 1530 2093 promissum
1569 2030 1652 2078 est
1684 2038 1904 2093 regnum

312 2122 581 2177 caelorum
607 2135 621 2184 ;
665 2132 770 2172 non
805 2125 972 2171 totum
998 2129 1092 2170 cor
1117 2129 1331 2169 sursum
1356 2113 1529 2178 levat,
1557 2112 1650 2167 sed
1676 2112 1904 2183 aliquam

310 2220 527 2284 partem
553 2210 666 2280 ejus
693 2209 854 2262 trahit
885 2209 933 2261 in
963 2217 1121 2262 terra.
1153 2205 1389 2275 Denique
1416 2205 1459 2259 si
1484 2205 1662 2259 veniat
1687 2205 1906 2258 tentatio

311 2303 547 2359 ducendi
586 2304 606 2334 '
644 2301 917 2373 martyrii,
968 2300 1042 2354 illi
1089 2301 1176 2369 qui
1229 2298 1422 2353 habent
1466 2299 1517 2352 in
1562 2296 1904 2352 fundamento

309 2394 621 2459 Christum,
672 2403 726 2448 et
766 2392 1032 2446 ardilicant
1073 2406 1296 2457 aurum,
1341 2397 1615 2459 argentum
1642 2430 1657 2452 ,
1698 2386 1902 2457 lapides

310 2488 604 2558 pretiosos,
632 2486 760 2556 quid
791 2484 974 2539 dicunt
997 2498 1062 2538 ex
1092 2482 1191 2537 bac
1221 2481 1659 2552 opportunitate?
1696 2481 1901 2536 Bonum

306 2587 402 2633 est
426 2577 554 2632 mihi
581 2576 823 2640 dissolvi,
846 2583 901 2631 et
920 2589 1038 2629 esse
1062 2589 1180 2629 eum
1203 2573 1412 2629 Christo
1434 2573 1691 2644 (Philipp.
1715 2589 1752 2639 ι,
1775 2572 1899 2645 25);

308 2669 528 2723 alacres
555 2675 815 2733 currunt,
844 2674 935 2720 aut
962 2665 1092 2720 nihil
1118 2674 1206 2720 aut
1232 2664 1441 2720 modice
1466 2665 1534 2720 de
1565 2674 1773 2719 terrena
1800 2663 1904 2718 fra-

306 2759 525 2830 gilitate
574 2758 971 2813 contristantur.
1020 2756 1099 2812 llli
1144 2766 1319 2811 autem
1361 2765 1603 2811 amantes
1644 2768 1729 2809 res
1775 2769 1901 2824 pro-

306 2852 487 2922 prias,
508 2851 697 2906 domos
724 2851 981 2921 preprias,
1004 2850 1234 2920 graviter
1257 2849 1675 2915 conturbantur;
1700 2848 1899 2914 fenum,

307 2954 373 2999 et
396 2944 614 3013 stipula,
647 2953 698 2998 et
724 2943 863 3011 ligna
886 2942 1092 2996 ardent.
1124 2942 1331 3003 Habent
1355 2956 1481 3012 ergo
1509 2942 1669 3011 ligna,
1700 2941 1899 3008 fenum,

306 3037 568 3105 stipulam
604 3051 767 3103 super
791 3034 1230 3099 fundamentum;
1274 3034 1367 3089 sed
1403 3049 1580 3089 rerum
1617 3048 1901 3089 concessa-

309 3144 469 3194 rum,
497 3143 601 3182 non
650 3128 975 3182 illicitarum.
1022 3128 1151 3181 Dico
1191 3128 1356 3192 enim,
1401 3126 1633 3182 fratres:
1665 3127 1904 3197 possides

308 3220 761 3285 fundamentum;
806 3219 947 3274 luere
969 3221 1127 3285 cado,
1153 3220 1299 3274 calca
1336 3227 1549 3274 terram.
1578 3220 1633 3275 Si
1669 3221 1787 3275 talis
1822 3236 1900 3287 es,

308 3326 424 3367 non
457 3311 689 3366 :edilicas
722 3310 823 3365 nisi
863 3326 1067 3375 aurum,
1111 3320 1409 3380 argentum,
1447 3322 1501 3366 et
1540 3312 1740 3383 lapides
1785 3328 1904 3383 prc-

313 3404 507 3459 tiosos.
542 3402 673 3457 Cum
698 3414 874 3458 autem
901 3403 1118 3469 dixeris,
1148 3404 1282 3457 Amo
1306 3405 1699 3474 possessionem
1728 3406 1901 3471 istam,

200 3549 221 3565 ,
312 3497 477 3551 timeo
508 3511 577 3551 ne
610 3505 832 3566 pereat;
872 3504 927 3551 et
963 3497 1502 3565 imminet‘damnum,
1535 3507 1589 3553 et
1621 3509 1671 3555 tu
1700 3502 1902 3556 contri-

310 3590 475 3646 staris
504 3610 517 3644 :
552 3605 658 3645 non
686 3590 899 3660 quidem
927 3592 1194 3661 praeponis
1226 3607 1340 3645 eam
1369 3590 1579 3647 Christo
1604 3610 1617 3653 :
1662 3608 1789 3648 nam
1827 3594 1903 3649 sic

310 3698 464 3737 amas
492 3683 887 3753 possessionem
928 3684 1104 3749 istam,
1150 3691 1207 3737 ut
1244 3684 1287 3738 si
1328 3683 1535 3741 dicatur
1574 3684 1689 3750 tibi,
1732 3683 1901 3755 Ipsam

315 3776 417 3843 vis,
444 3790 511 3829 an
543 3774 851 3831 Christum?
891 3775 986 3830 etsi
1026 3776 1191 3830 tristis
1211 3792 1327 3831 eam
1354 3776 1548 3847 perdis,
1578 3778 1697 3848 plus
1728 3789 1902 3834 tamen

314 3868 658 3937 amplecteris
683 3867 978 3935 Christum,
1004 3884 1160 3939 quem
1190 3870 1409 3938 posuisti
1440 3870 1491 3924 in
1520 3870 1862 3926 fundamento
1888 3891 1900 3926 :

315 3959 498 4015 salvus
520 3959 627 4014 eris
652 3968 897 4029 tanquam
922 3975 1017 4029 per
1040 3958 1237 4029 ignem.
1260 3960 1396 4014 Audi
1424 3960 1563 4014 aliud
1591 3979 1603 4015 :
1628 3976 1730 4015 non
1752 3972 1905 4031 potes

320 4059 507 4105 tenere
531 4051 921 4120 possessionem
946 4049 1123 4115 istam,
1156 4051 1255 4104 nisi
1292 4050 1490 4105 dixeris
1527 4051 1715 4106 falsum
1758 4052 1906 4106 testi—

320 4140 583 4195 monium.
613 4140 677 4195 Et
703 4140 807 4195 hoc
830 4156 934 4195 non
963 4142 1153 4206 facere,
1185 4141 1451 4195 Christum
1484 4142 1535 4196 in
1560 4141 1903 4197 fundamento

319 4246 522 4303 ponere
562 4241 687 4287 est:
733 4230 943 4287 Veritas
985 4232 1126 4287 enim
1171 4232 1323 4297 dixit,
1366 4232 1436 4287 Os
1473 4233 1610 4305 quod
1644 4234 1900 4301 mentitur,

318 4326 504 4382 occidit
547 4327 767 4380 animam
812 4326 968 4397 (Sap.
1000 4341 1048 4391 ι,
1080 4326 1193 4395 11).
1236 4326 1376 4397 Ergo
1419 4327 1463 4382 si
1508 4326 1902 4397 possessionem

319 4428 463 4474 tuam
490 4417 687 4489 diligis,
720 4433 823 4472 non
857 4427 1031 4473 tamen
1059 4426 1277 4490 propter
1311 4418 1453 4473 illam
1487 4418 1613 4475 facis
1640 4419 1901 4489 rapinam,

320 4524 426 4564 non
458 4520 677 4578 propter
700 4508 841 4563 illam
868 4509 1001 4564 dicis
1030 4508 1219 4564 falsum
1242 4510 1626 4577 testimonium,
1652 4525 1756 4565 non
1777 4524 1905 4581 pro-

319 4613 438 4675 pter
459 4602 603 4657 illam
627 4601 756 4656 facis
778 4600 1141 4663 homicidium,
1168 4616 1271 4655 non
1295 4611 1511 4672 propter
1545 4601 1686 4656 illam
1716 4603 1902 4658 falsum

316 4694 487 4765 juras,
527 4710 633 4748 non
671 4703 889 4763 propter
927 4693 1073 4748 illam
1110 4692 1378 4749 Christum
1420 4709 1619 4765 negas;
1661 4709 1727 4750 eo
1764 4694 1904 4764 quod

320 4800 429 4840 non
462 4793 679 4855 propter
705 4785 845 4839 illam
884 4785 1013 4839 facis
1050 4784 1186 4851 hinc,
1209 4784 1480 4841 Christum
1507 4786 1669 4841 habes
1693 4786 1743 4840 in
1780 4785 1904 4841 fun-

316 4876 590 4932 damento.
623 4875 730 4931 Sed
759 4883 937 4931 tamen
957 4877 1079 4947 quia
1103 4876 1277 4947 diligis
1304 4877 1469 4943 illam,
1494 4884 1550 4931 ct
1572 4877 1907 4933 contristaris

317 4969 364 5023 si
396 4969 587 5038 perdas
620 4969 801 5034 illam;
845 4983 1007 5038 super
1053 4966 1457 5023 fundamentum
1499 4968 1756 5037 posuisti,
1798 4983 1903 5023 non

316 5076 529 5128 aurum,
552 5069 643 5116 aut
666 5070 962 5131 argentum,
988 5068 1077 5114 aut
1096 5059 1299 5130 lapides
1318 5061 1601 5131 pretiosos,
1626 5059 1718 5114 sed
1741 5061 1902 5130 ligna,

266 5212 269 5225 λ
318 5154 503 5210 fenum
529 5196 543 5221 ,
572 5155 841 5226 stipulam.
873 5155 1065 5210 Salvus
1093 5169 1220 5225 ergo
1248 5154 1355 5209 eris
1376 5195 1390 5220 ,
1430 5169 1550 5210 cum
1577 5153 1767 5209 ardere
1792 5170 1905 5211 οω-

266 5236 269 5239 ⁷
318 5246 460 5313 perit
500 5247 640 5317 quod
682 5247 992 5312 mdilicasti;
1033 5248 1110 5302 sic
1152 5256 1331 5300 tamen
1380 5248 1530 5316 quasi
1574 5262 1668 5317 per
1710 5248 1903 5318 ignem.

315 5338 488 5395 Nemo
517 5339 659 5394 enim
690 5355 850 5409 super
878 5338 1281 5395 fundamentum
1325 5338 1426 5393 hoc
1461 5340 1728 5394 azdilicans
1755 5338 1908 5395 adul-

317 5432 452 5486 teria
472 5473 487 5495 ,
515 5431 875 5500 blasphemias
894 5474 908 5499 ,
937 5431 1234 5502 sacrilegia,
1270 5430 1613 5498 idololatrias,
1651 5432 1902 5501 perjuria,

314 5532 469 5595 putet
502 5538 565 5579 se
610 5522 815 5578 salvum
842 5523 1075 5579 futurum
1106 5539 1200 5593 per
1245 5524 1439 5593 ignem,
1467 5524 1617 5594 quasi
1662 5525 1758 5579 ista
1802 5524 1909 5581 sint

311 5618 481 5691 ligna,
509 5616 714 5682 fenum,
737 5617 928 5688 stipula
955 5635 968 5671 :
992 5616 1084 5672 sed
1111 5616 1198 5687 qui
1226 5615 1450 5671 :edilicat
1479 5631 1714 5674 amorem
1744 5627 1909 5673 terre-

380 5755 395 5787 ι
424 5751 754 5816 pmﬁensis
775 5756 878 5806 ωε..
902 5747 1084 5811 ορὶθηδ-
1168 5810 1193 5816 ..
1309 5810 1338 5816 ..

380 5820 404 5853 ¹
431 5819 602 5870 l'lures
627 5814 820 5875 Optima:
841 5818 965 5862 notae
988 5817 1113 5871 Mss,
1145 5810 1353 5860 dicendi.

1395 346 1786 402 ENAHBATIO
1825 345 1889 401 ΙΝ
1929 343 2253 407 PSALMUM
2292 353 2525 409 LXXXI.

3486 367 3614 426 1066

2023 477 2213 519 norum
2254 482 2413 536 super
2457 470 2855 527 fundamentum
2901 475 3048 546 regni
3094 476 3372 544 caelorum,
3421 478 3472 535 id
3504 492 3609 551 est,

2022 568 2183 625 super
2226 556 2492 613 Christum
2520 577 2533 622 ;
2582 561 2790 617 ardebit
2822 578 2974 619 amor
3006 582 3183 621 rerum
3218 571 3613 646 temporalium,

2021 658 2074 702 et
2107 650 2219 717 ipse
2259 652 2435 706 salvtts
2472 654 2572 707 erit
2606 670 2703 725 per
2742 654 2994 711 idoneum
3023 658 3449 718 fundamentum.

2090 742 2179 795 2‘2.
2209 740 2227 813 [
2256 760 2383 797 vers.
2413 746 2496 799 17.
2521 744 2540 818 ]
2570 744 2769 801 Inimici
2810 748 3010 803 Domini
3039 754 3230 805 mentiti
3254 763 3370 808 sum
3394 756 3439 809 ei
3459 798 3474 822 ,
3518 757 3605 812 di-

2020 832 2210 898 cendo,
2238 833 2313 888 Eo
2340 834 2405 889 ad
2432 836 2659 903 vineam,
2688 847 2742 892 et
2771 853 2873 892 non
2901 840 3077 894 eundo
3108 841 3319 913 (Matth.
3355 861 3471 912 nt,
3492 847 3605 921 30):

2020 931 2066 975 et
2089 923 2180 975 erit
2206 934 2401 995 tempus
2421 942 2614 992 eorum,
2648 942 2752 981 non
2776 928 2847 989 ad
2872 936 3109 999 tempus,
3140 933 3231 987 sed
3262 936 3315 989 in
3342 947 3602 993 veternum.

2020 1012 2084 1068 Et
2113 1014 2199 1083 qui
2256 1024 2378 1070 sunt
2408 1016 2540 1071 isti?
2572 1016 2637 1071 Et
2663 1018 2844 1072 cibavit
2891 1022 3004 1074 illos
3053 1039 3115 1075 ea:
3162 1024 3313 1095 adipe
3347 1027 3606 1096 frumenti.

2018 1103 2196 1159 Nostis
2220 1106 2429 1176 adipem
2458 1108 2704 1165 frumenti
2730 1152 2745 1177 ,
2780 1111 2918 1165 unde
2941 1114 3184 1169 cibantur
3225 1118 3374 1171 multi
3407 1119 3607 1175 inimici

2017 1196 2104 1266 qui
2132 1199 2337 1253 mentiti
2366 1210 2489 1256 sunt
2517 1202 2589 1256 ei.
2625 1202 2690 1256 Et
2716 1202 2895 1257 cibavit
2924 1206 3040 1260 illos
3063 1224 3127 1260 ea:
3151 1209 3301 1277 adipe
3326 1211 3565 1279 frumenti
3600 1231 3607 1240 ·

2016 1287 2226 1343 miscuit
2255 1305 2347 1344 eos
2375 1291 2735 1349 Sacramentis
2760 1297 2890 1350 suis.
2926 1297 2991 1351 Et
3015 1297 3204 1353 ludam
3227 1342 3240 1364 ,
3271 1303 3485 1371 quando
3509 1304 3603 1361 de-

2015 1379 2094 1435 dit
2120 1381 2407 1438 huccellam
2433 1387 2448 1454 (
2471 1385 2626 1441 Joan.
2657 1404 2747 1442 xm
2769 1431 2783 1452 ,
2810 1389 2881 1445 26
2900 1391 2941 1462 ),
2969 1407 3035 1446 ex
3062 1392 3218 1462 adipe
3246 1394 3495 1452 frumenti
3532 1400 3609 1455 ci-

2016 1474 2157 1528 bavit
2202 1493 2214 1529 :
2250 1484 2304 1531 et
2345 1476 2588 1532 inimicus
2638 1479 2846 1534 Domini
2898 1483 3151 1537 mentitus
3179 1494 3263 1540 est
3291 1486 3379 1552 ei,
3408 1496 3460 1542 et
3504 1490 3608 1545 erit

2017 1572 2225 1635 tempus
2250 1566 2364 1637 ejus
2401 1570 2450 1622 in
2476 1576 2754 1623 a-ternum.
2793 1570 2859 1624 Et
2888 1572 3068 1626 cibavit
3093 1575 3209 1628 illos
3237 1593 3301 1630 ex.
3328 1578 3478 1647 adipe
3497 1582 3607 1650 fru-

2015 1657 2204 1722 menti;
2231 1666 2276 1711 et
2306 1658 2367 1711 de
2387 1670 2527 1729 petra
2566 1661 2715 1715 melle
2740 1664 2979 1716 saturavit
3008 1681 3113 1719 eos.
3142 1665 3187 1721 Ο
3210 1666 3443 1738 ingratos
3469 1672 3481 1724 !
3517 1670 3604 1725 Ci~

2014 1746 2146 1800 bat-it
2170 1763 2232 1803 ea:
2256 1749 2407 1819 adipe
2432 1752 2690 1821 frumenti,
2723 1762 2767 1806 et
2788 1755 2850 1807 de
2869 1765 3012 1824 petra
3037 1756 3183 1811 melle
3218 1762 3464 1815 saturavit
3495 1778 3600 1817 eos.

2013 1839 2069 1894 ln
2099 1856 2279 1897 eremo
2299 1841 2367 1897 de
2396 1852 2544 1914 petra
2575 1860 2763 1915 aquam
2803 1847 3052 1917 produxit
3101 1848 3121 1921 (
3149 1849 3316 1905 Exod.
3348 1869 3477 1919 xvu,
3503 1854 3536 1909 6
3562 1857 3601 1923 ),

2012 1947 2118 1987 non
2140 1934 2263 1988 mel.
2292 1934 2394 1989 Mel
2417 1936 2673 2007 sapientia
2705 1947 2807 2005 est,
2839 1940 3121 2009 primatum
3151 1942 3384 2000 dulcoris
3412 1955 3604 2003 tenens

2012 2024 2063 2078 in
2095 2026 2231 2081 escis
2251 2027 2447 2082 cordis.
2472 2028 2640 2097 Quam
2671 2032 2820 2085 multi
2845 2049 2971 2104 ergo
2999 2035 3195 2091 inimici
3224 2038 3430 2093 Domini
3456 2056 3603 2096 men-

2012 2116 2203 2172 tientes
2254 2118 2479 2174 Domino
2525 2121 2788 2186 cibantur,
2845 2140 2948 2178 uon
2997 2127 3167 2181 solum
3216 2143 3281 2183 ex
3308 2130 3467 2201 adipe
3496 2130 3605 2187 fru-

2011 2211 2198 2276 menti,
2221 2211 2315 2266 sed
2342 2213 2499 2267 etiam
2523 2213 2588 2271 de
2617 2224 2766 2284 petra
2789 2218 2968 2281 melle,
3001 2219 3068 2274 de
3089 2222 3344 2291 sapientia
3375 2224 3599 2281 Christi!

2010 2316 2168 2370 quam
2200 2303 2352 2358 multi
2382 2303 2715 2361 delectantur
2740 2309 2903 2364 verbo
2930 2310 3045 2381 ejus
3084 2321 3137 2367 et
3161 2316 3465 2384 cognitione
3511 2332 3605 2373 sa-

2011 2404 2408 2451 cramentorum
2427 2398 2561 2467 ejus,
2591 2399 2854 2455 solutione
2885 2403 3251 2471 parabolarum
3282 2406 3418 2477 ejus,
3444 2424 3601 2479 quam

2011 2485 2162 2541 multi
2207 2487 2563 2557 delectantur,
2597 2506 2753 2560 quam
2784 2492 2933 2547 multi
2979 2494 3245 2549 clamant!
3277 2496 3343 2551 Et
3386 2514 3489 2553 non
3521 2510 3603 2554 est

2012 2576 2114 2631 hoc
2143 2577 2248 2632 mel
2274 2578 2340 2633 dc
2368 2579 2606 2649 quolibet
2636 2581 2870 2648 homine,
2900 2583 2992 2639 sed
3020 2583 3086 2639 de
3107 2594 3257 2652 petra
3289 2605 3301 2640 :
3334 2597 3480 2658 petra
3506 2605 3601 2645 au-

2010 2674 2115 2721 tem
2143 2678 2260 2722 erat
2277 2667 2519 2724 Christus
2544 2670 2564 2742 (
2589 2669 2607 2723 l
2636 2670 2751 2725 Cor.
2783 2689 2817 2727 ιι
2840 2714 2854 2737 ,
2879 2674 2913 2728 4
2935 2677 2971 2743 ).
3006 2674 3174 2741 Quam
3200 2677 3353 2731 multi
3374 2694 3501 2749 ergo
3519 2694 3603 2734 sa-

2010 2761 2206 2815 tiantur
2250 2759 2316 2815 de
2360 2761 2519 2816 melle
2548 2762 2652 2817 isto
2676 2805 2690 2827 ,
2724 2764 2994 2830 clamant,
3025 2765 3209 2821 dicunt
3237 2808 3252 2834 ,
3283 2766 3455 2824 Suave
3483 2778 3598 2835 est;

2007 2854 2220 2920 dicunt,
2255 2854 2395 2910 Nihil
2439 2856 2630 2912 melius
2660 2898 2673 2921 ,
2704 2858 2835 2913 nihil
2885 2858 3092 2914 dulcius
3122 2861 3203 2915 vel
3251 2861 3473 2933 intelligi
3516 2866 3601 2921 vei

2008 2944 2110 3001 diei
2140 2947 2343 3017 potuit!
2367 2956 2422 3004 et
2453 2956 2630 3003 tamen
2658 2948 2860 3005 inimici
2894 2952 3101 3007 Domini
3135 2955 3341 3009 mentiti
3380 2967 3505 3012 sunt
3530 2958 3600 3013 ei.

2008 3036 2142 3092 Nolo
2169 3039 2396 3109 amplius
2422 3039 2694 3095 immorari
2725 3040 2776 3095 in
2802 3042 2959 3097 rebus
2986 3043 3227 3099 dolendis
3258 3062 3271 3097 :
3295 3061 3597 3117 quanquam

2010 3131 2319 3187 terribiliter
2362 3132 2605 3188 Psalmus
2649 3134 2713 3188 ad
2753 3134 2855 3190 hoc
2898 3135 3077 3193 finitus
3108 3138 3207 3207 sit,
3239 3145 3414 3195 tamen
3436 3157 3467 3196 a
3499 3142 3603 3197 line

2009 3220 2125 3291 ejus
2146 3262 2161 3287 ,
2191 3222 2416 3278 obsecro
2446 3239 2541 3280 vos
2567 3265 2582 3289 ,
2632 3239 2970 3281 recurramus
3000 3226 3065 3281 ad
3100 3236 3259 3298 caput
3289 3247 3301 3284 :
3339 3229 3602 3286 Exsultate

2011 3312 2117 3368 Deo
2142 3314 2366 3384 adjutori
2392 3326 2561 3372 nostra
2581 3360 2595 3384 ,
2620 3320 2863 3373 conversi
2895 3319 2961 3375 ad
2993 3320 3156 3376 Deum
3178 3323 3215 3373 ¹.

2572 3455 2635 3509 Et
2665 3467 2775 3528 post
2803 3458 3002 3513 verbum
3027 3477 3044 3514 :

2080 3587 2170 3643 25.
2212 3587 2325 3642 Non
2360 3604 2544 3659 parum
2585 3599 2791 3645 veSIras
2811 3601 3018 3647 mentes
3050 3592 3100 3646 in
3146 3594 3361 3649 nomine
3402 3594 3603 3651 Christi

2010 3680 2185 3736 divina
2235 3683 2535 3751 spectacula
2586 3692 2910 3751 tenuerit-2,
2951 3693 3005 3740 et
3047 3686 3439 3755 suspenderunt
3466 3702 3600 3752 vos,

2011 3787 2117 3827 non
2150 3772 2323 3827 solum
2376 3773 2440 3827 ad
2481 3774 2779 3844 appetenda
2811 3776 3052 3846 qumdam
3084 3818 3100 3843 ,
3125 3778 3218 3831 sed
3252 3778 3317 3833 ad
3360 3779 3603 3849 quaedam

2010 3864 2170 3919 etiam
2202 3864 2469 3935 fugienda;
2503 3865 2603 3919 Ista
2648 3876 2770 3921 sunt
2800 3870 3099 3937 spectacula
3124 3869 3290 3934 utilia,
3323 3871 3555 3926 salubria
3571 3907 3593 3934 ,ν

2010 3956 2322 4013 aedificantia
2344 4000 2359 4025 ,
2393 3973 2498 4013 non
2528 3957 2854 4014 destruentia
2885 3978 2897 4011 :
2929 3961 3038 4013 imo
3087 3969 3140 4014 et
3167 3960 3519 4027 destruentia,
3549 3972 3603 4018 et

2009 4046 2360 4112 a‘diﬁcautia;
2412 4047 2739 4103 destruentia
2787 4056 3032 4103 recentes
3082 4049 3247 4114 deos,
3284 4050 3601 4110 cedillcantia

2012 4136 2169 4192 ﬁdem
2214 4137 2265 4191 in
2310 4153 2494 4192 verum
2541 4145 2595 4192 et
2618 4147 2875 4193 aeternum
2906 4139 3097 4194 Deum.
3129 4141 3299 4195 Etiam
3335 4142 3384 4195 in
3416 4144 3605 4198 crasti-

2011 4246 2138 4285 num
2179 4229 2320 4285 diem
2377 4230 2664 4286 invitamus
2706 4231 3031 4287 Charitatem
3064 4242 3318 4288 vestram.
3367 4233 3497 4290 Cras
3528 4236 3602 4291 illi

2011 4322 2239 4389 habent,
2272 4333 2330 4377 ut
2358 4323 2691 4387 audivimus,
2720 4339 2867 4381 mare
2893 4326 2945 4379 in
2989 4326 3199 4382 theatro
3233 4346 3244 4381 :
3280 4342 3378 4383 nos
3409 4328 3574 4384 habea

2010 4429 2128 4470 mus
2156 4422 2367 4485 portum
2395 4414 2445 4469 in
2476 4415 2705 4471 Christo.
2736 4416 2844 4471 Sed
2868 4419 3119 4487 quoniam
3146 4420 3439 4489 perendino
3473 4420 3561 4477 die
3582 4464 3597 4486 ,

2010 4504 2062 4561 id
2094 4515 2198 4572 est,
2228 4516 2414 4577 quarta
2446 4507 2668 4573 sabbati,
2699 4523 2802 4562 non
2830 4524 3110 4578 possumus
3136 4510 3201 4565 ad
3233 4526 3471 4565 mensam
3498 4512 3603 4584 Cy-

2011 4596 2183 4667 priani
2254 4598 2586 4662 convenire,
2640 4598 2761 4668 quia
2816 4598 3076 4654 festivitas
3137 4609 3219 4657 est
3295 4612 3601 4658 sanctorum

2010 4688 2342 4761 Martyrum;
2395 4690 2629 4743 crastino
2679 4688 2745 4742 ad
2794 4689 2961 4759 ipsam
3028 4684 3268 4747 menSam
3319 4692 3604 4747 convenia-

2012 4794 2150 4835 mus.

2371 4985 2452 5048 IN
2497 4984 2582 5049 PS
2592 4985 2875 5049 ALMUM
2917 4987 3191 5048 LXXXI

2615 5109 2704 5164 EN
2711 5108 3030 5164 ARRATIO.

2088 5228 2137 5283 1.
2180 5225 2352 5300 [cem
2405 5224 2504 5297 1.]
2546 5222 2788 5279 Psalmus
2834 5224 2934 5291 ipsi
2975 5224 3168 5295 Asapli.
3227 5224 3437 5282 Psalmo
3488 5226 3612 5285 huic

2014 5322 2245 5383 titulum,
2280 5319 2417 5373 sicut
2443 5316 2561 5371 aliis
2586 5316 2673 5385 qui
2704 5314 2953 5371 similiter
2982 5325 3364 5387 praenotantur,
3393 5319 3480 5375 vel
3519 5335 3612 5374 no-

2015 5428 2136 5468 men
2167 5410 2281 5481 ejus
2307 5408 2535 5462 hominis
2567 5406 2799 5474 indidit,
2833 5421 2863 5461 a
2915 5422 3022 5478 quo
3070 5408 3301 5480 scriptus
3350 5420 3432 5465 est
3459 5453 3474 5477 ,
3528 5413 3612 5466 vel

2014 5503 2251 5575 ejusdem
2297 5499 2528 5556 nominis
2575 5500 2978 5569 interpretatio;
3029 5508 3088 5555 ut
3128 5501 3194 5555 ad
3237 5501 3568 5573 Synagogam
3597 5542 3612 5567 ,

2014 5592 2154 5664 quod
2176 5601 2257 5647 est
2280 5588 2475 5660 Asaplt,
2499 5589 2613 5659 ejus
2630 5589 2976 5660 intelligentia
2999 5588 3287 5645 referatur:
3306 5592 3603 5661 praesertim

2080 5746 2093 5776 ¹
2124 5752 2171 5793 tn
2189 5742 2301 5793 add.
2327 5742 2502 5792 omissa
2541 5740 2734 5791 fuerant
2758 5742 2860 5790 haec
2885 5739 3034 5790 verba
3058 5753 3067 5787 :
3091 5740 3312 5794 Conversi
3335 5741 3401 5792 ad
3431 5748 3582 5793 neunt

2016 5813 2067 5857 Et
2093 5812 2193 5868 post
2215 5805 2405 5855 verbum
2430 5817 2445 5853 :
2471 5816 2579 5867 quae
2604 5814 2694 5852 nos
2716 5804 3017 5853 restituimus
3043 5813 3103 5851 ex
3124 5808 3229 5851 Mss.
