4132 6448
462 354 598 413 ,οι-ι
1656 336 1715 391 s.
1756 321 2123 387 AUGUSTINI
2164 323 2459 381 EPISCOP!
3591 332 3741 390 loss

464 469 587 539 quia
612 463 716 522 hoc
743 474 796 520 et
819 462 1020 534 primus
1044 460 1159 530 ejus
1189 470 1374 517 versus
1399 453 1655 524 assignat.
1678 448 1767 505 Sic
1793 447 1932 502 enim
1962 446 2046 498 in.

469 559 593 630 cipit
621 556 791 613 :Deus
819 555 953 612 stetit
979 554 1031 609 in
1056 566 1314 624 synagoga
1343 548 1550 603 deorum
1568 544 1662 616 (a).
1692 542 1837 611 Quos
1864 539 2049 609 tttique

475 649 596 706 deos
622 646 761 705 absit
785 654 842 702 ut
878 643 1232 713 intelligamus
1259 639 1389 695 deos
1415 636 1662 694 Gentium
1682 676 1696 701 ,
1728 633 1839 688 sive
1870 630 2050 697 idola,

478 742 585 799 sive
632 737 859 811 aliquam
888 744 1081 808 praeter
1106 735 1351 789 homines
1376 731 1649 787 caelestem
1679 734 2051 782 terrestremve

465 840 768 891 creaturam
815 846 831 882 :
862 844 979 885 cum
1007 827 1164 898 paulo
1207 834 1327 896 post
1356 824 1496 877 hunc
1521 835 1733 877 versum
1784 817 1924 875 idem
1953 816 2052 871 iste

473 924 708 996 psalmus
732 931 951 985 asserat,
984 930 1037 975 et
1060 933 1195 990 quos
1221 918 1351 972 deos
1396 914 1615 982 intelligi
1644 912 1805 976 velit,
1835 910 1886 963 in
1915 923 2051 978 quo-

478 1033 593 1073 rum
620 1031 884 1088 synagoga
912 1014 1060 1070 stetit
1082 1013 1241 1078 Deus,
1266 1010 1499 1078 apertius
1520 1007 1801 1078 exprimat,
1827 1005 1915 1061 ubi
1936 1004 2009 1057 ait
2037 1021 2050 1057 :

475 1106 590 1180 Ego
618 1106 744 1173 dixi,
775 1106 860 1159 Dii
887 1104 1023 1170 estis,
1051 1112 1097 1158 et
1122 1101 1217 1170 ﬁlii
1250 1100 1490 1155 Altissimi
1527 1112 1732 1161 omnes;
1760 1111 1844 1150 vos
1890 1103 2057 1147 autem

476 1199 602 1254 sicut
622 1197 844 1251 homines
865 1195 1164 1260 moriemini,
1183 1194 1237 1247 ei
1255 1193 1384 1247 sicut
1403 1207 1534 1245 unus
1558 1190 1621 1243 tle
1643 1186 1950 1259 principibus
1966 1200 2054 1237 ca-

478 1290 624 1345 detis.
653 1288 709 1342 in
740 1286 930 1342 horum
959 1301 1086 1356 ergo
1128 1298 1393 1357 synagoga
1421 1282 1646 1336 ﬁliorum
1684 1276 1964 1342 Altissimi,
1991 1275 2059 1330 de

480 1382 670 1452 quibus
709 1381 847 1436 idem
880 1380 1181 1434 Altissimus
1210 1392 1305 1448 per
1336 1376 1519 1432 lsaiam
1556 1374 1715 1438 dicit,
1748 1371 1884 1426 Filio
1910 1370 2060 1441 genui

481 1484 528 1529 et
554 1475 801 1538 exaltari;
826 1473 923 1544 ipsi
941 1481 1106 1526 autent
1128 1487 1206 1525 me
1224 1476 1515 1542 spreverunt
1545 1466 1710 1536 (Isai.
1741 1481 1778 1530 ι,
1801 1463 1894 1532 2),
1918 1464 2063 1517 stetit

483 1566 645 1622 Deus.
672 1565 736 1619 lu
766 1580 1024 1636 synagoga
1048 1563 1299 1634 populum
1323 1559 1483 1616 Israel
1509 1556 1827 1628 accipimus;
1854 1556 1979 1626 quia
2008 1562 2063 1609 et

484 1661 728 1730 ipsorum
746 1658 959 1728 prOprie
984 1656 1260 1728 Synagoga
1286 1654 1391 1709 diei
1433 1652 1597 1715 solet,
1626 1649 1866 1721 quamvis
1889 1656 1942 1703 et
1963 1648 2064 1702 Ec-

485 1752 647 1808 clesia
673 1752 811 1807 dicta
833 1751 920 1807 sit.
944 1749 1189 1805 Nostram
1209 1762 1337 1803 vero
1355 1744 1593 1815 Apostoli
1617 1756 1880 1812 nunquam
1907 1754 2064 1811 syna-

484 1857 675 1914 gogam
705 1842 970 1906 dixerunt,
999 1840 1092 1896 sed
1118 1853 1329 1909 semper
1357 1835 1649 1893 Ecclesium
1683 1851 1695 1888 :
1728 1833 1840 1887 sive
1859 1831 2063 1887 discer-

485 1934 645 1989 nendi
683 1948 839 1989 causa
871 1974 885 1999 ,
917 1932 1031 1987 sive
1074 1930 1217 2002 quod
1262 1929 1398 1984 inter
1424 1924 1883 1997 congregationem
1925 1921 2066 1977 unde

487 2025 800 2097 SynagOga,
832 2033 887 2079 et
936 2022 1374 2079 convocationem
1423 2018 1562 2074 unde
1609 2016 1843 2073 Ecclesia
1871 2029 2065 2071 nomen

485 2118 727 2188 accepit,
766 2116 926 2171 distet
976 2114 1205 2190 aliquid;
1256 2111 1395 2183 quod
1426 2110 1629 2166 scilicet
1674 2106 1985 2179 congregari
2015 2114 2067 2161 et

486 2223 677 2279 pecora
705 2206 879 2262 solent
902 2248 915 2271 ,
946 2215 1103 2276 atque
1127 2206 1239 2275 ipsa
1261 2202 1473 2273 proprie
1497 2244 1511 2269 ,
1541 2214 1763 2271 quorum
1805 2208 1858 2253 et
1881 2211 2068 2269 greges

488 2300 701 2371 proprie
729 2300 953 2356 dicimus
973 2317 987 2365 ;
1007 2297 1286 2353 convocari
1309 2303 1487 2350 autem
1509 2294 1677 2363 magis
1702 2303 1782 2349 est
1808 2292 2066 2348 utentium

487 2394 715 2461 ratione,
745 2393 880 2448 sicut
908 2400 1032 2447 sunt
1073 2390 1334 2445 homines.
1368 2386 1520 2443 Unde
1548 2401 1614 2442 ex
1642 2399 1866 2456 persona
1904 2382 2067 2452 ipsius

488 2484 671 2554 Asaph
698 2484 749 2539 in
776 2482 880 2538 alio
907 2481 1113 2553 psalmo
1141 2480 1373 2546 canitur,
1410 2478 1569 2545 Quasi
1599 2491 1749 2546 pecus
1778 2474 1938 2543 [actus
1958 2488 2068 2525 sum

487 2576 628 2648 apud
650 2584 716 2644 te,
738 2585 784 2630 et
809 2590 898 2645 ego
916 2589 1109 2644 semper
1126 2581 1289 2627 tecum
1313 2569 1484 2639 (Psal.
1510 2584 1671 2634 Lxxu,
1702 2565 1794 2638 25)
1823 2585 1835 2621 :
1857 2564 2069 2636 quando

488 2670 667 2740 utique
687 2710 701 2732 ,
732 2665 973 2737 quamvis
1014 2665 1100 2719 uni
1130 2678 1258 2719 vero
1286 2664 1395 2718 Deo
1424 2660 1751 2730 mancipatus
1778 2658 2064 2723 videretur,

490 2777 587 2833 pro
616 2760 821 2831 magnis
852 2767 1023 2814 tamen
1054 2772 1115 2811 ac
1143 2756 1364 2811 summis
1389 2754 1542 2810 bonis
1574 2752 1642 2806 ab
1673 2752 1761 2806 illo
1801 2750 2029 2806 carnalia
2049 2792 2064 2818 ,

487 2864 730 2918 terrena,
760 2850 1069 2921 temporalia
1102 2847 1422 2919 requirebat.
1471 2846 1768 2901 invenimus
1797 2860 1890 2899 eos
1928 2858 2070 2913 saepe

489 2945 650 2999 etiam
678 2942 813 2998 ﬁlios
841 2941 1163 3012 appellatos;
1195 2954 1299 2995 non
1342 2952 1405 2994 ea
1435 2937 1597 3008 gratia
1623 2951 1744 3007 quae
1769 2935 1834 2989 ad
1863 2934 2068 2990 Novum

492 3036 889 3091 Testamentum
936 3032 1201 3103 pertinet,
1233 3030 1327 3085 sed
1355 3029 1443 3083 illa
1472 3042 1591 3099 qua:
1616 3027 1683 3083 ad
1707 3027 1870 3083 Vetus
1902 3044 1916 3082 :
1946 3027 2068 3097 quia

487 3135 541 3181 et
570 3125 681 3196 ipsa
702 3125 867 3195 gratia
894 3133 976 3179 est
994 3138 1095 3193 qua
1122 3120 1282 3191 elegit
1307 3119 1597 3186 Abraham,
1619 3127 1673 3175 et
1689 3133 1751 3173 ex
1776 3118 1892 3188 ejus
1911 3132 2070 3173 carne

488 3227 597 3272 tam
638 3230 885 3284 magnum
915 3213 1166 3283 populum
1198 3210 1543 3286 propagavit;
1571 3224 1673 3280 qua
1717 3209 1949 3264 nondum
1977 3223 2073 3263 na-

491 3319 595 3374 tos,
625 3306 788 3362 Jacob
807 3305 1011 3373 dilexit,
1037 3305 1175 3359 Esau
1195 3313 1372 3359 autem
1399 3302 1521 3357 odio
1541 3301 1726 3356 habuit
1750 3301 2002 3374 (Malach.
2029 3318 2067 3367 ι,

489 3399 542 3463 2,
577 3399 610 3453 5
634 3397 687 3467 );
715 3410 817 3466 qua
842 3387 1083 3449 liberavit
1111 3409 1175 3448 ex
1197 3393 1458 3464 ngypto,
1485 3407 1587 3462 qua
1629 3392 1680 3445 in
1712 3401 1903 3446 terram
1944 3405 2069 3460 pro-

492 3488 783 3554 missionis,
811 3486 995 3557 ejectis
1024 3484 1282 3542 Gentibus
1306 3524 1322 3551 ,
1352 3482 1657 3538 introduxit.
1687 3482 1798 3537 Nisi
1848 3483 1990 3537 enim
2019 3491 2072 3536 et

492 3582 603 3651 ipsa
635 3587 777 3635 esset
793 3578 960 3649 gratia
981 3618 996 3643 ,
1027 3592 1130 3631 non
1158 3577 1335 3646 utique
1356 3574 1423 3631 de
1449 3574 1620 3641 nobis,
1646 3575 1835 3645 quibus
1872 3589 1974 3629 non
2005 3574 2071 3629 ad

494 3683 785 3738 terrenum,
808 3668 901 3725 sed
923 3668 988 3724 ad
1017 3682 1236 3739 regnum
1267 3667 1525 3723 caelorum
1548 3665 1927 3736 capessendum
1951 3665 2070 3721 data

492 3772 577 3820 est
600 3772 833 3835 potestas
859 3760 996 3817 ﬁlios
1039 3761 1131 3817 Dei
1159 3760 1271 3816 ﬁeri
1293 3802 1307 3827 ,
1341 3761 1392 3814 in
1418 3758 1605 3815 eodem
1634 3773 1754 3814 mox
1788 3759 2073 3829 Evangelio

495 3856 764 3912 diceretur
789 3852 928 3924 quod
959 3853 1260 3924 accepimus
1287 3851 1510 3922 gratiam
1535 3865 1631 3920 pro
1668 3849 1835 3921 gratia
1867 3850 1885 3921 (
1913 3850 2070 3904 Joan.

493 3966 532 4012 ι,
557 3948 643 4014 12,
674 3947 739 4002 16
760 3946 811 4018 );
844 3945 896 4000 id
917 3954 1021 4012 est,
1051 3958 1147 4014 pro
1175 3944 1498 3999 Testamenti
1532 3942 1738 3998 Veteris
1768 3943 2075 4012 promissio-

495 4040 669 4105 nibus,
703 4038 1024 4092 'l‘estamcnti
1071 4036 1201 4090 Novi
1230 4036 1628 4104 promissiones.
1661 4034 1850 4104 Liquet
1878 4035 2036 4106 igitur
2056 4074 2071 4100 ,

493 4141 748 4205 quantum
795 4129 1074 4196 existimo,
1117 4131 1169 4182 in
1201 4143 1301 4198 qua
1330 4129 1550 4183 deorum
1574 4142 1838 4199 synagoga
1868 4129 2075 4183 steterit

495 4226 655 4280 Deus.

563 4316 618 4368 2.
663 4312 922 4381 Deinceps
963 4307 1339 4378 requirendum
1377 4317 1460 4364 est
1504 4318 1681 4363 utrum
1716 4307 1923 4362 Patrem
1950 4348 1964 4372 ,
2005 4321 2073 4362 an

498 4406 712 4469 Filium,
744 4418 810 4457 an
842 4401 1098 4472 Spiritum
1127 4409 1366 4455 sanctum
1392 4443 1407 4468 ,
1438 4416 1505 4455 an
1546 4401 1715 4471 ipsam
1761 4400 2072 4455 Trinitatem

495 4499 736 4568 accipere
764 4496 1050 4552 debeamus
1093 4495 1303 4550 stetisse
1350 4495 1404 4548 in
1447 4510 1705 4566 synagoga
1752 4493 2075 4558 deorum;in

496 4591 659 4645 medio
684 4599 849 4645 autem
879 4589 997 4643 deos
1026 4589 1304 4642 discernere
1326 4604 1344 4641 :
1373 4588 1494 4658 quia
1521 4596 1574 4643 et
1593 4588 1831 4658 singulus
1852 4588 2075 4658 quisque

497 4683 638 4737 Deus
663 4722 679 4749 ,
706 4690 760 4737 et
790 4683 902 4751 ipsa
928 4681 1158 4736 Trinitas
1179 4694 1314 4735 unus
1348 4680 1505 4736 Deus.
1533 4680 1648 4735 Non
1680 4680 1893 4750 quidem
1923 4679 2074 4735 facile

495 4782 578 4828 est
603 4771 706 4828 hoc
727 4772 998 4842 eliquare;
1028 4773 1150 4843 quia
1178 4779 1233 4826 et
1263 4786 1366 4826 non
1394 4772 1749 4843 corporalem,
1778 4771 1870 4827 sed
1912 4772 2073 4840 spiri-

495 4864 689 4920 tualem
736 4864 827 4919 Dei
863 4863 1194 4934 prmsentiam
1221 4905 1234 4927 ,
1264 4879 1380 4933 quae
1407 4865 1647 4934 congruit
1684 4864 1799 4933 ejus
1827 4863 2073 4918 substan-

495 4959 603 5025 tite,
633 4958 814 5029 negari
842 4972 946 5011 non
970 4965 1143 5028 potest
1166 4957 1354 5013 adesse
1387 4957 1615 5012 conditis
1641 4957 1820 5023 rebus,
1846 4956 2073 5011 mirabili

496 5048 738 5104 videlicet
762 5057 817 5104 et
845 5048 933 5102 vix
964 5048 1145 5117 paucis
1172 5047 1486 5117 intelligibili
1516 5046 1695 5112 modo,
1729 5048 1812 5102 cui
1840 5046 2072 5103 dicitur:

496 5141 559 5196 Si
585 5141 852 5196 ascendero
877 5141 929 5194 in
945 5141 1143 5206 caelum,
1174 5150 1227 5194 tu
1251 5140 1318 5195 ibi
1341 5156 1391 5195 es
1408 5158 1428 5207 ;
1450 5140 1494 5195 si
1514 5140 1813 5195 descendero
1842 5141 1892 5194 in
1912 5140 2073 5210 infcr-

497 5248 615 5287 nunt
637 5272 651 5297 ,
684 5230 845 5304 ades(
872 5231 1013 5287 Psat.
1042 5248 1289 5300 cxxxvm,
1313 5231 1405 5305 8).
1430 5232 1581 5289 Unde
1607 5234 1797 5288 merito
1825 5232 2073 5303 perhibe-

495 5336 581 5383 tur
608 5334 752 5384 stare
780 5326 923 5383 Deus
944 5328 995 5382 in
1033 5328 1441 5398 congregatione
1490 5327 1762 5382 hominum
1798 5327 2076 5383 invisibili-

496 5430 596 5485 ter,
644 5419 781 5476 sicut
828 5419 1022 5475 cmlum
1065 5427 1119 5474 et
1166 5426 1361 5473 terram
1402 5419 1516 5488 ipse
1563 5418 1782 5489 implet,
1813 5420 1953 5490 quod
1981 5436 2075 5490 per

493 5510 807 5583 prophetam
838 5511 905 5566 de
931 5526 989 5566 se
1014 5510 1125 5579 ipse
1151 5509 1401 5581 praedicat
1440 5510 1458 5579 (
1485 5510 1673 5565 Jerem.
1702 5527 1833 5566 χχιιι
1860 5553 1875 5577 ,
1919 5512 2028 5585 24)
2057 5532 2070 5568 ;

495 5618 593 5660 nec
616 5611 816 5659 tantum
838 5600 1166 5674 perhibetur,
1191 5600 1285 5657 sed
1313 5615 1410 5671 pro
1436 5608 1592 5673 captu
1616 5603 1806 5658 mentis
1829 5602 2071 5659 humanae

553 5760 629 5874 (at)
645 5767 776 5812 nunc
797 5762 846 5825 γ.
877 5761 896 5812 1
919 5760 1071 5811 habes
1096 5762 1214 5811 item
1234 5761 1505 5824 expositum
1528 5760 1576 5810 in
1601 5767 1757 5833 Enarr.
1785 5759 1902 5811 P511.
1945 5775 2070 5826 xciv,

490 5837 539 5873 ιι.
564 5837 609 5873 ὓ.

2159 455 2441 515 utcumque
2465 445 2802 516 cognoscitur
2828 454 2971 502 stare
2996 446 3047 501 in
3093 446 3171 502 eis
3195 463 3311 518 qua:
3349 448 3547 505 creavit
3569 489 3585 516 ,
3611 450 3656 505 si
3685 457 3750 506 et

2158 537 2319 592 homo
2344 546 2448 593 stet
2476 546 2532 593 et
2560 537 2739 594 audiat
2766 554 2887 595 cum
2912 580 2925 604 ,
2956 548 3011 595 et
3037 538 3229 611 gaudio
3255 538 3478 611 gaudeat
3523 548 3751 611 propter

2132 629 2273 700 .ejus
2324 629 2560 683 intimam
2606 644 2791 685 vocem
2840 629 3018 702 (Joan.
3046 647 3100 686 ιιι
3127 674 3141 697 ,
3172 631 3288 701 29).
3317 631 3695 688 Verumtamen
3718 674 3739 700 ,

2157 729 2412 795 quantum
2439 720 2688 789 arbitror,
2712 708 2947 791 psalmus
2975 722 3075 778 iste
3104 723 3373 779 insinuare
3397 723 3595 793 aliquid
3618 739 3740 779 mo-

2159 811 2307 890 litui;
2339 812 2479 883 quod
2504 828 2571 868 ex
2595 812 2823 884 quodam
2859 823 3099 885 tempore
3125 814 3321 870 iactant
3343 824 3425 871 est
3447 858 3462 882 ,
3490 824 3548 870 ut
3576 824 3749 871 staret

2161 905 2301 959 Deus
2327 906 2376 959 in
2401 920 2667 976 synagoga
2695 905 2937 961 deorum.
2961 907 3091 962 Nam
3115 908 3204 962 illa
3231 909 3388 964 statio
3413 924 3515 979 qua
3547 908 3747 963 caelum

2160 1004 2213 1049 et
2243 1004 2438 1050 terram
2460 997 2661 1067 implet,
2691 1012 2789 1053 nec
2808 998 2873 1053 ad
2896 998 3225 1070 Synagogam
3255 1002 3472 1071 proprie
3492 1000 3743 1071 pertinet,

2162 1104 2262 1143 nec
2291 1096 2530 1160 tempore
2580 1092 2830 1146 variatur.
2873 1090 3010 1147 Deus
3041 1093 3216 1164 itaque
3244 1095 3376 1149 stetit
3404 1094 3457 1148 in
3486 1111 3749 1167 synagoga

2164 1179 2371 1233 deorum
2398 1222 2412 1247 ,
2442 1181 2688 1237 nimirum
2720 1183 2808 1239 ille
2836 1185 2925 1254 qui
2952 1185 3019 1240 de
3059 1200 3116 1241 se
3141 1186 3273 1241 dixit
3302 1206 3315 1241 :
3343 1186 3464 1242 Non
3488 1205 3597 1243 sum
3627 1190 3750 1244 mis-

2164 1288 2248 1325 sus
2279 1273 2375 1326 nisi
2404 1272 2471 1325 ad
2510 1288 2626 1329 oves
2670 1291 2782 1344 quae
2806 1278 3058 1347 perierunt
3093 1277 3271 1332 domus
3306 1278 3475 1334 Israel
3501 1279 3517 1349 (
3555 1279 3742 1335 Matth.

2166 1379 2254 1430 xv,
2290 1363 2361 1418 24
2396 1362 2436 1436 ).
2470 1365 2671 1420 Dicitur
2693 1376 2745 1421 et
2770 1382 2928 1423 causa
2970 1385 2984 1422 :
3017 1367 3081 1423 In
3107 1371 3270 1425 medio
3299 1380 3464 1425 autent
3493 1373 3610 1427 deos
3637 1374 3745 1428 dis-

2166 1469 2384 1510 cernere.
2408 1455 2653 1526 Agnosco
2700 1458 2859 1528 igitur
2908 1460 3075 1515 Deum
3126 1464 3335 1518 stetisse
3380 1463 3433 1518 in
3479 1480 3745 1537 synagoga

2166 1544 2408 1615 deorum,
2438 1564 2649 1618 quorum
2676 1560 2861 1620 patres,
2881 1560 2929 1605 et
2944 1569 3008 1607 ex
3022 1553 3199 1623 quibus
3224 1553 3450 1610 Christus
3470 1557 3746 1611 secundum

2170 1655 2371 1693 carnem
2394 1656 2412 1693 :
2442 1649 2498 1695 ut
2524 1642 2665 1697 enim
2695 1650 2861 1698 staret
2883 1643 3023 1698 Deus
3045 1645 3096 1699 in
3120 1659 3386 1716 synagoga
3415 1646 3657 1713 deorum,
3681 1648 3747 1703 ad

2170 1730 2270 1787 hoc
2296 1746 2361 1788 ex
2388 1732 2516 1803 ipsis
2560 1734 2850 1790 secundum
2881 1749 3117 1791 carnem.
3152 1736 3254 1793 Sed
3283 1738 3406 1808 quid
3436 1737 3612 1794 Deus?
3641 1738 3747 1796 Ne-

2169 1839 2271 1894 que
2314 1824 2453 1879 euim
2498 1826 2680 1895 quales
2725 1825 2840 1893 illi,
2883 1828 2935 1882 in
2968 1844 3189 1899 quorum
3218 1830 3438 1887 deorum
3484 1848 3749 1907 synagoga

2170 1916 2349 1982 stetit;
2377 1915 2493 1984 sed,
2518 1918 2652 1971 sicut
2677 1918 2783 1973 illic
2803 1920 3089 1991 Apostolus
3115 1924 3371 1993 sequitur,
3395 1926 3483 1995 qui
3510 1935 3744 1998 estsupet

2172 2009 2340 2062 omnia
2368 2009 2507 2063 Deus
2526 2009 2810 2065 benedictus
2832 2013 2885 2067 in
2909 2016 3093 2069 saecula
3121 2015 3139 2086 (
3163 2016 3311 2072 Rom.
3342 2034 3415 2084 Ix,
3445 2020 3538 2091 5).
3569 2022 3749 2091 Agno-

2172 2115 2265 2156 sco
2287 2142 2301 2166 ,
2344 2105 2559 2172 inquam
2585 2144 2600 2171 ,
2647 2104 2893 2172 stetisse;
2940 2120 3169 2177 agnosco
3200 2118 3253 2164 et
3284 2111 3333 2164 in
3366 2111 3539 2167 medio
3581 2113 3749 2169 Deum

2171 2209 2444 2264 sponsum,
2475 2195 2542 2251 de
2570 2211 2676 2267 quo
2701 2198 2901 2253 amicus
2922 2200 3034 2270 ejus
3061 2202 3273 2272 quidam
3301 2202 3429 2258 dicit
3455 2222 3467 2258 :
3492 2204 3559 2259 In
3588 2207 3751 2263 medio

2173 2296 2386 2341 uestrum
2416 2296 2533 2352 stat,
2561 2306 2709 2360 quem
2748 2306 2832 2345 vos
2862 2292 3062 2348 nescitis
3092 2291 3288 2363 (Joan.
3312 2311 3362 2359 ι,
3384 2293 3514 2368 26
3547 2296 3753 2370 Quippe

2176 2377 2244 2433 de
2270 2380 2459 2449 quibus
2488 2381 2644 2451 paulo
2669 2391 2787 2451 post
2824 2383 2877 2437 in
2922 2383 3023 2438 hoc
3052 2384 3256 2453 psalmo
3300 2385 3511 2454 dicitur,
3546 2387 3753 2444 Nescie-

2173 2482 2311 2539 runt,
2336 2489 2496 2540 neque
2533 2475 2887 2529 intellexerunt
2915 2518 2928 2538 ,
2956 2476 3007 2529 in
3034 2476 3247 2530 tenebris
3271 2478 3531 2533 ambulant
3560 2496 3577 2533 .'
3608 2482 3755 2536 testiv

2174 2560 2360 2617 ﬁeatur
2387 2571 2441 2618 et
2477 2564 2789 2633 Apostolus,
2823 2565 3073 2629 Quoniam
3099 2568 3297 2621 accitas
3321 2585 3383 2623 ex
3407 2580 3549 2639 parte
3590 2569 3756 2626 Israel

2175 2658 2310 2727 facta
2340 2667 2432 2722 est,
2463 2667 2517 2712 ut
2544 2659 2803 2728 plenitudo
2825 2660 3056 2715 Gentium
3078 2664 3286 2716 intraret
3313 2662 3496 2733 (Rom.
3524 2681 3596 2732 st,
3620 2666 3751 2738 25).

2173 2746 2410 2803 Stantem
2441 2749 2636 2820 quippe
2661 2751 2712 2804 in
2745 2752 2920 2807 medio
2947 2755 3028 2808 sui
3055 2755 3305 2810 videbant
3330 2771 3485 2822 eum;
3527 2758 3617 2813 sed
3646 2775 3754 2814 non

2173 2854 2293 2895 eum
2320 2841 2573 2897 videbant
2602 2843 2766 2897 Deum
2795 2885 2808 2908 ,
2836 2844 3043 2913 qualem
3088 2859 3147 2901 se
3189 2847 3396 2903 volebat
3439 2849 3605 2905 videri
3629 2892 3642 2918 ,
3667 2850 3756 2905 dio

2173 2944 2303 2984 cens
2332 2949 2345 2985 :
2376 2932 2475 2998 Qui
2503 2949 2581 2986 me
2606 2934 2746 2999 vidit,
2775 2934 2895 2988 vidit
2923 2936 2939 2967 ‘
2971 2944 3017 2989 et
3059 2935 3266 2991 Patrem
3292 2936 3312 3011 (
3334 2937 3488 2994 Joan.
3518 2957 3624 3008 XIV,
3655 2941 3753 3013 9).

2175 3022 2435 3078 Discernit
2467 3032 2643 3079 autem
2674 3023 2825 3093 deos,
2856 3041 2962 3081 non
2992 3041 3175 3082 eorum
3214 3029 3438 3097 meritis,
3467 3031 3559 3086 sed
3586 3033 3753 3102 gratia

2175 3127 2269 3169 sua
2299 3132 2313 3182 ;
2342 3129 2407 3170 ex
2442 3116 2627 3172 eadem
2651 3118 3029 3187 conspersione
3059 3118 3259 3175 faciens
3287 3121 3389 3176 alia
3422 3137 3544 3177 vasa
3574 3124 3624 3177 in
3652 3123 3756 3179 ho-

2174 3221 2360 3262 norem
2386 3250 2400 3275 ,
2442 3206 2545 3262 alia
2590 3208 2642 3263 in
2689 3210 3065 3265 contumeliam
3111 3210 3308 3284 (Rom.
3352 3229 3439 3282 ix,
3467 3214 3530 3268 21
3558 3211 3597 3288 ).
3624 3215 3758 3283 Quis

2177 3299 2316 3354 enim
2348 3306 2401 3354 te
2426 3298 2680 3354 discernit
2700 3300 2723 3353 ?
2743 3300 2876 3368 Quid
2909 3302 3049 3356 enim
3094 3301 3279 3369 habes,
3307 3303 3445 3373 quod
3472 3319 3574 3361 n0n
3603 3320 3757 3361 acce-

2176 3390 2330 3460 pisti,
2385 3390 2429 3445 si
2459 3399 2634 3446 autem
2669 3392 2939 3462 accepisti,
2980 3392 3104 3463 quid
3153 3393 3399 3464 gloriaris
3448 3397 3596 3466 quasi
3647 3412 3754 3452 non

2176 3481 2444 3550 acceperis
2487 3484 2509 3551 ιζ
2544 3481 2561 3534 l
2598 3481 2715 3535 Cor.
2745 3498 2815 3546 tv,
2845 3482 2965 3553 7)?

2251 3575 2304 3631 5.
2347 3574 2518 3647 [vers.
2548 3574 2614 3641 2,
2646 3574 2723 3648 5.]
2751 3575 2888 3629 Audi
2926 3584 2979 3629 et
3023 3590 3210 3632 vocem
3251 3576 3343 3633 Dei
3367 3577 3715 3634 discernentis
3736 3622 3755 3648 ,

2177 3667 2298 3723 audi
2319 3676 2372 3723 et
2390 3682 2573 3723 vocem
2603 3667 2812 3723 Domini
2840 3667 3122 3724 dividentis
3148 3668 3413 3724 ﬂammam
3435 3671 3567 3740 ignis
3584 3670 3757 3739 (Psal.

2177 3774 2368 3826 xxvm,
2390 3760 2447 3829 7)
2471 3778 2482 3812 :
2504 3758 3021 3829 Usquequojudicatis
3042 3760 3373 3831 iniquitatem,
3389 3770 3435 3814 et
3458 3761 3610 3830 facies
3635 3777 3757 3832 pec-

2178 3851 2399 3904 cantium
2439 3850 2677 3904 sumitis?
2704 3849 2849 3904 Sicut
2890 3849 3016 3904 alibi
3050 3868 3062 3903 :
3100 3849 3364 3921 Usquequo
3390 3867 3563 3921 graves
3608 3852 3762 3907 corde

2181 3940 2362 4013 (Psal.
2392 3957 2462 4007 tv,
2494 3942 2603 4011 5)?
2631 3940 2891 4011 Numquid
2924 3951 2978 3995 et
3008 3956 3174 4011 usque
3219 3941 3284 3996 ad
3328 3941 3610 3997 adventum
3640 3943 3761 4013 ejus

2179 4036 2265 4105 qui
2296 4036 2473 4090 lumen
2503 4045 2585 4089 est
2606 4035 2779 4090 cordis
2800 4036 2822 4089 ?
2845 4035 2968 4089 Dedi
2998 4035 3166 4105 legem
3192 4035 3425 4101 ;duriter
3449 4036 3717 4092 restitistis
3741 4054 3758 4092 :

2180 4128 2297 4183 misi
2317 4128 2638 4197 Prophetas;
2665 4127 2868 4198 injuriis
2891 4128 3163 4193 all'ecistis,
3186 4138 3275 4182 aut
3296 4128 3649 4197 interfecistis,
3668 4138 3763 4184 aut

2180 4222 2293 4278 haec
2322 4222 2598 4293 agentibus
2624 4220 2936 4276 connivistis
2956 4223 2995 4274 *.
3026 4220 3130 4275 Sed
3162 4229 3219 4275 ut
3247 4221 3353 4276 illis
3383 4236 3481 4277 nec
3510 4222 3651 4292 loqui
3679 4222 3762 4277 di-

2178 4329 2337 4385 gnum
2370 4314 2467 4379 sit,
2503 4312 2591 4383 qui
2629 4313 2939 4368 occiderunt
2975 4329 3158 4370 servos
3205 4315 3299 4370 Dei
3347 4316 3649 4385 praemissos
3691 4316 3760 4372 ad

2180 4421 2272 4473 se;
2305 4420 2397 4461 vos
2426 4406 2513 4476 qui
2541 4421 2663 4460 cum
2688 4404 2802 4460 haec
2834 4405 3022 4461 ﬁerent
3050 4407 3304 4474 tacuistis,
3337 4406 3388 4461 id
3416 4415 3518 4473 est,
3546 4421 3638 4460 vos
3666 4410 3760 4477 qui

2179 4514 2272 4555 eos
2310 4499 2397 4569 qui
2432 4508 2554 4553 tunc
2580 4507 2855 4554 tacuerunt
2884 4541 2898 4566 ,
2928 4500 3072 4553 velut
3099 4499 3411 4555 innocentes
3436 4499 3629 4555 imitari
3658 4516 3758 4556 vo-

2180 4593 2372 4659 luistis,
2404 4592 2926 4663 Usquequojudicatis
2945 4592 3275 4663 iniquitatem,
3305 4602 3352 4648 et
3377 4594 3530 4664 facies
3550 4610 3763 4663 peccan-

2178 4688 2303 4741 tium
2331 4687 2569 4741 sumitis?
2595 4683 2858 4756 Numquid
2886 4686 3044 4741 etiam
3073 4701 3212 4740 nunc
3251 4693 3302 4741 et
3325 4686 3437 4756 ipse
3464 4688 3633 4741 haeres
3662 4702 3758 4742 ve-

2178 4779 2330 4834 niens
2375 4777 2694 4833 occidendus
2736 4778 2859 4833 est?
2896 4778 3081 4831 Nonne
3128 4777 3240 4847 ipse
3281 4786 3495 4848 propter
3519 4793 3613 4833 vos
3643 4778 3762 4836 sine

2180 4879 2326 4941 patre
2353 4884 2472 4925 esse
2492 4870 2654 4924 voluit
2681 4877 2926 4939 tanquam
2949 4868 3213 4938 pupillus?
3234 4883 3408 4923 nonne
3427 4880 3644 4941 propter
3662 4886 3763 4927 vos

2177 4963 2396 5018 esurivit
2420 4972 2472 5018 et
2499 4961 2663 5017 sitivit
2686 4970 2745 5015 ut
2791 4960 3031 5031 egenus?
3057 4976 3233 5016 nonne
3261 4961 3327 5015 ad
3353 4976 3447 5016 vos
3474 4963 3717 5017 clamavit
3741 5005 3759 5033 ,

2178 5055 2369 5110 Discite
2394 5073 2425 5108 a
2452 5071 2530 5109 nte
2548 5055 2663 5125 quia
2685 5054 2818 5109 mitis
2846 5070 2958 5106 sum
2982 5062 3025 5108 ct
3053 5053 3254 5108 humilis
3273 5054 3422 5108 corde
3440 5055 3647 5125 (Matth.
3681 5071 3756 5124 χι,

2176 5150 2245 5207 29
2271 5151 2330 5219 )?
2372 5150 2559 5205 Nonne
2588 5163 2785 5218 pauper
2811 5148 2978 5201 factus
3006 5154 3087 5202 est
3109 5186 3124 5213 ,
3154 5162 3273 5200 cum
3302 5146 3451 5203 dives
3489 5158 3630 5204 esset
3657 5190 3671 5215 ,
3701 5157 3764 5203 ut

2178 5241 2342 5312 ipsius
2370 5248 2681 5312 paupertate
2710 5237 3009 5292 ditaremini
3037 5237 3056 5308 (
3084 5236 3125 5291 ll
3156 5235 3273 5292 Cor.
3304 5253 3393 5292 vm
3413 5279 3427 5304 ,
3458 5236 3490 5291 9
3510 5237 3566 5309 )‘t
3601 5237 3768 5291 Judi-‘

2178 5344 2285 5388 cate
2308 5348 2434 5403 ergo
2457 5332 2650 5403 pupillo
2679 5338 2724 5384 et
2743 5345 2933 5401 egeno;
2960 5330 3197 5384 humilem
3222 5338 3269 5383 et
3302 5346 3574 5401 pauperem
3597 5330 3762 5401 justi-

2180 5427 2344 5497 ﬁcate.
2370 5424 2484 5480 Non
2535 5424 2652 5480 illos
2681 5432 2895 5495 propter
2924 5437 2982 5478 se
3011 5422 3267 5492 superbos
3296 5430 3349 5478 et
3397 5422 3585 5478 divites
3608 5463 3624 5490 ,
3663 5423 3759 5478 sed

2250 5631 2264 5660 ¹
2295 5628 2367 5676 sic
2385 5632 2495 5676 Mss.
2518 5631 2569 5673 At
2595 5624 2726 5682 edd.,
2754 5621 2842 5683 Qui
2864 5635 2939 5672 me
2962 5620 3107 5683 ridet,
3127 5620 3271 5681 ridet,
3298 5627 3393 5683 etc.

2242 5694 2261 5722 ²
2288 5696 2382 5746 Εικ,
2421 5684 2765 5745 conhibuistis;
2803 5691 2856 5735 et
2886 5683 3034 5745 infra,
3074 5682 3208 5744 loco,
3236 5682 3560 5743 muniverunt,
3589 5682 3760 5741 habet,

2178 5750 2538 5814 cmdtibuerunt.
2561 5756 2713 5811 Atque
2738 5748 2814 5814 ita
2836 5753 3034 5795 veteres
3059 5746 3256 5814 libritin
3278 5746 3454 5809 quibus
3476 5759 3563 5808 pro
3585 5747 3759 5805 verbo,

2179 5810 2412 5874 conniveo,
2434 5806 2710 5863 constanier
2724 5810 2952 5871 scriptum
2977 5814 3070 5872 est,
3090 5806 3328 5858 conhibeo.
