4132 6444
234 334 255 347 “
291 374 414 434 tota

287 490 435 544 istum
461 492 681 556 propter
711 496 807 538 vos
833 479 1083 536 humilem
1110 487 1163 534 et
1183 492 1468 550 pauperem
1486 520 1499 546 ,
1529 477 1727 548 justum
1750 492 1867 532 cre-

284 579 405 643 dite,
430 576 635 647 justum
664 574 974 646 prmdicate.

347 668 400 724 Δ.
431 665 583 741 [vers
605 665 686 738 4.]
710 664 814 721 Sed
831 662 1141 720 invidebunt
1164 661 1233 726 ei,
1256 674 1353 717 nec
1375 660 1594 715 omnino
1628 668 1919 731 parcent,..

283 758 536 823 dicentes,
565 756 670 812 Hic
722 766 792 811 est
837 755 1018 817 Iucres,
1076 753 1254 819 venite,
1311 752 1599 806 occidamus
1637 769 1771 818 eum,
1822 748 1913 829 et

280 861 446 907 nostra
512 851 606 905 erit
649 848 913 903 hceredit‘as
952 844 1166 917 (Matth.
1209 860 1319 911 χχι,
1344 844 1456 913 58).
1496 844 1700 913 Auferte
1742 857 1870 916 ergo

278 947 496 1016 inopem,
548 952 597 997 et
630 956 905 1013 pauperem
952 937 1014 992 de
1046 954 1199 992 manu
1235 937 1508 1007 peccatoris
1542 935 1715 989 eruite.
1744 935 1870 991 "me

280 1039 416 1094 dicta
444 1048 590 1105 sunt,
637 1044 697 1091 ut
726 1036 954 1090 sciretur
983 1032 1035 1086 in
1070 1046 1135 1086 eo
1160 1031 1357 1101 populo
1395 1030 1447 1083 in
1483 1044 1587 1099 quo
1632 1039 1787 1084 natus
1813 1038 1870 1085 et

278 1131 485 1187 occisus
513 1138 595 1185 est
624 1127 886 1191 Christus,
928 1138 1028 1180 nec
1054 1123 1173 1178 illos
1194 1122 1355 1176 fuisse
1378 1120 1639 1176 immunes
1675 1128 1868 1175 atanto

278 1222 501 1285 scelere,
527 1220 615 1290 qui
638 1233 757 1273 eum
782 1223 963 1271 essent
985 1221 1143 1269 tantae
1165 1210 1536 1276 multitudinis,
1564 1218 1623 1264 ut
1642 1223 1735 1264 eos
1760 1210 1869 1265 εἰσί

282 1321 339 1368 ιιι
380 1311 727 1381 Evangelium
758 1307 1012 1378 loquitur,
1056 1305 1302 1359 timerent
1330 1300 1520 1365 Judzei,
1545 1309 1865 1371 etprOpter-

279 1420 341 1461 ea
380 1405 432 1459 in
463 1401 740 1458 Christum
783 1413 998 1454 manum
1030 1395 1244 1451 mittere
1287 1409 1392 1449 non
1433 1391 1690 1447 auderent
1716 1390 1864 1464 (Luc.

280 1513 409 1563 xxn,
439 1495 521 1567 2),
556 1501 743 1564 postea
769 1491 1140 1556 conniverunt,
1169 1500 1397 1556 eumque
1426 1483 1659 1539 interimi
1703 1497 1733 1537 a
1756 1497 1866 1536 ma-

277 1590 434 1661 lignis
458 1596 515 1643 et
541 1584 737 1641 invidis
776 1582 1084 1639 Judzeornm
1121 1576 1447 1648 principibus
1471 1574 1864 1645 permiserunt;

275 1681 364 1752 qui
386 1680 433 1735 si
471 1678 790 1741 voluissent,
826 1675 1145 1729 timerentur
1172 1683 1403 1739 semper,
1433 1675 1493 1722 ut
1511 1680 1780 1736 nunquam
1815 1667 1865 1721 in

270 1772 430 1826 illum
454 1770 836 1825 sceleratorum
859 1764 1211 1836 prmvalerent
1239 1774 1448 1815 manus.
1469 1759 1545 1813 De
1569 1757 1654 1813 his
1673 1758 1869 1828 quippe

266 1872 326 1920 et
363 1863 491 1918 alibi
545 1855 964 1916 dicitur:Cancs
999 1854 1124 1909 muti
1172 1851 1455 1906 nescierunt
1503 1850 1689 1905 latrare
1710 1846 1865 1922 (Isai.

269 1952 519 2027 Lv1,lO).
562 1952 637 2007 De
686 1949 770 2004 his
813 1948 971 2003 etiam
1024 1942 1152 2000 illud
1183 1962 1195 1998 :
1226 1941 1359 1996 Ecce
1402 1941 1651 2013 quomodo
1694 1941 1889 2014 justus_

268 2047 448 2117 periit,
477 2054 523 2099 et
549 2058 694 2097 nemo
732 2039 1018 2095 considerat
1050 2034 1159 2110 (Id.
1179 2049 1303 2099 Lvn,
1338 2032 1413 2103 1).
1453 2032 1636 2098 Periit,
1697 2046 1869 2101 quan-

269 2148 389 2195 tum
422 2138 477 2193 in
530 2136 659 2208 ipsis
696 2141 797 2198 est,
836 2133 926 2202 qui
955 2145 1075 2187 eum
1124 2127 1348 2199 perdere
1388 2125 1709 2181 voluerunt:
1743 2140 1865 2179 nam

270 2230 550 2303 quomodo
596 2228 682 2283 ille
722 2232 901 2296 posset
950 2222 1126 2293 perire
1151 2216 1451 2284 moriendo,
1478 2216 1567 2287 qui
1610 2232 1676 2273 eo
1706 2216 1868 2272 modo

268 2327 456 2397 potius
482 2321 621 2395 quod
652 2329 766 2376 erat
792 2316 1054 2389 perditum
1099 2311 1439 2383 requirebat?
1466 2310 1655 2375 Porro,
1702 2310 1747 2365 si
1779 2310 1867 2365 isti

263 2420 415 2491 justc
444 2418 809 2486 increpantur,
840 2411 1137 2478 meritoque
1173 2412 1483 2477 arguuntur,
1526 2404 1616 2474 qui
1659 2411 1864 2458 tantum

268 2512 455 2567 scelus
488 2508 601 2564 ﬁeri
629 2500 1016 2561 dissimulando
1039 2500 1279 2554 siverunt
1301 2498 1316 2528 ¹
1344 2513 1358 2562 ;
1390 2494 1657 2567 quomodo
1690 2494 1865 2550 incre-

268 2603 456 2677 pandi,
502 2608 594 2655 aut
620 2614 689 2654 ne
718 2591 1027 2665 increpandi
1050 2589 1286 2661 quidem,
1312 2587 1405 2643 sed
1449 2602 1553 2657 qua
1579 2586 1867 2677 severitate

268 2676 564 2753 damnandi
610 2697 733 2747 sunt
801 2686 890 2759 qui
950 2684 1055 2740 hoc
1108 2680 1334 2737 consilio
1376 2678 1682 2748 malitiaque
1720 2676 1865 2732 fece-

265 2785 586 2949 mgﬁvers.
618 2870 699 2944 5.]
730 2869 1110 2927 Verumtamen
1141 2862 1408 2930 omnibus,
1432 2858 1575 2931 quod
1600 2858 1863 2929 sequitur,

264 2966 575 3026 rectissime
597 2962 880 3033 congruit:
914 2957 1235 3022 Nescierunt,
1276 2964 1323 3008 et
1360 2968 1461 3007 non
1489 2950 1862 3016 intellexerunt,

264 3063 323 3117 in
377 3058 593 3114 tenebris
645 3053 929 3109 ambulant.
960 3049 1093 3117 Quia
1136 3056 1190 3103 et
1233 3045 1328 3110 illi,
1368 3043 1411 3098 si
1468 3041 1864 3113 cognovissent,

264 3166 548 3223 nunquam
589 3147 873 3204 Dominum
923 3140 1104 3213 gloria:
1150 3135 1539 3194 cruciﬁxissent
1592 3132 1635 3206 (Ι
1657 3132 1774 3187 Cor.
1804 3149 1864 3199 ιι,

265 3248 353 3319 8);
382 3222 438 3301 et
468 3242 565 3308 illi,
596 3240 639 3295 si
667 3236 1063 3308 cognovissent,
1104 3242 1374 3319 nunquam
1407 3224 1698 3281 Barabbam
1728 3222 1867 3279 libe-

265 3318 522 3399 randum,
555 3341 611 3388 et
649 3329 917 3387 Christum
958 3318 1375 3393 cruciﬁgendum
1404 3328 1588 3388 petere
1635 3328 1866 3370 consen-

267 3434 492 3489 sissent.
542 3425 650 3482 Sed
696 3425 948 3496 quoniam
1005 3431 1165 3487 supra
1204 3420 1497 3469 memorata
1565 3408 1764 3463 σωρίτας
1805 3423 1869 3462 ex

270 3536 423 3598 parte
444 3522 609 3578 Israel
635 3524 773 3594 facta
798 3525 890 3581 est,
917 3515 1075 3568 donec
1090 3507 1349 3582 plenitudo
1373 3506 1609 3560 Gentium
1630 3505 1866 3598 intraret;

269 3594 376 3691 per
412 3618 552 3672 hanc
602 3614 786 3683 utique
842 3609 985 3664 illius
1038 3602 1217 3675 populi
1261 3599 1554 3656 c:ecitatem
1612 3594 1869 3655 erucifixo

268 3690 514 3778 Christo,
542 3709 866 3763 movebuntur
886 3703 1057 3759 omnia
1073 3698 1403 3770 fundamenta
1426 3704 1591 3749 terrae.
1620 3690 1709 3747 Sic
1726 3696 1869 3743 mota

270 3814 426 3868 sunt,
455 3813 507 3858 et
533 3798 905 3861 movebuntur,
933 3793 1105 3847 donec
1148 3790 1310 3844 intret
1338 3801 1457 3857 qua:
1491 3780 1868 3855 prmdestinata

271 3907 368 3956 est
395 3896 641 3953 Gentium
686 3886 981 3961 plenitudo.
1021 3884 1154 3939 Nam
1184 3889 1239 3936 et
1276 3880 1329 3936 in
1386 3879 1497 3948 ipsa
1547 3883 1720 3930 morte
1760 3872 1868 3925 Do-

271 3991 413 4049 mini
443 3997 582 4044 terra
609 3992 752 4040 mota
788 3990 890 4048 est,
941 3988 996 4036 et
1040 3985 1205 4050 petra:
1236 3973 1418 4028 scissm
1472 3975 1600 4023 sunt
1653 3963 1864 4038 (Matth.

275 4083 581 4151 xxvu,51).
613 4079 685 4135 Et
711 4078 756 4132 si
786 4075 1141 4145 intelligamus
1170 4067 1517 4124 fundamenta
1546 4070 1723 4125 terrm,
1756 4066 1868 4113 ter-

273 4188 534 4235 renorum
563 4171 824 4225 bonorum
850 4165 1002 4234 capia
1023 4162 1207 4217 felices
1233 4176 1245 4212 :
1274 4164 1421 4212 recte
1451 4151 1761 4223 praedictum
1787 4154 1870 4202 est

274 4267 426 4341 quod
448 4268 810 4325 moverentur,
840 4255 924 4311 vel
948 4250 1260 4309 admirando
1302 4248 1381 4302 sic
1417 4242 1606 4310 amari,
1652 4240 1731 4294 sic
1766 4239 1869 4294 coli

275 4338 658 4419 humilitatem,
695 4357 1086 4423 paupertatem,
1129 4352 1379 4407 mortem,
1434 4338 1581 4393 velut
1623 4347 1870 4405 magnam

274 4448 573 4508 secundum
628 4445 773 4515 ipsos
812 4438 1083 4496 miseriam
1109 4433 1346 4501 Christi;
1376 4430 1458 4487 vel
1497 4427 1599 4499 ipsi
1625 4438 1866 4496 quoque,

276 4545 442 4614 hujus
466 4539 647 4597 mundi
665 4551 799 4592 vana
822 4532 1071 4590 felicitate
1090 4536 1414 4597 contempta,
1438 4524 1582 4579 illam
1601 4517 1870 4614 diligendo

276 4610 446 4708 atque
482 4631 756 4690 sectando.
817 4627 894 4682 ita
942 4630 1224 4679 moventur
1295 4616 1476 4673 omnia
1528 4610 1870 4668 fundamenta

280 4741 465 4793 terrae,
493 4740 611 4781 eum
629 4720 821 4793 partim
866 4717 1146 4776 mirantur,
1194 4708 1385 4781 partim
1428 4708 1587 4761 etiam
1630 4717 1871 4759 commuo

281 4830 487 4878 tantur.
507 4818 655 4874 Sicut
684 4813 825 4868 enim
864 4822 969 4863 non
999 4803 1228 4860 absurde
1258 4800 1482 4855 dicimus
1527 4794 1870 4849 fundamenta

281 4916 432 4981 cmli,
472 4911 662 4983 quibus
725 4918 951 4975 regnum
1006 4901 1262 4955 caelorum
1329 4888 1783 4983 supcrmdilicatur
1818 4884 1870 4983 in

282 4976 566 5065 sanctis-et
602 5000 869 5062 ﬁdelibus,
898 5008 1030 5066 quos
1083 4989 1211 5045 dicit
1258 4986 1534 5056 Scriptura
1560 4978 1763 5049 lapides
1790 4976 1872 5031 vi-

284 5117 384 5158 vos
403 5101 444 5171 (l
472 5086 618 5153 Petri
645 5111 701 5161 ιι,
734 5093 791 5162 5)
818 5110 831 5145 :
855 5102 1082 5160 quorum
1112 5082 1513 5171 fundamentum
1566 5084 1651 5171 est
1683 5072 1873 5171 primi-

284 5205 376 5251 tus
407 5164 519 5263 ipse
546 5188 790 5244 Christus
810 5198 876 5237 ex
907 5180 1143 5249 virgine;
1172 5176 1239 5229 de
1269 5187 1376 5243 quo
1403 5169 1534 5225 dicit
1563 5164 1870 5237 Apostolus,

288 5285 703 5341 Fundamentum
754 5274 896 5330 aliud
938 5284 1083 5326 nemo
1130 5273 1285 5336 potest
1336 5274 1520 5331 ponere
1543 5266 1876 5327 prwterquam

286 5378 426 5448 quod
451 5374 667 5445 positum
713 5374 807 5432 est,
850 5362 985 5436 quod
1019 5368 1091 5415 est
1141 5356 1370 5448 Christus
1415 5345 1873 5419 Jesus(lCor.m,

289 5446 385 5539 ll)
414 5485 429 5521 ς
460 5461 656 5520 deinde
682 5459 784 5531 ipsi
809 5454 1052 5528 Apostoli
1081 5459 1136 5506 et
1178 5446 1483 5519 Pmphetae,
1525 5454 1750 5539 quorum
1776 5453 1875 5493 au-

285 5531 535 5617 ctoritate
561 5555 710 5610 locus
737 5548 969 5607 caelestis
994 5544 1223 5614 eligitur,
1252 5547 1309 5593 ut
1352 5552 1469 5593 eam
1499 5531 1752 5589 sectando
1787 5545 1877 5585 eo-

284 5650 621 5709 ardiﬁcemur
649 5661 664 5712 ;
693 5642 832 5699 unde
868 5639 997 5696 dicit
1020 5636 1086 5692 ad
1116 5633 1395 5704 Ephesios,
1426 5647 1443 5681 ι
1482 5628 1596 5683 lam
1622 5640 1725 5680 non
1748 5623 1879 5679 estis

283 5736 563 5817 peregrini
597 5746 651 5790 et
682 5733 955 5804 inquilini;
986 5728 1079 5786 sed
1129 5724 1256 5781 estis
1289 5722 1432 5776 cives
1474 5728 1781 5775 sanctorum
1827 5723 1880 5771 ct

351 5860 365 5888 ¹
393 5851 533 5911 ΕΜ..
559 5847 809 5901 siluerunt.
836 5846 1002 5897 Melius
1022 5840 1158 5891 (ξονι).
1186 5844 1310 5899 Mss,
1340 5834 1566 5886 siverunt.

1340 364 1740 422 ENARRATIO
1769 363 1835 419 ΙΝ
1867 361 2187 423 ρελωιυιι
2228 367 2467 425 LXXXI.

3427 377 3564 441 1.050

1978 477 2257 557 domestici
2301 480 2415 547 Dei,
2468 482 2874 551 superaedifleati
2937 498 3097 556 supra
3149 486 3558 546 fundamentum

1975 569 2355 639 Apostolorum
2382 581 2437 628 et
2478 572 2886 643 Prophetarum,
2920 576 3035 646 ipso
3076 592 3289 636 summo
3314 581 3562 651 ang'ilari
3622 626 3627 629 .

1974 660 2150 730 lapide
2174 662 2438 718 existente
2469 663 2683 720 Christo
2712 666 2859 733 Jesu,
2895 668 2948 722 in
2973 684 3079 740 quo
3107 672 3284 726 omnis
3327 672 3564 729 adiﬁca-

1976 752 2049 807 tio
2070 763 2342 824 compacta
2368 755 2561 812 crescit
2584 758 2635 812 in
2654 760 2909 828 templum
2930 772 3170 817 sanctum
3199 764 3253 819 in
3277 766 3506 824 Domino
3535 787 3553 819 ι

1975 844 2191 917 (Ep/tes.
2232 863 2287 914 ιι,
2318 848 2505 918 19-22)
2541 868 2555 904 :
2585 851 2654 905 ita
2697 867 2803 907 non
2858 854 3295 913 inconvenienter
3363 860 3559 916 funda-

1973 946 2150 992 menta
2178 941 2738 1012 terrmintelliguntur,
2773 959 2998 1014 quorum
3034 955 3299 1004 terrenam
3337 951 3559 1007 felicita-

1976 1038 2079 1085 tem
2132 1033 2531 1101 prmpollentem
2594 1043 2754 1104 atque
2818 1045 3089 1106 potentem
3134 1039 3377 1097 homines
3423 1044 3559 1099 invi-

1972 1122 2166 1186 dendo,
2192 1139 2376 1179 eorum
2399 1127 2713 1182 auctoritate
2742 1127 2809 1182 ad
2836 1128 3142 1198 hujusmodi
3172 1132 3309 1186 bona
3355 1148 3555 1191 concuo

1972 1215 2221 1285 piseenda
2255 1217 2652 1287 pertrahuntur,
2682 1228 2735 1275 et
2772 1202 3117 1290 adipiscendo
3162 1225 3558 1283 eoacdiﬁcantur

1974 1317 2222 1378 tanquam
2276 1318 2415 1364 terra
2461 1310 2624 1381 super
2666 1319 2885 1382 terram,
2925 1315 3062 1369 sicut
3107 1320 3158 1370 in
3189 1316 3279 1371 illo
3324 1333 3559 1389 superno

1972 1402 2197 1457 aediﬁcio
2226 1403 2419 1458 coelum
2456 1419 2618 1476 super
2652 1407 2882 1470 cmlum;
2923 1409 3044 1478 quia
3084 1418 3140 1465 et
3184 1412 3446 1480 peccaturi
3475 1412 3557 1468 di-

1972 1503 2116 1549 ctum
2143 1504 2245 1558 est,
2274 1495 2433 1549 Terra
2463 1513 2536 1563 es,
2573 1497 2694 1551 etin
2720 1507 2907 1552 terram
2934 1500 3027 1554 ibis
3051 1500 3203 1572 (Gen.
3234 1518 3310 1569 ιιι,
3343 1503 3457 1575 t9);
3479 1514 3555 1573 et,

1973 1585 2096 1642 ϐωιὶ
2121 1598 2359 1642 enarrant
2380 1589 2597 1661 gloriam
2618 1588 2730 1656 Dei,
2760 1606 2879 1645 cum
2909 1593 2960 1646 in
2990 1609 3189 1648 onmem
3223 1606 3409 1650 terram
3439 1598 3560 1652 exiit

1971 1695 2125 1734 sonus
2163 1696 2354 1749 eorum,
2387 1690 2433 1736 et
2458 1682 2510 1736 in
2531 1683 2657 1751 ﬁnes
2682 1684 2816 1739 orbis
2842 1693 2988 1740 terra:
3018 1686 3165 1741 verba
3190 1673 3363 1743 eorum
3388 1689 3555 1762 (Psal.

1971 1785 2119 1836 xvur,
2140 1769 2197 1837 2,
2226 1770 2302 1842 5).

2045 1860 2097 1917 6.
2132 1860 2280 1933 [vers.
2308 1862 2460 1936 6,7].
2502 1865 2754 1922 Terr-enm
2800 1876 2980 1923 autem
3029 1867 3295 1926 felicitatis
3338 1887 3559 1943 regnum

1973 1951 2220 2022 superbia
2247 1962 2349 2020 est,
2397 1962 2579 2010 contra
2629 1972 2785 2027 quam
2840 1960 2986 2014 venit
3023 1959 3293 2018 humilitas
3340 1963 3559 2034 Christi,

1973 2044 2302 2115 exprobrans
2319 2047 2398 2103 eis
2420 2063 2553 2117 quos
2582 2050 2697 2104 vult
2724 2066 2793 2105 ex
2821 2052 3122 2110 humilitate
3140 2053 3277 2113 ﬁlios
3302 2056 3561 2115 Altissimi

1973 2134 2169 2203 facere,
2201 2145 2359 2208 atque
2375 2139 2656 2210 increpans
2678 2159 2690 2195 :
2713 2140 2824 2213 Ego
2851 2144 2976 2209 dixi,
3000 2142 3088 2198 Dii
3113 2146 3248 2211 estis,
3277 2157 3324 2200 et
3348 2148 3444 2216 lilii
3470 2149 3562 2204 Αι-

1973 2227 2151 2282 tissimi
2175 2244 2363 2284 omnes.
2421 2228 2520 2285 Vos
2572 2240 2735 2285 autem
2762 2235 2890 2287 sicut
2933 2236 3158 2290 homines
3188 2238 3488 2303 moriemini,
3515 2250 3563 2296 et

1972 2320 2101 2373 sicut
2126 2336 2257 2375 unus
2283 2337 2345 2375 ea:
2368 2322 2677 2392 principibus
2698 2324 2905 2379 cadetis.
2937 2326 3059 2382 Sive
3088 2327 3153 2381 ad
3181 2328 3302 2384 illos
3344 2330 3560 2396 dixerit,

1972 2408 2085 2481 Ego
2104 2410 2231 2478 dixi,
2250 2410 2338 2465 Dii
2367 2413 2502 2479 estis,
2527 2423 2572 2468 et
2590 2415 2686 2483 ﬁlii
2705 2416 2949 2471 Altissimi
2974 2435 3166 2487 onmes,
3183 2419 3248 2475 ad
3261 2435 3355 2476 eos
3382 2423 3564 2492 utique

1972 2501 2060 2572 qui
2089 2502 2453 2573 prmdestinati
2477 2514 2602 2560 sunt
2627 2507 2679 2561 in
2700 2508 2860 2561 vitam
2878 2519 3153 2577 aeternam;
3180 2512 3243 2567 ad
3261 2514 3393 2568 alios
3408 2530 3559 2585 vero,

1980 2592 2081 2648 Vos
2119 2604 2284 2648 autem
2327 2597 2458 2649 sicut
2496 2599 2723 2652 homines
2775 2602 3073 2667 moriemini,
3116 2612 3162 2656 et
3182 2604 3309 2657 sicut
3350 2622 3565 2663 nausea:

1973 2684 2281 2754 principibus
2308 2687 2517 2754 cadetis,
2540 2688 2639 2742 hoc
2669 2690 2827 2744 modo
2853 2692 3014 2746 etiam
3045 2693 3175 2748 deos
3201 2694 3513 2753 discernens
3546 2716 3559 2753 :

1970 2776 2088 2832 sive
2125 2791 2312 2832 omnes
2339 2777 2495 2833 simul
2525 2779 2779 2849 increpat,
2830 2790 2889 2835 ut
2929 2781 3239 2839 obedientes
3258 2795 3563 2842 correctos-

1970 2882 2074 2938 quc
2115 2867 2402 2937 discernat,
2433 2869 2565 2942 Ego,
2613 2870 2801 2941 inquit,
2843 2873 2970 2938 diri,
2994 2873 3081 2927 Dii
3111 2878 3227 2929 estis
3268 2884 3311 2929 et
3347 2876 3444 2944 ﬁlii
3474 2877 3564 2931 Αι-

1972 2959 2151 3013 tissimi
2202 2976 2406 3026 omnes;
2454 2961 2507 3017 id
2560 2971 2661 3030 est,
2704 2964 2951 3019 omnibus
2975 2965 3127 3020 vobis
3153 2966 3370 3035 promisi
3399 2967 3562 3023 cmic-

1972 3059 2107 3105 stem
2136 3050 2472 3120 felicitatem;
2505 3069 2589 3108 vos
2616 3062 2801 3121 autem,
2834 3070 2929 3125 per
2953 3054 3315 3112 inﬁrmitatem
3359 3059 3559 3127 carnis,

1970 3141 2099 3196 sicut
2121 3141 2345 3197 homines
2376 3143 2675 3211 moriemini,
2701 3154 2769 3210 et,
2798 3160 2894 3214 per
2919 3145 3201 3201 elationem
3241 3148 3424 3214 animi,
3462 3150 3565 3202 sic-

1971 3241 2046 3300 ut,
2074 3250 2206 3289 unus
2231 3251 2297 3289 ea:
2320 3235 2648 3306 principibus,
2681 3236 2733 3291 id
2771 3245 2853 3292 est
2877 3237 3141 3306 diabolus,
3171 3253 3276 3293 non
3332 3241 3560 3296 cxtolle-

1972 3324 2122 3392 mini,
2154 3325 2248 3381 sed
2287 3325 2497 3380 cadetis.
2524 3325 2680 3381 Velut
2726 3328 2769 3383 si
2816 3327 3054 3383 diceret:
3087 3329 3219 3384 Cum
3256 3338 3364 3385 tam
3406 3334 3563 3402 pauci

1971 3417 2079 3471 sint
2104 3416 2220 3473 dies
2259 3419 2383 3473 vitae
2426 3427 2641 3485 vestrm,
2669 3427 2729 3474 ut
2771 3420 2879 3475 cito
2921 3420 3059 3476 sicut
3086 3420 3331 3478 homines
3358 3425 3560 3479 moria-

1972 3510 2123 3576 mini,
2150 3527 2255 3565 non
2290 3512 2441 3567 vobis
2472 3512 2692 3583 prodest
2736 3513 2804 3567 ad
2842 3514 3260 3581 correctionem;
3312 3514 3407 3570 sed
3438 3524 3561 3571 tan~

1972 3619 2131 3674 quam
2157 3604 2417 3670 diabolus,
2442 3604 2593 3675 cujus
2620 3606 2735 3661 dies
2755 3606 2806 3661 in
2835 3605 2937 3662 hoc
2983 3607 3181 3663 saeculo
3222 3608 3369 3662 multi
3412 3616 3558 3676 sunt,

1973 3698 2095 3767 quia
2125 3712 2286 3753 carne
2325 3712 2430 3753 non
2460 3700 2705 3764 moritur,
2737 3700 3079 3767 extollimini,
3110 3710 3167 3755 ut
3203 3702 3422 3757 cadatis.
3457 3702 3563 3759 Per

1975 3788 2292 3844 diabolicam
2340 3790 2537 3861 quippe
2584 3791 2886 3861 superbiam
2924 3790 3122 3848 factum
3150 3803 3251 3859 es:,
3279 3803 3337 3848 ut
3361 3791 3561 3849 Christi

1972 3881 2157 3950 gloria:
2191 3882 2426 3949 perversi
2452 3891 2506 3937 et
2533 3882 2659 3936 caeci
2687 3882 2953 3952 principes
2981 3882 3288 3937 Iudaeorum
3335 3882 3559 3938 invidis-

1972 3981 2092 4027 sent
2121 3989 2133 4025 :
2160 3987 2255 4042 per
2308 3974 2410 4027 hoc
2452 3973 2636 4026 vitium
2681 3971 2882 4027 factum
2930 3980 3010 4026 est
3055 3980 3110 4026 et
3149 3972 3227 4037 ﬁt,
3261 3981 3319 4026 ut
3363 3972 3561 4029 Christi

1973 4080 2139 4134 usque
2167 4064 2233 4118 ad
2261 4073 2486 4119 mortem
2517 4064 2756 4119 cruciﬁxi
2793 4063 3065 4119 humilitas
3107 4063 3324 4120 vilescat
3345 4064 3424 4121 eis
3467 4064 3561 4136 qui

1974 4156 2131 4225 hujus
2156 4156 2338 4211 smculi
2362 4155 2584 4226 diligunt
2612 4155 3003 4211 excellentiam.

2044 4250 2095 4304 7.
2123 4247 2270 4321 [vet-s.
2294 4246 2386 4321 8.]
2434 4247 2667 4303 l’roinde
2710 4256 2767 4303 ut
2820 4248 2925 4304 hoc
2976 4248 3158 4302 vitium
3206 4256 3443 4316 sanetur,
3494 4264 3560 4305 ex

1975 4340 2139 4410 ipsius
2168 4339 2442 4411 propheta:
2459 4354 2682 4410 persona
2708 4339 2899 4395 dicitur
2927 4355 2941 4392 :
2972 4338 3157 4411 Surge,
3194 4338 3350 4407 Deus,
3384 4340 3564 4411 judica

1975 4442 2179 4487 terram.
2228 4432 2488 4487 Tumuit'
2518 4432 2661 4487 enim
2719 4440 2882 4497 terra,
2938 4446 3061 4486 cum
3108 4440 3160 4486 te
3208 4430 3561 4502 cruciﬁgeret;

1975 4540 2133 4596 surge
2162 4539 2191 4578 a
2237 4525 2483 4588 mortuis,
2528 4532 2581 4579 et
2615 4522 2793 4594 judica
2836 4530 3051 4578 terram.
3092 4523 3345 4589 Quoniam
3380 4532 3434 4576 tu
3458 4522 3563 4577 dis-

1977 4614 2153 4686 perdes
2205 4614 2259 4668 in
2317 4613 2546 4668 omnibus
2597 4612 2824 4683 gentibus
2849 4611 3037 4682 :quid,
3066 4612 3167 4667 nisi
3208 4612 3436 4667 terram?
3464 4611 3567 4668 hoc

1975 4716 2076 4773 est,
2104 4720 2197 4761 eos
2224 4706 2313 4776 qui
2346 4713 2557 4760 terrena
2584 4704 2829 4774 sapiunt;
2862 4704 2976 4759 sive
3010 4704 3186 4773 ipsum
3234 4702 3481 4758 allectum
3508 4702 3564 4757 in

1975 4796 2314 4853 credentibus
2357 4804 2583 4852 terrena:
2624 4794 2927 4865 cupiditatis
2966 4803 3020 4849 ct
3072 4793 3359 4848 elationem
3402 4793 3565 4847 absu-

1975 4904 2128 4944 mens
2156 4889 2212 4954 ';
2260 4888 2373 4944 sive
2416 4903 2521 4942 non
2570 4887 2872 4954 credentes,
2929 4895 3127 4942 terram
3183 4884 3563 4940 conterendam

1977 4980 2408 5053 perdendamque
2452 4981 2783 5037 discernens.
2836 4980 2925 5036 Sic
2998 4994 3095 5050 per
3138 4977 3375 5033 membra
3440 4991 3562 5045 sua,

1978 5091 2203 5147 quorum
2247 5076 2584 5132 conversatio
2626 5078 2679 5129 in
2732 5074 2882 5129 ccelis
2912 5082 3013 5135 est,
3046 5070 3249 5140 judicat
3275 5077 3569 5134 terram,et

1979 5169 2237 5242 disperdit
2264 5170 2316 5224 in
2362 5169 2609 5225 omnibus
2650 5166 2914 5238 gentibus.
2957 5164 3065 5218 Nec
3112 5162 3565 5233 praetereundum,

1979 5264 2121 5337 quod
2150 5264 2388 5319 nonnulli
2418 5263 2631 5317 codices
2669 5260 2886 5323 habent,
2923 5258 3177 5323 Quoniam
3210 5264 3264 5309 tu
3294 5254 3569 5309 hwredita-

1982 5358 2054 5412 bis
2085 5357 2139 5411 in
2164 5357 2390 5412 omnibus
2442 5352 2665 5426 gentibus
2695 5368 2713 5405 :
2742 5351 2865 5422 quia
2918 5357 2975 5406 et
3026 5350 3127 5404 hoc
3172 5363 3278 5403 non
3318 5348 3570 5402 inconve-

1982 5450 2193 5506 nienter
2219 5450 2496 5516 accipitur,
2522 5461 2691 5516 neque
2735 5455 2791 5501 ut
2818 5444 2977 5501 simul
3003 5454 3286 5515 utrumque
3313 5442 3385 5497 sit
3416 5439 3570 5510 quid-

1982 5557 2142 5616 quam
2168 5548 2444 5612 repugnat.
2478 5539 2562 5595 Fit
2588 5554 2716 5611 ergo
2746 5538 3029 5595 haereditas
3068 5538 3186 5609 ejus
3209 5552 3308 5610 per
3339 5533 3570 5591 charita-

2054 5766 2068 5796 ί
2098 5764 2171 5813 sic
2186 5762 2420 5813 meliores
2442 5770 2548 5812 Mss.
2577 5770 2630 5812 At
2660 5762 2792 5819 Edtl.,
2827 5759 3013 5810 Timuit.

2048 5830 2065 5857 ε
2092 5826 2223 5886 Μὰ,
2246 5838 2503 5877 assumens.
2532 5825 2847 5873 Emendantttr
2872 5822 3154 5871 auctoritate
3171 5826 3275 5867 Mss.
