4132 6512
545 395 672 451 ιοδι

544 523 670 575 tem,
720 520 878 579 quam
922 504 1034 558 suis
1088 498 1368 573 praeceptis
1415 505 1478 550 et
1511 493 1679 565 gratia
1718 483 2134 545 misericorditer

544 596 860 662 excolendo,
885 604 1148 650 terrenam
1175 586 1433 659 disperdit
1454 583 1819 654 cupiditatem.

540 695 2117 726 ______________________________

889 761 969 822 IN
1010 754 1390 819 PSALMUM
1433 748 1734 812 LXXXII

1172 850 1589 911 ENARBATIO.

614 980 668 1033 1.
724 976 871 1048 [vers.
906 972 984 1046 1.]
1024 970 1221 1026 Psalmi
1278 967 1433 1036 hujus
1480 964 1663 1019 titulus
1714 970 1816 1026 est,
1865 956 2133 1015 Canticum

550 1070 744 1125 Psalmi
774 1067 967 1136 Asaph.
996 1065 1112 1120 Jam
1140 1078 1281 1131 saepe
1322 1060 1556 1115 diximus
1586 1055 1712 1127 quid
1757 1055 2134 1121 interpretetur

545 1161 748 1230 Asaph,
776 1159 823 1213 id
847 1167 948 1224 est,
970 1154 1345 1225 Cougregatio.
1380 1152 1551 1206 Homo
1576 1164 1702 1218 ergo
1744 1147 1831 1200 ille
1860 1144 1948 1213 qui
1973 1158 2133 1197 voca-

542 1252 699 1309 batur
728 1250 926 1319 Asaph,
970 1248 1213 1317 inﬁgura
1259 1240 1687 1314 congregationis
1721 1236 1902 1307 populi
1950 1234 2038 1288 Dei
2080 1235 2133 1288 in

543 1345 830 1399 multorum
874 1340 1197 1411 psalmorum
1249 1335 1413 1390 titulis
1454 1332 1694 1403 ponitur.
1731 1328 1916 1384 Grmce
1954 1335 2131 1380 autem

543 1434 882 1503 congregatio
918 1444 1183 1502 synagoga
1213 1427 1428 1489 dicitur,
1477 1421 1618 1493 quod
1668 1420 1812 1473 velut
1857 1416 2131 1489 proprium

545 1540 739 1580 nomen
770 1522 1074 1578 Judzrorum
1105 1519 1333 1589 populus
1354 1515 1543 1578 tenuit,
1568 1522 1625 1567 ut
1648 1512 1925 1584 Syuagoga
1952 1510 2135 1578 appel-

549 1617 779 1679 laretur;
820 1614 959 1667 sicut
1004 1611 1227 1681 populus
1261 1607 1592 1663 Christianus
1635 1602 1879 1658 usitatius
1918 1609 2136 1656 vocatur

546 1706 809 1771 Ecclesia,
838 1720 958 1758 cum
991 1712 1043 1757 et
1074 1703 1188 1770 ipse
1213 1701 1397 1769 utique
1422 1704 1795 1767 congregetur.

612 1795 668 1850 2.
700 1794 847 1867 [vers.
872 1792 952 1866 2.]
983 1792 1215 1861 Populus
1247 1791 1424 1859 itaque
1469 1788 1560 1841 Dei
1594 1788 1647 1841 in
1674 1788 1773 1840 isto
1806 1784 2013 1855 psalmo
2050 1783 2134 1839 di-

546 1888 615 1943 cit
639 1907 651 1941 :
678 1874 971 1954 Deuslquis
988 1886 1166 1939 similis
1188 1885 1277 1937 erit
1303 1884 1389 1936 tibi
1414 1883 1438 1935 ?
1465 1880 1620 1947 Quod
1656 1895 1755 1949 ego
1783 1879 2016 1933 arbitror
2042 1892 2134 1932 ac-

546 1977 935 2034 commodatius
965 1975 1131 2043 accipi
1166 1974 1216 2027 in
1244 1972 1478 2035 Christo,
1527 1971 1647 2040 quia
1696 1971 1746 2023 in
1790 1968 2137 2023 similitudine

547 2071 824 2126 hominum
856 2069 1047 2134 lactus,
1078 2074 1289 2137 putatus
1310 2074 1392 2120 est
1431 2065 1499 2119 ab
1521 2063 1599 2118 eis
1624 2078 1653 2116 a
1681 2060 1875 2131 quibus
1895 2067 2135 2115 contem-

547 2172 669 2233 ptus
711 2169 814 2227 est,
856 2160 1065 2214 caeteris
1110 2157 1416 2211 hominibus
1470 2152 1860 2222 comparandus
1889 2166 1902 2204 :
1933 2166 2054 2205 nam
2084 2157 2139 2205 et

548 2257 687 2310 inter
708 2254 919 2323 iniquos
945 2252 1228 2321 deputatus
1249 2258 1331 2305 est
1362 2247 1512 2318 (Isai.
1546 2263 1657 2311 un,
1682 2246 1792 2315 42);
1825 2244 1917 2299 sed
1948 2244 2011 2297 ad
2034 2243 2137 2298 hoc

548 2355 605 2402 ut
631 2345 980 2415 judicaretur.
1012 2345 1141 2398 Cum
1185 2353 1362 2397 autem
1408 2341 1583 2394 veniet
1608 2337 1965 2408 judicaturus,
2013 2345 2140 2390 tunc

549 2437 640 2493 [iet
678 2436 819 2503 quod
866 2436 949 2490 hic
973 2435 1188 2500 dicitur,
1226 2434 1383 2497 Deus,
1429 2433 1541 2500 quis
1580 2430 1757 2486 similis
1795 2430 1887 2484 erit
1917 2428 2044 2483 tibi!
2081 2428 2139 2485 Si

547 2530 687 2584 enim
714 2528 909 2582 Psalmi
949 2542 1053 2581 non
1098 2527 1335 2581 solerent
1367 2525 1511 2594 loqui
1542 2523 1609 2577 ad
1671 2522 1949 2576 Dominum
1987 2521 2143 2576 Chri-

546 2628 709 2684 stum,
741 2635 844 2673 non
889 2619 1159 2675 diceretur
1200 2618 1363 2673 etiam
1411 2615 1564 2677 illud,
1610 2613 1749 2685 quod
1798 2614 1896 2684 ipsi
1942 2612 2139 2667 dictum

546 2726 666 2766 esse
694 2712 869 2765 nullus
896 2719 1067 2780 potest
1087 2708 1333 2763 dubitare
1356 2707 1590 2761 ﬁdelium
1622 2723 1635 2758 :
1669 2724 1689 2757 ι
1717 2704 1967 2760 Thronus
1998 2712 2138 2769 tuus,

550 2803 714 2865 Deus,
759 2803 810 2855 in
850 2802 1101 2855 sacculum
1167 2800 1369 2860 smcnli.
1419 2799 1566 2869 virga
1618 2796 1947 2861 directionis,
1994 2796 2143 2865 virga

548 2896 697 2966 regni
739 2896 813 2949 tui
845 2913 856 2946 :
888 2892 1119 2953 dilexisti
1148 2892 1431 2960 justitiam,
1475 2898 1529 2943 et
1572 2888 1729 2943 odisti
1774 2888 2139 2956 iniquitatem;

548 2998 831 3060 propterea
856 2987 1007 3040 unxit
1028 2996 1099 3046 te,
1122 2985 1280 3041 Deus.
1306 2984 1448 3038 Deus
1475 2991 1596 3035 tuus
1624 2980 1744 3034 oleo
1776 2979 2144 3034 exsultatiouis

548 3096 662 3152 pra).
691 3078 1035 3149 participibus
1063 3078 1163 3130 tuis
1185 3096 1203 3129 ι
1224 3075 1393 3147 (Psal.
1425 3090 1566 3139 xuv,
1598 3075 1650 3139 7,
1673 3073 1752 3143 8).
1783 3073 1914 3126 lluic
1943 3086 2070 3143 ergo
2093 3082 2145 3127 et

551 3185 688 3225 nunc
716 3170 931 3235 dicitur,
966 3167 1124 3233 Deus,
1158 3168 1271 3238 quis
1308 3167 1487 3220 similis
1515 3166 1607 3218 erit
1634 3165 1755 3218 tibi?
1785 3163 1965 3217 Multis
2001 3164 2145 3218 enim

550 3263 738 3319 similis
770 3263 821 3316 in
852 3262 1151 3315 humilitate
1176 3276 1296 3315 esse
1319 3259 1551 3322 voluisti,
1574 3273 1740 3326 usque
1777 3267 1831 3312 et
1852 3257 2147 3311 latronibus

552 3356 639 3426 qui
674 3363 845 3409 tecum
877 3363 999 3408 sunt
1023 3352 1260 3407 cruciﬁxi
1288 3351 1440 3420 (Luc.
1471 3367 1620 3411 χχιιι,
1656 3351 1771 3419 55);
1807 3348 1899 3403 sed
1945 3350 1996 3403 in
2040 3350 2149 3403 cla-

554 3446 709 3502 ritate
758 3460 879 3500 cum
922 3445 1127 3511 venies,
1171 3444 1283 3513 quis
1329 3444 1507 3497 similis
1561 3443 1653 3496 erit
1683 3443 1814 3495 tibi?
1843 3441 1977 3509 Quid
2005 3442 2145 3495 enim

554 3554 803 3609 magnum
854 3539 1067 3601 dicitur,
1106 3553 1226 3591 cum
1277 3538 1386 3591 Deo
1438 3535 1651 3599 dicitur,
1696 3536 1820 3601 Quis
1846 3536 2027 3589 similis
2057 3535 2149 3588 erit

556 3632 681 3695 tibi;
712 3631 810 3684 nisi
843 3631 915 3685 illi
944 3630 1169 3695 dicatur,
1218 3630 1305 3699 qui
1353 3628 1543 3682 similis
1562 3643 1681 3683 esse
1722 3627 2026 3682 hominibus
2051 3643 2147 3681 vo-

558 3722 674 3787 luit,
707 3721 928 3776 formam
972 3722 1108 3775 servi
1161 3720 1451 3788 accipiens,
1487 3720 1537 3773 in
1583 3719 1931 3773 similitudine
1977 3719 2152 3773 homi-

558 3831 685 3870 num
711 3816 898 3877 factus,
928 3822 982 3868 et
1006 3813 1186 3867 habitu
1212 3814 1456 3867 inventus
1498 3821 1557 3866 ut
1599 3812 1759 3866 homo
1801 3811 2056 3883 (Philipp.
2090 3829 2147 3878 ιι,

560 3906 649 3975 7)?
680 3906 745 3959 Et
769 3905 887 3959 ideo
912 3920 1013 3959 non
1042 3905 1134 3966 ait,
1154 3905 1283 3972 Quis
1310 3904 1501 3958 similis
1522 3913 1604 3959 est
1634 3904 1766 3957 tibi?
1795 3904 1939 3973 quod
1969 3904 2152 3974 utique

562 4006 704 4052 recte
749 3996 1038 4062 diceretur,
1083 3996 1126 4049 si
1185 3996 1287 4051 hoc
1336 3995 1401 4049 ad
1449 3996 1780 4051 divinitatem
1838 3996 2147 4051 referretur.

563 4087 693 4154 Quia
714 4102 840 4141 vero
866 4086 930 4138 ad
961 4086 1183 4140 l‘nrmam
1209 4088 1347 4140 servi
1374 4087 1598 4140 relatum
1648 4096 1749 4151 est,
1782 4095 1908 4141 tunc
1954 4086 2071 4156 ejus
2122 4102 2153 4141 a

567 4178 778 4234 steteris
816 4177 1122 4231 hominibus
1169 4177 1547 4232 dissimilitudo
1591 4178 1888 4247 apparebit,
1938 4179 2153 4248 quando

566 4270 842 4339 apparebit
891 4270 941 4323 in
970 4269 1156 4338 gloria.
1193 4269 1317 4323 ideo
1357 4272 1617 4340 sequitur,
1654 4270 1736 4324 Ne
1765 4280 1950 4336 taceas,
2000 4289 2157 4341 neque

566 4364 918 4432 compescaris.
953 4361 1085 4416 Deus
1114 4378 1132 4415 :
1153 4363 1275 4431 quia
1307 4362 1480 4433 primo
1508 4363 1692 4427 tacuit,
1722 4371 1784 4416 ut
1805 4362 2153 4431 judicaretur;

569 4453 784 4524 quando
809 4454 945 4508 sicut
973 4468 1141 4523 agnus
1167 4468 1347 4507 coram
1372 4454 1627 4508 tondente
1664 4468 1722 4507 se
1740 4452 1837 4507 fuit
1858 4454 1974 4508 sine
2002 4469 2154 4523 voce,

568 4547 645 4601 sic
674 4562 777 4599 non
804 4546 1010 4614 aperuit
1031 4561 1091 4600 os
1121 4560 1274 4601 suum
1322 4544 1475 4619 (Isai.
1510 4562 1600 4612 ιιι,
1633 4546 1709 4615 7),
1736 4553 1790 4600 et
1820 4561 1969 4601 suam
2007 4562 2157 4602 com-

568 4636 772 4707 pescuit
804 4643 1138 4705 potestatem.
1171 4636 1338 4704 Quam
1382 4646 1442 4690 ut
1481 4651 1538 4689 se
1594 4650 1937 4704 compescere
1973 4646 2157 4691 osten-

569 4725 741 4788 deret,
770 4725 835 4779 ad
864 4726 1004 4779 illam
1028 4726 1143 4795 ejus
1171 4740 1351 4780 vocem
1378 4741 1479 4795 qua
1507 4726 1663 4793 dixit,
1688 4725 1797 4796 Ego
1824 4743 1955 4791 sum,
1990 4726 2045 4781 hi
2066 4728 2156 4798 qui

571 4832 692 4873 eum
738 4817 1247 4888 apprehendendum
1293 4817 1623 4888 quaerebant,
1681 4818 1954 4873 redierunt
1991 4827 2157 4886 retro,

571 4919 625 4965 et
650 4911 955 4965 ceciderunt
993 4908 1170 4981 (.Ioan.
1202 4925 1348 4973 mu,
1381 4910 1435 4976 5,
1468 4909 1543 4980 6).
1584 4910 1808 4978 Quando
1841 4926 1969 4980 ergo
2014 4920 2163 4967 tene-

578 5015 723 5060 retur
765 5013 925 5075 atque
955 5013 1245 5074 pateretur,
1276 5003 1374 5057 nisi
1424 5016 1484 5057 se
1526 5002 1640 5071 ipse
1686 5004 1959 5059 cohiberet
2002 5014 2163 5075 atque

575 5104 964 5165 compesceret,
999 5104 1053 5150 et
1074 5095 1301 5165 quodam
1330 5093 1491 5148 modo
1521 5094 1818 5163 mitigaret?
1845 5095 1973 5150 Nam
2008 5097 2159 5152 etsic

576 5191 787 5260 quidam
811 5190 1140 5255 interpretati
1159 5198 1278 5243 sunt
1301 5188 1441 5259 quod
1480 5188 1567 5243 hic
1599 5190 1827 5258 positum
1856 5198 1957 5257 est,
1985 5188 2163 5261 Neque

576 5280 907 5351 compescaris
925 5278 1086 5344 Deus,
1112 5288 1170 5333 ut
1209 5279 1470 5344 dicerent,
1516 5278 1694 5350 Neque
1743 5282 1974 5334 mitescas
2008 5280 2161 5337 Deus.

578 5371 695 5441 ipse
715 5369 838 5423 alibi
861 5369 1010 5429 dicit,
1046 5369 1236 5433 Tacui;
1275 5370 1516 5441 numquid
1566 5388 1759 5441 semper
1803 5372 1973 5426 tacebo
2009 5371 2161 5441 (Isai.

583 5475 712 5529 aut,
743 5460 859 5529 ll)?
873 5460 1182 5515 Cuidicitur
1208 5460 1315 5527 hic,
1342 5478 1404 5515 ne
1430 5472 1629 5526 taceas;
1656 5462 1724 5517 de
1752 5463 1844 5517 illo
1889 5464 2013 5518 alibi
2034 5464 2167 5519 dici-

582 5565 685 5619 tur,
721 5554 855 5609 Deus
880 5555 1175 5625 manifestus
1200 5555 1379 5620 veniet,
1409 5553 1547 5608 Deus
1566 5565 1753 5622 noster,
1784 5565 1829 5609 et
1856 5572 1955 5609 non
2002 5554 2166 5611 silebit

580 5647 751 5719 (Psal.
778 5663 924 5715 ηις,
958 5648 1033 5719 3).
1067 5648 1269 5703 Dicitur
1298 5648 1405 5716 hic,
1439 5646 1523 5702 Ne
1560 5662 1764 5705 taceas:
1796 5650 1959 5705 tacuit
1999 5651 2163 5719 enim,

582 5751 641 5795 ut
661 5739 1012 5812 judicaretur,
1039 5741 1255 5813 quando
1280 5741 1427 5797 venit
1455 5745 1717 5807 occultus;
1749 5757 1853 5797 non
1885 5753 2061 5801 autem
2084 5752 2165 5800 ta-

583 5835 742 5907 cebit,
776 5843 831 5892 ut
854 5834 1074 5908 judicet,
1109 5835 1319 5906 quando
1339 5836 1512 5893 veniet
1549 5835 1877 5893 manifestus.

1738 372 1794 428 S.
1836 362 2202 427 AUGUSTINI
2242 361 2543 418 EPISCOPI

3702 363 3732 417 1
3745 362 3880 417 052

2316 484 2367 538 ὅ.
2410 481 2558 556 [νει-δ.
2587 483 2664 557 3.]
2707 486 2957 553 Quoniam
2984 504 3095 543 ecce
3130 491 3321 547 inimici
3353 495 3423 549 tui
3449 510 3784 567 sonuerunt,
3823 513 3879 556 et

2237 575 2324 645 qui
2342 575 2559 630 oderunt
2583 586 2630 631 te
2654 578 2934 633 extulerunt
2962 591 3134 652 caput.
3160 582 3487 643 Novissimos
3511 589 3622 645 dies
3652 592 3879 661 signi-

2237 666 2399 723 ﬁcare
2423 668 2551 723 mihi
2576 669 2802 738 videtur,
2832 672 3043 742 quando
3071 674 3184 730 haec
3204 692 3322 745 quae
3343 694 3482 734 nunc
3506 690 3649 736 metu
3684 698 3874 738 com-

2238 759 2558 828 primuntur,
2592 762 2643 814 in
2670 762 2891 818 liberam
2918 780 3102 821 vocem
3124 778 3375 838 eruptura
3394 782 3536 838 sunt,
3555 774 3648 829 sed
3672 775 3875 844 plane

2239 853 2672 920 irrationabilem,
2703 868 2760 911 ut
2784 859 2987 914 sonitus
3013 863 3180 931 magis
3205 880 3362 933 quam
3394 866 3586 921 locutio
3607 871 3705 924 vel
3730 886 3871 925 ser-

2239 960 2326 999 mo
2350 945 2605 1002 dicendus
2634 948 2720 1003 sit.
2751 950 2865 1005 Non
2890 952 3063 1020 itaque
3087 964 3211 1010 tunc
3230 955 3406 1013 odisse
3434 959 3727 1030 incipient,
3752 964 3869 1018 sed

2237 1037 2326 1106 qui
2352 1036 2577 1093 oderunt
2607 1049 2677 1103 te,
2712 1051 2836 1098 tunc
2877 1044 3125 1101 levabunt
3152 1056 3329 1117 caput.
3372 1048 3478 1106 Nec
3503 1054 3707 1124 capita.
3753 1056 3868 1110 sed

2238 1140 2388 1199 caput
2400 1146 2422 1194 ;
2447 1132 2658 1200 quando
2683 1148 2748 1188 eo
2788 1139 3087 1205 perventuri
3117 1148 3259 1205 sunt,
3291 1149 3347 1195 ut
3375 1143 3533 1197 etiam
3567 1145 3707 1198 illud
3749 1160 3863 1200 ca-

2239 1230 2331 1291 put
2359 1222 2583 1279 habeant
2606 1226 2744 1296 quod
2769 1228 3041 1285 extollitur
3069 1248 3230 1301 super
3254 1250 3413 1290 omne
3456 1238 3596 1304 quod
3627 1238 3867 1296 dicitur

2240 1314 2378 1369 Deus
2405 1324 2458 1369 et
2483 1316 2620 1387 quod
2650 1318 2873 1375 colitur:
2898 1330 2954 1375 ut
2979 1322 3029 1376 in
3060 1323 3147 1376 illo
3168 1324 3396 1380 maxime
3418 1327 3734 1399 impleatur,
3757 1336 3860 1403 qui

2237 1422 2290 1460 se
2313 1407 2519 1472 exaltat,
2549 1409 2896 1465 humiliabitur
2918 1412 3066 1485 (Luc.
3086 1431 3191 1480 nv,
3222 1416 3340 1487 il);
3369 1426 3424 1473 et
3449 1436 3567 1474 cum
3590 1437 3728 1476 eum
3760 1424 3863 1480 ille

2237 1499 2320 1552 cui
2346 1498 2558 1566 dicitur,
2585 1500 2669 1556 Ne
2695 1513 2878 1566 taceas,
2906 1522 3065 1576 neque
3088 1508 3315 1563 mitescas
3352 1509 3512 1577 Deus,
3538 1513 3860 1570 interﬁciet

2238 1590 2423 1660 spiritu
2458 1593 2567 1647 oris
2592 1595 2694 1660 sui,
2725 1604 2776 1650 et
2804 1598 3083 1654 evacuabit
3107 1599 3494 1658 illuminatione
3523 1607 3858 1675 praesentia:

2236 1698 2346 1738 sua:
2372 1682 2437 1745 (ll
2466 1683 2642 1741 Thess.
2675 1703 2730 1751 ιι,
2760 1688 2815 1754 4,
2837 1687 2914 1759 8).

2308 1775 2361 1829 4.
2405 1773 2554 1846 [vers.
2604 1777 2683 1850 4.]
2725 1777 2894 1847 Super
2939 1782 3182 1849 populum
3226 1794 3367 1837 tuum
3425 1787 3854 1856 malignauerunt

2239 1868 2535 1932 consilium;
2565 1869 2667 1935 vel,
2692 1870 2827 1924 sicut
2852 1870 2940 1925 alii
2970 1871 3181 1927 codices
3209 1873 3421 1939 habent,
3452 1887 3610 1932 astute
3636 1882 3853 1950 cogita-

2238 1968 2411 2011 verunt
2433 1959 2717 2025 consilium,
2745 1968 2790 2012 et
2823 1963 3165 2031 cogitaverunt
3203 1965 3440 2020 adversus
3469 1978 3669 2024 sanctos
3698 1980 3846 2027 tuos.

2240 2048 2528 2104 lrridenter
2555 2051 2653 2105 ista
2680 2051 2958 2107 dicuntur:
2982 2054 3194 2124 quando
3212 2057 3353 2109 enim
3374 2059 3613 2114 valerent
3630 2077 3848 2119 nocere

2242 2139 2437 2208 p0pulo
2467 2140 2549 2194 vel
2577 2139 2720 2210 plebi
2762 2141 2875 2207 Dei,
2922 2143 3003 2198 vel
3044 2145 3240 2198 sanctis
3279 2146 3393 2214 ejus
3433 2149 3521 2217 qui
3567 2163 3850 2207 noverunt

2241 2232 2438 2299 dicere,
2478 2233 2539 2289 Si
2566 2233 2705 2289 Deus
2734 2252 2827 2305 pro
2862 2235 3021 2304 nobis,
3053 2237 3165 2307 quis
3190 2247 3365 2292 contra
3390 2256 3481 2293 nos
3509 2239 3685 2313 (Rom.
3721 2260 3842 2311 \‘lll,

2241 2322 2365 2395 3i)?

2314 2418 2366 2473 5.
2411 2416 2558 2490 [vers.
2582 2419 2663 2492 5.]
2702 2418 2976 2489 Dixerunt,
3010 2422 3204 2492 Venite,
3229 2436 3276 2480 et
3300 2428 3648 2498 disperdamus
3664 2450 3760 2487 eos
3782 2434 3846 2489 de

2243 2520 2405 2582 gente.
2433 2512 2764 2583 Singularem
2795 2531 3072 2571 numerum
3107 2520 3280 2587 posuit
3307 2537 3402 2591 pro
3432 2522 3657 2591 plurali;
3698 2526 3848 2581 sicut

2244 2601 2456 2669 dicitur,
2483 2603 2647 2673 Cujus
2672 2614 2754 2658 est
2781 2605 2881 2660 hoc
2923 2622 3105 2677 pecus,
3144 2612 3352 2666 etiamsi
3383 2612 3449 2667 de
3475 2630 3635 2685 grege
3666 2617 3843 2672 inter-

2246 2703 2480 2764 rogetur,
2510 2703 2564 2749 et
2592 2696 2959 2768 intelliguntur
2980 2715 3207 2770 pecora:
3231 2701 3461 2774 denique
3485 2706 3572 2760 alii
3595 2709 3841 2776 codices,

2246 2792 2308 2844 de
2332 2789 2580 2860 gentibus,
2613 2791 2839 2856 habent;
2870 2792 2957 2847 ubi
2981 2795 3149 2864 magis
3171 2796 3485 2867 interpretes
3507 2801 3841 2858 intellectum

2246 2899 2403 2952 quam
2433 2884 2652 2938 verbum
2682 2886 2849 2940 secuti
2879 2895 3021 2941 sunt.
3063 2886 3256 2955 Venite,
3301 2900 3346 2943 et
3377 2890 3736 2963 disperdamus
3763 2911 3848 2949 eos

2249 2974 2312 3028 de
2349 2985 2511 3045 gente.
2562 2975 2678 3046 Ipse
2716 2986 2799 3032 est
2842 2978 2930 3034 ille
2974 2995 3140 3035 sonus
3181 2997 3289 3052 quo
3328 2996 3623 3039 sonuerunt
3668 2988 3841 3058 magis

2254 3082 2409 3136 quam
2440 3067 2598 3121 locuti
2628 3078 2785 3135 sunt,
2832 3071 3081 3139 quoniam
3129 3073 3358 3129 inaniter
3388 3076 3562 3130 inania
3591 3087 3843 3150 strepue-

2249 3168 2394 3212 runt.
2430 3156 2497 3212 Et
2520 3176 2620 3213 non
2645 3171 2943 3214 memoretur
2974 3164 3191 3218 nominis
3221 3164 3386 3220 Israel
3424 3167 3577 3221 ultra.
3612 3169 3730 3224 Hoc
3754 3170 3843 3225 alii

2253 3251 2459 3320 planius
2500 3250 2770 3319 dixerunt,
2809 3253 2875 3307 Et
2901 3270 3001 3307 non
3037 3257 3102 3309 sit
3142 3259 3381 3312 memoria
3411 3260 3627 3314 nominis
3673 3261 3842 3316 Israel

2250 3345 2435 3398 adhuc.
2464 3344 2595 3414 Quia
2626 3357 2924 3400 memoretur
2944 3349 3178 3416 nominis,
3207 3349 3256 3402 in
3284 3350 3444 3405 latina
3466 3352 3641 3422 lingua
3671 3354 3842 3408 inusi-

2252 3445 2359 3491 tata
2390 3437 2587 3491 locutio
2630 3447 2743 3503 est;
2780 3440 2956 3510 potius
3000 3441 3142 3495 enim
3179 3440 3281 3497 dici
3313 3443 3466 3509 solet,
3514 3455 3843 3501 memoretur

2255 3545 2447 3584 nomen
2472 3549 2484 3584 :
2508 3529 2604 3585 sed
2632 3531 2819 3586 eadem
2847 3532 2959 3603 ipsa
2988 3534 3248 3589 sententia
3275 3543 3388 3596 est;
3415 3552 3533 3590 nam
3564 3538 3651 3607 qni
3683 3538 3833 3601 dixit,

2252 3630 2555 3677 memoretur
2600 3625 2850 3688 nominis,
2893 3640 3121 3695 graecam
3172 3627 3441 3681 transtulit
3496 3627 3837 3683 locutionem.

2256 3714 2421 3771 Israel
2436 3727 2613 3771 autem
2635 3718 2719 3772 hic
2743 3717 2901 3773 debet
2928 3720 3146 3789 intelligi
3171 3722 3350 3792 utique
3375 3736 3559 3776 semen
3589 3722 3837 3787 Abrahze,

2255 3811 2338 3864 cui
2365 3810 2493 3863 dicit
2519 3810 2828 3879 Apostolus,
2878 3809 3018 3882 Ergo
3048 3812 3263 3868 Abrahae
3301 3829 3467 3866 semen
3496 3814 3630 3878 estis,
3660 3830 3839 3868 secun-

2257 3903 2377 3956 dum
2406 3903 2785 3971 promissionem
2810 3903 3032 3958 hwredes
3059 3903 3253 3974 (Galat.
3287 3921 3367 3970 ιιι,
3391 3905 3486 3973 29)
3510 3924 3522 3959 :
3551 3921 3652 3959 non
3680 3904 3839 3961 Israel

2257 3992 2550 4049 secundum
2581 4008 2819 4058 carnem,
2848 3992 3044 4063 dequo
3069 3994 3217 4062 dicit,
3265 3993 3434 4050 Videte
3466 3994 3630 4050 Israel
3667 4013 3839 4051 secun-

2258 4085 2380 4138 dum
2407 4101 2607 4139 carnem
2630 4083 2670 4155 (Ι
2701 4083 2819 4139 Cor.
2850 4101 2902 4149 Χ,
2932 4085 3044 4157 18).

2330 4177 2385 4232 6.
2427 4175 2575 4249 [vers.
2597 4175 2676 4249 6.]
2720 4178 2970 4244 Quoniam
2991 4179 3328 4249 cogitaverunt
3349 4182 3670 4247 unanimiter,
3693 4181 3843 4237 simul

2259 4268 2497 4323 adversus
2537 4279 2584 4322 te
2630 4279 2971 4325 testamentum
3018 4272 3411 4343 disposuerunt:
3450 4275 3597 4343 quasi
3632 4281 3839 4341 possent

2260 4373 2379 4414 esse
2406 4358 2673 4415 fortiores.
2717 4360 3115 4416 Testamentum
3146 4378 3277 4418 sane
3321 4364 3371 4417 in
3418 4363 3701 4433 Scripturis
3736 4379 3833 4420 non

2262 4450 2389 4506 illud
2417 4451 2587 4506 solum
2620 4450 2832 4519 dicitur,
2868 4453 3007 4523 quod
3052 4469 3155 4509 non
3182 4454 3323 4509 valet
3364 4455 3462 4510 nisi
3511 4456 3840 4511 testatoribns

2263 4542 2517 4605 mortuis;
2546 4543 2637 4598 sed
2666 4558 2823 4597 omne
2868 4554 3078 4615 pactum
3105 4555 3157 4600 et
3189 4546 3436 4616 placitum
3469 4556 3836 4605 testamentum

2262 4632 2542 4687 vocabant.
2574 4632 2704 4687 Nam
2731 4633 2907 4687 Laban
2933 4643 2985 4690 et
3010 4634 3174 4690 Jacob
3211 4646 3585 4693 testamentum
3614 4640 3841 4695 fecerunt

2269 4722 2419 4795 (Gen.
2450 4740 2594 4791 xxxi,
2626 4724 2737 4793 44),
2767 4725 2907 4796 quod
2940 4726 3119 4797 utique
3159 4728 3318 4782 etiam
3359 4729 3496 4784 inter
3523 4730 3673 4786 vivos
3700 4731 3837 4786 vale-

2266 4826 2461 4872 retzet
2499 4817 2905 4873 innumerabilia
2946 4819 3068 4874 talia
3112 4821 3163 4874 in
3206 4820 3400 4877 divinis
3443 4824 3691 4894 leguntur
3734 4824 3837 4880 elo-

2265 4909 2422 4979 quiis.

2341 5001 2392 5053 7.
2436 4999 2585 5073 [vers.
2615 5002 2668 5069 7,
2693 5000 2771 5076 8.]
2814 5002 3011 5059 Deinde
3030 5003 3470 5075 ineipitinimicos
3495 5006 3689 5065 Christi
3708 5024 3839 5065 como

2268 5107 2569 5150 memorare
2606 5095 2706 5150 sub
2734 5096 3047 5165 quibusdam
3090 5100 3362 5154 vocabulis
3401 5100 3684 5157 Gentium:
3716 5119 3835 5174 quo—

2269 5201 2387 5241 rum
2416 5186 2793 5241 vocabulorum
2825 5188 3195 5259 interpretatio
3220 5193 3348 5246 satis
3371 5192 3709 5262 indicatquid
3726 5194 3838 5250 velit

2270 5277 2512 5349 intelligi.
2562 5278 2778 5333 Talibus
2819 5280 2960 5335 enim
3007 5281 3308 5338 nominibus
3351 5288 3836 5342 convenientissime

2273 5368 2566 5438 ﬁgurantur
2589 5370 2827 5425 veritatis
2858 5371 3075 5426 inimici.
3106 5372 3322 5428 ldnmmi
3351 5376 3543 5445 quippe
3587 5377 3838 5447 interpre-

2273 5470 2475 5527 tantur,
2508 5461 2593 5517 vel
2634 5461 2942 5532 Sangninei,
2974 5464 3055 5518 vel
3097 5464 3669 5537 Terrenizlsmaelitae,
3711 5470 3837 5525 Ohe-

2274 5554 2481 5611 dientes
2510 5554 2646 5621 sibi;
2680 5557 2860 5627 utique
2890 5572 2996 5611 non
3029 5557 3172 5613 Deo:
3194 5559 3287 5616 sed
3313 5561 3432 5616 sibi.
3460 5561 3636 5628 Moab,
3664 5565 3736 5618 Ex
3758 5576 3835 5631 pao

2277 5654 2389 5702 tre:
2421 5646 2564 5718 quod
2610 5648 2662 5702 in
2711 5649 2853 5705 malo
2894 5664 2999 5706 non
3031 5651 3337 5722 intelligitur
3364 5654 3575 5720 melius,
3608 5656 3707 5710 nisi
3733 5666 3836 5710 cum

2276 5741 2387 5812 ipsa
2428 5740 2647 5795 historia
2686 5742 2967 5813 cogitatur,
2996 5743 3137 5814 quod
3162 5754 3313 5813 pater
3335 5745 3437 5801 Lot
3465 5747 3587 5803 ﬁlim
3612 5764 3720 5805 suae
3747 5744 3837 5802 illl-

2277 5784 2387 5812 .,,....
2430 5784 2647 5795 ...-.ν....
2687 5784 2967 5813 πωπω..
2997 5784 3137 5814 qm...
3162 5784 3301 5813 νων.
3335 5784 3437 5801 μυ.
3612 5784 3719 5805 sua.
3748 5784 3813 5802 ....

2277 5834 2378 5890 cite
2409 5848 2466 5891 se
2500 5832 2663 5889 utenti
2696 5834 2986 5903 permixtus
3025 5850 3144 5891 cum
3175 5837 3389 5907 genuit;
3417 5839 3536 5910 quia
3565 5856 3625 5895 ex
3658 5855 3765 5913 Ipsa
3790 5854 3835 5894 re
3874 5784 4060 6386 J

3384 6401 3693 6410 π.-
