4132 6438
298 429 321 481 1
332 426 443 483 055

295 540 407 595 tale
448 552 639 592 nomen
669 534 873 604 accepit
896 531 1046 607 (Gen.
1064 546 1172 597 xtx',
1203 528 1270 586 '56
1290 540 1335 583 ct
1356 528 1469 599 57).
1493 527 1669 582 Bonus
1695 536 1875 580 autem

294 638 473 701 pater,
499 626 591 683 sed
619 627 757 681 sicut
779 624 884 679 Lex
906 625 946 685 ¹,
974 624 1016 677 si
1034 622 1150 692 quis
1167 636 1225 675 ea
1243 619 1473 690 legitime
1491 626 1666 672 utatur
1683 615 1725 691 (l
1750 616 1881 671 Tim.

296 738 333 787 ι,
371 721 453 786 8);
477 735 581 775 non
614 720 817 774 inceste
842 728 895 771 et
921 715 1120 770 illicite.
1142 713 1388 783 Agareui,
1406 711 1685 783 Proselyti.
1710 711 1761 765 id
1782 719 1882 777 est,

294 814 557 868 advenae:
585 828 693 884 quo
723 812 935 866 nomine
963 808 1325 879 signiﬁcantur
1351 807 1489 861 inter
1520 804 1764 860 inimicos
1793 820 1886 874 po-

292 905 410 976 puli
445 904 559 969 Dei,
594 918 700 957 non
732 902 803 956 illi
847 901 936 971 qui
982 900 1125 954 cives
1157 898 1315 958 ﬁunt;
1359 896 1451 951 sed
1479 896 1565 965 qui
1611 894 1664 948 in
1707 895 1886 949 animo

288 998 483 1052 alieno
507 1008 664 1066 atque
689 992 982 1049 adventitio
1014 999 1375 1060 perseverant,
1400 997 1451 1043 et
1478 985 1703 1042 nocendi
1726 1001 1884 1041 occa-

290 1091 457 1143 sione
488 1089 695 1142 inventa
725 1102 783 1140 se
812 1083 1117 1139 ostendunt.
1143 1081 1327 1142 Gebal,
1355 1079 1517 1133 Vallis
1540 1093 1694 1142 vana,
1714 1076 1763 1130 id
1783 1086 1882 1143 est,

292 1181 569 1235 fallaciter
593 1179 840 1233 humilis:
872 1179 1063 1238 Aman,
1099 1174 1332 1243 Populus
1373 1172 1634 1234 turbidus,
1668 1172 1750 1225 vel
1784 1171 1887 1225 Po-

296 1274 462 1344 pulus
500 1272 783 1325 nimroris:
816 1268 1103 1331 Amalech,
1157 1265 1389 1333 Pepulus
1431 1264 1701 1332 linguens;
1746 1262 1886 1317 unde

296 1362 426 1416 alibi
457 1361 655 1415 dictum
682 1368 783 1421 est,
818 1357 885 1410 Et
906 1357 1093 1410 inimici
1121 1356 1227 1427 ejus
1256 1364 1440 1407 terram
1463 1353 1688 1422 linguent
1713 1349 1885 1421 (Psal.

298 1470 448 1516 uxr.
489 1452 568 1520 9).
611 1450 955 1517 Alienigente,
983 1446 1222 1516 quamvis
1249 1453 1303 1499 et
1333 1445 1447 1512 ipso
1486 1442 1697 1496 nomine
1724 1442 1888 1496 latino

298 1560 363 1600 se
393 1544 629 1599 indicent
655 1543 874 1605 alienos,
910 1549 963 1594 et
990 1540 1059 1593 ob
1083 1539 1183 1593 hoc
1211 1545 1596 1607 consequenter
1622 1535 1884 1601 inimicos,

301 1646 483 1691 tamen
512 1635 565 1688 in
596 1633 809 1686 hebrmo
836 1631 1081 1685 dicuntur
1108 1628 1419 1692 Philistiim;
1450 1625 1591 1697 quod
1621 1625 1887 1693 interpre-

298 1736 449 1783 tatur
466 1724 733 1779 Cadentes
751 1721 986 1791 potione,
1008 1720 1153 1774 velut
1175 1733 1309 1789 quos
1340 1717 1461 1771 fecit
1486 1716 1664 1771 ebrios
1686 1715 1888 1769 luxuria

298 1816 599 1873 saecularis.
647 1814 818 1885 Tyrus
870 1812 1045 1881 lingua
1097 1810 1306 1865 hebrzea
1349 1809 1541 1864 dicitur
1580 1808 1712 1871 Sor;
1745 1806 1887 1878 quod

297 1911 420 1965 sive
449 1908 701 1978 Angustia
724 1908 836 1960 sive
861 1904 1154 1974 Tribulatio
1179 1903 1574 1972 interpretetur,
1598 1899 1886 1955 secundum

296 2001 437 2058 illud
462 1999 825 2067 accipiendum
851 2006 931 2051 est
958 1997 1007 2050 in
1042 1995 1125 2049 his
1155 1994 1380 2049 inimicis
1404 1994 1575 2063 populi
1604 1993 1715 2055 Dei,
1747 1992 1886 2061 quod

297 2095 381 2150 ait
410 2094 726 2164 Apostolus:
762 2091 1038 2145 Tribulatio
1060 2100 1105 2144 et
1124 2091 1356 2160 angustia
1378 2090 1427 2141 in
1453 2105 1647 2142 onmem
1668 2089 1889 2141 animant

299 2187 529 2240 hominis
554 2184 805 2253 operantis
825 2182 1015 2235 malum
1045 2180 1221 2251 (Rom.
1252 2196 1309 2241 It,
1338 2179 1413 2249 9).
1445 2178 1644 2233 Omnes
1670 2193 1795 2247 ergo
1835 2176 1887 2231 hi

298 2279 384 2338 sic
415 2285 796 2333 enumerantur
818 2277 867 2329 in
890 2276 988 2329 hoc
1008 2275 1248 2345 psalmo:
1277 2273 1622 2327 Tabernacula
1644 2271 1890 2326 [dummo-

294 2384 419 2421 rum
443 2379 489 2420 et
519 2366 810 2427 lsmaelitte,
842 2364 996 2445 bloab
1020 2376 1066 2418 et
1091 2364 1329 2434 Agarcni,
1381 2362 1538 2417 Gebal
1577 2372 1621 2417 et
1656 2362 1818 2418 Aman
1845 2372 1890 2417 et

299 2461 570 2525 Amalech,
595 2469 640 2513 et
664 2459 957 2528 alienigena:
984 2474 1096 2510 cum
1125 2455 1457 2509 habitantibus
1481 2455 1689 2526 Tyrum.

376 2552 432 2608 8.
476 2550 621 2624 [vers
647 2550 727 2623 9.]
769 2550 834 2604 Et
852 2560 1096 2619 tanquam
1120 2549 1358 2603 indicans
1375 2563 1587 2602 causam
1605 2563 1767 2618 quare
1785 2549 1892 2603 sint

299 2644 508 2698 inimici
556 2643 753 2713 populo
785 2641 900 2707 Dei,
932 2640 1169 2711 adjungit
1216 2649 1269 2694 et
1313 2639 1472 2694 dicit:
1507 2639 1704 2693 Etenim
1732 2640 1890 2693 Assur

298 2734 439 2787 venit
475 2749 589 2785 cum
615 2733 735 2786 illis.
766 2731 934 2785 Assur
961 2742 1135 2785 autem
1166 2745 1261 2799 pro
1287 2730 1401 2798 ipso
1426 2728 1637 2783 diabolo
1670 2728 1891 2799 ﬁgurate

300 2821 533 2892 intelligi
560 2822 713 2882 solet,
732 2828 819 2891 qui
844 2830 1093 2890 operatur
1118 2820 1169 2873 in
1198 2820 1319 2873 liliis
1345 2818 1649 2873 difﬁdentiae
1670 2818 1888 2891 (Ephes.

304 2930 368 2975 ιι,
405 2912 488 2982 2),
521 2921 766 2981 tanquam
794 2912 846 2964 in
877 2911 1017 2965 vasis
1046 2911 1175 2972 suis,
1205 2920 1260 2963 ut
1299 2918 1604 2979 oppugnent
1638 2911 1889 2980 pepulum

300 3002 428 3058 Dei.
452 3002 603 3055 Fccti
629 3011 766 3067 sunt,
796 3001 985 3070 inquit,
1028 3002 1081 3054 in
1125 3001 1435 3071 adjutorium
1460 3000 1579 3068 ﬁliis
1606 2999 1700 3054 Lot
1722 3018 1742 3055 :
1770 3001 1892 3071 quia

302 3108 502 3149 omnes
526 3094 746 3159 inimici,
785 3103 1040 3161 operante
1077 3091 1129 3145 in
1176 3106 1236 3146 se
1271 3091 1511 3162 principe
1537 3106 1633 3146 suo
1659 3091 1889 3161 diabolo,

304 3185 436 3257 {acti
458 3195 571 3240 sunt
592 3186 645 3239 in
670 3184 976 3256 adjutorium
998 3185 1118 3252 ﬁliis
1142 3182 1255 3246 Lot,
1282 3184 1371 3253 qui
1396 3183 1771 3252 interpretatur
1790 3184 1893 3239 De-

304 3278 534 3335 clinans.
578 3277 768 3346 Angeli
812 3284 988 3330 autem
1036 3273 1312 3346 apostatici
1358 3274 1492 3330 bene
1535 3275 1894 3344 intelliguntur

306 3377 560 3439 tanquam
606 3367 698 3421 lilii
738 3365 1135 3429 declinationis;
1170 3381 1197 3419 a
1232 3364 1455 3420 veritate
1499 3365 1692 3434 quippe
1732 3364 1895 3419 decli-

306 3458 511 3523 nando,
536 3457 589 3512 in
620 3457 930 3512 satellitium
952 3455 1148 3509 diaboli
1179 3455 1556 3509 discesserunt.
1588 3456 1649 3509 Hi
1681 3466 1802 3508 sunt
1827 3456 1894 3511 de

306 3550 506 3622 quibus
547 3547 676 3603 dicit
717 3546 1043 3615 Apostolus:
1080 3563 1099 3597 ι
1133 3544 1247 3599 Non
1289 3553 1370 3599 est
1407 3545 1557 3598 vobis
1596 3545 1895 3600 colluctatio

306 3641 570 3697 adversus
598 3653 814 3694 carnem
846 3647 898 3692 et
924 3636 1267 3708 sanguinem;
1294 3635 1387 3690 sed
1416 3636 1672 3691 adversus
1696 3636 1895 3707 princi-

307 3746 415 3805 pes
447 3741 501 3787 et
530 3738 818 3800 potestates
846 3738 901 3783 et
928 3737 1168 3782 rectores
1194 3725 1376 3780 mundi
1409 3727 1743 3780 tenebrarum
1795 3725 1894 3780 ha-

308 3839 459 3888 rum,
487 3822 743 3876 adversus
763 3819 1051 3888 Spiritualia
1078 3816 1323 3886 nequitia:
1341 3817 1390 3870 in
1408 3816 1713 3872 coelestibus
1738 3835 1757 3868 ι
1785 3815 1895 3888 (Id.

310 3930 394 3979 vl,
424 3912 537 3983 l2).
570 3910 938 3981 Quapropter”
966 3909 1096 3964 istos
1124 3907 1418 3963 invisibiles
1464 3907 1709 3961 inimicos
1750 3907 1900 3978 adju-

310 4013 450 4059 vant
475 4004 714 4057 homines
747 4000 1006 4065 inﬁdeles,
1051 4001 1102 4054 in
1146 3996 1337 4070 quibus
1383 4011 1674 4071 operantur
1701 4000 1768 4054 ad
1800 4016 1900 4070 op-

309 4093 659 4168 pugnandum
692 4091 942 4162 pepulum
974 4090 1087 4145 Dei.

392 4191 450 4245 9.
491 4188 639 4262 [νει-ε.
676 4185 888 4257 1045]
926 4186 1043 4241 Jam
1072 4199 1214 4240 nunc
1243 4182 1519 4238 videamus
1549 4182 1673 4253 quid
1701 4182 1900 4253 impre-

313 4290 478 4339 cetur
528 4280 868 4351 preplieticus
914 4278 1151 4349 spiritus,
1213 4276 1379 4347 magis
1423 4275 1715 4345 praedicens
1743 4291 1900 4345 quam

316 4374 669 4431 malediceus.
703 4372 812 4426 Fac
839 4372 961 4435 illis,
991 4371 1178 4441 inquit,
1210 4370 1338 4425 sicut
1375 4367 1587 4422 Madian
1614 4378 1658 4422 et
1686 4367 1899 4435 Sisartc,

316 4468 452 4521 sicut
479 4464 633 4518 Jabin
676 4464 727 4517 in
766 4472 983 4516 torrente
1026 4460 1198 4516 Cison.
1234 4460 1578 4529 Disperierunt
1618 4460 1669 4513 in
1703 4456 1900 4523 Endor,

322 4558 449 4631 facti
472 4564 585 4610 sunt
612 4564 667 4609 ut
695 4564 881 4608 stercus
912 4563 1073 4606 teme.
1118 4550 1228 4606 Hos
1267 4565 1453 4604 omnes
1491 4549 1779 4604 secundum
1825 4548 1905 4602 lii-

322 4650 544 4703 storiam
578 4646 802 4717 populus
847 4645 1027 4708 lsrael,
1072 4643 1161 4713 qui
1208 4651 1331 4696 tunc
1370 4649 1486 4695 erat
1525 4640 1748 4710 pOpulus
1790 4640 1903 4707 Dei,

323 4740 616 4797 debellavit
655 4747 708 4794 et
745 4738 899 4801 vicit;
940 4736 1077 4790 sicut
1122 4735 1282 4790 etiam
1322 4733 1441 4787 illos
1479 4748 1614 4801 quos
1657 4731 1907 4801 deinceps

325 4839 733 4895 commemorat,
760 4828 963 4893 dicens,
985 4826 1129 4880 Pone
1143 4824 1391 4896 principes
1412 4839 1584 4877 eorum
1602 4823 1730 4876 sicut
1755 4822 1905 4889 Oreb,

327 4934 377 4981 et
404 4924 529 4989 Zeb,
560 4934 606 4978 et
629 4922 808 4988 Zebee,
833 4933 877 4975 et
904 4920 1152 4976 Salmana
1190 4916 1383 4990 (Judic.
1411 4931 1483 4980 tv,
1514 4931 1605 4982 vn,
1648 4915 1783 4985 VIII).
1819 4912 1908 4968 In-

330 5015 739 5084 terpretationes
766 5022 942 5067 autem
969 5024 1152 5065 eorum
1181 5008 1450 5062 nominum
1480 5006 1596 5059 istae
1622 5013 1778 5059 sunt:
1800 5003 1911 5057 ila—

331 5107 454 5165 dian
484 5108 861 5174 interpretatur
892 5102 1171 5159 Declinans
1213 5099 1502 5169 judicium;
1534 5097 1732 5163 Sisara,
1768 5095 1911 5151 Gau-

333 5200 405 5256 dii
432 5198 703 5263 exclusio;
736 5196 909 5259 Jabin,
940 5194 1186 5263 Sapiens.
1242 5190 1347 5246 Sed
1396 5191 1446 5244 in
1492 5189 1574 5244 his
1616 5188 1845 5243 inimicis
1882 5203 1912 5243 a

334 5292 532 5363 populo
560 5289 653 5343 Dei
680 5286 961 5359 superatis,
990 5285 1076 5339 ille
1097 5281 1472 5351 intelligendus
1496 5290 1576 5334 est
1597 5282 1829 5348 sapiens,
1848 5278 1915 5333 de

335 5399 441 5456 quo
468 5383 752 5453 Apostolus
782 5379 940 5435 dicit:
980 5376 1076 5432 Ubi
1104 5376 1340 5447 sapiens?
1364 5374 1447 5427 ubi
1471 5372 1672 5427 scriba?
1692 5372 1774 5427 ubi
1796 5389 1917 5426 con-

335 5478 543 5546 quisitor
589 5477 741 5546 hujus
767 5472 939 5527 surculi
979 5471 1021 5541 (ι
1048 5470 1164 5525 Cor.
1193 5484 1231 5535 ι,
1275 5467 1400 5539 20)?
1438 5465 1600 5531 Oreb,
1653 5464 1911 5520 Siccitas:

336 5566 467 5637 Zeh,
497 5568 711 5638 Lupus:
737 5564 933 5629 Zebee,
960 5561 1205 5628 Victima,
1232 5560 1325 5615 sed
1352 5559 1489 5628 lupi;
1522 5558 1680 5613 habet
1700 5558 1841 5613 enim
1866 5565 1920 5612 et

399 5711 416 5742 ι
438 5710 511 5759 sic
524 5714 633 5757 Mss.
664 5710 718 5753 At
741 5710 875 5761 t.ov.,
893 5700 1040 5751 bonus
1059 5703 1220 5749 autem
1240 5704 1378 5762 pater
1401 5703 1515 5758 Lex,
1548 5693 1633 5745 sed
1656 5692 1779 5744 sicut
1805 5700 1921 5754 Apo-

333 5771 580 5831 Wu‘a“:
606 5768 653 5819 δί
670 5764 796 5831 quis:
824 5773 918 5814 διο·
1039 5829 1073 5831 _,
1317 5827 1333 5831 Α
1534 5823 1569 5831 ,κ
1592 5830 1627 5831 η
1676 5815 1743 5831 Α...
1810 5813 1891 5831 -_,_-

392 5815 580 5895 ῗῇἇίξ
774 5815 902 5878 istos.
945 5831 998 5875 At
1036 5829 1141 5874 Mss.
1181 5820 1277 5883 alii,
1306 5823 1631 5883 Quapropter;
1669 5815 1762 5877 alii,
1804 5815 1922 5877 Quia

327 5903 531 5963 propter.

1393 412 1784 472 ENARRATIO
1820 413 1885 468 IN
1925 413 2245 471 PSALMUM
2285 414 2545 470 LXXXII.

3432 423 3566 478 1056

1997 526 2112 596 ipse
2160 527 2401 582 victimas
2452 540 2609 581 suas:
2646 526 2912 593 Salmana,
2949 528 3145 585 Umbra
3173 534 3568 591 commotionis.

1994 616 2120 672 Haec
2143 618 2320 672 omnia
2349 626 2645 687 congruunt
2671 618 2843 683 malis,
2876 634 3012 688 quos
3040 620 3092 674 in
3122 621 3261 675 bono
3290 624 3448 679 vincit
3469 641 3567 695 po-

1990 706 2146 777 pulus
2178 707 2290 761 Dei.
2333 707 2498 763 Porro
2539 716 2715 762 autem
2752 707 2931 776 Cison,
2965 710 3015 763 in
3047 726 3151 778 quo
3180 722 3417 768 torrente
3447 717 3571 773 victi

1992 808 2133 863 sunt,
2164 798 2541 869 interpretatur
2581 799 2777 852 Duritia
2803 814 3006 853 eorum.
3038 802 3242 865 Endor,
3274 804 3360 858 ubi
3384 806 3571 876 perie-

1991 898 2136 955 runt,
2165 888 2537 957 interpretatur
2562 885 2703 941 Fons
2724 890 3096 957 generationis,
3126 891 3218 945 sed
3251 894 3429 962 utique
3449 912 3570 950 car-

1993 981 2151 1043 nalis,
2184 980 2268 1034 cui
2296 979 2457 1034 dediti
2481 979 2785 1047 perierunt:
2810 996 2912 1033 non
2936 992 3180 1035 curantes
3204 986 3568 1048 regeneratio-

1993 1087 2138 1137 nem,
2161 1086 2277 1141 quze
2310 1069 2549 1140 perducit
2572 1068 2638 1123 ad
2669 1069 2850 1133 vitam,
2885 1070 2970 1123 ubi
3000 1086 3102 1125 non
3145 1072 3363 1135 nubent,
3398 1090 3569 1144 neque

1993 1178 2192 1217 uxores
2221 1162 2448 1227 ducent;
2473 1177 2576 1215 non
2600 1162 2743 1216 enim
2767 1162 3015 1231 incipient
3038 1164 3172 1217 mori
3192 1163 3338 1233 (Luc.
3360 1182 3450 1221 xx.
3474 1167 3571 1233 55,

1994 1254 2109 1325 56).
2138 1252 2325 1306 Merito
2354 1267 2481 1322 ergo
2500 1253 2566 1307 de
2587 1252 2669 1307 his
2698 1253 2894 1307 dictum
2923 1264 3024 1320 est,
3056 1253 3202 1308 Facti
3230 1267 3343 1309 sunt
3370 1268 3420 1309 ut
3442 1268 3571 1312 ater-

1992 1358 2082 1396 cus
2105 1352 2283 1407 terras;
2304 1342 2370 1396 de
2398 1342 2589 1412 quibus
2615 1342 2739 1396 nihil
2769 1354 3110 1414 propagatum
3142 1354 3242 1409 est,
3270 1347 3367 1400 nisi
3399 1357 3569 1403 terre-

1992 1447 2061 1487 na
2089 1431 2402 1486 fecunditas.
2429 1430 2574 1486 Sicut
2600 1446 2726 1502 ergo
2748 1432 2819 1486 illi
2848 1449 3035 1488 omnes
3063 1435 3113 1488 in
3144 1436 3306 1504 ﬁgura
3334 1441 3571 1505 superati

1993 1532 2117 1577 sunt
2144 1537 2173 1576 a
2198 1523 2388 1592 populo
2416 1522 2536 1589 Dei;
2570 1522 2645 1576 sic
2666 1523 2795 1579 istos
2817 1525 3058 1579 inimicos
3085 1536 3331 1595 precatur
3352 1527 3403 1581 in
3432 1529 3572 1583 veri-

1994 1622 2099 1668 tate
2126 1614 2385 1681 superari.

2068 1704 2155 1759 10.
2200 1702 2405 1770 Omnes,
2452 1704 2639 1773 inquit,
2669 1706 2919 1776 principes
2960 1722 3152 1771 eorum,
3189 1708 3274 1778 qui
3315 1708 3567 1780 dixerunt,

1994 1793 2303 1849 [hereditate
2333 1796 2674 1866 possideamus
2706 1797 3048 1850 sanctuarium
3080 1795 3194 1851 Dei.
3228 1798 3341 1867 Ipse
3366 1808 3446 1853 est
3486 1816 3572 1855 so-

1994 1885 2137 1939 nitus
2164 1884 2358 1948 inanis,
2386 1900 2510 1953 quo,
2545 1892 2600 1937 ut
2628 1899 2786 1953 supra
2811 1886 3007 1938 dictum
3033 1894 3133 1951 est,
3161 1864 3354 1941 inimici
3391 1890 3463 1942 tui
3487 1906 3571 1943 so-

1994 1986 2231 2030 nuerunt.
2259 1974 2623 2029 Sanctuarium
2655 1984 2830 2029 autem
2873 1976 2966 2030 Dei
3007 1977 3130 2046 quid
3170 1978 3568 2049 intelligendum

1993 2074 2093 2130 est,
2129 2066 2228 2119 nisi
2261 2065 2511 2135 templum
2557 2066 2670 2131 Dei,
2716 2066 2783 2121 de
2824 2083 2928 2136 quo
2974 2068 3257 2135 Apostolus
3288 2071 3391 2122 ait:
3420 2071 3568 2125 Tem-

1993 2161 2132 2227 plum
2159 2158 2288 2211 enim
2320 2155 2417 2211 Dei
2446 2167 2672 2210 sanctum
2719 2169 2807 2222 est,
2840 2159 2974 2229 quod
3002 2161 3118 2212 estis
3161 2176 3247 2214 vos
3279 2162 3319 2232 (l
3341 2160 3457 2215 Cor.
3492 2181 3566 2227 ιιι,

1995 2248 2270 2317 i7)?Nam
2294 2247 2419 2318 quid
2443 2248 2582 2301 aliud
2615 2249 2835 2312 inimici,
2868 2250 2966 2303 nisi
3000 2250 3246 2318 pepulum
3284 2252 3370 2305 Dei
3397 2256 3569 2322 possi-

1994 2340 2141 2404 dere,
2172 2340 2220 2394 id
2249 2351 2350 2407 est,
2375 2340 2659 2409 snbjugare
2680 2340 2988 2409 moliuntur,
3019 2352 3074 2396 ut
3098 2342 3280 2397 ccdat'
3308 2346 3358 2397 in
3387 2362 3569 2402 eorum

1993 2434 2185 2502 impias
2213 2433 2542 2486 voluntates?

2066 2527 2152 2580 11.
2195 2523 2343 2597 [vers.
2377 2524 2488 2597 μμ]
2526 2523 2630 2579 Sed
2659 2525 2783 2595 quid
2811 2526 3082 2596 sequitur?
3104 2526 3236 2581 Deus
3256 2544 3412 2594 meus,
3443 2527 3571 2599 pone

1993 2618 2108 2671 illos
2129 2627 2183 2670 ut
2203 2628 2382 2671 rotam.
2411 2617 2805 2671 Convenienter
2833 2617 3043 2687 quidem
3082 2619 3355 2687 accipitur,
3382 2628 3435 2672 ut
3463 2636 3568 2676 non

1993 2710 2096 2764 sint
2125 2709 2175 2762 in
2205 2724 2271 2763 eo
2299 2708 2439 2778 quod
2468 2709 2699 2776 cogitant
2725 2709 2975 2773 stabiles;
3015 2719 3379 2766 verumtamen
3408 2715 3569 2768 etiam

1994 2799 2072 2854 sic
2098 2808 2242 2854 recte
2273 2813 2429 2869 posse
2457 2798 2675 2868 intelligi
2703 2798 2971 2863 existimo,
3007 2798 3148 2853 Pone
3166 2800 3281 2854 illos
3307 2813 3361 2854 ut
3385 2813 3568 2873 rotam,

1994 2889 2134 2959 quod
2164 2898 2277 2943 rota
2304 2905 2367 2944 ex
2392 2890 2474 2944 his
2499 2906 2615 2959 quae
2644 2899 2787 2944 retro
2812 2900 2935 2944 sunt
2955 2892 3244 2956 extollitur,
3269 2909 3332 2947 cx
3354 2892 3433 2947 his
3455 2912 3572 2963 qum

1996 2990 2123 3036 ante
2144 2992 2266 3034 sunt
2284 2980 2529 3049 dejicitur
2550 2999 2562 3034 :
2586 2982 2662 3036 sic
2687 2982 2818 3035 ﬁunt
2836 2998 3022 3038 omnes
3045 2983 3237 3038 inimici
3258 2985 3437 3055 pepuli
3460 2987 3571 3041 Dei.

1995 3071 2110 3127 Non
2138 3074 2277 3127 enim
2309 3073 2419 3127 lucc
2447 3074 2667 3142 Optatio,
2696 3073 2789 3128 sed
2820 3075 3151 3144 prophetatio
3178 3086 3275 3130 est.
3319 3078 3577 3148 Adjungit

1996 3165 2189 3219 etiam:
2220 3163 2363 3218 Sicut
2397 3165 2637 3231 stipulam
2665 3176 2780 3217 ante
2806 3166 2985 3232 [aciem
3028 3167 3174 3219 venti.
3206 3166 3416 3222 Faciem
3448 3170 3576 3226 dicit

1996 3256 2366 3327 pra‘sentiam:
2397 3272 2515 3309 nam
2543 3272 2659 3325 quas
2686 3256 2846 3311 facies
2872 3268 2953 3309 est
2990 3258 3155 3321 venti,
3205 3258 3288 3311 cui
3335 3261 3475 3313 nulla
3507 3262 3573 3315 li-

1998 3356 2275 3402 neamenta
2307 3358 2425 3401 sunt
2453 3348 2721 3417 corporis;
2751 3362 2869 3402 cum
2893 3347 2961 3401 sit
2989 3358 3183 3413 motus,
3213 3350 3262 3403 id
3297 3362 3393 3413 est.
3424 3356 3577 3423 quasi

1998 3437 2187 3494 ﬂuetus
2213 3441 2383 3494 aeris?
2405 3441 2624 3494 Ponitur
2646 3450 2821 3495 autem
2851 3456 2949 3511 pro
2972 3442 3279 3510 tentatione,
3310 3459 3414 3513 qua
3443 3445 3575 3500 levia

1998 3540 2052 3587 et
2074 3531 2245 3585 inania
2278 3532 2437 3587 corda
2460 3534 2766 3600 rapiuntur:

2071 3622 2157 3676 12.
2200 3620 2347 3693 [vers.
2384 3624 2470 3686 15,
2503 3621 2614 3695 lli]
2654 3622 2945 3677 Levitatem
2965 3637 3143 3691 porro,
3163 3638 3263 3692 qua
3290 3624 3442 3680 facile
3461 3640 3579 3680 con-

2001 3713 2228 3768 sentitur
2274 3712 2338 3767 ad
2386 3713 2553 3777 mala,
2597 3714 2772 3783 gravis
2816 3714 3055 3784 sequitur
3098 3715 3391 3779 cruciatus;
3441 3716 3581 3771 unde

2002 3806 2251 3875 deinceps
2271 3804 2493 3859 dicitur:
2524 3805 2665 3859 Sicut
2691 3806 2823 3876 ignis
2847 3807 2931 3875 qui
2956 3806 3201 3859 comburit
3230 3807 3426 3871 silvam,
3454 3808 3582 3861 sicut

2002 3899 2210 3968 ﬂamma
2238 3899 2529 3952 comburens
2558 3909 2782 3963 montes;
2802 3899 2871 3950 ita
2902 3899 3208 3967 persequeris
3236 3898 3349 3949 illos
3378 3899 3428 3950 in
3455 3908 3583 3952 tem—

2004 3998 2192 4059 pestate
2229 3997 2334 4051 tua,
2362 3998 2408 4041 et
2434 3987 2487 4041 in
2515 3988 2592 4040 ira
2633 3997 2718 4040 tua
2760 3987 3074 4041 conturbabis
3100 4004 3199 4039 eos.
3231 3987 3425 4041 Silvam
3452 3988 3586 4044 dixit

2004 4088 2220 4148 prepter
2244 4079 2597 4141 Sterilitatem,
2627 4087 2834 4132 montes
2858 4087 3073 4148 propter
3102 4079 3385 4133 elationem
3414 4098 3426 4133 :
3453 4081 3585 4137 tales

2005 4171 2147 4224 enim
2174 4179 2295 4223 sunt
2327 4170 2523 4224 inimici
2557 4171 2733 4239 populi
2782 4170 2903 4234 Dei;
2950 4170 3136 4224 inanes
3174 4170 3410 4238 justitire,
3446 4173 3586 4241 pleni

2005 4260 2272 4331 superbia.
2318 4261 2492 4332 Ignem
2541 4276 2667 4314 vero
2693 4270 2745 4315 et
2784 4261 3049 4314 ﬂammam
3082 4262 3286 4324 dicens,
3320 4263 3417 4317 hoc
3448 4265 3585 4320 idem

2006 4355 2108 4409 alio
2143 4355 2357 4409 nomine
2384 4355 2646 4424 repetivit,
2678 4368 2783 4423 quo
2827 4354 3044 4421 intelligi
3072 4354 3235 4407 voluit
3261 4354 3585 4422 iudicantem

2007 4456 2164 4517 atque
2188 4450 2490 4517 punientem
2515 4446 2699 4500 Deum.
2723 4445 2873 4510 Quod
2901 4455 3074 4499 autem
3098 4446 3194 4509 ait,
3224 4446 3275 4499 in
3304 4457 3591 4516 tempestate

2009 4547 2126 4602 tua;
2174 4538 2277 4592 hoc
2324 4536 2461 4591 idem
2509 4546 2898 4605 consequenter
2931 4537 3174 4603 exposuit
3204 4537 3406 4599 dicens,
3432 4538 3484 4591 in
3512 4540 3590 4592 ira

2010 4639 2129 4683 tua:
2150 4636 2203 4682 et
2230 4628 2368 4694 quod
2395 4642 2555 4697 supra
2586 4626 2737 4689 dixit,
2775 4628 3081 4697 persequeris
3110 4642 3227 4690 eos;
3256 4627 3356 4681 hoc
3379 4638 3587 4697 postea,

2010 4717 2329 4775 conturbabis
2349 4735 2453 4772 eos.
2486 4716 2878 4771 Meminerimus
2902 4731 3029 4770 sane
3060 4716 3190 4770 iram
3221 4716 3310 4771 Dei
3338 4718 3454 4771 sine
3483 4719 3591 4773 ulla

2011 4812 2289 4867 affectione
2316 4810 2617 4865 turbulenta
2644 4807 2969 4877 intelligere:
3002 4807 3075 4862 ira
3103 4808 3295 4876 quippe
3320 4807 3434 4877 ejus
3460 4808 3592 4862 dici-

2014 4912 2115 4969 tur,
2147 4903 2280 4957 ratio
2304 4903 2441 4972 justa
2471 4900 2747 4967 vindictte;
2782 4910 3028 4969 tanquam
3056 4900 3098 4953 si
3128 4900 3208 4953 It-x
3238 4898 3445 4953 dicatur
3483 4900 3591 4953 ira-

2014 4995 2112 5059 sci,
2140 5008 2260 5049 cum
2291 4991 2521 5049 ministri
2563 4993 2678 5061 ejus
2722 4989 3014 5046 secundum
3041 5003 3158 5043 eam
3186 4988 3437 5043 commoti
3476 4986 3591 5042 vin-

2016 5086 2211 5141 dicant.

2091 5177 2158 5231 15
2209 5174 2358 5249 [uers.
2384 5172 2591 5244 1749.]
2616 5171 2799 5241 Imple,
2830 5170 3014 5239 inquit,
3039 5168 3194 5238 [acies
3232 5184 3403 5223 eorum
3448 5170 3595 5240 igno-

2017 5267 2193 5329 minia,
2217 5276 2262 5321 et
2283 5275 2504 5336 amarent
2535 5279 2711 5317 nomen
2737 5272 2877 5315 tuum
2897 5302 2911 5325 ,
2948 5260 3179 5315 Domine.
3207 5260 3317 5314 Hoc
3343 5274 3471 5314 sane
3494 5261 3594 5315 illis

2021 5362 2215 5413 bonum
2260 5367 2312 5412 et
2340 5355 2572 5425 optabile
2615 5354 2957 5424 preplietatur
2986 5371 2998 5405 :
3025 5368 3121 5408 nec
3155 5352 3591 5423 prophetaretur,

2020 5447 2122 5503 nisi
2180 5455 2357 5501 essent
2407 5446 2457 5498 in
2506 5458 2567 5498 ea
2612 5444 2863 5499 societate
2899 5443 3229 5497 inimicorum
3274 5441 3445 5513 populi
3503 5442 3594 5496 Dei

2021 5539 2178 5593 etiam
2209 5537 2337 5591 tales
2368 5534 2644 5601 homines,
2676 5534 2866 5604 quibus
2902 5533 3001 5588 hoc
3038 5541 3161 5587 ante
3190 5532 3429 5585 ultimum
3458 5530 3602 5602 judi-

2021 5629 2161 5683 cium
2184 5634 2555 5697 prmstaretur;
2585 5624 2706 5695 quia
2759 5632 2814 5680 et
2852 5639 2988 5678 nunc
3032 5623 3170 5678 idem
3213 5622 3310 5692 ipsi
3358 5630 3500 5687 sunt,
3547 5630 3601 5677 et

2024 5720 2195 5792 ipsum
2227 5735 2421 5789 corpus
2446 5726 2529 5774 est
2570 5718 2900 5775 inimicorum
2932 5715 3223 5772 secundum
3254 5715 3595 5773 invidentiam

2094 5875 2105 5903 ¹
2136 5874 2205 5923 sic
2232 5879 2335 5922 Mss.
2366 5882 2415 5923 At
2441 5872 2571 5934 Edd.,
2599 5871 2755 5921 radat.
