  <div class='ocr_page' id='page_1' title='image "/cluster/home/n/w/nwhite01/storage/ocr_20150623/37/uva.x000827106/025.png"; bbox 0 0 4132 6516; ppageno 0'>
   <div class='ocr_carea' id='block_1_1' title="bbox 553 372 689 430">
    <p class='ocr_par' dir='ltr' id='par_1_1' title="bbox 553 372 689 430">
     <span class='ocr_line' id='line_1_1' title="bbox 553 372 689 430; baseline -0.015 0"><span class='ocrx_word' id='word_1_1' title='bbox 553 376 575 430; x_wconf 78' lang='lat' dir='ltr'><strong>i</strong></span> <span class='ocrx_word' id='word_1_2' title='bbox 586 372 689 430; x_wconf 85' lang='lat'><strong>055</strong></span> 
     </span>
    </p>
   </div>
   <div class='ocr_carea' id='block_1_2' title="bbox 549 475 2123 555">
    <p class='ocr_par' dir='ltr' id='par_1_2' title="bbox 549 475 2123 555">
     <span class='ocr_line' id='line_1_2' title="bbox 549 475 2123 555; baseline -0.008 -15"><span class='ocrx_word' id='word_1_3' title='bbox 549 499 651 555; x_wconf 89' lang='lat' dir='ltr'><strong>qua</strong></span> <span class='ocrx_word' id='word_1_4' title='bbox 681 482 997 539; x_wconf 69' lang='lat' dir='ltr'><strong>aemulantur</strong></span> <span class='ocrx_word' id='word_1_5' title='bbox 1025 480 1275 551; x_wconf 88' lang='lat' dir='ltr'><strong>populum</strong></span> <span class='ocrx_word' id='word_1_6' title='bbox 1306 478 1419 532; x_wconf 87' lang='lat' dir='ltr'><strong>Dei.</strong></span> <span class='ocrx_word' id='word_1_7' title='bbox 1449 476 1519 531; x_wconf 87' lang='lat' dir='ltr'><strong>Et</strong></span> <span class='ocrx_word' id='word_1_8' title='bbox 1554 490 1693 530; x_wconf 90' lang='lat' dir='ltr'><strong>nunc</strong></span> <span class='ocrx_word' id='word_1_9' title='bbox 1713 518 1726 540; x_wconf 90' lang='lat'><strong>,</strong></span> <span class='ocrx_word' id='word_1_10' title='bbox 1755 475 1841 529; x_wconf 90' lang='lat' dir='ltr'><strong>ubi</strong></span> <span class='ocrx_word' id='word_1_11' title='bbox 1870 485 2123 545; x_wconf 88' lang='lat' dir='ltr'><strong>possunt,</strong></span> 
     </span>
    </p>
   </div>
   <div class='ocr_carea' id='block_1_3' title="bbox 550 566 2127 639">
    <p class='ocr_par' dir='ltr' id='par_1_3' title="bbox 550 566 2127 639">
     <span class='ocr_line' id='line_1_3' title="bbox 550 566 2127 639; baseline -0.007 -8"><span class='ocrx_word' id='word_1_12' title='bbox 550 584 605 631; x_wconf 90' lang='lat' dir='ltr'><strong>et</strong></span> <span class='ocrx_word' id='word_1_13' title='bbox 653 583 843 630; x_wconf 86' lang='lat' dir='ltr'><strong>sonant</strong></span> <span class='ocrx_word' id='word_1_14' title='bbox 892 582 945 629; x_wconf 92' lang='lat' dir='ltr'><strong>et</strong></span> <span class='ocrx_word' id='word_1_15' title='bbox 1000 572 1177 628; x_wconf 90' lang='lat' dir='ltr'><strong>levant</strong></span> <span class='ocrx_word' id='word_1_16' title='bbox 1220 578 1410 639; x_wconf 89' lang='lat' dir='ltr'><strong>caput;</strong></span> <span class='ocrx_word' id='word_1_17' title='bbox 1465 567 1557 624; x_wconf 91' lang='lat' dir='ltr'><strong>sed</strong></span> <span class='ocrx_word' id='word_1_18' title='bbox 1604 566 1973 638; x_wconf 78' lang='lat' dir='ltr'><strong>particulatim,</strong></span> <span class='ocrx_word' id='word_1_19' title='bbox 2021 581 2127 621; x_wconf 88' lang='lat' dir='ltr'><strong>non</strong></span> 
     </span>
    </p>
   </div>
   <div class='ocr_carea' id='block_1_4' title="bbox 553 658 2128 730">
    <p class='ocr_par' dir='ltr' id='par_1_4' title="bbox 553 658 2128 730">
     <span class='ocr_line' id='line_1_4' title="bbox 553 658 2128 730; baseline -0.006 -10"><span class='ocrx_word' id='word_1_20' title='bbox 553 664 958 730; x_wconf 85' lang='lat' dir='ltr'><strong>universaliter,</strong></span> <span class='ocrx_word' id='word_1_21' title='bbox 988 666 1122 718; x_wconf 82' lang='lat' dir='ltr'><strong>sicut</strong></span> <span class='ocrx_word' id='word_1_22' title='bbox 1153 662 1202 716; x_wconf 91' lang='lat' dir='ltr'><strong>in</strong></span> <span class='ocrx_word' id='word_1_23' title='bbox 1233 661 1337 716; x_wconf 84' lang='lat' dir='ltr'><strong>line</strong></span> <span class='ocrx_word' id='word_1_24' title='bbox 1380 658 1579 726; x_wconf 82' lang='lat' dir='ltr'><strong>saeculi,</strong></span> <span class='ocrx_word' id='word_1_25' title='bbox 1624 658 1913 713; x_wconf 90' lang='lat' dir='ltr'><strong>novissimo</strong></span> <span class='ocrx_word' id='word_1_26' title='bbox 1950 658 2128 713; x_wconf 91' lang='lat' dir='ltr'><strong>immi-</strong></span> 
     </span>
    </p>
   </div>
   <div class='ocr_carea' id='block_1_5' title="bbox 553 749 2130 828">
    <p class='ocr_par' dir='ltr' id='par_1_5' title="bbox 553 749 2130 828">
     <span class='ocr_line' id='line_1_5' title="bbox 553 749 2130 828; baseline -0.006 -15"><span class='ocrx_word' id='word_1_27' title='bbox 553 757 947 828; x_wconf 88' lang='lat' dir='ltr'><strong>nentejudicio.</strong></span> <span class='ocrx_word' id='word_1_28' title='bbox 979 756 1179 810; x_wconf 82' lang='lat' dir='ltr'><strong>Tamen</strong></span> <span class='ocrx_word' id='word_1_29' title='bbox 1208 754 1379 823; x_wconf 91' lang='lat' dir='ltr'><strong>ipsum</strong></span> <span class='ocrx_word' id='word_1_30' title='bbox 1402 766 1594 822; x_wconf 89' lang='lat' dir='ltr'><strong>corpus</strong></span> <span class='ocrx_word' id='word_1_31' title='bbox 1616 759 1701 807; x_wconf 88' lang='lat' dir='ltr'><strong>est</strong></span> <span class='ocrx_word' id='word_1_32' title='bbox 1749 760 1803 806; x_wconf 91' lang='lat' dir='ltr'><strong>et</strong></span> <span class='ocrx_word' id='word_1_33' title='bbox 1845 751 1897 805; x_wconf 88' lang='lat' dir='ltr'><strong>in</strong></span> <span class='ocrx_word' id='word_1_34' title='bbox 1928 751 2013 804; x_wconf 90' lang='lat' dir='ltr'><strong>his</strong></span> <span class='ocrx_word' id='word_1_35' title='bbox 2040 749 2130 820; x_wconf 91' lang='lat' dir='ltr'><strong>qui</strong></span> 
     </span>
    </p>
   </div>
   <div class='ocr_carea' id='block_1_6' title="bbox 553 843 2131 917">
    <p class='ocr_par' dir='ltr' id='par_1_6' title="bbox 553 843 2131 917">
     <span class='ocr_line' id='line_1_6' title="bbox 553 843 2131 917; baseline -0.005 -12"><span class='ocrx_word' id='word_1_36' title='bbox 553 851 674 905; x_wconf 90' lang='lat' dir='ltr'><strong>inde</strong></span> <span class='ocrx_word' id='word_1_37' title='bbox 702 849 954 905; x_wconf 75' lang='lat' dir='ltr'><strong>credituri</strong></span> <span class='ocrx_word' id='word_1_38' title='bbox 987 857 1131 913; x_wconf 91' lang='lat' dir='ltr'><strong>sunt,</strong></span> <span class='ocrx_word' id='word_1_39' title='bbox 1169 857 1327 917; x_wconf 89' lang='lat' dir='ltr'><strong>atque</strong></span> <span class='ocrx_word' id='word_1_40' title='bbox 1358 846 1409 899; x_wconf 91' lang='lat' dir='ltr'><strong>in</strong></span> <span class='ocrx_word' id='word_1_41' title='bbox 1444 860 1637 915; x_wconf 89' lang='lat' dir='ltr'><strong>corpus</strong></span> <span class='ocrx_word' id='word_1_42' title='bbox 1684 843 1823 899; x_wconf 83' lang='lat' dir='ltr'><strong>aliud</strong></span> <span class='ocrx_word' id='word_1_43' title='bbox 1861 843 2131 898; x_wconf 90' lang='lat' dir='ltr'><strong>transituri</strong></span> 
     </span>
    </p>
   </div>
   <div class='ocr_carea' id='block_1_7' title="bbox 552 936 2132 1013">
    <p class='ocr_par' dir='ltr' id='par_1_7' title="bbox 552 936 2132 1013">
     <span class='ocr_line' id='line_1_7' title="bbox 552 936 2132 1013; baseline -0.004 -18"><span class='ocrx_word' id='word_1_44' title='bbox 552 943 764 1013; x_wconf 91' lang='lat' dir='ltr'><strong>(horum</strong></span> <span class='ocrx_word' id='word_1_45' title='bbox 794 940 934 996; x_wconf 88' lang='lat' dir='ltr'><strong>enim</strong></span> <span class='ocrx_word' id='word_1_46' title='bbox 964 938 1124 993; x_wconf 81' lang='lat' dir='ltr'><strong>facies</strong></span> <span class='ocrx_word' id='word_1_47' title='bbox 1153 937 1435 992; x_wconf 83' lang='lat' dir='ltr'><strong>salubriter</strong></span> <span class='ocrx_word' id='word_1_48' title='bbox 1461 936 1713 1004; x_wconf 90' lang='lat' dir='ltr'><strong>impletur</strong></span> <span class='ocrx_word' id='word_1_49' title='bbox 1736 936 2043 1004; x_wconf 81' lang='lat' dir='ltr'><strong>ignominia,</strong></span> <span class='ocrx_word' id='word_1_50' title='bbox 2075 941 2132 988; x_wconf 91' lang='lat' dir='ltr'><strong>ut</strong></span> 
     </span>
    </p>
   </div>
   <div class='ocr_carea' id='block_1_8' title="bbox 547 1026 2128 1106">
    <p class='ocr_par' dir='ltr' id='par_1_8' title="bbox 547 1026 2128 1106">
     <span class='ocr_line' id='line_1_8' title="bbox 547 1026 2128 1106; baseline -0.007 -16"><span class='ocrx_word' id='word_1_51' title='bbox 547 1041 790 1106; x_wconf 58' lang='lat' dir='ltr'><strong>quaerant</strong></span> <span class='ocrx_word' id='word_1_52' title='bbox 810 1047 1001 1088; x_wconf 85' lang='lat' dir='ltr'><strong>nomen</strong></span> <span class='ocrx_word' id='word_1_53' title='bbox 1032 1028 1287 1100; x_wconf 89' lang='lat' dir='ltr'><strong>Domini);</strong></span> <span class='ocrx_word' id='word_1_54' title='bbox 1317 1038 1371 1083; x_wconf 88' lang='lat' dir='ltr'><strong>et</strong></span> <span class='ocrx_word' id='word_1_55' title='bbox 1397 1029 1446 1082; x_wconf 89' lang='lat' dir='ltr'><strong>in</strong></span> <span class='ocrx_word' id='word_1_56' title='bbox 1480 1028 1581 1082; x_wconf 90' lang='lat' dir='ltr'><strong>illis</strong></span> <span class='ocrx_word' id='word_1_57' title='bbox 1601 1029 1690 1098; x_wconf 89' lang='lat' dir='ltr'><strong>qui</strong></span> <span class='ocrx_word' id='word_1_58' title='bbox 1719 1027 1949 1097; x_wconf 87' lang='lat' dir='ltr'><strong>usquein</strong></span> <span class='ocrx_word' id='word_1_59' title='bbox 1970 1026 2128 1080; x_wconf 84' lang='lat' dir='ltr'><strong>finem</strong></span> 
     </span>
    </p>
   </div>
   <div class='ocr_carea' id='block_1_9' title="bbox 548 1118 2131 1193">
    <p class='ocr_par' dir='ltr' id='par_1_9' title="bbox 548 1118 2131 1193">
     <span class='ocr_line' id='line_1_9' title="bbox 548 1118 2131 1193; baseline -0.008 -11"><span class='ocrx_word' id='word_1_60' title='bbox 548 1130 598 1182; x_wconf 89' lang='lat' dir='ltr'><strong>in</strong></span> <span class='ocrx_word' id='word_1_61' title='bbox 631 1126 817 1182; x_wconf 89' lang='lat' dir='ltr'><strong>eadem</strong></span> <span class='ocrx_word' id='word_1_62' title='bbox 846 1124 1045 1179; x_wconf 88' lang='lat' dir='ltr'><strong>malitia</strong></span> <span class='ocrx_word' id='word_1_63' title='bbox 1070 1131 1433 1193; x_wconf 88' lang='lat' dir='ltr'><strong>perseverant,</strong></span> <span class='ocrx_word' id='word_1_64' title='bbox 1453 1120 1541 1191; x_wconf 88' lang='lat' dir='ltr'><strong>qui</strong></span> <span class='ocrx_word' id='word_1_65' title='bbox 1570 1127 1839 1190; x_wconf 87' lang='lat' dir='ltr'><strong>ponuntur</strong></span> <span class='ocrx_word' id='word_1_66' title='bbox 1854 1127 1911 1173; x_wconf 89' lang='lat' dir='ltr'><strong>ut</strong></span> <span class='ocrx_word' id='word_1_67' title='bbox 1940 1118 2131 1190; x_wconf 80' lang='lat' dir='ltr'><strong>stipula</strong></span> 
     </span>
    </p>
   </div>
   <div class='ocr_carea' id='block_1_10' title="bbox 547 1209 2131 1280">
    <p class='ocr_par' dir='ltr' id='par_1_10' title="bbox 547 1209 2131 1280">
     <span class='ocr_line' id='line_1_10' title="bbox 547 1209 2131 1280; baseline -0.006 -8"><span class='ocrx_word' id='word_1_68' title='bbox 547 1226 672 1271; x_wconf 87' lang='lat' dir='ltr'><strong>ante</strong></span> <span class='ocrx_word' id='word_1_69' title='bbox 700 1214 888 1269; x_wconf 79' lang='lat' dir='ltr'><strong>faciem</strong></span> <span class='ocrx_word' id='word_1_70' title='bbox 913 1212 1091 1277; x_wconf 89' lang='lat' dir='ltr'><strong>venti,</strong></span> <span class='ocrx_word' id='word_1_71' title='bbox 1125 1221 1178 1268; x_wconf 88' lang='lat' dir='ltr'><strong>et</strong></span> <span class='ocrx_word' id='word_1_72' title='bbox 1206 1212 1350 1266; x_wconf 75' lang='lat' dir='ltr'><strong>silva:</strong></span> <span class='ocrx_word' id='word_1_73' title='bbox 1379 1210 1753 1280; x_wconf 87' lang='lat' dir='ltr'><strong>montibusque</strong></span> <span class='ocrx_word' id='word_1_74' title='bbox 1786 1209 2131 1264; x_wconf 89' lang='lat' dir='ltr'><strong>infructuosis</strong></span> 
     </span>
    </p>
   </div>
   <div class='ocr_carea' id='block_1_11' title="bbox 546 1304 2127 1375">
    <p class='ocr_par' dir='ltr' id='par_1_11' title="bbox 546 1304 2127 1375">
     <span class='ocr_line' id='line_1_11' title="bbox 546 1304 2127 1375; baseline -0.005 -11"><span class='ocrx_word' id='word_1_75' title='bbox 546 1310 750 1365; x_wconf 86' lang='lat' dir='ltr'><strong>similes</strong></span> <span class='ocrx_word' id='word_1_76' title='bbox 795 1310 1195 1365; x_wconf 90' lang='lat' dir='ltr'><strong>comburuntur.</strong></span> <span class='ocrx_word' id='word_1_77' title='bbox 1252 1306 1333 1362; x_wconf 84' lang='lat' dir='ltr'><strong>Ad</strong></span> <span class='ocrx_word' id='word_1_78' title='bbox 1385 1321 1517 1375; x_wconf 91' lang='lat' dir='ltr'><strong>quos</strong></span> <span class='ocrx_word' id='word_1_79' title='bbox 1572 1304 1747 1360; x_wconf 91' lang='lat' dir='ltr'><strong>denuo</strong></span> <span class='ocrx_word' id='word_1_80' title='bbox 1810 1304 2127 1373; x_wconf 90' lang='lat' dir='ltr'><strong>revertitur,</strong></span> 
     </span>
    </p>
   </div>
   <div class='ocr_carea' id='block_1_12' title="bbox 547 1394 2128 1465">
    <p class='ocr_par' dir='ltr' id='par_1_12' title="bbox 547 1394 2128 1465">
     <span class='ocr_line' id='line_1_12' title="bbox 547 1394 2128 1465; baseline -0.004 -12"><span class='ocrx_word' id='word_1_81' title='bbox 547 1399 730 1455; x_wconf 87' lang='lat' dir='ltr'><strong>dicens</strong></span> <span class='ocrx_word' id='word_1_82' title='bbox 760 1416 771 1453; x_wconf 95' lang='lat'>:</span> <span class='ocrx_word' id='word_1_83' title='bbox 807 1398 1139 1465; x_wconf 83' lang='lat' dir='ltr'><strong>Erubescant,</strong></span> <span class='ocrx_word' id='word_1_84' title='bbox 1168 1408 1212 1451; x_wconf 88' lang='lat' dir='ltr'><strong>et</strong></span> <span class='ocrx_word' id='word_1_85' title='bbox 1240 1395 1593 1451; x_wconf 86' lang='lat' dir='ltr'><strong>conturbentur</strong></span> <span class='ocrx_word' id='word_1_86' title='bbox 1619 1394 1671 1448; x_wconf 85' lang='lat' dir='ltr'><strong>in</strong></span> <span class='ocrx_word' id='word_1_87' title='bbox 1701 1396 1940 1448; x_wconf 77' lang='lat' dir='ltr'><strong>sa’culum</strong></span> <span class='ocrx_word' id='word_1_88' title='bbox 1967 1410 2128 1448; x_wconf 62' lang='lat' dir='ltr'><strong>siccu-</strong></span> 
     </span>
    </p>
   </div>
   <div class='ocr_carea' id='block_1_13' title="bbox 546 1486 2129 1556">
    <p class='ocr_par' dir='ltr' id='par_1_13' title="bbox 546 1486 2129 1556">
     <span class='ocr_line' id='line_1_13' title="bbox 546 1486 2129 1556; baseline -0.004 -10"><span class='ocrx_word' id='word_1_89' title='bbox 546 1492 602 1546; x_wconf 89' lang='lat' dir='ltr'><strong>li.</strong></span> <span class='ocrx_word' id='word_1_90' title='bbox 634 1491 749 1546; x_wconf 85' lang='lat' dir='ltr'><strong>Non</strong></span> <span class='ocrx_word' id='word_1_91' title='bbox 800 1491 940 1545; x_wconf 91' lang='lat' dir='ltr'><strong>enim</strong></span> <span class='ocrx_word' id='word_1_92' title='bbox 983 1493 1034 1544; x_wconf 92' lang='lat' dir='ltr'><strong>in</strong></span> <span class='ocrx_word' id='word_1_93' title='bbox 1085 1489 1337 1543; x_wconf 69' lang='lat' dir='ltr'><strong>sarculum</strong></span> <span class='ocrx_word' id='word_1_94' title='bbox 1384 1487 1563 1542; x_wconf 70' lang='lat' dir='ltr'><strong>smculi</strong></span> <span class='ocrx_word' id='word_1_95' title='bbox 1614 1486 1996 1541; x_wconf 84' lang='lat' dir='ltr'><strong>conturbantur</strong></span> <span class='ocrx_word' id='word_1_96' title='bbox 2040 1486 2129 1556; x_wconf 92' lang='lat' dir='ltr'><strong>qui</strong></span> 
     </span>
    </p>
   </div>
   <div class='ocr_carea' id='block_1_14' title="bbox 544 1578 2125 1656">
    <p class='ocr_par' dir='ltr' id='par_1_14' title="bbox 544 1578 2125 1656">
     <span class='ocr_line' id='line_1_14' title="bbox 544 1578 2125 1656; baseline -0.005 -16"><span class='ocrx_word' id='word_1_97' title='bbox 544 1593 789 1656; x_wconf 86' lang='lat' dir='ltr'><strong>quaerunt</strong></span> <span class='ocrx_word' id='word_1_98' title='bbox 813 1597 1007 1637; x_wconf 89' lang='lat' dir='ltr'><strong>nomen</strong></span> <span class='ocrx_word' id='word_1_99' title='bbox 1032 1582 1277 1644; x_wconf 91' lang='lat' dir='ltr'><strong>Domini;</strong></span> <span class='ocrx_word' id='word_1_100' title='bbox 1302 1580 1396 1637; x_wconf 89' lang='lat' dir='ltr'><strong>sed</strong></span> <span class='ocrx_word' id='word_1_101' title='bbox 1418 1580 1767 1649; x_wconf 80' lang='lat' dir='ltr'><strong>respicientes</strong></span> <span class='ocrx_word' id='word_1_102' title='bbox 1785 1578 2125 1649; x_wconf 80' lang='lat' dir='ltr'><strong>ignominiam</strong></span> 
     </span>
    </p>
   </div>
   <div class='ocr_carea' id='block_1_15' title="bbox 546 1670 2131 1746">
    <p class='ocr_par' dir='ltr' id='par_1_15' title="bbox 546 1670 2131 1746">
     <span class='ocr_line' id='line_1_15' title="bbox 546 1670 2131 1746; baseline -0.004 -15"><span class='ocrx_word' id='word_1_103' title='bbox 546 1683 882 1746; x_wconf 86' lang='lat' dir='ltr'><strong>peccatorum</strong></span> <span class='ocrx_word' id='word_1_104' title='bbox 918 1687 1156 1737; x_wconf 91' lang='lat' dir='ltr'><strong>suorum,</strong></span> <span class='ocrx_word' id='word_1_105' title='bbox 1186 1672 1251 1725; x_wconf 89' lang='lat' dir='ltr'><strong>ad</strong></span> <span class='ocrx_word' id='word_1_106' title='bbox 1280 1672 1379 1726; x_wconf 89' lang='lat' dir='ltr'><strong>hoc</strong></span> <span class='ocrx_word' id='word_1_107' title='bbox 1395 1670 1793 1733; x_wconf 85' lang='lat' dir='ltr'><strong>conturbantur,</strong></span> <span class='ocrx_word' id='word_1_108' title='bbox 1816 1677 1870 1723; x_wconf 90' lang='lat' dir='ltr'><strong>ut</strong></span> <span class='ocrx_word' id='word_1_109' title='bbox 1892 1677 2131 1740; x_wconf 81' lang='lat' dir='ltr'><strong>quaerant</strong></span> 
     </span>
    </p>
   </div>
   <div class='ocr_carea' id='block_1_16' title="bbox 544 1765 1848 1837">
    <p class='ocr_par' dir='ltr' id='par_1_16' title="bbox 544 1765 1848 1837">
     <span class='ocr_line' id='line_1_16' title="bbox 544 1765 1848 1837; baseline -0.004 -12"><span class='ocrx_word' id='word_1_110' title='bbox 544 1784 740 1825; x_wconf 90' lang='lat' dir='ltr'><strong>nomen</strong></span> <span class='ocrx_word' id='word_1_111' title='bbox 772 1767 1000 1834; x_wconf 90' lang='lat' dir='ltr'><strong>Domini,</strong></span> <span class='ocrx_word' id='word_1_112' title='bbox 1030 1781 1123 1837; x_wconf 91' lang='lat' dir='ltr'><strong>per</strong></span> <span class='ocrx_word' id='word_1_113' title='bbox 1151 1765 1293 1836; x_wconf 89' lang='lat' dir='ltr'><strong>quod</strong></span> <span class='ocrx_word' id='word_1_114' title='bbox 1315 1780 1419 1819; x_wconf 89' lang='lat' dir='ltr'><strong>non</strong></span> <span class='ocrx_word' id='word_1_115' title='bbox 1444 1766 1848 1821; x_wconf 80' lang='lat' dir='ltr'><strong>conturheutur.</strong></span> 
     </span>
    </p>
   </div>
   <div class='ocr_carea' id='block_1_17' title="bbox 616 1856 2129 1928">
    <p class='ocr_par' dir='ltr' id='par_1_17' title="bbox 616 1856 2129 1928">
     <span class='ocr_line' id='line_1_17' title="bbox 616 1856 2129 1928; baseline -0.004 -13"><span class='ocrx_word' id='word_1_116' title='bbox 616 1861 706 1915; x_wconf 76' lang='lat' dir='ltr'><strong>M.</strong></span> <span class='ocrx_word' id='word_1_117' title='bbox 738 1860 1051 1928; x_wconf 82' lang='lat' dir='ltr'><strong>Rursusque</strong></span> <span class='ocrx_word' id='word_1_118' title='bbox 1080 1858 1146 1913; x_wconf 88' lang='lat' dir='ltr'><strong>ad</strong></span> <span class='ocrx_word' id='word_1_119' title='bbox 1176 1857 1272 1911; x_wconf 89' lang='lat' dir='ltr'><strong>hos</strong></span> <span class='ocrx_word' id='word_1_120' title='bbox 1300 1857 1455 1921; x_wconf 89' lang='lat' dir='ltr'><strong>redit,</strong></span> <span class='ocrx_word' id='word_1_121' title='bbox 1495 1857 1583 1926; x_wconf 90' lang='lat' dir='ltr'><strong>qui</strong></span> <span class='ocrx_word' id='word_1_122' title='bbox 1630 1857 1680 1911; x_wconf 91' lang='lat' dir='ltr'><strong>in</strong></span> <span class='ocrx_word' id='word_1_123' title='bbox 1728 1856 1913 1911; x_wconf 84' lang='lat' dir='ltr'><strong>eadem</strong></span> <span class='ocrx_word' id='word_1_124' title='bbox 1956 1857 2129 1913; x_wconf 86' lang='lat' dir='ltr'><strong>socie-</strong></span> 
     </span>
    </p>
   </div>
   <div class='ocr_carea' id='block_1_18' title="bbox 550 1947 2132 2016">
    <p class='ocr_par' dir='ltr' id='par_1_18' title="bbox 550 1947 2132 2016">
     <span class='ocr_line' id='line_1_18' title="bbox 550 1947 2132 2016; baseline -0.001 -11"><span class='ocrx_word' id='word_1_125' title='bbox 550 1959 657 2006; x_wconf 88' lang='lat' dir='ltr'><strong>tate</strong></span> <span class='ocrx_word' id='word_1_126' title='bbox 692 1950 1025 2005; x_wconf 91' lang='lat' dir='ltr'><strong>inimicorum</strong></span> <span class='ocrx_word' id='word_1_127' title='bbox 1056 1949 1121 2004; x_wconf 90' lang='lat' dir='ltr'><strong>ad</strong></span> <span class='ocrx_word' id='word_1_128' title='bbox 1153 1948 1255 2004; x_wconf 91' lang='lat' dir='ltr'><strong>hoc</strong></span> <span class='ocrx_word' id='word_1_129' title='bbox 1294 1947 1655 2005; x_wconf 89' lang='lat' dir='ltr'><strong>confundendi</strong></span> <span class='ocrx_word' id='word_1_130' title='bbox 1701 1956 1843 2016; x_wconf 87' lang='lat' dir='ltr'><strong>sunt,</strong></span> <span class='ocrx_word' id='word_1_131' title='bbox 1890 1964 1956 2004; x_wconf 92' lang='lat' dir='ltr'><strong>ne</strong></span> <span class='ocrx_word' id='word_1_132' title='bbox 2003 1962 2132 2004; x_wconf 90' lang='lat' dir='ltr'><strong>con-</strong></span> 
     </span>
    </p>
   </div>
   <div class='ocr_carea' id='block_1_19' title="bbox 545 2039 2132 2110">
    <p class='ocr_par' dir='ltr' id='par_1_19' title="bbox 545 2039 2132 2110">
     <span class='ocr_line' id='line_1_19' title="bbox 545 2039 2132 2110; baseline -0.001 -14"><span class='ocrx_word' id='word_1_133' title='bbox 545 2042 832 2098; x_wconf 83' lang='lat' dir='ltr'><strong>fundantur</strong></span> <span class='ocrx_word' id='word_1_134' title='bbox 853 2042 904 2096; x_wconf 91' lang='lat' dir='ltr'><strong>in</strong></span> <span class='ocrx_word' id='word_1_135' title='bbox 936 2052 1192 2095; x_wconf 67' lang='lat' dir='ltr'><strong>aeternum</strong></span> <span class='ocrx_word' id='word_1_136' title='bbox 1210 2057 1223 2106; x_wconf 92' lang='lat'><strong>;</strong></span> <span class='ocrx_word' id='word_1_137' title='bbox 1244 2049 1297 2095; x_wconf 91' lang='lat' dir='ltr'><strong>et</strong></span> <span class='ocrx_word' id='word_1_138' title='bbox 1322 2040 1506 2095; x_wconf 92' lang='lat' dir='ltr'><strong>adhoc</strong></span> <span class='ocrx_word' id='word_1_139' title='bbox 1527 2039 1783 2110; x_wconf 89' lang='lat' dir='ltr'><strong>perdendi</strong></span> <span class='ocrx_word' id='word_1_140' title='bbox 1807 2040 1855 2094; x_wconf 90' lang='lat' dir='ltr'><strong>in</strong></span> <span class='ocrx_word' id='word_1_141' title='bbox 1875 2049 2132 2110; x_wconf 89' lang='lat' dir='ltr'><strong>quantum</strong></span> 
     </span>
    </p>
   </div>
   <div class='ocr_carea' id='block_1_20' title="bbox 546 2131 2133 2201">
    <p class='ocr_par' dir='ltr' id='par_1_20' title="bbox 546 2131 2133 2201">
     <span class='ocr_line' id='line_1_20' title="bbox 546 2131 2133 2201; baseline -0.001 -12"><span class='ocrx_word' id='word_1_142' title='bbox 546 2134 673 2190; x_wconf 89' lang='lat' dir='ltr'><strong>mali</strong></span> <span class='ocrx_word' id='word_1_143' title='bbox 699 2143 856 2201; x_wconf 90' lang='lat' dir='ltr'><strong>sunt,</strong></span> <span class='ocrx_word' id='word_1_144' title='bbox 884 2141 942 2188; x_wconf 91' lang='lat' dir='ltr'><strong>ut</strong></span> <span class='ocrx_word' id='word_1_145' title='bbox 966 2133 1087 2188; x_wconf 88' lang='lat' dir='ltr'><strong>boni</strong></span> <span class='ocrx_word' id='word_1_146' title='bbox 1118 2132 1241 2187; x_wconf 86' lang='lat' dir='ltr'><strong>facti</strong></span> <span class='ocrx_word' id='word_1_147' title='bbox 1288 2131 1624 2186; x_wconf 87' lang='lat' dir='ltr'><strong>inveniantur</strong></span> <span class='ocrx_word' id='word_1_148' title='bbox 1662 2131 1713 2185; x_wconf 89' lang='lat' dir='ltr'><strong>in</strong></span> <span class='ocrx_word' id='word_1_149' title='bbox 1748 2140 2023 2186; x_wconf 63' lang='lat' dir='ltr'><strong>internum.</strong></span> <span class='ocrx_word' id='word_1_150' title='bbox 2056 2131 2133 2187; x_wconf 87' lang='lat' dir='ltr'><strong>De</strong></span> 
     </span>
    </p>
   </div>
   <div class='ocr_carea' id='block_1_21' title="bbox 549 2221 2133 2293">
    <p class='ocr_par' dir='ltr' id='par_1_21' title="bbox 549 2221 2133 2293">
     <span class='ocr_line' id='line_1_21' title="bbox 549 2221 2133 2293; baseline -0.004 -13"><span class='ocrx_word' id='word_1_151' title='bbox 549 2225 634 2281; x_wconf 87' lang='lat' dir='ltr'><strong>his</strong></span> <span class='ocrx_word' id='word_1_152' title='bbox 664 2226 807 2280; x_wconf 86' lang='lat' dir='ltr'><strong>enim</strong></span> <span class='ocrx_word' id='word_1_153' title='bbox 836 2239 956 2279; x_wconf 90' lang='lat' dir='ltr'><strong>cum</strong></span> <span class='ocrx_word' id='word_1_154' title='bbox 984 2223 1203 2278; x_wconf 82' lang='lat' dir='ltr'><strong>dixisset</strong></span> <span class='ocrx_word' id='word_1_155' title='bbox 1228 2264 1243 2288; x_wconf 95' lang='lat'><strong>,</strong></span> <span class='ocrx_word' id='word_1_156' title='bbox 1273 2221 1340 2276; x_wconf 87' lang='lat' dir='ltr'><strong>Et</strong></span> <span class='ocrx_word' id='word_1_157' title='bbox 1368 2222 1745 2293; x_wconf 72' lang='lat' dir='ltr'><strong>confundantur</strong></span> <span class='ocrx_word' id='word_1_158' title='bbox 1764 2262 1778 2287; x_wconf 95' lang='lat'><strong>,</strong></span> <span class='ocrx_word' id='word_1_159' title='bbox 1815 2230 1863 2275; x_wconf 88' lang='lat' dir='ltr'><strong>et</strong></span> <span class='ocrx_word' id='word_1_160' title='bbox 1893 2230 2133 2291; x_wconf 87' lang='lat' dir='ltr'><strong>pereant;</strong></span> 
     </span>
    </p>
   </div>
   <div class='ocr_carea' id='block_1_22' title="bbox 549 2316 2133 2390">
    <p class='ocr_par' dir='ltr' id='par_1_22' title="bbox 549 2316 2133 2390">
     <span class='ocr_line' id='line_1_22' title="bbox 549 2316 2133 2390; baseline -0.003 -17"><span class='ocrx_word' id='word_1_161' title='bbox 549 2319 728 2373; x_wconf 85' lang='lat' dir='ltr'><strong>statim</strong></span> <span class='ocrx_word' id='word_1_162' title='bbox 760 2319 1003 2388; x_wconf 83' lang='lat' dir='ltr'><strong>subjecit,</strong></span> <span class='ocrx_word' id='word_1_163' title='bbox 1037 2318 1104 2372; x_wconf 88' lang='lat' dir='ltr'><strong>Et</strong></span> <span class='ocrx_word' id='word_1_164' title='bbox 1135 2327 1437 2390; x_wconf 76' lang='lat' dir='ltr'><strong>cognoscant</strong></span> <span class='ocrx_word' id='word_1_165' title='bbox 1464 2319 1583 2388; x_wconf 85' lang='lat' dir='ltr'><strong>quia</strong></span> <span class='ocrx_word' id='word_1_166' title='bbox 1610 2333 1792 2372; x_wconf 85' lang='lat' dir='ltr'><strong>nomen</strong></span> <span class='ocrx_word' id='word_1_167' title='bbox 1830 2317 1915 2371; x_wconf 84' lang='lat' dir='ltr'><strong>tibi</strong></span> <span class='ocrx_word' id='word_1_168' title='bbox 1948 2316 2133 2370; x_wconf 87' lang='lat' dir='ltr'><strong>Domi-</strong></span> 
     </span>
    </p>
   </div>
   <div class='ocr_carea' id='block_1_23' title="bbox 552 2407 2133 2478">
    <p class='ocr_par' dir='ltr' id='par_1_23' title="bbox 552 2407 2133 2478">
     <span class='ocr_line' id='line_1_23' title="bbox 552 2407 2133 2478; baseline -0.001 -15"><span class='ocrx_word' id='word_1_169' title='bbox 552 2427 681 2476; x_wconf 86' lang='lat' dir='ltr'><strong>nus;</strong></span> <span class='ocrx_word' id='word_1_170' title='bbox 708 2420 760 2463; x_wconf 88' lang='lat' dir='ltr'><strong>tu</strong></span> <span class='ocrx_word' id='word_1_171' title='bbox 784 2412 921 2464; x_wconf 85' lang='lat' dir='ltr'><strong>solus</strong></span> <span class='ocrx_word' id='word_1_172' title='bbox 941 2412 1215 2465; x_wconf 82' lang='lat' dir='ltr'><strong>altissimus</strong></span> <span class='ocrx_word' id='word_1_173' title='bbox 1238 2411 1291 2463; x_wconf 87' lang='lat' dir='ltr'><strong>in</strong></span> <span class='ocrx_word' id='word_1_174' title='bbox 1318 2411 1454 2465; x_wconf 89' lang='lat' dir='ltr'><strong>omni</strong></span> <span class='ocrx_word' id='word_1_175' title='bbox 1483 2418 1616 2464; x_wconf 87' lang='lat' dir='ltr'><strong>terra</strong></span> <span class='ocrx_word' id='word_1_176' title='bbox 1648 2424 1667 2462; x_wconf 90' lang='lat'><em>:</em></span> <span class='ocrx_word' id='word_1_177' title='bbox 1690 2408 1756 2463; x_wconf 86' lang='lat' dir='ltr'><strong>ad</strong></span> <span class='ocrx_word' id='word_1_178' title='bbox 1786 2407 1921 2463; x_wconf 88' lang='lat' dir='ltr'><strong>hanc</strong></span> <span class='ocrx_word' id='word_1_179' title='bbox 1945 2407 2133 2478; x_wconf 79' lang='lat' dir='ltr'><strong>cogni-</strong></span> 
     </span>
    </p>
   </div>
   <div class='ocr_carea' id='block_1_24' title="bbox 548 2498 2136 2568">
    <p class='ocr_par' dir='ltr' id='par_1_24' title="bbox 548 2498 2136 2568">
     <span class='ocr_line' id='line_1_24' title="bbox 548 2498 2136 2568; baseline -0.003 -13"><span class='ocrx_word' id='word_1_180' title='bbox 548 2502 747 2555; x_wconf 85' lang='lat' dir='ltr'><strong>tionem</strong></span> <span class='ocrx_word' id='word_1_181' title='bbox 778 2502 1052 2556; x_wconf 86' lang='lat' dir='ltr'><strong>venientes</strong></span> <span class='ocrx_word' id='word_1_182' title='bbox 1091 2502 1168 2557; x_wconf 91' lang='lat' dir='ltr'><strong>sic</strong></span> <span class='ocrx_word' id='word_1_183' title='bbox 1199 2500 1623 2566; x_wconf 86' lang='lat' dir='ltr'><strong>confundantur,</strong></span> <span class='ocrx_word' id='word_1_184' title='bbox 1656 2506 1717 2553; x_wconf 90' lang='lat' dir='ltr'><strong>ut</strong></span> <span class='ocrx_word' id='word_1_185' title='bbox 1747 2498 2020 2568; x_wconf 88' lang='lat' dir='ltr'><strong>placeant;</strong></span> <span class='ocrx_word' id='word_1_186' title='bbox 2058 2499 2136 2552; x_wconf 91' lang='lat' dir='ltr'><strong>sic</strong></span> 
     </span>
    </p>
   </div>
   <div class='ocr_carea' id='block_1_25' title="bbox 548 2589 2137 2663">
    <p class='ocr_par' dir='ltr' id='par_1_25' title="bbox 548 2589 2137 2663">
     <span class='ocr_line' id='line_1_25' title="bbox 548 2589 2137 2663; baseline -0.004 -15"><span class='ocrx_word' id='word_1_187' title='bbox 548 2602 787 2662; x_wconf 87' lang='lat' dir='ltr'><strong>pereant,</strong></span> <span class='ocrx_word' id='word_1_188' title='bbox 820 2602 878 2648; x_wconf 90' lang='lat' dir='ltr'><strong>ut</strong></span> <span class='ocrx_word' id='word_1_189' title='bbox 905 2600 1271 2663; x_wconf 89' lang='lat' dir='ltr'><strong>permaneant.</strong></span> <span class='ocrx_word' id='word_1_190' title='bbox 1304 2592 1617 2663; x_wconf 79' lang='lat' dir='ltr'><strong>Cognoscant</strong></span> <span class='ocrx_word' id='word_1_191' title='bbox 1640 2631 1655 2655; x_wconf 90' lang='lat'><strong>,</strong></span> <span class='ocrx_word' id='word_1_192' title='bbox 1684 2589 1872 2660; x_wconf 88' lang='lat' dir='ltr'><strong>inquit,</strong></span> <span class='ocrx_word' id='word_1_193' title='bbox 1897 2590 2016 2661; x_wconf 84' lang='lat' dir='ltr'><strong>quia</strong></span> <span class='ocrx_word' id='word_1_194' title='bbox 2045 2605 2137 2643; x_wconf 88' lang='lat' dir='ltr'><strong>no—</strong></span> 
     </span>
    </p>
   </div>
   <div class='ocr_carea' id='block_1_26' title="bbox 547 2682 2135 2757">
    <p class='ocr_par' dir='ltr' id='par_1_26' title="bbox 547 2682 2135 2757">
     <span class='ocr_line' id='line_1_26' title="bbox 547 2682 2135 2757; baseline -0.002 -18"><span class='ocrx_word' id='word_1_195' title='bbox 547 2703 661 2740; x_wconf 87' lang='lat' dir='ltr'><strong>men</strong></span> <span class='ocrx_word' id='word_1_196' title='bbox 690 2686 777 2739; x_wconf 86' lang='lat' dir='ltr'><strong>tibi</strong></span> <span class='ocrx_word' id='word_1_197' title='bbox 802 2685 1087 2742; x_wconf 86' lang='lat' dir='ltr'><strong>Dominus:</strong></span> <span class='ocrx_word' id='word_1_198' title='bbox 1111 2696 1360 2757; x_wconf 90' lang='lat' dir='ltr'><strong>tanquam</strong></span> <span class='ocrx_word' id='word_1_199' title='bbox 1392 2700 1496 2741; x_wconf 92' lang='lat' dir='ltr'><strong>non</strong></span> <span class='ocrx_word' id='word_1_200' title='bbox 1524 2699 1652 2740; x_wconf 93' lang='lat' dir='ltr'><strong>vero</strong></span> <span class='ocrx_word' id='word_1_201' title='bbox 1678 2699 1777 2739; x_wconf 89' lang='lat' dir='ltr'><strong>nec</strong></span> <span class='ocrx_word' id='word_1_202' title='bbox 1803 2699 1901 2739; x_wconf 91' lang='lat' dir='ltr'><strong>suo</strong></span> <span class='ocrx_word' id='word_1_203' title='bbox 1920 2682 2135 2737; x_wconf 90' lang='lat' dir='ltr'><strong>nomine</strong></span> 
     </span>
    </p>
   </div>
   <div class='ocr_carea' id='block_1_27' title="bbox 553 2774 2134 2848">
    <p class='ocr_par' dir='ltr' id='par_1_27' title="bbox 553 2774 2134 2848">
     <span class='ocr_line' id='line_1_27' title="bbox 553 2774 2134 2848; baseline -0.002 -18"><span class='ocrx_word' id='word_1_204' title='bbox 553 2788 928 2846; x_wconf 79' lang='lat' dir='ltr'><strong>nuncupentur</strong></span> <span class='ocrx_word' id='word_1_205' title='bbox 990 2779 1309 2848; x_wconf 89' lang='lat' dir='ltr'><strong>quicumque</strong></span> <span class='ocrx_word' id='word_1_206' title='bbox 1364 2778 1450 2831; x_wconf 89' lang='lat' dir='ltr'><strong>alii</strong></span> <span class='ocrx_word' id='word_1_207' title='bbox 1503 2776 1702 2831; x_wconf 87' lang='lat' dir='ltr'><strong>domini</strong></span> <span class='ocrx_word' id='word_1_208' title='bbox 1763 2774 2134 2840; x_wconf 89' lang='lat' dir='ltr'><strong>nominantur;</strong></span> 
     </span>
    </p>
   </div>
   <div class='ocr_carea' id='block_1_28' title="bbox 549 2866 2139 2937">
    <p class='ocr_par' dir='ltr' id='par_1_28' title="bbox 549 2866 2139 2937">
     <span class='ocr_line' id='line_1_28' title="bbox 549 2866 2139 2937; baseline -0.001 -16"><span class='ocrx_word' id='word_1_209' title='bbox 549 2866 801 2937; x_wconf 84' lang='lat' dir='ltr'><strong>quoniam</strong></span> <span class='ocrx_word' id='word_1_210' title='bbox 828 2869 1092 2923; x_wconf 70' lang='lat' dir='ltr'><strong>serviliter</strong></span> <span class='ocrx_word' id='word_1_211' title='bbox 1116 2868 1455 2922; x_wconf 91' lang='lat' dir='ltr'><strong>dominantur</strong></span> <span class='ocrx_word' id='word_1_212' title='bbox 1475 2908 1490 2934; x_wconf 93' lang='lat'><strong>,</strong></span> <span class='ocrx_word' id='word_1_213' title='bbox 1520 2875 1574 2922; x_wconf 91' lang='lat' dir='ltr'><strong>et</strong></span> <span class='ocrx_word' id='word_1_214' title='bbox 1593 2881 1720 2921; x_wconf 90' lang='lat' dir='ltr'><strong>vero</strong></span> <span class='ocrx_word' id='word_1_215' title='bbox 1744 2866 1970 2920; x_wconf 93' lang='lat' dir='ltr'><strong>Domino</strong></span> <span class='ocrx_word' id='word_1_216' title='bbox 1991 2880 2139 2921; x_wconf 90' lang='lat' dir='ltr'><strong>com-</strong></span> 
     </span>
    </p>
   </div>
   <div class='ocr_carea' id='block_1_29' title="bbox 551 2956 2137 3032">
    <p class='ocr_par' dir='ltr' id='par_1_29' title="bbox 551 2956 2137 3032">
     <span class='ocr_line' id='line_1_29' title="bbox 551 2956 2137 3032; baseline -0.004 -17"><span class='ocrx_word' id='word_1_217' title='bbox 551 2960 719 3032; x_wconf 87' lang='lat' dir='ltr'><strong>parati</strong></span> <span class='ocrx_word' id='word_1_218' title='bbox 749 2975 847 3016; x_wconf 90' lang='lat' dir='ltr'><strong>nec</strong></span> <span class='ocrx_word' id='word_1_219' title='bbox 867 2960 1065 3014; x_wconf 92' lang='lat' dir='ltr'><strong>domini</strong></span> <span class='ocrx_word' id='word_1_220' title='bbox 1103 2969 1227 3015; x_wconf 88' lang='lat' dir='ltr'><strong>sunt</strong></span> <span class='ocrx_word' id='word_1_221' title='bbox 1257 2977 1271 3013; x_wconf 89' lang='lat'><strong>:</strong></span> <span class='ocrx_word' id='word_1_222' title='bbox 1303 2960 1436 3014; x_wconf 90' lang='lat' dir='ltr'><strong>sicut</strong></span> <span class='ocrx_word' id='word_1_223' title='bbox 1467 2958 1665 3013; x_wconf 88' lang='lat' dir='ltr'><strong>dictum</strong></span> <span class='ocrx_word' id='word_1_224' title='bbox 1704 2965 1817 3021; x_wconf 89' lang='lat' dir='ltr'><strong>est,</strong></span> <span class='ocrx_word' id='word_1_225' title='bbox 1871 2956 1981 3028; x_wconf 87' lang='lat' dir='ltr'><strong>Ego</strong></span> <span class='ocrx_word' id='word_1_226' title='bbox 2025 2972 2137 3011; x_wconf 80' lang='lat' dir='ltr'><strong>sum</strong></span> 
     </span>
    </p>
   </div>
   <div class='ocr_carea' id='block_1_30' title="bbox 548 3053 2139 3129">
    <p class='ocr_par' dir='ltr' id='par_1_30' title="bbox 548 3053 2139 3129">
     <span class='ocr_line' id='line_1_30' title="bbox 548 3053 2139 3129; baseline -0.004 -18"><span class='ocrx_word' id='word_1_227' title='bbox 548 3058 641 3129; x_wconf 83' lang='lat' dir='ltr'><strong>qui</strong></span> <span class='ocrx_word' id='word_1_228' title='bbox 670 3074 780 3111; x_wconf 85' lang='lat' dir='ltr'><strong>sum</strong></span> <span class='ocrx_word' id='word_1_229' title='bbox 813 3056 1003 3128; x_wconf 74' lang='lat' dir='ltr'><strong>(Exod.</strong></span> <span class='ocrx_word' id='word_1_230' title='bbox 1033 3071 1110 3121; x_wconf 80' lang='grc' dir='ltr'>ιιι,</span> <span class='ocrx_word' id='word_1_231' title='bbox 1146 3054 1270 3126; x_wconf 66' lang='lat' dir='ltr'><strong>ll);</strong></span> <span class='ocrx_word' id='word_1_232' title='bbox 1317 3063 1565 3124; x_wconf 87' lang='lat' dir='ltr'><strong>tanquam</strong></span> <span class='ocrx_word' id='word_1_233' title='bbox 1594 3068 1701 3109; x_wconf 92' lang='lat' dir='ltr'><strong>non</strong></span> <span class='ocrx_word' id='word_1_234' title='bbox 1752 3053 1858 3107; x_wconf 90' lang='lat' dir='ltr'><strong>sint</strong></span> <span class='ocrx_word' id='word_1_235' title='bbox 1908 3066 1970 3106; x_wconf 87' lang='lat' dir='ltr'><strong>ea</strong></span> <span class='ocrx_word' id='word_1_236' title='bbox 2019 3064 2139 3120; x_wconf 82' lang='lat' dir='ltr'><strong>quae</strong></span> 
     </span>
    </p>
   </div>
   <div class='ocr_carea' id='block_1_31' title="bbox 548 3140 2136 3217">
    <p class='ocr_par' dir='ltr' id='par_1_31' title="bbox 548 3140 2136 3217">
     <span class='ocr_line' id='line_1_31' title="bbox 548 3140 2136 3217; baseline -0.004 -16"><span class='ocrx_word' id='word_1_237' title='bbox 548 3145 688 3204; x_wconf 85' lang='lat' dir='ltr'><strong>facta</strong></span> <span class='ocrx_word' id='word_1_238' title='bbox 719 3156 875 3212; x_wconf 89' lang='lat' dir='ltr'><strong>sunt,</strong></span> <span class='ocrx_word' id='word_1_239' title='bbox 899 3148 942 3201; x_wconf 89' lang='lat' dir='ltr'><strong>si</strong></span> <span class='ocrx_word' id='word_1_240' title='bbox 973 3155 1347 3217; x_wconf 86' lang='lat' dir='ltr'><strong>comparentur</strong></span> <span class='ocrx_word' id='word_1_241' title='bbox 1375 3146 1425 3201; x_wconf 90' lang='lat' dir='ltr'><strong>ei</strong></span> <span class='ocrx_word' id='word_1_242' title='bbox 1456 3160 1484 3199; x_wconf 90' lang='lat' dir='ltr'><strong>a</strong></span> <span class='ocrx_word' id='word_1_243' title='bbox 1506 3158 1612 3215; x_wconf 89' lang='lat' dir='ltr'><strong>quo</strong></span> <span class='ocrx_word' id='word_1_244' title='bbox 1640 3143 1782 3199; x_wconf 91' lang='lat' dir='ltr'><strong>facta</strong></span> <span class='ocrx_word' id='word_1_245' title='bbox 1808 3150 1951 3198; x_wconf 92' lang='lat' dir='ltr'><strong>sunt.</strong></span> <span class='ocrx_word' id='word_1_246' title='bbox 1983 3140 2136 3209; x_wconf 88' lang='lat' dir='ltr'><strong>Quod</strong></span> 
     </span>
    </p>
   </div>
   <div class='ocr_carea' id='block_1_32' title="bbox 552 3234 2139 3311">
    <p class='ocr_par' dir='ltr' id='par_1_32' title="bbox 552 3234 2139 3311">
     <span class='ocr_line' id='line_1_32' title="bbox 552 3234 2139 3311; baseline -0.001 -20"><span class='ocrx_word' id='word_1_247' title='bbox 552 3254 683 3296; x_wconf 85' lang='lat' dir='ltr'><strong>vero</strong></span> <span class='ocrx_word' id='word_1_248' title='bbox 707 3239 969 3311; x_wconf 81' lang='lat' dir='ltr'><strong>adjunxit,</strong></span> <span class='ocrx_word' id='word_1_249' title='bbox 1004 3249 1057 3293; x_wconf 89' lang='lat' dir='ltr'><strong>tu</strong></span> <span class='ocrx_word' id='word_1_250' title='bbox 1098 3240 1236 3295; x_wconf 81' lang='lat' dir='ltr'><strong>solus</strong></span> <span class='ocrx_word' id='word_1_251' title='bbox 1287 3237 1562 3293; x_wconf 81' lang='lat' dir='ltr'><strong>altissimus</strong></span> <span class='ocrx_word' id='word_1_252' title='bbox 1588 3238 1641 3291; x_wconf 87' lang='lat' dir='ltr'><strong>in</strong></span> <span class='ocrx_word' id='word_1_253' title='bbox 1669 3236 1805 3291; x_wconf 88' lang='lat' dir='ltr'><strong>omni</strong></span> <span class='ocrx_word' id='word_1_254' title='bbox 1838 3246 1991 3302; x_wconf 84' lang='lat' dir='ltr'><strong>terra,</strong></span> <span class='ocrx_word' id='word_1_255' title='bbox 2029 3234 2139 3302; x_wconf 88' lang='lat' dir='ltr'><strong>vel,</strong></span> 
     </span>
    </p>
   </div>
   <div class='ocr_carea' id='block_1_33' title="bbox 552 3328 2141 3401">
    <p class='ocr_par' dir='ltr' id='par_1_33' title="bbox 552 3328 2141 3401">
     <span class='ocr_line' id='line_1_33' title="bbox 552 3328 2141 3401; baseline -0.004 -13"><span class='ocrx_word' id='word_1_256' title='bbox 552 3334 691 3388; x_wconf 86' lang='lat' dir='ltr'><strong>sicut</strong></span> <span class='ocrx_word' id='word_1_257' title='bbox 716 3332 801 3386; x_wconf 87' lang='lat' dir='ltr'><strong>alii</strong></span> <span class='ocrx_word' id='word_1_258' title='bbox 823 3331 1034 3387; x_wconf 87' lang='lat' dir='ltr'><strong>codices</strong></span> <span class='ocrx_word' id='word_1_259' title='bbox 1065 3330 1282 3399; x_wconf 87' lang='lat' dir='ltr'><strong>habent,</strong></span> <span class='ocrx_word' id='word_1_260' title='bbox 1314 3348 1469 3401; x_wconf 81' lang='lat' dir='ltr'><strong>super</strong></span> <span class='ocrx_word' id='word_1_261' title='bbox 1496 3347 1693 3385; x_wconf 87' lang='lat' dir='ltr'><strong>omnem</strong></span> <span class='ocrx_word' id='word_1_262' title='bbox 1714 3338 1932 3393; x_wconf 88' lang='lat' dir='ltr'><strong>terram;</strong></span> <span class='ocrx_word' id='word_1_263' title='bbox 1960 3328 2141 3397; x_wconf 89' lang='lat' dir='ltr'><strong>utique</strong></span> 
     </span>
    </p>
   </div>
   <div class='ocr_carea' id='block_1_34' title="bbox 552 3417 2140 3492">
    <p class='ocr_par' dir='ltr' id='par_1_34' title="bbox 552 3417 2140 3492">
     <span class='ocr_line' id='line_1_34' title="bbox 552 3417 2140 3492; baseline -0.005 -13"><span class='ocrx_word' id='word_1_264' title='bbox 552 3432 607 3479; x_wconf 89' lang='lat' dir='ltr'><strong>et</strong></span> <span class='ocrx_word' id='word_1_265' title='bbox 652 3423 704 3477; x_wconf 90' lang='lat' dir='ltr'><strong>in</strong></span> <span class='ocrx_word' id='word_1_266' title='bbox 753 3424 897 3478; x_wconf 90' lang='lat' dir='ltr'><strong>omni</strong></span> <span class='ocrx_word' id='word_1_267' title='bbox 927 3422 1085 3490; x_wconf 78' lang='lat' dir='ltr'><strong>ccelo,</strong></span> <span class='ocrx_word' id='word_1_268' title='bbox 1122 3424 1204 3478; x_wconf 91' lang='lat' dir='ltr'><strong>vel</strong></span> <span class='ocrx_word' id='word_1_269' title='bbox 1236 3437 1397 3492; x_wconf 90' lang='lat' dir='ltr'><strong>super</strong></span> <span class='ocrx_word' id='word_1_270' title='bbox 1442 3436 1600 3477; x_wconf 89' lang='lat' dir='ltr'><strong>omne</strong></span> <span class='ocrx_word' id='word_1_271' title='bbox 1652 3420 1848 3477; x_wconf 69' lang='lat' dir='ltr'><strong>coelum</strong></span> <span class='ocrx_word' id='word_1_272' title='bbox 1880 3417 2010 3475; x_wconf 89' lang='lat' dir='ltr'><strong>:sed</strong></span> <span class='ocrx_word' id='word_1_273' title='bbox 2038 3417 2140 3472; x_wconf 91' lang='lat' dir='ltr'><strong>hoc</strong></span> 
     </span>
    </p>
   </div>
   <div class='ocr_carea' id='block_1_35' title="bbox 553 3512 2137 3585">
    <p class='ocr_par' dir='ltr' id='par_1_35' title="bbox 553 3512 2137 3585">
     <span class='ocr_line' id='line_1_35' title="bbox 553 3512 2137 3585; baseline -0.004 -16"><span class='ocrx_word' id='word_1_274' title='bbox 553 3514 734 3570; x_wconf 90' lang='lat' dir='ltr'><strong>dicere</strong></span> <span class='ocrx_word' id='word_1_275' title='bbox 784 3515 1004 3578; x_wconf 89' lang='lat' dir='ltr'><strong>maluit,</strong></span> <span class='ocrx_word' id='word_1_276' title='bbox 1060 3530 1165 3585; x_wconf 92' lang='lat' dir='ltr'><strong>quo</strong></span> <span class='ocrx_word' id='word_1_277' title='bbox 1222 3523 1431 3569; x_wconf 88' lang='lat' dir='ltr'><strong>terrena</strong></span> <span class='ocrx_word' id='word_1_278' title='bbox 1486 3512 1732 3583; x_wconf 89' lang='lat' dir='ltr'><strong>superbia</strong></span> <span class='ocrx_word' id='word_1_279' title='bbox 1786 3518 2137 3581; x_wconf 90' lang='lat' dir='ltr'><strong>premeretur.</strong></span> 
     </span>
    </p>
   </div>
   <div class='ocr_carea' id='block_1_36' title="bbox 552 3599 2141 3676">
    <p class='ocr_par' dir='ltr' id='par_1_36' title="bbox 552 3599 2141 3676">
     <span class='ocr_line' id='line_1_36' title="bbox 552 3599 2141 3676; baseline -0.004 -15"><span class='ocrx_word' id='word_1_280' title='bbox 552 3604 761 3661; x_wconf 89' lang='lat' dir='ltr'><strong>Desinit</strong></span> <span class='ocrx_word' id='word_1_281' title='bbox 800 3605 939 3660; x_wconf 90' lang='lat' dir='ltr'><strong>enim</strong></span> <span class='ocrx_word' id='word_1_282' title='bbox 969 3605 1245 3676; x_wconf 89' lang='lat' dir='ltr'><strong>superbire</strong></span> <span class='ocrx_word' id='word_1_283' title='bbox 1277 3612 1436 3667; x_wconf 88' lang='lat' dir='ltr'><strong>terra,</strong></span> <span class='ocrx_word' id='word_1_284' title='bbox 1486 3603 1536 3657; x_wconf 91' lang='lat' dir='ltr'><strong>id</strong></span> <span class='ocrx_word' id='word_1_285' title='bbox 1582 3611 1663 3658; x_wconf 92' lang='lat' dir='ltr'><strong>est</strong></span> <span class='ocrx_word' id='word_1_286' title='bbox 1702 3601 1892 3669; x_wconf 87' lang='lat' dir='ltr'><strong>homo,</strong></span> <span class='ocrx_word' id='word_1_287' title='bbox 1929 3600 2013 3656; x_wconf 91' lang='lat' dir='ltr'><strong>cui</strong></span> <span class='ocrx_word' id='word_1_288' title='bbox 2056 3599 2141 3655; x_wconf 90' lang='lat' dir='ltr'><strong>di-</strong></span> 
     </span>
    </p>
   </div>
   <div class='ocr_carea' id='block_1_37' title="bbox 555 3691 2143 3767">
    <p class='ocr_par' dir='ltr' id='par_1_37' title="bbox 555 3691 2143 3767">
     <span class='ocr_line' id='line_1_37' title="bbox 555 3691 2143 3767; baseline -0.004 -13"><span class='ocrx_word' id='word_1_289' title='bbox 555 3706 702 3754; x_wconf 91' lang='lat' dir='ltr'><strong>ctum</strong></span> <span class='ocrx_word' id='word_1_290' title='bbox 746 3706 847 3763; x_wconf 89' lang='lat' dir='ltr'><strong>est,</strong></span> <span class='ocrx_word' id='word_1_291' title='bbox 880 3696 1041 3751; x_wconf 83' lang='lat' dir='ltr'><strong>Terra</strong></span> <span class='ocrx_word' id='word_1_292' title='bbox 1085 3715 1136 3753; x_wconf 85' lang='lat' dir='ltr'><strong>es</strong></span> <span class='ocrx_word' id='word_1_293' title='bbox 1185 3694 1334 3767; x_wconf 89' lang='lat' dir='ltr'><strong>(Gen.</strong></span> <span class='ocrx_word' id='word_1_294' title='bbox 1362 3712 1438 3761; x_wconf 78' lang='grc' dir='ltr'><strong>ιιι,</strong></span> <span class='ocrx_word' id='word_1_295' title='bbox 1472 3695 1592 3763; x_wconf 77' lang='grc'><strong>19);</strong></span> <span class='ocrx_word' id='word_1_296' title='bbox 1624 3702 1696 3762; x_wconf 90' lang='lat' dir='ltr'><strong>et,</strong></span> <span class='ocrx_word' id='word_1_297' title='bbox 1747 3692 1882 3761; x_wconf 83' lang='lat' dir='ltr'><strong>Quid</strong></span> <span class='ocrx_word' id='word_1_298' title='bbox 1920 3691 2143 3762; x_wconf 85' lang='lat' dir='ltr'><strong>superbit</strong></span> 
     </span>
    </p>
   </div>
   <div class='ocr_carea' id='block_1_38' title="bbox 558 3783 2141 3859">
    <p class='ocr_par' dir='ltr' id='par_1_38' title="bbox 558 3783 2141 3859">
     <span class='ocr_line' id='line_1_38' title="bbox 558 3783 2141 3859; baseline -0.006 -14"><span class='ocrx_word' id='word_1_299' title='bbox 558 3800 693 3845; x_wconf 85' lang='lat' dir='ltr'><strong>terra</strong></span> <span class='ocrx_word' id='word_1_300' title='bbox 719 3798 764 3843; x_wconf 88' lang='lat' dir='ltr'><strong>et</strong></span> <span class='ocrx_word' id='word_1_301' title='bbox 786 3789 911 3843; x_wconf 85' lang='lat' dir='ltr'><strong>cinis</strong></span> <span class='ocrx_word' id='word_1_302' title='bbox 935 3787 1120 3859; x_wconf 84' lang='lat' dir='ltr'><strong>(Eccli.</strong></span> <span class='ocrx_word' id='word_1_303' title='bbox 1147 3804 1207 3855; x_wconf 80' lang='lat' dir='ltr'><strong>x,</strong></span> <span class='ocrx_word' id='word_1_304' title='bbox 1239 3788 1331 3859; x_wconf 86' lang='lat'><strong>9)?</strong></span> <span class='ocrx_word' id='word_1_305' title='bbox 1375 3802 1495 3842; x_wconf 90' lang='lat' dir='ltr'><strong>cum</strong></span> <span class='ocrx_word' id='word_1_306' title='bbox 1539 3784 1808 3855; x_wconf 80' lang='lat' dir='ltr'><strong>cognoscit</strong></span> <span class='ocrx_word' id='word_1_307' title='bbox 1854 3783 2141 3838; x_wconf 91' lang='lat' dir='ltr'><strong>Dominum</strong></span> 
     </span>
    </p>
   </div>
   <div class='ocr_carea' id='block_1_39' title="bbox 555 3873 2143 3947">
    <p class='ocr_par' dir='ltr' id='par_1_39' title="bbox 555 3873 2143 3947">
     <span class='ocr_line' id='line_1_39' title="bbox 555 3873 2143 3947; baseline -0.005 -13"><span class='ocrx_word' id='word_1_308' title='bbox 555 3894 678 3934; x_wconf 90' lang='lat' dir='ltr'><strong>esse</strong></span> <span class='ocrx_word' id='word_1_309' title='bbox 702 3878 1017 3933; x_wconf 84' lang='lat' dir='ltr'><strong>altissimum</strong></span> <span class='ocrx_word' id='word_1_310' title='bbox 1056 3892 1215 3947; x_wconf 89' lang='lat' dir='ltr'><strong>super</strong></span> <span class='ocrx_word' id='word_1_311' title='bbox 1241 3892 1453 3932; x_wconf 91' lang='lat' dir='ltr'><strong>omnem</strong></span> <span class='ocrx_word' id='word_1_312' title='bbox 1492 3884 1709 3940; x_wconf 89' lang='lat' dir='ltr'><strong>terram,</strong></span> <span class='ocrx_word' id='word_1_313' title='bbox 1737 3874 1786 3928; x_wconf 92' lang='lat' dir='ltr'><strong>id</strong></span> <span class='ocrx_word' id='word_1_314' title='bbox 1814 3882 1916 3940; x_wconf 87' lang='lat' dir='ltr'><strong>est,</strong></span> <span class='ocrx_word' id='word_1_315' title='bbox 1946 3873 2143 3927; x_wconf 90' lang='lat' dir='ltr'><strong>nullius</strong></span> 
     </span>
    </p>
   </div>
   <div class='ocr_carea' id='block_1_40' title="bbox 554 3965 2143 4041">
    <p class='ocr_par' dir='ltr' id='par_1_40' title="bbox 554 3965 2143 4041">
     <span class='ocr_line' id='line_1_40' title="bbox 554 3965 2143 4041; baseline -0.004 -15"><span class='ocrx_word' id='word_1_316' title='bbox 554 3972 788 4026; x_wconf 86' lang='lat' dir='ltr'><strong>hominis</strong></span> <span class='ocrx_word' id='word_1_317' title='bbox 811 3971 1159 4041; x_wconf 78' lang='lat' dir='ltr'><strong>cogitationes</strong></span> <span class='ocrx_word' id='word_1_318' title='bbox 1175 3969 1351 4024; x_wconf 89' lang='lat' dir='ltr'><strong>valere</strong></span> <span class='ocrx_word' id='word_1_319' title='bbox 1367 3970 1620 4024; x_wconf 85' lang='lat' dir='ltr'><strong>adversus</strong></span> <span class='ocrx_word' id='word_1_320' title='bbox 1639 3982 1732 4023; x_wconf 89' lang='lat' dir='ltr'><strong>eos</strong></span> <span class='ocrx_word' id='word_1_321' title='bbox 1743 3966 1829 4037; x_wconf 90' lang='lat' dir='ltr'><strong>qui</strong></span> <span class='ocrx_word' id='word_1_322' title='bbox 1853 3965 2143 4021; x_wconf 89' lang='lat' dir='ltr'><strong>secundum</strong></span> 
     </span>
    </p>
   </div>
   <div class='ocr_carea' id='block_1_41' title="bbox 557 4055 2146 4134">
    <p class='ocr_par' dir='ltr' id='par_1_41' title="bbox 557 4055 2146 4134">
     <span class='ocr_line' id='line_1_41' title="bbox 557 4055 2146 4134; baseline -0.004 -15"><span class='ocrx_word' id='word_1_323' title='bbox 557 4064 885 4134; x_wconf 86' lang='lat' dir='ltr'><strong>propositum</strong></span> <span class='ocrx_word' id='word_1_324' title='bbox 913 4062 1082 4116; x_wconf 80' lang='lat' dir='ltr'><strong>vocati</strong></span> <span class='ocrx_word' id='word_1_325' title='bbox 1111 4069 1254 4127; x_wconf 89' lang='lat' dir='ltr'><strong>sunt,</strong></span> <span class='ocrx_word' id='word_1_326' title='bbox 1281 4060 1429 4117; x_wconf 91' lang='lat' dir='ltr'><strong>etde</strong></span> <span class='ocrx_word' id='word_1_327' title='bbox 1457 4060 1648 4131; x_wconf 89' lang='lat' dir='ltr'><strong>quibus</strong></span> <span class='ocrx_word' id='word_1_328' title='bbox 1670 4058 1887 4123; x_wconf 87' lang='lat' dir='ltr'><strong>dicitur,</strong></span> <span class='ocrx_word' id='word_1_329' title='bbox 1916 4057 1977 4113; x_wconf 88' lang='lat' dir='ltr'><strong>Si</strong></span> <span class='ocrx_word' id='word_1_330' title='bbox 2006 4055 2146 4112; x_wconf 85' lang='lat' dir='ltr'><strong>Deus</strong></span> 
     </span>
    </p>
   </div>
   <div class='ocr_carea' id='block_1_42' title="bbox 555 4147 1909 4225">
    <p class='ocr_par' dir='ltr' id='par_1_42' title="bbox 555 4147 1909 4225">
     <span class='ocr_line' id='line_1_42' title="bbox 555 4147 1909 4225; baseline -0.004 -17"><span class='ocrx_word' id='word_1_331' title='bbox 555 4170 647 4225; x_wconf 85' lang='lat' dir='ltr'><strong>pro</strong></span> <span class='ocrx_word' id='word_1_332' title='bbox 675 4154 836 4219; x_wconf 86' lang='lat' dir='ltr'><strong>nobis,</strong></span> <span class='ocrx_word' id='word_1_333' title='bbox 865 4153 976 4223; x_wconf 83' lang='lat' dir='ltr'><strong>quis</strong></span> <span class='ocrx_word' id='word_1_334' title='bbox 1002 4161 1178 4206; x_wconf 82' lang='lat' dir='ltr'><strong>contra</strong></span> <span class='ocrx_word' id='word_1_335' title='bbox 1203 4168 1293 4206; x_wconf 83' lang='lat' dir='ltr'><strong>nos</strong></span> <span class='ocrx_word' id='word_1_336' title='bbox 1324 4150 1498 4224; x_wconf 84' lang='lat' dir='ltr'><strong>(Rom.</strong></span> <span class='ocrx_word' id='word_1_337' title='bbox 1528 4166 1642 4218; x_wconf 86' lang='lat' dir='ltr'><strong>vtu,</strong></span> <span class='ocrx_word' id='word_1_338' title='bbox 1665 4148 1757 4216; x_wconf 65' lang='lat'><strong>28,</strong></span> <span class='ocrx_word' id='word_1_339' title='bbox 1777 4147 1909 4218; x_wconf 77' lang='lat'><strong>5|)?</strong></span> 
     </span>
    </p>
   </div>
   <div class='ocr_carea' id='block_1_43' title="bbox 910 4357 1783 4421">
    <p class='ocr_par' dir='ltr' id='par_1_43' title="bbox 910 4357 1783 4421">
     <span class='ocr_line' id='line_1_43' title="bbox 910 4357 1783 4421; baseline -0.002 -1"><span class='ocrx_word' id='word_1_340' title='bbox 910 4360 989 4420; x_wconf 87' lang='lat' dir='ltr'><strong>IN</strong></span> <span class='ocrx_word' id='word_1_341' title='bbox 1032 4359 1413 4421; x_wconf 84' lang='lat' dir='ltr'><strong>PSALMUM</strong></span> <span class='ocrx_word' id='word_1_342' title='bbox 1448 4357 1783 4419; x_wconf 83' lang='lat' dir='ltr'><strong>LXXXIII</strong></span> 
     </span>
    </p>
   </div>
   <div class='ocr_carea' id='block_1_44' title="bbox 1166 4499 1579 4555">
    <p class='ocr_par' dir='ltr' id='par_1_44' title="bbox 1166 4499 1579 4555">
     <span class='ocr_line' id='line_1_44' title="bbox 1166 4499 1579 4555; baseline 0.002 -1"><span class='ocrx_word' id='word_1_343' title='bbox 1166 4499 1579 4555; x_wconf 79' lang='lat' dir='ltr'><strong>ENARRATIO.</strong></span> 
     </span>
    </p>
   </div>
   <div class='ocr_carea' id='block_1_45' title="bbox 635 4631 2147 4712">
    <p class='ocr_par' dir='ltr' id='par_1_45' title="bbox 635 4631 2147 4712">
     <span class='ocr_line' id='line_1_45' title="bbox 635 4631 2147 4712; baseline -0.005 -17"><span class='ocrx_word' id='word_1_344' title='bbox 635 4642 688 4695; x_wconf 83' lang='lat' dir='ltr'><strong>I.</strong></span> <span class='ocrx_word' id='word_1_345' title='bbox 720 4639 869 4712; x_wconf 84' lang='lat' dir='ltr'><strong>[vers.</strong></span> <span class='ocrx_word' id='word_1_346' title='bbox 894 4637 972 4711; x_wconf 79' lang='grc'><strong>1.]</strong></span> <span class='ocrx_word' id='word_1_347' title='bbox 1000 4638 1242 4693; x_wconf 90' lang='lat' dir='ltr'><strong>Psalmus</strong></span> <span class='ocrx_word' id='word_1_348' title='bbox 1271 4638 1390 4704; x_wconf 83' lang='lat' dir='ltr'><strong>iste,</strong></span> <span class='ocrx_word' id='word_1_349' title='bbox 1433 4635 1539 4689; x_wconf 89' lang='lat' dir='ltr'><strong>Pro</strong></span> <span class='ocrx_word' id='word_1_350' title='bbox 1569 4631 1924 4695; x_wconf 81' lang='lat' dir='ltr'><strong>torcularibus,</strong></span> <span class='ocrx_word' id='word_1_351' title='bbox 1957 4632 2147 4687; x_wconf 87' lang='lat' dir='ltr'><strong>inscri-</strong></span> 
     </span>
    </p>
   </div>
   <div class='ocr_carea' id='block_1_46' title="bbox 562 4724 2146 4802">
    <p class='ocr_par' dir='ltr' id='par_1_46' title="bbox 562 4724 2146 4802">
     <span class='ocr_line' id='line_1_46' title="bbox 562 4724 2146 4802; baseline -0.006 -14"><span class='ocrx_word' id='word_1_352' title='bbox 562 4734 725 4788; x_wconf 81' lang='lat' dir='ltr'><strong>bitur.</strong></span> <span class='ocrx_word' id='word_1_353' title='bbox 756 4732 824 4786; x_wconf 89' lang='lat' dir='ltr'><strong>Et</strong></span> <span class='ocrx_word' id='word_1_354' title='bbox 851 4738 1103 4802; x_wconf 90' lang='lat' dir='ltr'><strong>quantum</strong></span> <span class='ocrx_word' id='word_1_355' title='bbox 1134 4730 1359 4785; x_wconf 86' lang='lat' dir='ltr'><strong>advertit</strong></span> <span class='ocrx_word' id='word_1_356' title='bbox 1386 4727 1664 4783; x_wconf 91' lang='lat' dir='ltr'><strong>nobiscum</strong></span> <span class='ocrx_word' id='word_1_357' title='bbox 1689 4725 1930 4779; x_wconf 84' lang='lat' dir='ltr'><strong>Charitas</strong></span> <span class='ocrx_word' id='word_1_358' title='bbox 1958 4724 2146 4779; x_wconf 85' lang='lat' dir='ltr'><strong>Vestra</strong></span> 
     </span>
    </p>
   </div>
   <div class='ocr_carea' id='block_1_47' title="bbox 559 4817 2145 4896">
    <p class='ocr_par' dir='ltr' id='par_1_47' title="bbox 559 4817 2145 4896">
     <span class='ocr_line' id='line_1_47' title="bbox 559 4817 2145 4896; baseline -0.004 -18"><span class='ocrx_word' id='word_1_359' title='bbox 559 4824 707 4896; x_wconf 87' lang='lat' dir='ltr'><strong>(quia</strong></span> <span class='ocrx_word' id='word_1_360' title='bbox 738 4837 833 4878; x_wconf 89' lang='lat' dir='ltr'><strong>vos</strong></span> <span class='ocrx_word' id='word_1_361' title='bbox 858 4823 1212 4879; x_wconf 90' lang='lat' dir='ltr'><strong>iutentissime</strong></span> <span class='ocrx_word' id='word_1_362' title='bbox 1238 4821 1423 4876; x_wconf 90' lang='lat' dir='ltr'><strong>audire</strong></span> <span class='ocrx_word' id='word_1_363' title='bbox 1452 4817 1906 4888; x_wconf 87' lang='lat' dir='ltr'><strong>advertebamus),</strong></span> <span class='ocrx_word' id='word_1_364' title='bbox 1936 4817 2067 4872; x_wconf 91' lang='lat' dir='ltr'><strong>nihil</strong></span> <span class='ocrx_word' id='word_1_365' title='bbox 2094 4817 2145 4871; x_wconf 91' lang='lat' dir='ltr'><strong>in</strong></span> 
     </span>
    </p>
   </div>
   <div class='ocr_carea' id='block_1_48' title="bbox 557 4909 2147 4987">
    <p class='ocr_par' dir='ltr' id='par_1_48' title="bbox 557 4909 2147 4987">
     <span class='ocr_line' id='line_1_48' title="bbox 557 4909 2147 4987; baseline -0.005 -15"><span class='ocrx_word' id='word_1_366' title='bbox 557 4917 681 4987; x_wconf 84' lang='lat' dir='ltr'><strong>ejus</strong></span> <span class='ocrx_word' id='word_1_367' title='bbox 706 4924 849 4970; x_wconf 83' lang='lat' dir='ltr'><strong>textu</strong></span> <span class='ocrx_word' id='word_1_368' title='bbox 873 4914 1073 4970; x_wconf 91' lang='lat' dir='ltr'><strong>dictum</strong></span> <span class='ocrx_word' id='word_1_369' title='bbox 1096 4925 1177 4969; x_wconf 90' lang='lat' dir='ltr'><strong>est</strong></span> <span class='ocrx_word' id='word_1_370' title='bbox 1203 4914 1284 4969; x_wconf 90' lang='lat' dir='ltr'><strong>vel</strong></span> <span class='ocrx_word' id='word_1_371' title='bbox 1310 4913 1377 4968; x_wconf 88' lang='lat' dir='ltr'><strong>de</strong></span> <span class='ocrx_word' id='word_1_372' title='bbox 1402 4912 1570 4983; x_wconf 89' lang='lat' dir='ltr'><strong>prelo,</strong></span> <span class='ocrx_word' id='word_1_373' title='bbox 1600 4911 1683 4966; x_wconf 89' lang='lat' dir='ltr'><strong>vel</strong></span> <span class='ocrx_word' id='word_1_374' title='bbox 1712 4911 1779 4965; x_wconf 91' lang='lat' dir='ltr'><strong>de</strong></span> <span class='ocrx_word' id='word_1_375' title='bbox 1806 4910 2002 4964; x_wconf 85' lang='lat' dir='ltr'><strong>ﬁscinis</strong></span> <span class='ocrx_word' id='word_1_376' title='bbox 2023 4951 2038 4975; x_wconf 93' lang='lat'><strong>,</strong></span> <span class='ocrx_word' id='word_1_377' title='bbox 2064 4909 2147 4964; x_wconf 91' lang='lat' dir='ltr'><strong>vel</strong></span> 
     </span>
    </p>
   </div>
   <div class='ocr_carea' id='block_1_49' title="bbox 560 5002 2142 5074">
    <p class='ocr_par' dir='ltr' id='par_1_49' title="bbox 560 5002 2142 5074">
     <span class='ocr_line' id='line_1_49' title="bbox 560 5002 2142 5074; baseline -0.004 -10"><span class='ocrx_word' id='word_1_378' title='bbox 560 5009 629 5065; x_wconf 86' lang='lat' dir='ltr'><strong>de</strong></span> <span class='ocrx_word' id='word_1_379' title='bbox 661 5009 799 5074; x_wconf 88' lang='lat' dir='ltr'><strong>lacu,</strong></span> <span class='ocrx_word' id='word_1_380' title='bbox 829 5009 909 5065; x_wconf 91' lang='lat' dir='ltr'><strong>vel</strong></span> <span class='ocrx_word' id='word_1_381' title='bbox 940 5008 1009 5064; x_wconf 90' lang='lat' dir='ltr'><strong>de</strong></span> <span class='ocrx_word' id='word_1_382' title='bbox 1039 5007 1404 5063; x_wconf 89' lang='lat' dir='ltr'><strong>instrumentis</strong></span> <span class='ocrx_word' id='word_1_383' title='bbox 1432 5014 1523 5060; x_wconf 89' lang='lat' dir='ltr'><strong>aut</strong></span> <span class='ocrx_word' id='word_1_384' title='bbox 1561 5004 1785 5060; x_wconf 79' lang='lat' dir='ltr'><strong>aedilicio</strong></span> <span class='ocrx_word' id='word_1_385' title='bbox 1828 5002 2142 5070; x_wconf 89' lang='lat' dir='ltr'><strong>torcularis;</strong></span> 
     </span>
    </p>
   </div>
   <div class='ocr_carea' id='block_1_50' title="bbox 556 5093 2146 5164">
    <p class='ocr_par' dir='ltr' id='par_1_50' title="bbox 556 5093 2146 5164">
     <span class='ocr_line' id='line_1_50' title="bbox 556 5093 2146 5164; baseline -0.003 -10"><span class='ocrx_word' id='word_1_386' title='bbox 556 5100 780 5154; x_wconf 90' lang='lat' dir='ltr'><strong>omnino</strong></span> <span class='ocrx_word' id='word_1_387' title='bbox 810 5100 941 5153; x_wconf 90' lang='lat' dir='ltr'><strong>nihil</strong></span> <span class='ocrx_word' id='word_1_388' title='bbox 986 5099 1037 5153; x_wconf 90' lang='lat' dir='ltr'><strong>in</strong></span> <span class='ocrx_word' id='word_1_389' title='bbox 1080 5113 1144 5153; x_wconf 88' lang='lat' dir='ltr'><strong>eo</strong></span> <span class='ocrx_word' id='word_1_390' title='bbox 1180 5099 1283 5152; x_wconf 84' lang='lat' dir='ltr'><strong>tale</strong></span> <span class='ocrx_word' id='word_1_391' title='bbox 1313 5098 1609 5151; x_wconf 90' lang='lat' dir='ltr'><strong>audivimus</strong></span> <span class='ocrx_word' id='word_1_392' title='bbox 1642 5114 1653 5148; x_wconf 91' lang='lat'><strong>:</strong></span> <span class='ocrx_word' id='word_1_393' title='bbox 1692 5095 1831 5151; x_wconf 89' lang='lat' dir='ltr'><strong>unde</strong></span> <span class='ocrx_word' id='word_1_394' title='bbox 1872 5094 1997 5164; x_wconf 92' lang='lat' dir='ltr'><strong>quid</strong></span> <span class='ocrx_word' id='word_1_395' title='bbox 2045 5093 2146 5149; x_wconf 89' lang='lat' dir='ltr'><strong>sibi</strong></span> 
     </span>
    </p>
   </div>
   <div class='ocr_carea' id='block_1_51' title="bbox 567 5185 2143 5259">
    <p class='ocr_par' dir='ltr' id='par_1_51' title="bbox 567 5185 2143 5259">
     <span class='ocr_line' id='line_1_51' title="bbox 567 5185 2143 5259; baseline -0.003 -16"><span class='ocrx_word' id='word_1_396' title='bbox 567 5189 694 5245; x_wconf 86' lang='lat' dir='ltr'><strong>velit</strong></span> <span class='ocrx_word' id='word_1_397' title='bbox 721 5189 903 5243; x_wconf 89' lang='lat' dir='ltr'><strong>titulus</strong></span> <span class='ocrx_word' id='word_1_398' title='bbox 930 5190 1064 5259; x_wconf 88' lang='lat' dir='ltr'><strong>ejus,</strong></span> <span class='ocrx_word' id='word_1_399' title='bbox 1093 5189 1235 5258; x_wconf 90' lang='lat' dir='ltr'><strong>quod</strong></span> <span class='ocrx_word' id='word_1_400' title='bbox 1266 5187 1572 5244; x_wconf 87' lang='lat' dir='ltr'><strong>inscribitur</strong></span> <span class='ocrx_word' id='word_1_401' title='bbox 1591 5230 1606 5254; x_wconf 91' lang='lat'><strong>,</strong></span> <span class='ocrx_word' id='word_1_402' title='bbox 1636 5185 1742 5240; x_wconf 89' lang='lat' dir='ltr'><strong>Pro</strong></span> <span class='ocrx_word' id='word_1_403' title='bbox 1778 5185 2109 5239; x_wconf 82' lang='lat' dir='ltr'><strong>torcularibus</strong></span> <span class='ocrx_word' id='word_1_404' title='bbox 2128 5225 2143 5249; x_wconf 92' lang='lat'><strong>,</strong></span> 
     </span>
    </p>
   </div>
   <div class='ocr_carea' id='block_1_52' title="bbox 562 5277 2143 5351">
    <p class='ocr_par' dir='ltr' id='par_1_52' title="bbox 562 5277 2143 5351">
     <span class='ocr_line' id='line_1_52' title="bbox 562 5277 2143 5351; baseline -0.003 -17"><span class='ocrx_word' id='word_1_405' title='bbox 562 5295 670 5334; x_wconf 83' lang='lat' dir='ltr'><strong>non</strong></span> <span class='ocrx_word' id='word_1_406' title='bbox 708 5295 868 5349; x_wconf 87' lang='lat' dir='ltr'><strong>parva</strong></span> <span class='ocrx_word' id='word_1_407' title='bbox 914 5281 1138 5351; x_wconf 77' lang='lat' dir='ltr'><strong>quaestio</strong></span> <span class='ocrx_word' id='word_1_408' title='bbox 1166 5289 1265 5335; x_wconf 91' lang='lat' dir='ltr'><strong>est.</strong></span> <span class='ocrx_word' id='word_1_409' title='bbox 1299 5280 1541 5335; x_wconf 85' lang='lat' dir='ltr'><strong>Profecto</strong></span> <span class='ocrx_word' id='word_1_410' title='bbox 1567 5279 1709 5334; x_wconf 89' lang='lat' dir='ltr'><strong>enim</strong></span> <span class='ocrx_word' id='word_1_411' title='bbox 1741 5277 1785 5333; x_wconf 90' lang='lat' dir='ltr'><strong>si</strong></span> <span class='ocrx_word' id='word_1_412' title='bbox 1823 5285 1942 5349; x_wconf 89' lang='lat' dir='ltr'><strong>post</strong></span> <span class='ocrx_word' id='word_1_413' title='bbox 1986 5277 2143 5331; x_wconf 90' lang='lat' dir='ltr'><strong>istum</strong></span> 
     </span>
    </p>
   </div>
   <div class='ocr_carea' id='block_1_53' title="bbox 556 5370 2147 5442">
    <p class='ocr_par' dir='ltr' id='par_1_53' title="bbox 556 5370 2147 5442">
     <span class='ocr_line' id='line_1_53' title="bbox 556 5370 2147 5442; baseline -0.003 -16"><span class='ocrx_word' id='word_1_414' title='bbox 556 5371 770 5426; x_wconf 89' lang='lat' dir='ltr'><strong>titulum</strong></span> <span class='ocrx_word' id='word_1_415' title='bbox 802 5370 999 5442; x_wconf 89' lang='lat' dir='ltr'><strong>aliquid</strong></span> <span class='ocrx_word' id='word_1_416' title='bbox 1025 5371 1090 5427; x_wconf 90' lang='lat' dir='ltr'><strong>de</strong></span> <span class='ocrx_word' id='word_1_417' title='bbox 1120 5372 1312 5428; x_wconf 89' lang='lat' dir='ltr'><strong>talibus</strong></span> <span class='ocrx_word' id='word_1_418' title='bbox 1336 5372 1496 5428; x_wconf 90' lang='lat' dir='ltr'><strong>rebus</strong></span> <span class='ocrx_word' id='word_1_419' title='bbox 1521 5371 1752 5436; x_wconf 88' lang='lat' dir='ltr'><strong>diceret,</strong></span> <span class='ocrx_word' id='word_1_420' title='bbox 1784 5370 1969 5440; x_wconf 88' lang='lat' dir='ltr'><strong>quales</strong></span> <span class='ocrx_word' id='word_1_421' title='bbox 1997 5383 2147 5423; x_wconf 82' lang='lat' dir='ltr'><strong>com-</strong></span> 
     </span>
    </p>
   </div>
   <div class='ocr_carea' id='block_1_54' title="bbox 564 5458 2147 5529">
    <p class='ocr_par' dir='ltr' id='par_1_54' title="bbox 564 5458 2147 5529">
     <span class='ocr_line' id='line_1_54' title="bbox 564 5458 2147 5529; baseline -0.003 -13"><span class='ocrx_word' id='word_1_422' title='bbox 564 5463 879 5529; x_wconf 83' lang='lat' dir='ltr'><strong>memoravi,</strong></span> <span class='ocrx_word' id='word_1_423' title='bbox 919 5463 1230 5519; x_wconf 88' lang='lat' dir='ltr'><strong>crederetur</strong></span> <span class='ocrx_word' id='word_1_424' title='bbox 1252 5479 1280 5518; x_wconf 88' lang='lat' dir='ltr'><strong>a</strong></span> <span class='ocrx_word' id='word_1_425' title='bbox 1310 5463 1610 5519; x_wconf 89' lang='lat' dir='ltr'><strong>carnalibus</strong></span> <span class='ocrx_word' id='word_1_426' title='bbox 1637 5476 1762 5518; x_wconf 85' lang='lat' dir='ltr'><strong>vere</strong></span> <span class='ocrx_word' id='word_1_427' title='bbox 1795 5462 1894 5516; x_wconf 92' lang='lat' dir='ltr'><strong>ista</strong></span> <span class='ocrx_word' id='word_1_428' title='bbox 1922 5458 2147 5515; x_wconf 86' lang='lat' dir='ltr'><strong>visibilia</strong></span> 
     </span>
    </p>
   </div>
   <div class='ocr_carea' id='block_1_55' title="bbox 565 5550 2147 5623">
    <p class='ocr_par' dir='ltr' id='par_1_55' title="bbox 565 5550 2147 5623">
     <span class='ocr_line' id='line_1_55' title="bbox 565 5550 2147 5623; baseline -0.003 -17"><span class='ocrx_word' id='word_1_429' title='bbox 565 5552 848 5608; x_wconf 87' lang='lat' dir='ltr'><strong>toreularia</strong></span> <span class='ocrx_word' id='word_1_430' title='bbox 876 5553 1109 5608; x_wconf 90' lang='lat' dir='ltr'><strong>voluisse</strong></span> <span class='ocrx_word' id='word_1_431' title='bbox 1128 5562 1344 5609; x_wconf 87' lang='lat' dir='ltr'><strong>cantare</strong></span> <span class='ocrx_word' id='word_1_432' title='bbox 1375 5573 1386 5611; x_wconf 91' lang='lat'><strong>:</strong></span> <span class='ocrx_word' id='word_1_433' title='bbox 1411 5555 1530 5623; x_wconf 85' lang='lat' dir='ltr'><strong>quia</strong></span> <span class='ocrx_word' id='word_1_434' title='bbox 1563 5568 1691 5608; x_wconf 89' lang='lat' dir='ltr'><strong>vero</strong></span> <span class='ocrx_word' id='word_1_435' title='bbox 1734 5550 1939 5605; x_wconf 90' lang='lat' dir='ltr'><strong>titulum</strong></span> <span class='ocrx_word' id='word_1_436' title='bbox 1970 5550 2147 5619; x_wconf 66' lang='lat' dir='ltr'><strong>impo«</strong></span> 
     </span>
    </p>
   </div>
   <div class='ocr_carea' id='block_1_56' title="bbox 554 5642 2145 5716">
    <p class='ocr_par' dir='ltr' id='par_1_56' title="bbox 554 5642 2145 5716">
     <span class='ocr_line' id='line_1_56' title="bbox 554 5642 2145 5716; baseline -0.003 -17"><span class='ocrx_word' id='word_1_437' title='bbox 554 5644 683 5708; x_wconf 84' lang='lat' dir='ltr'><strong>suit,</strong></span> <span class='ocrx_word' id='word_1_438' title='bbox 720 5642 822 5699; x_wconf 87' lang='lat' dir='ltr'><strong>Pro</strong></span> <span class='ocrx_word' id='word_1_439' title='bbox 851 5644 1203 5713; x_wconf 85' lang='lat' dir='ltr'><strong>torcularibus,</strong></span> <span class='ocrx_word' id='word_1_440' title='bbox 1235 5654 1290 5701; x_wconf 89' lang='lat' dir='ltr'><strong>et</strong></span> <span class='ocrx_word' id='word_1_441' title='bbox 1317 5645 1446 5700; x_wconf 84' lang='lat' dir='ltr'><strong>nihil</strong></span> <span class='ocrx_word' id='word_1_442' title='bbox 1487 5654 1669 5716; x_wconf 84' lang='lat' dir='ltr'><strong>postea</strong></span> <span class='ocrx_word' id='word_1_443' title='bbox 1712 5643 1763 5698; x_wconf 88' lang='lat' dir='ltr'><strong>in</strong></span> <span class='ocrx_word' id='word_1_444' title='bbox 1798 5643 1941 5697; x_wconf 79' lang='grc' dir='ltr'>οιηιιί</span> <span class='ocrx_word' id='word_1_445' title='bbox 1982 5655 2145 5695; x_wconf 85' lang='lat' dir='ltr'><strong>versu</strong></span> 
     </span>
    </p>
   </div>
   <div class='ocr_carea' id='block_1_57' title="bbox 558 5732 2148 5793">
    <p class='ocr_par' dir='ltr' id='par_1_57' title="bbox 558 5732 2148 5793">
     <span class='ocr_line' id='line_1_57' title="bbox 558 5732 2148 5793; baseline -0.001 -4"><span class='ocrx_word' id='word_1_446' title='bbox 558 5734 756 5789; x_wconf 83' lang='lat' dir='ltr'><strong>Psalmi</strong></span> <span class='ocrx_word' id='word_1_447' title='bbox 802 5736 935 5792; x_wconf 82' lang='lat' dir='ltr'><strong>dixit</strong></span> <span class='ocrx_word' id='word_1_448' title='bbox 979 5737 1045 5793; x_wconf 90' lang='lat' dir='ltr'><strong>de</strong></span> <span class='ocrx_word' id='word_1_449' title='bbox 1098 5738 1180 5792; x_wconf 90' lang='lat' dir='ltr'><strong>his</strong></span> <span class='ocrx_word' id='word_1_450' title='bbox 1230 5738 1579 5793; x_wconf 90' lang='lat' dir='ltr'><strong>torcularibus</strong></span> <span class='ocrx_word' id='word_1_451' title='bbox 1633 5734 1922 5791; x_wconf 83' lang='lat' dir='ltr'><strong>notissimis</strong></span> <span class='ocrx_word' id='word_1_452' title='bbox 1979 5732 2148 5788; x_wconf 91' lang='lat' dir='ltr'><strong>oculis</strong></span> 
     </span>
    </p>
   </div>
   <div class='ocr_carea' id='block_1_58' title="bbox 555 5826 2149 5896">
    <p class='ocr_par' dir='ltr' id='par_1_58' title="bbox 555 5826 2149 5896">
     <span class='ocr_line' id='line_1_58' title="bbox 555 5826 2149 5896; baseline -0.002 -13"><span class='ocrx_word' id='word_1_453' title='bbox 555 5828 799 5896; x_wconf 84' lang='lat' dir='ltr'><strong>nostris;</strong></span> <span class='ocrx_word' id='word_1_454' title='bbox 834 5846 939 5886; x_wconf 91' lang='lat' dir='ltr'><strong>non</strong></span> <span class='ocrx_word' id='word_1_455' title='bbox 967 5831 1238 5888; x_wconf 88' lang='lat' dir='ltr'><strong>dubitatur</strong></span> <span class='ocrx_word' id='word_1_456' title='bbox 1277 5846 1394 5888; x_wconf 85' lang='lat' dir='ltr'><strong>esse</strong></span> <span class='ocrx_word' id='word_1_457' title='bbox 1421 5830 1519 5884; x_wconf 88' lang='lat' dir='ltr'><strong>alia</strong></span> <span class='ocrx_word' id='word_1_458' title='bbox 1565 5826 1847 5884; x_wconf 74' lang='lat' dir='ltr'><strong>toreularia</strong></span> <span class='ocrx_word' id='word_1_459' title='bbox 1887 5841 2002 5895; x_wconf 73' lang='lat' dir='ltr'><strong>qua:</strong></span> <span class='ocrx_word' id='word_1_460' title='bbox 2051 5838 2149 5880; x_wconf 88' lang='lat' dir='ltr'><strong>nos</strong></span> 
     </span>
    </p>
   </div>
   <div class='ocr_carea' id='block_1_59' title="bbox 1778 362 2583 419">
    <p class='ocr_par' dir='ltr' id='par_1_59' title="bbox 1778 362 2583 419">
     <span class='ocr_line' id='line_1_59' title="bbox 1778 362 2583 419; baseline -0.001 -1"><span class='ocrx_word' id='word_1_461' title='bbox 1778 364 1836 418; x_wconf 91' lang='lat' dir='ltr'><strong>S.</strong></span> <span class='ocrx_word' id='word_1_462' title='bbox 1877 362 2239 419; x_wconf 79' lang='lat' dir='ltr'><strong>AUGUSTINI</strong></span> <span class='ocrx_word' id='word_1_463' title='bbox 2282 362 2583 419; x_wconf 86' lang='lat' dir='ltr'><strong>EPISCOPI</strong></span> 
     </span>
    </p>
   </div>
   <div class='ocr_carea' id='block_1_60' title="bbox 3676 366 3841 421">
    <p class='ocr_par' dir='ltr' id='par_1_60' title="bbox 3676 366 3841 421">
     <span class='ocr_line' id='line_1_60' title="bbox 3676 366 3841 421; baseline 0 0"><span class='ocrx_word' id='word_1_464' title='bbox 3676 366 3841 421; x_wconf 70' lang='lat'><strong>1056</strong></span> 
     </span>
    </p>
   </div>
   <div class='ocr_carea' id='block_1_61' title="bbox 2239 476 3839 551">
    <p class='ocr_par' dir='ltr' id='par_1_61' title="bbox 2239 476 3839 551">
     <span class='ocr_line' id='line_1_61' title="bbox 2239 476 3839 551; baseline 0.002 -20"><span class='ocrx_word' id='word_1_465' title='bbox 2239 476 2325 531; x_wconf 93' lang='lat' dir='ltr'><strong>hic</strong></span> <span class='ocrx_word' id='word_1_466' title='bbox 2346 492 2585 547; x_wconf 71' lang='lat' dir='ltr'><strong>qumrcre</strong></span> <span class='ocrx_word' id='word_1_467' title='bbox 2605 486 2658 533; x_wconf 88' lang='lat' dir='ltr'><strong>et</strong></span> <span class='ocrx_word' id='word_1_468' title='bbox 2687 476 2981 548; x_wconf 77' lang='lat' dir='ltr'><strong>intelligere</strong></span> <span class='ocrx_word' id='word_1_469' title='bbox 3000 476 3167 533; x_wconf 89' lang='lat' dir='ltr'><strong>voluit</strong></span> <span class='ocrx_word' id='word_1_470' title='bbox 3186 478 3411 549; x_wconf 92' lang='lat' dir='ltr'><strong>Spiritus</strong></span> <span class='ocrx_word' id='word_1_471' title='bbox 3436 478 3545 534; x_wconf 91' lang='lat' dir='ltr'><strong>Dei.</strong></span> <span class='ocrx_word' id='word_1_472' title='bbox 3573 478 3839 551; x_wconf 84' lang='lat' dir='ltr'><strong>Quapro-</strong></span> 
     </span>
    </p>
   </div>
   <div class='ocr_carea' id='block_1_62' title="bbox 2236 568 3837 641">
    <p class='ocr_par' dir='ltr' id='par_1_62' title="bbox 2236 568 3837 641">
     <span class='ocr_line' id='line_1_62' title="bbox 2236 568 3837 641; baseline 0.002 -19"><span class='ocrx_word' id='word_1_473' title='bbox 2236 578 2354 638; x_wconf 85' lang='lat' dir='ltr'><strong>pter</strong></span> <span class='ocrx_word' id='word_1_474' title='bbox 2377 568 2501 640; x_wconf 91' lang='lat' dir='ltr'><strong>quid</strong></span> <span class='ocrx_word' id='word_1_475' title='bbox 2527 578 2711 641; x_wconf 84' lang='lat' dir='ltr'><strong>agatur</strong></span> <span class='ocrx_word' id='word_1_476' title='bbox 2739 571 2790 625; x_wconf 92' lang='lat' dir='ltr'><strong>in</strong></span> <span class='ocrx_word' id='word_1_477' title='bbox 2827 570 2910 625; x_wconf 86' lang='lat' dir='ltr'><strong>his</strong></span> <span class='ocrx_word' id='word_1_478' title='bbox 2936 570 3230 626; x_wconf 89' lang='lat' dir='ltr'><strong>visibilibus</strong></span> <span class='ocrx_word' id='word_1_479' title='bbox 3258 570 3603 627; x_wconf 89' lang='lat' dir='ltr'><strong>torcularibus</strong></span> <span class='ocrx_word' id='word_1_480' title='bbox 3631 587 3837 628; x_wconf 80' lang='lat' dir='ltr'><strong>recor-</strong></span> 
     </span>
    </p>
   </div>
   <div class='ocr_carea' id='block_1_63' title="bbox 2237 660 3838 733">
    <p class='ocr_par' dir='ltr' id='par_1_63' title="bbox 2237 660 3838 733">
     <span class='ocr_line' id='line_1_63' title="bbox 2237 660 3838 733; baseline 0.002 -18"><span class='ocrx_word' id='word_1_481' title='bbox 2237 660 2458 728; x_wconf 79' lang='lat' dir='ltr'><strong>dentur,</strong></span> <span class='ocrx_word' id='word_1_482' title='bbox 2492 668 2545 716; x_wconf 91' lang='lat' dir='ltr'><strong>et</strong></span> <span class='ocrx_word' id='word_1_483' title='bbox 2571 662 2673 718; x_wconf 89' lang='lat' dir='ltr'><strong>hoc</strong></span> <span class='ocrx_word' id='word_1_484' title='bbox 2698 662 2971 717; x_wconf 88' lang='lat' dir='ltr'><strong>videamus</strong></span> <span class='ocrx_word' id='word_1_485' title='bbox 2996 662 3437 732; x_wconf 88' lang='lat' dir='ltr'><strong>quemadmodum</strong></span> <span class='ocrx_word' id='word_1_486' title='bbox 3466 662 3838 733; x_wconf 81' lang='lat' dir='ltr'><strong>spiritualitcr</strong></span> 
     </span>
    </p>
   </div>
   <div class='ocr_carea' id='block_1_64' title="bbox 2235 742 3834 822">
    <p class='ocr_par' dir='ltr' id='par_1_64' title="bbox 2235 742 3834 822">
     <span class='ocr_line' id='line_1_64' title="bbox 2235 742 3834 822; baseline 0.002 -17"><span class='ocrx_word' id='word_1_487' title='bbox 2235 760 2449 822; x_wconf 80' lang='lat' dir='ltr'><strong>geratur</strong></span> <span class='ocrx_word' id='word_1_488' title='bbox 2482 752 2535 805; x_wconf 94' lang='lat' dir='ltr'><strong>in</strong></span> <span class='ocrx_word' id='word_1_489' title='bbox 2567 742 2828 807; x_wconf 80' lang='lat' dir='ltr'><strong>Ecclesia.</strong></span> <span class='ocrx_word' id='word_1_490' title='bbox 2858 751 2968 808; x_wconf 90' lang='lat' dir='ltr'><strong>Uva</strong></span> <span class='ocrx_word' id='word_1_491' title='bbox 2993 760 3137 808; x_wconf 90' lang='lat' dir='ltr'><strong>certe</strong></span> <span class='ocrx_word' id='word_1_492' title='bbox 3169 752 3362 822; x_wconf 89' lang='lat' dir='ltr'><strong>pendet</strong></span> <span class='ocrx_word' id='word_1_493' title='bbox 3398 753 3451 807; x_wconf 92' lang='lat' dir='ltr'><strong>in</strong></span> <span class='ocrx_word' id='word_1_494' title='bbox 3496 753 3689 808; x_wconf 89' lang='lat' dir='ltr'><strong>vitibus</strong></span> <span class='ocrx_word' id='word_1_495' title='bbox 3715 796 3734 822; x_wconf 90' lang='lat'><strong>,</strong></span> <span class='ocrx_word' id='word_1_496' title='bbox 3768 761 3834 808; x_wconf 86' lang='lat' dir='ltr'><strong>et</strong></span> 
     </span>
    </p>
   </div>
   <div class='ocr_carea' id='block_1_65' title="bbox 2236 842 3836 914">
    <p class='ocr_par' dir='ltr' id='par_1_65' title="bbox 2236 842 3836 914">
     <span class='ocr_line' id='line_1_65' title="bbox 2236 842 3836 914; baseline 0.002 -19"><span class='ocrx_word' id='word_1_497' title='bbox 2236 842 2375 896; x_wconf 92' lang='lat' dir='ltr'><strong>oliva</strong></span> <span class='ocrx_word' id='word_1_498' title='bbox 2402 842 2452 896; x_wconf 93' lang='lat' dir='ltr'><strong>in</strong></span> <span class='ocrx_word' id='word_1_499' title='bbox 2480 842 2761 898; x_wconf 88' lang='lat' dir='ltr'><strong>arboribus</strong></span> <span class='ocrx_word' id='word_1_500' title='bbox 2813 842 2917 914; x_wconf 92' lang='lat' dir='ltr'><strong>(his</strong></span> <span class='ocrx_word' id='word_1_501' title='bbox 2946 844 3086 899; x_wconf 92' lang='lat' dir='ltr'><strong>enim</strong></span> <span class='ocrx_word' id='word_1_502' title='bbox 3115 842 3320 898; x_wconf 87' lang='lat' dir='ltr'><strong>duobus</strong></span> <span class='ocrx_word' id='word_1_503' title='bbox 3359 842 3613 898; x_wconf 91' lang='lat' dir='ltr'><strong>fructibus</strong></span> <span class='ocrx_word' id='word_1_504' title='bbox 3639 845 3836 900; x_wconf 84' lang='lat' dir='ltr'><strong>solent</strong></span> 
     </span>
    </p>
   </div>
   <div class='ocr_carea' id='block_1_66' title="bbox 2237 934 3836 1007">
    <p class='ocr_par' dir='ltr' id='par_1_66' title="bbox 2237 934 3836 1007">
     <span class='ocr_line' id='line_1_66' title="bbox 2237 934 3836 1007; baseline 0.003 -20"><span class='ocrx_word' id='word_1_505' title='bbox 2237 934 2517 989; x_wconf 87' lang='lat' dir='ltr'><strong>toreularia</strong></span> <span class='ocrx_word' id='word_1_506' title='bbox 2550 935 2891 1005; x_wconf 84' lang='lat' dir='ltr'><strong>praeparari);</strong></span> <span class='ocrx_word' id='word_1_507' title='bbox 2922 944 2976 991; x_wconf 91' lang='lat' dir='ltr'><strong>ct</strong></span> <span class='ocrx_word' id='word_1_508' title='bbox 3013 936 3260 1007; x_wconf 88' lang='lat' dir='ltr'><strong>quamdiu</strong></span> <span class='ocrx_word' id='word_1_509' title='bbox 3292 935 3523 1005; x_wconf 90' lang='lat' dir='ltr'><strong>pendent</strong></span> <span class='ocrx_word' id='word_1_510' title='bbox 3573 937 3629 991; x_wconf 88' lang='lat' dir='ltr'><strong>iu</strong></span> <span class='ocrx_word' id='word_1_511' title='bbox 3661 936 3836 992; x_wconf 85' lang='lat' dir='ltr'><strong>fruti-</strong></span> 
     </span>
    </p>
   </div>
   <div class='ocr_carea' id='block_1_67' title="bbox 2236 1025 3839 1099">
    <p class='ocr_par' dir='ltr' id='par_1_67' title="bbox 2236 1025 3839 1099">
     <span class='ocr_line' id='line_1_67' title="bbox 2236 1025 3839 1099; baseline 0.004 -20"><span class='ocrx_word' id='word_1_512' title='bbox 2236 1025 2387 1080; x_wconf 90' lang='lat' dir='ltr'><strong>cibus</strong></span> <span class='ocrx_word' id='word_1_513' title='bbox 2408 1026 2538 1092; x_wconf 82' lang='lat' dir='ltr'><strong>suis,</strong></span> <span class='ocrx_word' id='word_1_514' title='bbox 2573 1034 2822 1098; x_wconf 91' lang='lat' dir='ltr'><strong>tanquam</strong></span> <span class='ocrx_word' id='word_1_515' title='bbox 2848 1028 3015 1083; x_wconf 90' lang='lat' dir='ltr'><strong>libero</strong></span> <span class='ocrx_word' id='word_1_516' title='bbox 3053 1043 3179 1085; x_wconf 88' lang='lat' dir='ltr'><strong>aere</strong></span> <span class='ocrx_word' id='word_1_517' title='bbox 3216 1026 3586 1099; x_wconf 88' lang='lat' dir='ltr'><strong>perfruuntur;</strong></span> <span class='ocrx_word' id='word_1_518' title='bbox 3618 1038 3671 1085; x_wconf 91' lang='lat' dir='ltr'><strong>et</strong></span> <span class='ocrx_word' id='word_1_519' title='bbox 3717 1045 3839 1085; x_wconf 88' lang='lat' dir='ltr'><strong>nec</strong></span> 
     </span>
    </p>
   </div>
   <div class='ocr_carea' id='block_1_68' title="bbox 2238 1120 3838 1193">
    <p class='ocr_par' dir='ltr' id='par_1_68' title="bbox 2238 1120 3838 1193">
     <span class='ocr_line' id='line_1_68' title="bbox 2238 1120 3838 1193; baseline 0.004 -20"><span class='ocrx_word' id='word_1_520' title='bbox 2238 1134 2336 1173; x_wconf 88' lang='lat' dir='ltr'><strong>uva</strong></span> <span class='ocrx_word' id='word_1_521' title='bbox 2359 1120 2536 1173; x_wconf 90' lang='lat' dir='ltr'><strong>vinum</strong></span> <span class='ocrx_word' id='word_1_522' title='bbox 2560 1127 2663 1185; x_wconf 90' lang='lat' dir='ltr'><strong>est,</strong></span> <span class='ocrx_word' id='word_1_523' title='bbox 2687 1136 2785 1176; x_wconf 90' lang='lat' dir='ltr'><strong>nec</strong></span> <span class='ocrx_word' id='word_1_524' title='bbox 2815 1120 2953 1175; x_wconf 88' lang='lat' dir='ltr'><strong>oliva</strong></span> <span class='ocrx_word' id='word_1_525' title='bbox 2983 1121 3180 1189; x_wconf 87' lang='lat' dir='ltr'><strong>oleum,</strong></span> <span class='ocrx_word' id='word_1_526' title='bbox 3219 1132 3341 1177; x_wconf 88' lang='lat' dir='ltr'><strong>ante</strong></span> <span class='ocrx_word' id='word_1_527' title='bbox 3371 1137 3694 1193; x_wconf 89' lang='lat' dir='ltr'><strong>pressuram.</strong></span> <span class='ocrx_word' id='word_1_528' title='bbox 3732 1121 3838 1182; x_wconf 86' lang='lat' dir='ltr'><strong>Sic</strong></span> 
     </span>
    </p>
   </div>
   <div class='ocr_carea' id='block_1_69' title="bbox 2236 1211 3839 1283">
    <p class='ocr_par' dir='ltr' id='par_1_69' title="bbox 2236 1211 3839 1283">
     <span class='ocr_line' id='line_1_69' title="bbox 2236 1211 3839 1283; baseline 0.004 -20"><span class='ocrx_word' id='word_1_529' title='bbox 2236 1219 2360 1264; x_wconf 90' lang='lat' dir='ltr'><strong>sunt</strong></span> <span class='ocrx_word' id='word_1_530' title='bbox 2378 1211 2616 1266; x_wconf 89' lang='lat' dir='ltr'><strong>homines</strong></span> <span class='ocrx_word' id='word_1_531' title='bbox 2632 1228 2763 1283; x_wconf 89' lang='lat' dir='ltr'><strong>quos</strong></span> <span class='ocrx_word' id='word_1_532' title='bbox 2777 1213 3170 1282; x_wconf 84' lang='lat' dir='ltr'><strong>praedeStinavit</strong></span> <span class='ocrx_word' id='word_1_533' title='bbox 3186 1214 3328 1269; x_wconf 87' lang='lat' dir='ltr'><strong>Deus</strong></span> <span class='ocrx_word' id='word_1_534' title='bbox 3342 1222 3461 1268; x_wconf 90' lang='lat' dir='ltr'><strong>ante</strong></span> <span class='ocrx_word' id='word_1_535' title='bbox 3478 1214 3670 1270; x_wconf 68' lang='lat' dir='ltr'><strong>sarcula</strong></span> <span class='ocrx_word' id='word_1_536' title='bbox 3688 1229 3839 1270; x_wconf 85' lang='lat' dir='ltr'><strong>con-</strong></span> 
     </span>
    </p>
   </div>
   <div class='ocr_carea' id='block_1_70' title="bbox 2236 1299 3834 1378">
    <p class='ocr_par' dir='ltr' id='par_1_70' title="bbox 2236 1299 3834 1378">
     <span class='ocr_line' id='line_1_70' title="bbox 2236 1299 3834 1378; baseline 0.004 -23"><span class='ocrx_word' id='word_1_537' title='bbox 2236 1299 2433 1356; x_wconf 89' lang='lat' dir='ltr'><strong>formes</strong></span> <span class='ocrx_word' id='word_1_538' title='bbox 2453 1302 2562 1357; x_wconf 86' lang='lat' dir='ltr'><strong>fieri</strong></span> <span class='ocrx_word' id='word_1_539' title='bbox 2591 1303 2838 1375; x_wconf 80' lang='lat' dir='ltr'><strong>imaginis</strong></span> <span class='ocrx_word' id='word_1_540' title='bbox 2854 1305 3107 1375; x_wconf 86' lang='lat' dir='ltr'><strong>unigeniti</strong></span> <span class='ocrx_word' id='word_1_541' title='bbox 3130 1303 3264 1376; x_wconf 51' lang='lat' dir='ltr'><strong>Filii,</strong></span> <span class='ocrx_word' id='word_1_542' title='bbox 3278 1306 3356 1361; x_wconf 92' lang='lat' dir='ltr'><strong>sui</strong></span> <span class='ocrx_word' id='word_1_543' title='bbox 3376 1304 3669 1376; x_wconf 84' lang='lat' dir='ltr'><strong>(Rom.vnt,</strong></span> <span class='ocrx_word' id='word_1_544' title='bbox 3697 1305 3834 1378; x_wconf 74' lang='lat'><strong>29),</strong></span> 
     </span>
    </p>
   </div>
   <div class='ocr_carea' id='block_1_71' title="bbox 2236 1395 3837 1470">
    <p class='ocr_par' dir='ltr' id='par_1_71' title="bbox 2236 1395 3837 1470">
     <span class='ocr_line' id='line_1_71' title="bbox 2236 1395 3837 1470; baseline 0.006 -23"><span class='ocrx_word' id='word_1_545' title='bbox 2236 1395 2325 1465; x_wconf 91' lang='lat' dir='ltr'><strong>qui</strong></span> <span class='ocrx_word' id='word_1_546' title='bbox 2354 1397 2619 1467; x_wconf 69' lang='lat' dir='ltr'><strong>prmcipuc</strong></span> <span class='ocrx_word' id='word_1_547' title='bbox 2648 1398 2700 1451; x_wconf 94' lang='lat' dir='ltr'><strong>in</strong></span> <span class='ocrx_word' id='word_1_548' title='bbox 2744 1398 2991 1469; x_wconf 88' lang='lat' dir='ltr'><strong>passione</strong></span> <span class='ocrx_word' id='word_1_549' title='bbox 3027 1414 3251 1469; x_wconf 88' lang='lat' dir='ltr'><strong>magnus</strong></span> <span class='ocrx_word' id='word_1_550' title='bbox 3294 1397 3476 1454; x_wconf 87' lang='lat' dir='ltr'><strong>botrus</strong></span> <span class='ocrx_word' id='word_1_551' title='bbox 3530 1414 3837 1470; x_wconf 80' lang='lat' dir='ltr'><strong>expressus</strong></span> 
     </span>
    </p>
   </div>
   <div class='ocr_carea' id='block_1_72' title="bbox 2237 1488 3833 1563">
    <p class='ocr_par' dir='ltr' id='par_1_72' title="bbox 2237 1488 3833 1563">
     <span class='ocr_line' id='line_1_72' title="bbox 2237 1488 3833 1563; baseline 0.004 -21"><span class='ocrx_word' id='word_1_552' title='bbox 2237 1495 2336 1543; x_wconf 91' lang='lat' dir='ltr'><strong>est.</strong></span> <span class='ocrx_word' id='word_1_553' title='bbox 2370 1488 2681 1559; x_wconf 86' lang='lat' dir='ltr'><strong>Hujusmodi</strong></span> <span class='ocrx_word' id='word_1_554' title='bbox 2712 1506 2837 1562; x_wconf 86' lang='lat' dir='ltr'><strong>ergo</strong></span> <span class='ocrx_word' id='word_1_555' title='bbox 2876 1491 3119 1547; x_wconf 89' lang='lat' dir='ltr'><strong>homines</strong></span> <span class='ocrx_word' id='word_1_556' title='bbox 3147 1500 3429 1563; x_wconf 89' lang='lat' dir='ltr'><strong>antequam</strong></span> <span class='ocrx_word' id='word_1_557' title='bbox 3454 1492 3711 1548; x_wconf 89' lang='lat' dir='ltr'><strong>accedant</strong></span> <span class='ocrx_word' id='word_1_558' title='bbox 3759 1494 3833 1549; x_wconf 85' lang='lat' dir='ltr'><strong>ad</strong></span> 
     </span>
    </p>
   </div>
   <div class='ocr_carea' id='block_1_73' title="bbox 2236 1582 3839 1659">
    <p class='ocr_par' dir='ltr' id='par_1_73' title="bbox 2236 1582 3839 1659">
     <span class='ocr_line' id='line_1_73' title="bbox 2236 1582 3839 1659; baseline 0.005 -23"><span class='ocrx_word' id='word_1_559' title='bbox 2236 1582 2544 1638; x_wconf 85' lang='lat' dir='ltr'><strong>servitutem</strong></span> <span class='ocrx_word' id='word_1_560' title='bbox 2578 1584 2705 1653; x_wconf 88' lang='lat' dir='ltr'><strong>Dei,</strong></span> <span class='ocrx_word' id='word_1_561' title='bbox 2740 1585 2983 1640; x_wconf 90' lang='lat' dir='ltr'><strong>fruuntur</strong></span> <span class='ocrx_word' id='word_1_562' title='bbox 3038 1586 3089 1641; x_wconf 94' lang='lat' dir='ltr'><strong>in</strong></span> <span class='ocrx_word' id='word_1_563' title='bbox 3138 1589 3335 1643; x_wconf 66' lang='lat' dir='ltr'><strong>smculo</strong></span> <span class='ocrx_word' id='word_1_564' title='bbox 3388 1600 3635 1659; x_wconf 86' lang='lat' dir='ltr'><strong>tanquam</strong></span> <span class='ocrx_word' id='word_1_565' title='bbox 3680 1588 3839 1644; x_wconf 83' lang='lat' dir='ltr'><strong>deli—-</strong></span> 
     </span>
    </p>
   </div>
   <div class='ocr_carea' id='block_1_74' title="bbox 2236 1672 3834 1748">
    <p class='ocr_par' dir='ltr' id='par_1_74' title="bbox 2236 1672 3834 1748">
     <span class='ocr_line' id='line_1_74' title="bbox 2236 1672 3834 1748; baseline 0.006 -22"><span class='ocrx_word' id='word_1_566' title='bbox 2236 1672 2377 1727; x_wconf 89' lang='lat' dir='ltr'><strong>ciosa</strong></span> <span class='ocrx_word' id='word_1_567' title='bbox 2406 1672 2654 1729; x_wconf 89' lang='lat' dir='ltr'><strong>libertate</strong></span> <span class='ocrx_word' id='word_1_568' title='bbox 2682 1716 2695 1741; x_wconf 92' lang='lat'><strong>,</strong></span> <span class='ocrx_word' id='word_1_569' title='bbox 2728 1674 2873 1730; x_wconf 91' lang='lat' dir='ltr'><strong>velut</strong></span> <span class='ocrx_word' id='word_1_570' title='bbox 2902 1692 3016 1730; x_wconf 76' lang='lat' dir='ltr'><strong>uva:</strong></span> <span class='ocrx_word' id='word_1_571' title='bbox 3051 1685 3144 1731; x_wconf 91' lang='lat' dir='ltr'><strong>aut</strong></span> <span class='ocrx_word' id='word_1_572' title='bbox 3184 1677 3337 1732; x_wconf 63' lang='lat' dir='ltr'><strong>olivae</strong></span> <span class='ocrx_word' id='word_1_573' title='bbox 3362 1678 3655 1748; x_wconf 89' lang='lat' dir='ltr'><strong>pendentes</strong></span> <span class='ocrx_word' id='word_1_574' title='bbox 3685 1697 3698 1733; x_wconf 91' lang='lat'>:</span> <span class='ocrx_word' id='word_1_575' title='bbox 3726 1679 3834 1740; x_wconf 78' lang='lat' dir='ltr'><strong>sed</strong></span> 
     </span>
    </p>
   </div>
   <div class='ocr_carea' id='block_1_75' title="bbox 2235 1762 3832 1837">
    <p class='ocr_par' dir='ltr' id='par_1_75' title="bbox 2235 1762 3832 1837">
     <span class='ocr_line' id='line_1_75' title="bbox 2235 1762 3832 1837; baseline 0.006 -22"><span class='ocrx_word' id='word_1_576' title='bbox 2235 1763 2486 1833; x_wconf 88' lang='lat' dir='ltr'><strong>quoniam</strong></span> <span class='ocrx_word' id='word_1_577' title='bbox 2515 1762 2713 1820; x_wconf 89' lang='lat' dir='ltr'><strong>dictum</strong></span> <span class='ocrx_word' id='word_1_578' title='bbox 2742 1774 2843 1832; x_wconf 89' lang='lat' dir='ltr'><strong>est,</strong></span> <span class='ocrx_word' id='word_1_579' title='bbox 2879 1765 3004 1833; x_wconf 83' lang='lat' dir='ltr'><strong>Fili,</strong></span> <span class='ocrx_word' id='word_1_580' title='bbox 3022 1769 3262 1823; x_wconf 83' lang='lat' dir='ltr'><strong>accedens</strong></span> <span class='ocrx_word' id='word_1_581' title='bbox 3285 1770 3354 1823; x_wconf 86' lang='lat' dir='ltr'><strong>ad</strong></span> <span class='ocrx_word' id='word_1_582' title='bbox 3377 1771 3659 1824; x_wconf 81' lang='lat' dir='ltr'><strong>servitutem</strong></span> <span class='ocrx_word' id='word_1_583' title='bbox 3690 1771 3801 1825; x_wconf 79' lang='lat' dir='ltr'><strong>Dei</strong></span> <span class='ocrx_word' id='word_1_584' title='bbox 3817 1813 3832 1837; x_wconf 91' lang='lat'><strong>,</strong></span> 
     </span>
    </p>
   </div>
   <div class='ocr_carea' id='block_1_76' title="bbox 2235 1856 3832 1930">
    <p class='ocr_par' dir='ltr' id='par_1_76' title="bbox 2235 1856 3832 1930">
     <span class='ocr_line' id='line_1_76' title="bbox 2235 1856 3832 1930; baseline 0.006 -22"><span class='ocrx_word' id='word_1_585' title='bbox 2235 1865 2313 1908; x_wconf 88' lang='lat' dir='ltr'><strong>sta</strong></span> <span class='ocrx_word' id='word_1_586' title='bbox 2350 1856 2401 1909; x_wconf 88' lang='lat' dir='ltr'><strong>in</strong></span> <span class='ocrx_word' id='word_1_587' title='bbox 2443 1857 2637 1922; x_wconf 83' lang='lat' dir='ltr'><strong>iustitia</strong></span> <span class='ocrx_word' id='word_1_588' title='bbox 2670 1869 2715 1912; x_wconf 88' lang='lat' dir='ltr'><strong>et</strong></span> <span class='ocrx_word' id='word_1_589' title='bbox 2751 1858 2960 1925; x_wconf 78' lang='lat' dir='ltr'><strong>timore,</strong></span> <span class='ocrx_word' id='word_1_590' title='bbox 2991 1871 3035 1913; x_wconf 88' lang='lat' dir='ltr'><strong>et</strong></span> <span class='ocrx_word' id='word_1_591' title='bbox 3077 1875 3309 1930; x_wconf 74' lang='lat' dir='ltr'><strong>prazpara</strong></span> <span class='ocrx_word' id='word_1_592' title='bbox 3340 1862 3560 1915; x_wconf 86' lang='lat' dir='ltr'><strong>animam</strong></span> <span class='ocrx_word' id='word_1_593' title='bbox 3583 1871 3722 1916; x_wconf 90' lang='lat' dir='ltr'><strong>tuam</strong></span> <span class='ocrx_word' id='word_1_594' title='bbox 3756 1863 3832 1918; x_wconf 87' lang='lat' dir='ltr'><strong>ad</strong></span> 
     </span>
    </p>
   </div>
   <div class='ocr_carea' id='block_1_77' title="bbox 2237 1948 3835 2024">
    <p class='ocr_par' dir='ltr' id='par_1_77' title="bbox 2237 1948 3835 2024">
     <span class='ocr_line' id='line_1_77' title="bbox 2237 1948 3835 2024; baseline 0.006 -24"><span class='ocrx_word' id='word_1_595' title='bbox 2237 1948 2556 2002; x_wconf 80' lang='lat' dir='ltr'><strong>tentationem</strong></span> <span class='ocrx_word' id='word_1_596' title='bbox 2595 1948 2776 2021; x_wconf 78' lang='lat' dir='ltr'><strong>(Eccli.</strong></span> <span class='ocrx_word' id='word_1_597' title='bbox 2806 1967 2864 2018; x_wconf 85' lang='lat' dir='ltr'><strong>lt,</strong></span> <span class='ocrx_word' id='word_1_598' title='bbox 2892 1952 2977 2021; x_wconf 83' lang='lat' dir='ltr'><strong>l);</strong></span> <span class='ocrx_word' id='word_1_599' title='bbox 3010 1952 3270 2008; x_wconf 87' lang='lat' dir='ltr'><strong>accedens</strong></span> <span class='ocrx_word' id='word_1_600' title='bbox 3298 1953 3519 2024; x_wconf 89' lang='lat' dir='ltr'><strong>quisque</strong></span> <span class='ocrx_word' id='word_1_601' title='bbox 3543 1954 3609 2009; x_wconf 88' lang='lat' dir='ltr'><strong>ad</strong></span> <span class='ocrx_word' id='word_1_602' title='bbox 3653 1955 3835 2011; x_wconf 54' lang='lat' dir='ltr'><strong>seroti-</strong></span> 
     </span>
    </p>
   </div>
   <div class='ocr_carea' id='block_1_78' title="bbox 2238 2038 3836 2115">
    <p class='ocr_par' dir='ltr' id='par_1_78' title="bbox 2238 2038 3836 2115">
     <span class='ocr_line' id='line_1_78' title="bbox 2238 2038 3836 2115; baseline 0.006 -23"><span class='ocrx_word' id='word_1_603' title='bbox 2238 2047 2403 2093; x_wconf 91' lang='lat' dir='ltr'><strong>tutcm</strong></span> <span class='ocrx_word' id='word_1_604' title='bbox 2436 2038 2528 2094; x_wconf 92' lang='lat' dir='ltr'><strong>Dei</strong></span> <span class='ocrx_word' id='word_1_605' title='bbox 2560 2082 2574 2107; x_wconf 93' lang='lat'><strong>,</strong></span> <span class='ocrx_word' id='word_1_606' title='bbox 2602 2038 2669 2095; x_wconf 91' lang='lat' dir='ltr'><strong>ad</strong></span> <span class='ocrx_word' id='word_1_607' title='bbox 2696 2042 2974 2097; x_wconf 88' lang='lat' dir='ltr'><strong>toreularia</strong></span> <span class='ocrx_word' id='word_1_608' title='bbox 3001 2057 3059 2097; x_wconf 93' lang='lat' dir='ltr'><strong>se</strong></span> <span class='ocrx_word' id='word_1_609' title='bbox 3085 2045 3295 2099; x_wconf 89' lang='lat' dir='ltr'><strong>venisse</strong></span> <span class='ocrx_word' id='word_1_610' title='bbox 3324 2053 3638 2115; x_wconf 83' lang='lat' dir='ltr'><strong>cognoscat;</strong></span> <span class='ocrx_word' id='word_1_611' title='bbox 3688 2061 3836 2103; x_wconf 90' lang='lat' dir='ltr'><strong>con-</strong></span> 
     </span>
    </p>
   </div>
   <div class='ocr_carea' id='block_1_79' title="bbox 2239 2130 3838 2206">
    <p class='ocr_par' dir='ltr' id='par_1_79' title="bbox 2239 2130 3838 2206">
     <span class='ocr_line' id='line_1_79' title="bbox 2239 2130 3838 2206; baseline 0.006 -22"><span class='ocrx_word' id='word_1_612' title='bbox 2239 2130 2592 2201; x_wconf 89' lang='lat' dir='ltr'><strong>tribulabitur,</strong></span> <span class='ocrx_word' id='word_1_613' title='bbox 2616 2141 2939 2200; x_wconf 90' lang='lat' dir='ltr'><strong>conteretur,</strong></span> <span class='ocrx_word' id='word_1_614' title='bbox 2979 2136 3392 2206; x_wconf 90' lang='lat' dir='ltr'><strong>comprimetur;</strong></span> <span class='ocrx_word' id='word_1_615' title='bbox 3422 2152 3525 2192; x_wconf 91' lang='lat' dir='ltr'><strong>non</strong></span> <span class='ocrx_word' id='word_1_616' title='bbox 3557 2148 3615 2193; x_wconf 92' lang='lat' dir='ltr'><strong>ut</strong></span> <span class='ocrx_word' id='word_1_617' title='bbox 3642 2140 3692 2194; x_wconf 93' lang='lat' dir='ltr'><strong>in</strong></span> <span class='ocrx_word' id='word_1_618' title='bbox 3726 2138 3838 2195; x_wconf 86' lang='lat' dir='ltr'><strong>hoc</strong></span> 
     </span>
    </p>
   </div>
   <div class='ocr_carea' id='block_1_80' title="bbox 2239 2224 3838 2298">
    <p class='ocr_par' dir='ltr' id='par_1_80' title="bbox 2239 2224 3838 2298">
     <span class='ocr_line' id='line_1_80' title="bbox 2239 2224 3838 2298; baseline 0.006 -19"><span class='ocrx_word' id='word_1_619' title='bbox 2239 2224 2436 2279; x_wconf 66' lang='lat' dir='ltr'><strong>sacculo</strong></span> <span class='ocrx_word' id='word_1_620' title='bbox 2462 2236 2663 2296; x_wconf 91' lang='lat' dir='ltr'><strong>pereat,</strong></span> <span class='ocrx_word' id='word_1_621' title='bbox 2692 2227 2787 2281; x_wconf 89' lang='lat' dir='ltr'><strong>sed</strong></span> <span class='ocrx_word' id='word_1_622' title='bbox 2811 2238 2865 2282; x_wconf 91' lang='lat' dir='ltr'><strong>ut</strong></span> <span class='ocrx_word' id='word_1_623' title='bbox 2887 2229 2936 2282; x_wconf 91' lang='lat' dir='ltr'><strong>in</strong></span> <span class='ocrx_word' id='word_1_624' title='bbox 2968 2229 3255 2298; x_wconf 86' lang='lat' dir='ltr'><strong>apothecas</strong></span> <span class='ocrx_word' id='word_1_625' title='bbox 3284 2230 3379 2285; x_wconf 92' lang='lat' dir='ltr'><strong>Dei</strong></span> <span class='ocrx_word' id='word_1_626' title='bbox 3408 2231 3625 2287; x_wconf 83' lang='lat' dir='ltr'><strong>deﬂuat.</strong></span> <span class='ocrx_word' id='word_1_627' title='bbox 3663 2232 3838 2289; x_wconf 79' lang='lat' dir='ltr'><strong>Exui—</strong></span> 
     </span>
    </p>
   </div>
   <div class='ocr_carea' id='block_1_81' title="bbox 2241 2317 3838 2396">
    <p class='ocr_par' dir='ltr' id='par_1_81' title="bbox 2241 2317 3838 2396">
     <span class='ocr_line' id='line_1_81' title="bbox 2241 2317 3838 2396; baseline 0.008 -27"><span class='ocrx_word' id='word_1_628' title='bbox 2241 2323 2326 2370; x_wconf 91' lang='lat' dir='ltr'><strong>tur</strong></span> <span class='ocrx_word' id='word_1_629' title='bbox 2348 2317 2638 2372; x_wconf 90' lang='lat' dir='ltr'><strong>carnalium</strong></span> <span class='ocrx_word' id='word_1_630' title='bbox 2666 2317 3054 2375; x_wconf 86' lang='lat' dir='ltr'><strong>desideriorum</strong></span> <span class='ocrx_word' id='word_1_631' title='bbox 3077 2322 3472 2394; x_wconf 83' lang='lat' dir='ltr'><strong>integumentis,</strong></span> <span class='ocrx_word' id='word_1_632' title='bbox 3498 2326 3650 2396; x_wconf 90' lang='lat' dir='ltr'><strong>quasi</strong></span> <span class='ocrx_word' id='word_1_633' title='bbox 3677 2326 3838 2382; x_wconf 83' lang='lat' dir='ltr'><strong>vina-</strong></span> 
     </span>
    </p>
   </div>
   <div class='ocr_carea' id='block_1_82' title="bbox 2239 2408 3838 2489">
    <p class='ocr_par' dir='ltr' id='par_1_82' title="bbox 2239 2408 3838 2489">
     <span class='ocr_line' id='line_1_82' title="bbox 2239 2408 3838 2489; baseline 0.008 -26"><span class='ocrx_word' id='word_1_634' title='bbox 2239 2408 2335 2464; x_wconf 91' lang='lat' dir='ltr'><strong>ciis</strong></span> <span class='ocrx_word' id='word_1_635' title='bbox 2370 2408 2507 2466; x_wconf 88' lang='lat' dir='ltr'><strong>:boc</strong></span> <span class='ocrx_word' id='word_1_636' title='bbox 2525 2411 2665 2466; x_wconf 91' lang='lat' dir='ltr'><strong>enim</strong></span> <span class='ocrx_word' id='word_1_637' title='bbox 2689 2413 2737 2467; x_wconf 91' lang='lat' dir='ltr'><strong>ei</strong></span> <span class='ocrx_word' id='word_1_638' title='bbox 2757 2413 2979 2484; x_wconf 88' lang='lat' dir='ltr'><strong>contigit</strong></span> <span class='ocrx_word' id='word_1_639' title='bbox 3020 2414 3038 2447; x_wconf 86' lang='grc'>¹</span> <span class='ocrx_word' id='word_1_640' title='bbox 3082 2415 3135 2471; x_wconf 94' lang='lat' dir='ltr'><strong>in</strong></span> <span class='ocrx_word' id='word_1_641' title='bbox 3176 2415 3456 2474; x_wconf 89' lang='lat' dir='ltr'><strong>desideriis</strong></span> <span class='ocrx_word' id='word_1_642' title='bbox 3502 2420 3838 2489; x_wconf 89' lang='lat' dir='ltr'><strong>carnalibus,</strong></span> 
     </span>
    </p>
   </div>
   <div class='ocr_carea' id='block_1_83' title="bbox 2240 2506 3838 2574">
    <p class='ocr_par' dir='ltr' id='par_1_83' title="bbox 2240 2506 3838 2574">
     <span class='ocr_line' id='line_1_83' title="bbox 2240 2506 3838 2574; baseline 0.008 -19"><span class='ocrx_word' id='word_1_643' title='bbox 2240 2511 2455 2572; x_wconf 88' lang='lat' dir='ltr'><strong>propter</strong></span> <span class='ocrx_word' id='word_1_644' title='bbox 2492 2518 2610 2574; x_wconf 74' lang='lat' dir='ltr'><strong>qua:</strong></span> <span class='ocrx_word' id='word_1_645' title='bbox 2640 2512 2695 2560; x_wconf 91' lang='lat' dir='ltr'><strong>et</strong></span> <span class='ocrx_word' id='word_1_646' title='bbox 2720 2506 3007 2574; x_wconf 89' lang='lat' dir='ltr'><strong>Apostolus</strong></span> <span class='ocrx_word' id='word_1_647' title='bbox 3049 2507 3197 2574; x_wconf 89' lang='lat' dir='ltr'><strong>dicit,</strong></span> <span class='ocrx_word' id='word_1_648' title='bbox 3240 2508 3427 2565; x_wconf 73' lang='lat' dir='ltr'><strong>Exuite</strong></span> <span class='ocrx_word' id='word_1_649' title='bbox 3478 2528 3563 2565; x_wconf 83' lang='lat' dir='ltr'><strong>vos</strong></span> <span class='ocrx_word' id='word_1_650' title='bbox 3616 2522 3838 2567; x_wconf 67' lang='lat' dir='ltr'><strong>vetarem</strong></span> 
     </span>
    </p>
   </div>
   <div class='ocr_carea' id='block_1_84' title="bbox 2242 2593 3838 2671">
    <p class='ocr_par' dir='ltr' id='par_1_84' title="bbox 2242 2593 3838 2671">
     <span class='ocr_line' id='line_1_84' title="bbox 2242 2593 3838 2671; baseline 0.008 -23"><span class='ocrx_word' id='word_1_651' title='bbox 2242 2593 2513 2662; x_wconf 83' lang='lat' dir='ltr'><strong>hominem,</strong></span> <span class='ocrx_word' id='word_1_652' title='bbox 2537 2605 2584 2649; x_wconf 91' lang='lat' dir='ltr'><strong>et</strong></span> <span class='ocrx_word' id='word_1_653' title='bbox 2613 2596 2804 2650; x_wconf 85' lang='lat' dir='ltr'><strong>induite</strong></span> <span class='ocrx_word' id='word_1_654' title='bbox 2844 2614 3026 2651; x_wconf 78' lang='lat' dir='ltr'><strong>norunt</strong></span> <span class='ocrx_word' id='word_1_655' title='bbox 3063 2597 3278 2669; x_wconf 82' lang='lat' dir='ltr'><strong>(Coloss.</strong></span> <span class='ocrx_word' id='word_1_656' title='bbox 3320 2617 3395 2665; x_wconf 82' lang='grc' dir='ltr'><strong>ιιι,</strong></span> <span class='ocrx_word' id='word_1_657' title='bbox 3440 2601 3494 2669; x_wconf 90' lang='lat'><strong>9,</strong></span> <span class='ocrx_word' id='word_1_658' title='bbox 3549 2603 3658 2671; x_wconf 77' lang='lat' dir='ltr'><strong>IO).</strong></span> <span class='ocrx_word' id='word_1_659' title='bbox 3720 2604 3838 2660; x_wconf 86' lang='lat' dir='ltr'><strong>Hoc</strong></span> 
     </span>
    </p>
   </div>
   <div class='ocr_carea' id='block_1_85' title="bbox 2242 2687 3836 2762">
    <p class='ocr_par' dir='ltr' id='par_1_85' title="bbox 2242 2687 3836 2762">
     <span class='ocr_line' id='line_1_85' title="bbox 2242 2687 3836 2762; baseline 0.006 -21"><span class='ocrx_word' id='word_1_660' title='bbox 2242 2694 2411 2742; x_wconf 92' lang='lat' dir='ltr'><strong>totum</strong></span> <span class='ocrx_word' id='word_1_661' title='bbox 2438 2702 2543 2742; x_wconf 92' lang='lat' dir='ltr'><strong>non</strong></span> <span class='ocrx_word' id='word_1_662' title='bbox 2576 2687 2635 2743; x_wconf 87' lang='lat' dir='ltr'><strong>lit</strong></span> <span class='ocrx_word' id='word_1_663' title='bbox 2663 2687 2763 2743; x_wconf 91' lang='lat' dir='ltr'><strong>nisi</strong></span> <span class='ocrx_word' id='word_1_664' title='bbox 2803 2689 2868 2744; x_wconf 93' lang='lat' dir='ltr'><strong>de</strong></span> <span class='ocrx_word' id='word_1_665' title='bbox 2893 2705 3137 2759; x_wconf 88' lang='lat' dir='ltr'><strong>pressura</strong></span> <span class='ocrx_word' id='word_1_666' title='bbox 3167 2707 3179 2743; x_wconf 89' lang='lat'>:</span> <span class='ocrx_word' id='word_1_667' title='bbox 3215 2701 3493 2762; x_wconf 85' lang='lat' dir='ltr'><strong>propterea</strong></span> <span class='ocrx_word' id='word_1_668' title='bbox 3544 2696 3836 2752; x_wconf 82' lang='lat' dir='ltr'><strong>toreularia</strong></span> 
     </span>
    </p>
   </div>
   <div class='ocr_carea' id='block_1_86' title="bbox 2242 2779 3492 2855">
    <p class='ocr_par' dir='ltr' id='par_1_86' title="bbox 2242 2779 3492 2855">
     <span class='ocr_line' id='line_1_86' title="bbox 2242 2779 3492 2855; baseline 0.004 -21"><span class='ocrx_word' id='word_1_669' title='bbox 2242 2780 2583 2834; x_wconf 88' lang='lat' dir='ltr'><strong>nominantur</strong></span> <span class='ocrx_word' id='word_1_670' title='bbox 2616 2779 2866 2836; x_wconf 73' lang='lat' dir='ltr'><strong>Ecclesia:</strong></span> <span class='ocrx_word' id='word_1_671' title='bbox 2901 2782 2990 2836; x_wconf 88' lang='lat' dir='ltr'><strong>Dei</strong></span> <span class='ocrx_word' id='word_1_672' title='bbox 3033 2782 3189 2853; x_wconf 90' lang='lat' dir='ltr'><strong>hujus</strong></span> <span class='ocrx_word' id='word_1_673' title='bbox 3219 2785 3492 2855; x_wconf 87' lang='lat' dir='ltr'><strong>temporis.</strong></span> 
     </span>
    </p>
   </div>
   <div class='ocr_carea' id='block_1_87' title="bbox 2311 2871 3834 2946">
    <p class='ocr_par' dir='ltr' id='par_1_87' title="bbox 2311 2871 3834 2946">
     <span class='ocr_line' id='line_1_87' title="bbox 2311 2871 3834 2946; baseline 0.007 -21"><span class='ocrx_word' id='word_1_674' title='bbox 2311 2871 2365 2925; x_wconf 72' lang='lat'><strong>2.</strong></span> <span class='ocrx_word' id='word_1_675' title='bbox 2398 2872 2503 2927; x_wconf 91' lang='lat' dir='ltr'><strong>Sed</strong></span> <span class='ocrx_word' id='word_1_676' title='bbox 2530 2873 2579 2927; x_wconf 93' lang='lat' dir='ltr'><strong>in</strong></span> <span class='ocrx_word' id='word_1_677' title='bbox 2605 2874 2957 2929; x_wconf 88' lang='lat' dir='ltr'><strong>torcularibus</strong></span> <span class='ocrx_word' id='word_1_678' title='bbox 2979 2876 3131 2944; x_wconf 89' lang='lat' dir='ltr'><strong>positi</strong></span> <span class='ocrx_word' id='word_1_679' title='bbox 3167 2877 3256 2946; x_wconf 91' lang='lat' dir='ltr'><strong>qui</strong></span> <span class='ocrx_word' id='word_1_680' title='bbox 3279 2877 3497 2931; x_wconf 84' lang='lat' dir='ltr'><strong>sumus?</strong></span> <span class='ocrx_word' id='word_1_681' title='bbox 3523 2879 3641 2932; x_wconf 85' lang='lat' dir='ltr'><strong>Filii</strong></span> <span class='ocrx_word' id='word_1_682' title='bbox 3671 2879 3834 2937; x_wconf 84' lang='lat' dir='ltr'><strong>Core.</strong></span> 
     </span>
    </p>
   </div>
   <div class='ocr_carea' id='block_1_88' title="bbox 2244 2962 3833 3035">
    <p class='ocr_par' dir='ltr' id='par_1_88' title="bbox 2244 2962 3833 3035">
     <span class='ocr_line' id='line_1_88' title="bbox 2244 2962 3833 3035; baseline 0.004 -17"><span class='ocrx_word' id='word_1_683' title='bbox 2244 2962 2333 3019; x_wconf 91' lang='lat' dir='ltr'><strong>Sic</strong></span> <span class='ocrx_word' id='word_1_684' title='bbox 2358 2965 2500 3018; x_wconf 90' lang='lat' dir='ltr'><strong>enim</strong></span> <span class='ocrx_word' id='word_1_685' title='bbox 2542 2964 2777 3019; x_wconf 91' lang='lat' dir='ltr'><strong>additum</strong></span> <span class='ocrx_word' id='word_1_686' title='bbox 2805 2974 2906 3032; x_wconf 91' lang='lat' dir='ltr'><strong>est,</strong></span> <span class='ocrx_word' id='word_1_687' title='bbox 2956 2963 3058 3020; x_wconf 85' lang='lat' dir='ltr'><strong>Pro</strong></span> <span class='ocrx_word' id='word_1_688' title='bbox 3107 2968 3456 3033; x_wconf 83' lang='lat' dir='ltr'><strong>torcularibus,</strong></span> <span class='ocrx_word' id='word_1_689' title='bbox 3512 2968 3631 3035; x_wconf 76' lang='lat' dir='ltr'><strong>ﬁliis</strong></span> <span class='ocrx_word' id='word_1_690' title='bbox 3684 2970 3833 3025; x_wconf 76' lang='lat' dir='ltr'><strong>Core.</strong></span> 
     </span>
    </p>
   </div>
   <div class='ocr_carea' id='block_1_89' title="bbox 2244 3054 3833 3131">
    <p class='ocr_par' dir='ltr' id='par_1_89' title="bbox 2244 3054 3833 3131">
     <span class='ocr_line' id='line_1_89' title="bbox 2244 3054 3833 3131; baseline 0.004 -22"><span class='ocrx_word' id='word_1_691' title='bbox 2244 3054 2409 3110; x_wconf 87' lang='lat' dir='ltr'><strong>Filios</strong></span> <span class='ocrx_word' id='word_1_692' title='bbox 2435 3054 2571 3111; x_wconf 89' lang='lat' dir='ltr'><strong>Core</strong></span> <span class='ocrx_word' id='word_1_693' title='bbox 2598 3056 2972 3127; x_wconf 88' lang='lat' dir='ltr'><strong>interpretatos</strong></span> <span class='ocrx_word' id='word_1_694' title='bbox 3002 3057 3263 3113; x_wconf 87' lang='lat' dir='ltr'><strong>habemus</strong></span> <span class='ocrx_word' id='word_1_695' title='bbox 3293 3058 3431 3114; x_wconf 84' lang='lat' dir='ltr'><strong>filios</strong></span> <span class='ocrx_word' id='word_1_696' title='bbox 3458 3059 3621 3124; x_wconf 86' lang='lat' dir='ltr'><strong>Calvi,</strong></span> <span class='ocrx_word' id='word_1_697' title='bbox 3656 3075 3833 3131; x_wconf 86' lang='lat' dir='ltr'><strong>quan—</strong></span> 
     </span>
    </p>
   </div>
   <div class='ocr_carea' id='block_1_90' title="bbox 2244 3150 3834 3222">
    <p class='ocr_par' dir='ltr' id='par_1_90' title="bbox 2244 3150 3834 3222">
     <span class='ocr_line' id='line_1_90' title="bbox 2244 3150 3834 3222; baseline 0.004 -17"><span class='ocrx_word' id='word_1_698' title='bbox 2244 3157 2357 3205; x_wconf 92' lang='lat' dir='ltr'><strong>tum</strong></span> <span class='ocrx_word' id='word_1_699' title='bbox 2403 3150 2555 3205; x_wconf 90' lang='lat' dir='ltr'><strong>nobis</strong></span> <span class='ocrx_word' id='word_1_700' title='bbox 2584 3152 2671 3221; x_wconf 92' lang='lat' dir='ltr'><strong>qui</strong></span> <span class='ocrx_word' id='word_1_701' title='bbox 2712 3151 2853 3205; x_wconf 89' lang='lat' dir='ltr'><strong>illam</strong></span> <span class='ocrx_word' id='word_1_702' title='bbox 2884 3150 3117 3221; x_wconf 86' lang='lat' dir='ltr'><strong>linguam</strong></span> <span class='ocrx_word' id='word_1_703' title='bbox 3152 3160 3433 3219; x_wconf 89' lang='lat' dir='ltr'><strong>noverunt,</strong></span> <span class='ocrx_word' id='word_1_704' title='bbox 3463 3167 3559 3222; x_wconf 91' lang='lat' dir='ltr'><strong>per</strong></span> <span class='ocrx_word' id='word_1_705' title='bbox 3589 3153 3834 3211; x_wconf 89' lang='lat' dir='ltr'><strong>ministe-</strong></span> 
     </span>
    </p>
   </div>
   <div class='ocr_carea' id='block_1_91' title="bbox 2244 3242 3835 3314">
    <p class='ocr_par' dir='ltr' id='par_1_91' title="bbox 2244 3242 3835 3314">
     <span class='ocr_line' id='line_1_91' title="bbox 2244 3242 3835 3314; baseline 0.003 -17"><span class='ocrx_word' id='word_1_706' title='bbox 2244 3242 2383 3298; x_wconf 88' lang='lat' dir='ltr'><strong>rium</strong></span> <span class='ocrx_word' id='word_1_707' title='bbox 2409 3242 2549 3313; x_wconf 91' lang='lat' dir='ltr'><strong>quod</strong></span> <span class='ocrx_word' id='word_1_708' title='bbox 2583 3242 2694 3298; x_wconf 92' lang='lat' dir='ltr'><strong>Deo</strong></span> <span class='ocrx_word' id='word_1_709' title='bbox 2718 3242 3002 3307; x_wconf 90' lang='lat' dir='ltr'><strong>debebant,</strong></span> <span class='ocrx_word' id='word_1_710' title='bbox 3044 3243 3382 3313; x_wconf 88' lang='lat' dir='ltr'><strong>interpretari</strong></span> <span class='ocrx_word' id='word_1_711' title='bbox 3414 3253 3705 3314; x_wconf 90' lang='lat' dir='ltr'><strong>potuerunt</strong></span> <span class='ocrx_word' id='word_1_712' title='bbox 3736 3263 3749 3298; x_wconf 90' lang='lat'><strong>:</strong></span> <span class='ocrx_word' id='word_1_713' title='bbox 3784 3256 3835 3302; x_wconf 89' lang='lat' dir='ltr'><strong>et</strong></span> 
     </span>
    </p>
   </div>
   <div class='ocr_carea' id='block_1_92' title="bbox 2245 3333 3835 3407">
    <p class='ocr_par' dir='ltr' id='par_1_92' title="bbox 2245 3333 3835 3407">
     <span class='ocr_line' id='line_1_92' title="bbox 2245 3333 3835 3407; baseline 0 -16"><span class='ocrx_word' id='word_1_714' title='bbox 2245 3334 2299 3391; x_wconf 88' lang='lat' dir='ltr'><strong>in</strong></span> <span class='ocrx_word' id='word_1_715' title='bbox 2326 3334 2427 3390; x_wconf 91' lang='lat' dir='ltr'><strong>hoc</strong></span> <span class='ocrx_word' id='word_1_716' title='bbox 2458 3351 2563 3389; x_wconf 90' lang='lat' dir='ltr'><strong>non</strong></span> <span class='ocrx_word' id='word_1_717' title='bbox 2607 3333 2819 3406; x_wconf 84' lang='lat' dir='ltr'><strong>defugio</strong></span> <span class='ocrx_word' id='word_1_718' title='bbox 2848 3349 3096 3406; x_wconf 86' lang='lat' dir='ltr'><strong>magnum</strong></span> <span class='ocrx_word' id='word_1_719' title='bbox 3140 3335 3449 3407; x_wconf 82' lang='lat' dir='ltr'><strong>mysterium</strong></span> <span class='ocrx_word' id='word_1_720' title='bbox 3506 3335 3723 3401; x_wconf 78' lang='lat' dir='ltr'><strong>intueri,</strong></span> <span class='ocrx_word' id='word_1_721' title='bbox 3784 3346 3835 3391; x_wconf 87' lang='lat' dir='ltr'><strong>et</strong></span> 
     </span>
    </p>
   </div>
   <div class='ocr_carea' id='block_1_93' title="bbox 2246 3424 3834 3497">
    <p class='ocr_par' dir='ltr' id='par_1_93' title="bbox 2246 3424 3834 3497">
     <span class='ocr_line' id='line_1_93' title="bbox 2246 3424 3834 3497; baseline -0.001 -16"><span class='ocrx_word' id='word_1_722' title='bbox 2246 3426 2529 3497; x_wconf 72' lang='lat' dir='ltr'><strong>adiuvante</strong></span> <span class='ocrx_word' id='word_1_723' title='bbox 2584 3426 2810 3481; x_wconf 92' lang='lat' dir='ltr'><strong>Domino</strong></span> <span class='ocrx_word' id='word_1_724' title='bbox 2868 3425 3110 3481; x_wconf 90' lang='lat' dir='ltr'><strong>invenire</strong></span> <span class='ocrx_word' id='word_1_725' title='bbox 3162 3426 3457 3482; x_wconf 90' lang='lat' dir='ltr'><strong>vobiscum.</strong></span> <span class='ocrx_word' id='word_1_726' title='bbox 3521 3424 3638 3481; x_wconf 90' lang='lat' dir='ltr'><strong>Non</strong></span> <span class='ocrx_word' id='word_1_727' title='bbox 3693 3428 3834 3482; x_wconf 88' lang='lat' dir='ltr'><strong>enim</strong></span> 
     </span>
    </p>
   </div>
   <div class='ocr_carea' id='block_1_94' title="bbox 2249 3517 3835 3590">
    <p class='ocr_par' dir='ltr' id='par_1_94' title="bbox 2249 3517 3835 3590">
     <span class='ocr_line' id='line_1_94' title="bbox 2249 3517 3835 3590; baseline -0.001 -16"><span class='ocrx_word' id='word_1_728' title='bbox 2249 3528 2497 3590; x_wconf 88' lang='lat' dir='ltr'><strong>tauquam</strong></span> <span class='ocrx_word' id='word_1_729' title='bbox 2527 3535 2558 3574; x_wconf 91' lang='lat' dir='ltr'><strong>a</strong></span> <span class='ocrx_word' id='word_1_730' title='bbox 2589 3518 2711 3573; x_wconf 86' lang='lat' dir='ltr'><strong>filiis</strong></span> <span class='ocrx_word' id='word_1_731' title='bbox 2744 3517 3058 3587; x_wconf 72' lang='lat' dir='ltr'><strong>pestilentia:</strong></span> <span class='ocrx_word' id='word_1_732' title='bbox 3083 3517 3258 3572; x_wconf 89' lang='lat' dir='ltr'><strong>omnis</strong></span> <span class='ocrx_word' id='word_1_733' title='bbox 3301 3526 3383 3573; x_wconf 89' lang='lat' dir='ltr'><strong>cst</strong></span> <span class='ocrx_word' id='word_1_734' title='bbox 3422 3518 3692 3574; x_wconf 85' lang='lat' dir='ltr'><strong>irridenda</strong></span> <span class='ocrx_word' id='word_1_735' title='bbox 3722 3518 3835 3574; x_wconf 85' lang='lat' dir='ltr'><strong>cal-</strong></span> 
     </span>
    </p>
   </div>
   <div class='ocr_carea' id='block_1_95' title="bbox 2248 3608 3835 3680">
    <p class='ocr_par' dir='ltr' id='par_1_95' title="bbox 2248 3608 3835 3680">
     <span class='ocr_line' id='line_1_95' title="bbox 2248 3608 3835 3680; baseline -0.001 -14"><span class='ocrx_word' id='word_1_736' title='bbox 2248 3611 2403 3667; x_wconf 89' lang='lat' dir='ltr'><strong>vitics</strong></span> <span class='ocrx_word' id='word_1_737' title='bbox 2427 3628 2442 3677; x_wconf 91' lang='lat'><strong>;</strong></span> <span class='ocrx_word' id='word_1_738' title='bbox 2468 3627 2533 3666; x_wconf 87' lang='lat' dir='ltr'><strong>ne</strong></span> <span class='ocrx_word' id='word_1_739' title='bbox 2570 3626 2689 3667; x_wconf 92' lang='lat' dir='ltr'><strong>cum</strong></span> <span class='ocrx_word' id='word_1_740' title='bbox 2730 3609 2955 3680; x_wconf 87' lang='lat' dir='ltr'><strong>quisque</strong></span> <span class='ocrx_word' id='word_1_741' title='bbox 2992 3617 3254 3665; x_wconf 88' lang='lat' dir='ltr'><strong>sacratam</strong></span> <span class='ocrx_word' id='word_1_742' title='bbox 3295 3609 3557 3664; x_wconf 89' lang='lat' dir='ltr'><strong>calvitiem</strong></span> <span class='ocrx_word' id='word_1_743' title='bbox 3594 3611 3614 3641; x_wconf 74' lang='lat'>&#39;</span> <span class='ocrx_word' id='word_1_744' title='bbox 3648 3608 3835 3665; x_wconf 88' lang='lat' dir='ltr'><strong>irrise-</strong></span> 
     </span>
    </p>
   </div>
   <div class='ocr_carea' id='block_1_96' title="bbox 2247 3699 3836 3770">
    <p class='ocr_par' dir='ltr' id='par_1_96' title="bbox 2247 3699 3836 3770">
     <span class='ocr_line' id='line_1_96' title="bbox 2247 3699 3836 3770; baseline -0.003 -12"><span class='ocrx_word' id='word_1_745' title='bbox 2247 3703 2337 3770; x_wconf 90' lang='lat' dir='ltr'><strong>rit,</strong></span> <span class='ocrx_word' id='word_1_746' title='bbox 2367 3717 2396 3757; x_wconf 91' lang='lat' dir='ltr'><strong>a</strong></span> <span class='ocrx_word' id='word_1_747' title='bbox 2435 3701 2711 3757; x_wconf 71' lang='lat' dir='ltr'><strong>dmmoniis</strong></span> <span class='ocrx_word' id='word_1_748' title='bbox 2737 3701 3042 3770; x_wconf 90' lang='lat' dir='ltr'><strong>dissipetur.</strong></span> <span class='ocrx_word' id='word_1_749' title='bbox 3082 3700 3213 3755; x_wconf 89' lang='lat' dir='ltr'><strong>Nam</strong></span> <span class='ocrx_word' id='word_1_750' title='bbox 3260 3710 3315 3756; x_wconf 91' lang='lat' dir='ltr'><strong>et</strong></span> <span class='ocrx_word' id='word_1_751' title='bbox 3355 3699 3578 3755; x_wconf 73' lang='lat' dir='ltr'><strong>Elismus</strong></span> <span class='ocrx_word' id='word_1_752' title='bbox 3608 3700 3741 3763; x_wconf 90' lang='lat' dir='ltr'><strong>ibat,</strong></span> <span class='ocrx_word' id='word_1_753' title='bbox 3784 3708 3836 3755; x_wconf 91' lang='lat' dir='ltr'><strong>et</strong></span> 
     </span>
    </p>
   </div>
   <div class='ocr_carea' id='block_1_97' title="bbox 2251 3792 3834 3864">
    <p class='ocr_par' dir='ltr' id='par_1_97' title="bbox 2251 3792 3834 3864">
     <span class='ocr_line' id='line_1_97' title="bbox 2251 3792 3834 3864; baseline -0.001 -16"><span class='ocrx_word' id='word_1_754' title='bbox 2251 3794 2506 3850; x_wconf 88' lang='lat' dir='ltr'><strong>insensati</strong></span> <span class='ocrx_word' id='word_1_755' title='bbox 2537 3794 2686 3864; x_wconf 89' lang='lat' dir='ltr'><strong>pueri</strong></span> <span class='ocrx_word' id='word_1_756' title='bbox 2711 3794 3076 3850; x_wconf 89' lang='lat' dir='ltr'><strong>clamaverunt</strong></span> <span class='ocrx_word' id='word_1_757' title='bbox 3117 3802 3238 3863; x_wconf 89' lang='lat' dir='ltr'><strong>post</strong></span> <span class='ocrx_word' id='word_1_758' title='bbox 3268 3809 3411 3860; x_wconf 91' lang='lat' dir='ltr'><strong>eum,</strong></span> <span class='ocrx_word' id='word_1_759' title='bbox 3445 3792 3595 3848; x_wconf 87' lang='lat' dir='ltr'><strong>Calve</strong></span> <span class='ocrx_word' id='word_1_760' title='bbox 3618 3835 3633 3861; x_wconf 93' lang='lat'><strong>,</strong></span> <span class='ocrx_word' id='word_1_761' title='bbox 3663 3793 3834 3858; x_wconf 74' lang='lat' dir='ltr'><strong>calve;</strong></span> 
     </span>
    </p>
   </div>
   <div class='ocr_carea' id='block_1_98' title="bbox 2250 3884 3836 3957">
    <p class='ocr_par' dir='ltr' id='par_1_98' title="bbox 2250 3884 3836 3957">
     <span class='ocr_line' id='line_1_98' title="bbox 2250 3884 3836 3957; baseline -0.002 -14"><span class='ocrx_word' id='word_1_762' title='bbox 2250 3896 2305 3943; x_wconf 88' lang='lat' dir='ltr'><strong>et</strong></span> <span class='ocrx_word' id='word_1_763' title='bbox 2352 3896 2566 3957; x_wconf 83' lang='lat' dir='ltr'><strong>prepter</strong></span> <span class='ocrx_word' id='word_1_764' title='bbox 2613 3894 3005 3941; x_wconf 87' lang='lat' dir='ltr'><strong>sacramentum</strong></span> <span class='ocrx_word' id='word_1_765' title='bbox 3054 3885 3404 3955; x_wconf 90' lang='lat' dir='ltr'><strong>implendum,</strong></span> <span class='ocrx_word' id='word_1_766' title='bbox 3445 3899 3743 3942; x_wconf 88' lang='lat' dir='ltr'><strong>conversus</strong></span> <span class='ocrx_word' id='word_1_767' title='bbox 3772 3884 3836 3940; x_wconf 84' lang='lat' dir='ltr'><strong>ad</strong></span> 
     </span>
    </p>
   </div>
   <div class='ocr_carea' id='block_1_99' title="bbox 2252 3979 3834 4050">
    <p class='ocr_par' dir='ltr' id='par_1_99' title="bbox 2252 3979 3834 4050">
     <span class='ocr_line' id='line_1_99' title="bbox 2252 3979 3834 4050; baseline -0.003 -12"><span class='ocrx_word' id='word_1_768' title='bbox 2252 3983 2531 4038; x_wconf 90' lang='lat' dir='ltr'><strong>Dominum</strong></span> <span class='ocrx_word' id='word_1_769' title='bbox 2565 3980 2825 4050; x_wconf 88' lang='lat' dir='ltr'><strong>petivitut</strong></span> <span class='ocrx_word' id='word_1_770' title='bbox 2849 3994 2943 4035; x_wconf 90' lang='lat' dir='ltr'><strong>eos</strong></span> <span class='ocrx_word' id='word_1_771' title='bbox 2970 3980 3078 4034; x_wconf 91' lang='lat' dir='ltr'><strong>ursi</strong></span> <span class='ocrx_word' id='word_1_772' title='bbox 3099 3979 3165 4034; x_wconf 92' lang='lat' dir='ltr'><strong>de</strong></span> <span class='ocrx_word' id='word_1_773' title='bbox 3198 3979 3328 4033; x_wconf 86' lang='lat' dir='ltr'><strong>silva</strong></span> <span class='ocrx_word' id='word_1_774' title='bbox 3355 3987 3611 4034; x_wconf 83' lang='lat' dir='ltr'><strong>exeuntes</strong></span> <span class='ocrx_word' id='word_1_775' title='bbox 3645 3993 3834 4033; x_wconf 53' lang='lat' dir='ltr'><strong>come.</strong></span> 
     </span>
    </p>
   </div>
   <div class='ocr_carea' id='block_1_100' title="bbox 2252 4069 3833 4145">
    <p class='ocr_par' dir='ltr' id='par_1_100' title="bbox 2252 4069 3833 4145">
     <span class='ocr_line' id='line_1_100' title="bbox 2252 4069 3833 4145; baseline -0.004 -15"><span class='ocrx_word' id='word_1_776' title='bbox 2252 4076 2441 4130; x_wconf 91' lang='lat' dir='ltr'><strong>derent</strong></span> <span class='ocrx_word' id='word_1_777' title='bbox 2475 4073 2562 4145; x_wconf 87' lang='lat' dir='ltr'><strong>(IV</strong></span> <span class='ocrx_word' id='word_1_778' title='bbox 2592 4073 2721 4143; x_wconf 80' lang='lat' dir='ltr'><strong>Reg.</strong></span> <span class='ocrx_word' id='word_1_779' title='bbox 2751 4089 2810 4136; x_wconf 85' lang='grc' dir='ltr'><strong>ιι,</strong></span> <span class='ocrx_word' id='word_1_780' title='bbox 2836 4071 2929 4136; x_wconf 74' lang='grc'><strong>25,</strong></span> <span class='ocrx_word' id='word_1_781' title='bbox 2965 4071 3077 4140; x_wconf 73' lang='grc'><strong>24).</strong></span> <span class='ocrx_word' id='word_1_782' title='bbox 3106 4071 3337 4140; x_wconf 83' lang='lat' dir='ltr'><strong>Abrepta</strong></span> <span class='ocrx_word' id='word_1_783' title='bbox 3367 4076 3449 4124; x_wconf 92' lang='lat' dir='ltr'><strong>est</strong></span> <span class='ocrx_word' id='word_1_784' title='bbox 3471 4069 3683 4140; x_wconf 80' lang='lat' dir='ltr'><strong>quidem</strong></span> <span class='ocrx_word' id='word_1_785' title='bbox 3715 4069 3833 4123; x_wconf 81' lang='lat' dir='ltr'><strong>illo-</strong></span> 
     </span>
    </p>
   </div>
   <div class='ocr_carea' id='block_1_101' title="bbox 2252 4161 3833 4229">
    <p class='ocr_par' dir='ltr' id='par_1_101' title="bbox 2252 4161 3833 4229">
     <span class='ocr_line' id='line_1_101' title="bbox 2252 4161 3833 4229; baseline -0.008 -2"><span class='ocrx_word' id='word_1_786' title='bbox 2252 4188 2371 4226; x_wconf 91' lang='lat' dir='ltr'><strong>rum</strong></span> <span class='ocrx_word' id='word_1_787' title='bbox 2400 4168 2617 4223; x_wconf 87' lang='lat' dir='ltr'><strong>infantia</strong></span> <span class='ocrx_word' id='word_1_788' title='bbox 2647 4168 2697 4220; x_wconf 93' lang='lat' dir='ltr'><strong>in</strong></span> <span class='ocrx_word' id='word_1_789' title='bbox 2726 4166 2946 4221; x_wconf 81' lang='lat' dir='ltr'><strong>exitium</strong></span> <span class='ocrx_word' id='word_1_790' title='bbox 2975 4164 2996 4195; x_wconf 86' lang='grc'><em>³</em></span> <span class='ocrx_word' id='word_1_791' title='bbox 3016 4165 3137 4219; x_wconf 71' lang='lat' dir='ltr'><strong>vita:</strong></span> <span class='ocrx_word' id='word_1_792' title='bbox 3164 4164 3230 4219; x_wconf 89' lang='lat' dir='ltr'><strong>de</strong></span> <span class='ocrx_word' id='word_1_793' title='bbox 3257 4164 3356 4219; x_wconf 89' lang='lat' dir='ltr'><strong>hoc</strong></span> <span class='ocrx_word' id='word_1_794' title='bbox 3384 4162 3613 4229; x_wconf 60' lang='lat' dir='ltr'><strong>saeculo;</strong></span> <span class='ocrx_word' id='word_1_795' title='bbox 3639 4161 3833 4217; x_wconf 89' lang='lat' dir='ltr'><strong>mortui</strong></span> 
     </span>
    </p>
   </div>
   <div class='ocr_carea' id='block_1_102' title="bbox 2253 4262 3834 4335">
    <p class='ocr_par' dir='ltr' id='par_1_102' title="bbox 2253 4262 3834 4335">
     <span class='ocr_line' id='line_1_102' title="bbox 2253 4262 3834 4335; baseline -0.005 -14"><span class='ocrx_word' id='word_1_796' title='bbox 2253 4274 2375 4321; x_wconf 91' lang='lat' dir='ltr'><strong>sunt</strong></span> <span class='ocrx_word' id='word_1_797' title='bbox 2404 4265 2577 4335; x_wconf 90' lang='lat' dir='ltr'><strong>pueri,</strong></span> <span class='ocrx_word' id='word_1_798' title='bbox 2608 4279 2764 4320; x_wconf 90' lang='lat' dir='ltr'><strong>senes</strong></span> <span class='ocrx_word' id='word_1_799' title='bbox 2789 4264 3107 4334; x_wconf 90' lang='lat' dir='ltr'><strong>quandoque</strong></span> <span class='ocrx_word' id='word_1_800' title='bbox 3146 4262 3389 4317; x_wconf 88' lang='lat' dir='ltr'><strong>morituri</strong></span> <span class='ocrx_word' id='word_1_801' title='bbox 3427 4279 3440 4316; x_wconf 90' lang='lat'><strong>:</strong></span> <span class='ocrx_word' id='word_1_802' title='bbox 3469 4268 3834 4316; x_wconf 86' lang='lat' dir='ltr'><strong>verumtamen</strong></span> 
     </span>
    </p>
   </div>
   <div class='ocr_carea' id='block_1_103' title="bbox 2252 4350 3833 4414">
    <p class='ocr_par' dir='ltr' id='par_1_103' title="bbox 2252 4350 3833 4414">
     <span class='ocr_line' id='line_1_103' title="bbox 2252 4350 3833 4414; baseline -0.006 -1"><span class='ocrx_word' id='word_1_803' title='bbox 2252 4357 2572 4414; x_wconf 90' lang='lat' dir='ltr'><strong>sacramenti</strong></span> <span class='ocrx_word' id='word_1_804' title='bbox 2598 4364 2770 4412; x_wconf 89' lang='lat' dir='ltr'><strong>terror</strong></span> <span class='ocrx_word' id='word_1_805' title='bbox 2787 4354 2942 4410; x_wconf 88' lang='lat' dir='ltr'><strong>datus</strong></span> <span class='ocrx_word' id='word_1_806' title='bbox 2970 4363 3051 4409; x_wconf 91' lang='lat' dir='ltr'><strong>est</strong></span> <span class='ocrx_word' id='word_1_807' title='bbox 3078 4353 3405 4409; x_wconf 89' lang='lat' dir='ltr'><strong>hominibus.</strong></span> <span class='ocrx_word' id='word_1_808' title='bbox 3438 4352 3661 4407; x_wconf 74' lang='lat' dir='ltr'><strong>Elisceus</strong></span> <span class='ocrx_word' id='word_1_809' title='bbox 3691 4350 3833 4406; x_wconf 89' lang='lat' dir='ltr'><strong>enim</strong></span> 
     </span>
    </p>
   </div>
   <div class='ocr_carea' id='block_1_104' title="bbox 2253 4442 3831 4521">
    <p class='ocr_par' dir='ltr' id='par_1_104' title="bbox 2253 4442 3831 4521">
     <span class='ocr_line' id='line_1_104' title="bbox 2253 4442 3831 4521; baseline -0.006 -15"><span class='ocrx_word' id='word_1_810' title='bbox 2253 4464 2538 4521; x_wconf 89' lang='lat' dir='ltr'><strong>personam</strong></span> <span class='ocrx_word' id='word_1_811' title='bbox 2560 4449 2832 4518; x_wconf 84' lang='lat' dir='ltr'><strong>cujusdam</strong></span> <span class='ocrx_word' id='word_1_812' title='bbox 2867 4456 2994 4501; x_wconf 92' lang='lat' dir='ltr'><strong>tunc</strong></span> <span class='ocrx_word' id='word_1_813' title='bbox 3020 4446 3257 4517; x_wconf 87' lang='lat' dir='ltr'><strong>gerebat,</strong></span> <span class='ocrx_word' id='word_1_814' title='bbox 3297 4444 3451 4513; x_wconf 87' lang='lat' dir='ltr'><strong>cujus</strong></span> <span class='ocrx_word' id='word_1_815' title='bbox 3501 4442 3592 4497; x_wconf 89' lang='lat' dir='ltr'><strong>lilii</strong></span> <span class='ocrx_word' id='word_1_816' title='bbox 3630 4454 3831 4505; x_wconf 88' lang='lat' dir='ltr'><strong>sumus,</strong></span> 
     </span>
    </p>
   </div>
   <div class='ocr_carea' id='block_1_105' title="bbox 2255 4532 3832 4605">
    <p class='ocr_par' dir='ltr' id='par_1_105' title="bbox 2255 4532 3832 4605">
     <span class='ocr_line' id='line_1_105' title="bbox 2255 4532 3832 4605; baseline -0.01 -7"><span class='ocrx_word' id='word_1_817' title='bbox 2255 4543 2347 4597; x_wconf 85' lang='lat' dir='ltr'><strong>lilii</strong></span> <span class='ocrx_word' id='word_1_818' title='bbox 2375 4544 2531 4605; x_wconf 88' lang='lat' dir='ltr'><strong>Core,</strong></span> <span class='ocrx_word' id='word_1_819' title='bbox 2566 4541 2775 4595; x_wconf 92' lang='lat' dir='ltr'><strong>Domini</strong></span> <span class='ocrx_word' id='word_1_820' title='bbox 2818 4538 3025 4593; x_wconf 91' lang='lat' dir='ltr'><strong>scilicet</strong></span> <span class='ocrx_word' id='word_1_821' title='bbox 3073 4537 3236 4591; x_wconf 89' lang='lat' dir='ltr'><strong>nostri</strong></span> <span class='ocrx_word' id='word_1_822' title='bbox 3277 4536 3403 4591; x_wconf 84' lang='lat' dir='ltr'><strong>Jesu</strong></span> <span class='ocrx_word' id='word_1_823' title='bbox 3449 4532 3670 4589; x_wconf 87' lang='lat' dir='ltr'><strong>Christi.</strong></span> <span class='ocrx_word' id='word_1_824' title='bbox 3721 4532 3832 4587; x_wconf 84' lang='lat' dir='ltr'><strong>.lam</strong></span> 
     </span>
    </p>
   </div>
   <div class='ocr_carea' id='block_1_106' title="bbox 2253 4626 3829 4697">
    <p class='ocr_par' dir='ltr' id='par_1_106' title="bbox 2253 4626 3829 4697">
     <span class='ocr_line' id='line_1_106' title="bbox 2253 4626 3829 4697; baseline -0.007 -7"><span class='ocrx_word' id='word_1_825' title='bbox 2253 4635 2485 4690; x_wconf 88' lang='lat' dir='ltr'><strong>occurrit</strong></span> <span class='ocrx_word' id='word_1_826' title='bbox 2514 4632 2771 4687; x_wconf 88' lang='lat' dir='ltr'><strong>Charitati</strong></span> <span class='ocrx_word' id='word_1_827' title='bbox 2797 4640 2987 4685; x_wconf 81' lang='lat' dir='ltr'><strong>vestrae</strong></span> <span class='ocrx_word' id='word_1_828' title='bbox 3011 4645 3075 4684; x_wconf 79' lang='lat' dir='ltr'><strong>ex</strong></span> <span class='ocrx_word' id='word_1_829' title='bbox 3107 4627 3413 4697; x_wconf 79' lang='lat' dir='ltr'><strong>Evangelia,</strong></span> <span class='ocrx_word' id='word_1_830' title='bbox 3444 4640 3611 4697; x_wconf 88' lang='lat' dir='ltr'><strong>quare</strong></span> <span class='ocrx_word' id='word_1_831' title='bbox 3632 4626 3829 4686; x_wconf 85' lang='lat' dir='ltr'><strong>calvus,</strong></span> 
     </span>
    </p>
   </div>
   <div class='ocr_carea' id='block_1_107' title="bbox 2252 4713 3832 4797">
    <p class='ocr_par' dir='ltr' id='par_1_107' title="bbox 2252 4713 3832 4797">
     <span class='ocr_line' id='line_1_107' title="bbox 2252 4713 3832 4797; baseline -0.009 -15"><span class='ocrx_word' id='word_1_832' title='bbox 2252 4727 2469 4797; x_wconf 86' lang='lat' dir='ltr'><strong>gerebat</strong></span> <span class='ocrx_word' id='word_1_833' title='bbox 2489 4738 2770 4795; x_wconf 85' lang='lat' dir='ltr'><strong>personam</strong></span> <span class='ocrx_word' id='word_1_834' title='bbox 2802 4721 2995 4777; x_wconf 89' lang='lat' dir='ltr'><strong>Christi</strong></span> <span class='ocrx_word' id='word_1_835' title='bbox 3022 4738 3035 4786; x_wconf 94' lang='lat'><strong>;</strong></span> <span class='ocrx_word' id='word_1_836' title='bbox 3064 4717 3417 4774; x_wconf 83' lang='lat' dir='ltr'><strong>recordamini</strong></span> <span class='ocrx_word' id='word_1_837' title='bbox 3457 4716 3599 4787; x_wconf 92' lang='lat' dir='ltr'><strong>quod</strong></span> <span class='ocrx_word' id='word_1_838' title='bbox 3627 4716 3679 4770; x_wconf 92' lang='lat' dir='ltr'><strong>in</strong></span> <span class='ocrx_word' id='word_1_839' title='bbox 3716 4713 3832 4769; x_wconf 86' lang='lat' dir='ltr'><strong>Cal-</strong></span> 
     </span>
    </p>
   </div>
   <div class='ocr_carea' id='block_1_108' title="bbox 2258 4807 3833 4884">
    <p class='ocr_par' dir='ltr' id='par_1_108' title="bbox 2258 4807 3833 4884">
     <span class='ocr_line' id='line_1_108' title="bbox 2258 4807 3833 4884; baseline -0.01 -10"><span class='ocrx_word' id='word_1_840' title='bbox 2258 4821 2414 4875; x_wconf 71' lang='lat' dir='ltr'><strong>varim</strong></span> <span class='ocrx_word' id='word_1_841' title='bbox 2463 4819 2581 4873; x_wconf 91' lang='lat' dir='ltr'><strong>loco</strong></span> <span class='ocrx_word' id='word_1_842' title='bbox 2607 4815 2893 4872; x_wconf 80' lang='lat' dir='ltr'><strong>crucifixus</strong></span> <span class='ocrx_word' id='word_1_843' title='bbox 2943 4822 3025 4869; x_wconf 89' lang='lat' dir='ltr'><strong>est</strong></span> <span class='ocrx_word' id='word_1_844' title='bbox 3070 4812 3280 4884; x_wconf 80' lang='lat' dir='ltr'><strong>(Matth.</strong></span> <span class='ocrx_word' id='word_1_845' title='bbox 3329 4827 3493 4877; x_wconf 76' lang='lat' dir='ltr'><strong>xxv&quot;,</strong></span> <span class='ocrx_word' id='word_1_846' title='bbox 3548 4808 3660 4881; x_wconf 76' lang='lat'><strong>&#39;55).</strong></span> <span class='ocrx_word' id='word_1_847' title='bbox 3714 4807 3833 4863; x_wconf 87' lang='lat' dir='ltr'><strong>Sive</strong></span> 
     </span>
    </p>
   </div>
   <div class='ocr_carea' id='block_1_109' title="bbox 2256 4899 3834 4980">
    <p class='ocr_par' dir='ltr' id='par_1_109' title="bbox 2256 4899 3834 4980">
     <span class='ocr_line' id='line_1_109' title="bbox 2256 4899 3834 4980; baseline -0.01 -14"><span class='ocrx_word' id='word_1_848' title='bbox 2256 4925 2382 4980; x_wconf 86' lang='lat' dir='ltr'><strong>ergo</strong></span> <span class='ocrx_word' id='word_1_849' title='bbox 2412 4908 2512 4965; x_wconf 93' lang='lat' dir='ltr'><strong>hoc</strong></span> <span class='ocrx_word' id='word_1_850' title='bbox 2538 4910 2913 4977; x_wconf 89' lang='lat' dir='ltr'><strong>interpretatur</strong></span> <span class='ocrx_word' id='word_1_851' title='bbox 2943 4906 3065 4974; x_wconf 81' lang='lat' dir='ltr'><strong>ﬁliis</strong></span> <span class='ocrx_word' id='word_1_852' title='bbox 3102 4904 3249 4971; x_wconf 86' lang='lat' dir='ltr'><strong>Core,</strong></span> <span class='ocrx_word' id='word_1_853' title='bbox 3280 4904 3418 4959; x_wconf 87' lang='lat' dir='ltr'><strong>sicut</strong></span> <span class='ocrx_word' id='word_1_854' title='bbox 3445 4902 3609 4958; x_wconf 88' lang='lat' dir='ltr'><strong>secuti</strong></span> <span class='ocrx_word' id='word_1_855' title='bbox 3636 4899 3834 4971; x_wconf 88' lang='lat' dir='ltr'><strong>priores</strong></span> 
     </span>
    </p>
   </div>
   <div class='ocr_carea' id='block_1_110' title="bbox 2253 4993 3830 5068">
    <p class='ocr_par' dir='ltr' id='par_1_110' title="bbox 2253 4993 3830 5068">
     <span class='ocr_line' id='line_1_110' title="bbox 2253 4993 3830 5068; baseline -0.007 -12"><span class='ocrx_word' id='word_1_856' title='bbox 2253 5001 2520 5067; x_wconf 84' lang='lat' dir='ltr'><strong>diximus;</strong></span> <span class='ocrx_word' id='word_1_857' title='bbox 2552 5002 2665 5055; x_wconf 90' lang='lat' dir='ltr'><strong>sive</strong></span> <span class='ocrx_word' id='word_1_858' title='bbox 2686 4998 2827 5053; x_wconf 86' lang='lat' dir='ltr'><strong>aliud</strong></span> <span class='ocrx_word' id='word_1_859' title='bbox 2858 4998 3076 5068; x_wconf 89' lang='lat' dir='ltr'><strong>aliquid,</strong></span> <span class='ocrx_word' id='word_1_860' title='bbox 3106 4998 3245 5068; x_wconf 90' lang='lat' dir='ltr'><strong>quod</strong></span> <span class='ocrx_word' id='word_1_861' title='bbox 3277 5010 3375 5051; x_wconf 91' lang='lat' dir='ltr'><strong>nos</strong></span> <span class='ocrx_word' id='word_1_862' title='bbox 3413 4996 3631 5050; x_wconf 87' lang='lat' dir='ltr'><strong>forsitan</strong></span> <span class='ocrx_word' id='word_1_863' title='bbox 3670 4993 3830 5055; x_wconf 86' lang='lat' dir='ltr'><strong>latet;</strong></span> 
     </span>
    </p>
   </div>
   <div class='ocr_carea' id='block_1_111' title="bbox 2255 5087 3832 5159">
    <p class='ocr_par' dir='ltr' id='par_1_111' title="bbox 2255 5087 3832 5159">
     <span class='ocr_line' id='line_1_111' title="bbox 2255 5087 3832 5159; baseline -0.008 -12"><span class='ocrx_word' id='word_1_864' title='bbox 2255 5094 2469 5147; x_wconf 91' lang='lat' dir='ltr'><strong>interim</strong></span> <span class='ocrx_word' id='word_1_865' title='bbox 2492 5090 2632 5159; x_wconf 90' lang='lat' dir='ltr'><strong>quod</strong></span> <span class='ocrx_word' id='word_1_866' title='bbox 2664 5090 2917 5154; x_wconf 87' lang='lat' dir='ltr'><strong>occurrit,</strong></span> <span class='ocrx_word' id='word_1_867' title='bbox 2958 5088 3132 5143; x_wconf 85' lang='lat' dir='ltr'><strong>videte</strong></span> <span class='ocrx_word' id='word_1_868' title='bbox 3158 5088 3278 5157; x_wconf 88' lang='lat' dir='ltr'><strong>quia</strong></span> <span class='ocrx_word' id='word_1_869' title='bbox 3308 5087 3519 5156; x_wconf 90' lang='lat' dir='ltr'><strong>plenum</strong></span> <span class='ocrx_word' id='word_1_870' title='bbox 3547 5092 3630 5140; x_wconf 90' lang='lat' dir='ltr'><strong>est</strong></span> <span class='ocrx_word' id='word_1_871' title='bbox 3660 5096 3832 5138; x_wconf 86' lang='lat' dir='ltr'><strong>sacra-</strong></span> 
     </span>
    </p>
   </div>
   <div class='ocr_carea' id='block_1_112' title="bbox 2253 5173 3829 5249">
    <p class='ocr_par' dir='ltr' id='par_1_112' title="bbox 2253 5173 3829 5249">
     <span class='ocr_line' id='line_1_112' title="bbox 2253 5173 3829 5249; baseline -0.01 -7"><span class='ocrx_word' id='word_1_872' title='bbox 2253 5196 2457 5242; x_wconf 87' lang='lat' dir='ltr'><strong>mento.</strong></span> <span class='ocrx_word' id='word_1_873' title='bbox 2488 5185 2606 5240; x_wconf 88' lang='lat' dir='ltr'><strong>Filii</strong></span> <span class='ocrx_word' id='word_1_874' title='bbox 2634 5183 2789 5249; x_wconf 88' lang='lat' dir='ltr'><strong>Core,</strong></span> <span class='ocrx_word' id='word_1_875' title='bbox 2821 5183 2914 5236; x_wconf 87' lang='lat' dir='ltr'><strong>lilii</strong></span> <span class='ocrx_word' id='word_1_876' title='bbox 2939 5180 3135 5235; x_wconf 87' lang='lat' dir='ltr'><strong>Christi</strong></span> <span class='ocrx_word' id='word_1_877' title='bbox 3166 5194 3325 5234; x_wconf 90' lang='lat' dir='ltr'><strong>:nam</strong></span> <span class='ocrx_word' id='word_1_878' title='bbox 3353 5188 3409 5233; x_wconf 91' lang='lat' dir='ltr'><strong>et</strong></span> <span class='ocrx_word' id='word_1_879' title='bbox 3435 5178 3572 5233; x_wconf 81' lang='lat' dir='ltr'><strong>filios</strong></span> <span class='ocrx_word' id='word_1_880' title='bbox 3608 5191 3733 5232; x_wconf 92' lang='lat' dir='ltr'><strong>suos</strong></span> <span class='ocrx_word' id='word_1_881' title='bbox 3754 5173 3829 5228; x_wconf 83' lang='lat' dir='ltr'><strong>di—</strong></span> 
     </span>
    </p>
   </div>
   <div class='ocr_carea' id='block_1_113' title="bbox 2253 5268 3827 5348">
    <p class='ocr_par' dir='ltr' id='par_1_113' title="bbox 2253 5268 3827 5348">
     <span class='ocr_line' id='line_1_113' title="bbox 2253 5268 3827 5348; baseline -0.011 -14"><span class='ocrx_word' id='word_1_882' title='bbox 2253 5280 2325 5334; x_wconf 90' lang='lat' dir='ltr'><strong>cit</strong></span> <span class='ocrx_word' id='word_1_883' title='bbox 2350 5291 2593 5348; x_wconf 84' lang='lat' dir='ltr'><strong>sponsus,</strong></span> <span class='ocrx_word' id='word_1_884' title='bbox 2623 5290 2742 5330; x_wconf 91' lang='lat' dir='ltr'><strong>cum</strong></span> <span class='ocrx_word' id='word_1_885' title='bbox 2772 5272 2866 5338; x_wconf 90' lang='lat' dir='ltr'><strong>ait,</strong></span> <span class='ocrx_word' id='word_1_886' title='bbox 2893 5272 3014 5327; x_wconf 86' lang='lat' dir='ltr'><strong>Non</strong></span> <span class='ocrx_word' id='word_1_887' title='bbox 3038 5279 3244 5342; x_wconf 80' lang='lat' dir='ltr'><strong>possunt</strong></span> <span class='ocrx_word' id='word_1_888' title='bbox 3269 5269 3365 5341; x_wconf 77' lang='lat' dir='ltr'><strong>ﬁlii</strong></span> <span class='ocrx_word' id='word_1_889' title='bbox 3384 5269 3554 5340; x_wconf 86' lang='lat' dir='ltr'><strong>sponsi</strong></span> <span class='ocrx_word' id='word_1_890' title='bbox 3574 5268 3827 5339; x_wconf 72' lang='lat' dir='ltr'><strong>jejunum,</strong></span> 
     </span>
    </p>
   </div>
   <div class='ocr_carea' id='block_1_114' title="bbox 2253 5357 3828 5443">
    <p class='ocr_par' dir='ltr' id='par_1_114' title="bbox 2253 5357 3828 5443">
     <span class='ocr_line' id='line_1_114' title="bbox 2253 5357 3828 5443; baseline -0.01 -19"><span class='ocrx_word' id='word_1_891' title='bbox 2253 5371 2494 5443; x_wconf 86' lang='lat' dir='ltr'><strong>quamdiu</strong></span> <span class='ocrx_word' id='word_1_892' title='bbox 2516 5385 2630 5423; x_wconf 88' lang='lat' dir='ltr'><strong>cum</strong></span> <span class='ocrx_word' id='word_1_893' title='bbox 2656 5368 2758 5420; x_wconf 82' lang='lat' dir='ltr'><strong>illis</strong></span> <span class='ocrx_word' id='word_1_894' title='bbox 2778 5376 2848 5420; x_wconf 84' lang='lat' dir='ltr'><strong>est</strong></span> <span class='ocrx_word' id='word_1_895' title='bbox 2864 5381 3080 5435; x_wconf 83' lang='lat' dir='ltr'><strong>sponsus</strong></span> <span class='ocrx_word' id='word_1_896' title='bbox 3108 5362 3215 5435; x_wconf 79' lang='lat' dir='ltr'><strong>(Id.</strong></span> <span class='ocrx_word' id='word_1_897' title='bbox 3258 5378 3333 5430; x_wconf 84' lang='lat' dir='ltr'><strong>Ix,</strong></span> <span class='ocrx_word' id='word_1_898' title='bbox 3371 5361 3483 5430; x_wconf 83' lang='lat' dir='ltr'><strong>l5).</strong></span> <span class='ocrx_word' id='word_1_899' title='bbox 3511 5357 3828 5414; x_wconf 87' lang='lat' dir='ltr'><strong>Christiano-</strong></span> 
     </span>
    </p>
   </div>
   <div class='ocr_carea' id='block_1_115' title="bbox 2252 5456 3128 5531">
    <p class='ocr_par' dir='ltr' id='par_1_115' title="bbox 2252 5456 3128 5531">
     <span class='ocr_line' id='line_1_115' title="bbox 2252 5456 3128 5531; baseline -0.013 -11"><span class='ocrx_word' id='word_1_900' title='bbox 2252 5480 2371 5521; x_wconf 90' lang='lat' dir='ltr'><strong>rum</strong></span> <span class='ocrx_word' id='word_1_901' title='bbox 2397 5472 2521 5518; x_wconf 90' lang='lat' dir='ltr'><strong>suut</strong></span> <span class='ocrx_word' id='word_1_902' title='bbox 2540 5476 2665 5531; x_wconf 82' lang='lat' dir='ltr'><strong>ergo</strong></span> <span class='ocrx_word' id='word_1_903' title='bbox 2695 5460 2794 5514; x_wconf 90' lang='lat' dir='ltr'><strong>ista</strong></span> <span class='ocrx_word' id='word_1_904' title='bbox 2826 5456 3128 5514; x_wconf 86' lang='lat' dir='ltr'><strong>toreularia.</strong></span> 
     </span>
    </p>
   </div>
   <div class='ocr_carea' id='block_1_116' title="bbox 2323 5632 3246 5697">
    <p class='ocr_par' dir='ltr' id='par_1_116' title="bbox 2323 5632 3246 5697">
     <span class='ocr_line' id='line_1_116' title="bbox 2323 5632 3246 5697; baseline -0.013 -3"><span class='ocrx_word' id='word_1_905' title='bbox 2323 5646 2337 5676; x_wconf 82' lang='grc'>¹</span> <span class='ocrx_word' id='word_1_906' title='bbox 2365 5644 2436 5693; x_wconf 81' lang='lat' dir='ltr'><strong>Sic</strong></span> <span class='ocrx_word' id='word_1_907' title='bbox 2457 5648 2531 5690; x_wconf 73' lang='lat' dir='ltr'><strong>Er.</strong></span> <span class='ocrx_word' id='word_1_908' title='bbox 2560 5647 2609 5689; x_wconf 85' lang='lat' dir='ltr'><strong>ct</strong></span> <span class='ocrx_word' id='word_1_909' title='bbox 2632 5647 2740 5688; x_wconf 74' lang='lat' dir='ltr'><strong>Mss.</strong></span> <span class='ocrx_word' id='word_1_910' title='bbox 2770 5645 2821 5687; x_wconf 83' lang='lat' dir='ltr'><strong>At</strong></span> <span class='ocrx_word' id='word_1_911' title='bbox 2843 5644 2975 5693; x_wconf 85' lang='lat' dir='ltr'><strong>Lov.,</strong></span> <span class='ocrx_word' id='word_1_912' title='bbox 3001 5632 3246 5697; x_wconf 73' lang='lat' dir='ltr'><strong>contingit.</strong></span> 
     </span>
    </p>
   </div>
   <div class='ocr_carea' id='block_1_117' title="bbox 2319 5688 3813 5765">
    <p class='ocr_par' dir='ltr' id='par_1_117' title="bbox 2319 5688 3813 5765">
     <span class='ocr_line' id='line_1_117' title="bbox 2319 5688 3813 5765; baseline -0.015 -11"><span class='ocrx_word' id='word_1_913' title='bbox 2319 5710 2338 5737; x_wconf 83' lang='grc'>²</span> <span class='ocrx_word' id='word_1_914' title='bbox 2362 5688 2472 5755; x_wconf 50' lang='lat' dir='ltr'><strong>iis.&quot;</strong></span> <span class='ocrx_word' id='word_1_915' title='bbox 2484 5688 2691 5765; x_wconf 77' lang='lat' dir='ltr'><strong>aliquot,</strong></span> <span class='ocrx_word' id='word_1_916' title='bbox 2717 5688 3256 5750; x_wconf 47' lang='lat' dir='ltr'><strong>sacratam&#39;calvariizm.</strong></span> <span class='ocrx_word' id='word_1_917' title='bbox 3298 5688 3531 5747; x_wconf 63' lang='lat' dir='ltr'><strong>Xonnulli,</strong></span> <span class='ocrx_word' id='word_1_918' title='bbox 3555 5695 3813 5738; x_wconf 65' lang='lat' dir='ltr'><strong>sacratum-</strong></span> 
     </span>
    </p>
   </div>
   <div class='ocr_carea' id='block_1_118' title="bbox 2254 5767 3590 5887">
    <p class='ocr_par' dir='ltr' id='par_1_118' title="bbox 2254 5767 3590 5887">
     <span class='ocr_line' id='line_1_118' title="bbox 2254 5767 3590 5887; baseline -0.01 -9"><span class='ocrx_word' id='word_1_919' title='bbox 2254 5776 2353 5863; x_wconf 46' lang='lat' dir='ltr'><strong>mg!</strong></span> <span class='ocrx_word' id='word_1_920' title='bbox 2552 5834 2680 5887; x_wconf 72' lang='lat' dir='ltr'><strong>Mss,</strong></span> <span class='ocrx_word' id='word_1_921' title='bbox 2707 5824 2752 5875; x_wconf 83' lang='lat' dir='ltr'><strong>in</strong></span> <span class='ocrx_word' id='word_1_922' title='bbox 2779 5824 2997 5876; x_wconf 75' lang='lat' dir='ltr'><strong>exitum:</strong></span> <span class='ocrx_word' id='word_1_923' title='bbox 3025 5825 3075 5872; x_wconf 87' lang='lat' dir='ltr'><strong>et</strong></span> <span class='ocrx_word' id='word_1_924' title='bbox 3096 5815 3327 5879; x_wconf 85' lang='lat' dir='ltr'><strong>nonnulli,</strong></span> <span class='ocrx_word' id='word_1_925' title='bbox 3352 5814 3401 5866; x_wconf 80' lang='lat' dir='ltr'><strong>in</strong></span> <span class='ocrx_word' id='word_1_926' title='bbox 3419 5812 3590 5865; x_wconf 65' lang='lat' dir='ltr'><strong>exitus.</strong></span> 
     </span>
    </p>
   </div>
  </div>
