4132 6458
307 356 450 414 1057

381 478 440 532 ὅ.
479 473 536 531 In
566 474 827 546 pressaris
858 482 1036 530 autem
1063 471 1333 529 constituti
1359 513 1372 537 ,
1402 471 1469 527 ad
1518 470 1621 527 hoc
1663 468 1894 525 conteri—

307 582 455 633 mur,
474 578 729 623 utatnore
743 574 946 632 nostro,
971 580 1075 637 quo
1086 564 1383 621 ferebamur
1401 564 1453 618 in
1482 564 1581 618 ista
1599 562 1891 628 mundana,

306 659 614 725 smcularia,
645 658 989 727 temporalia,
1014 657 1155 711 ﬂuxa
1182 664 1340 726 atque
1369 655 1605 726 peritura
1626 695 1640 721 ,
1670 654 1813 724 passi
1842 654 1897 709 in

306 749 412 816 eis,
439 749 489 803 in
516 748 619 805 hac
648 750 775 815 vita,
801 757 1061 805 tormenta
1080 758 1133 804 et
1152 748 1516 803 tribulationes
1529 762 1894 818 pressurarum

304 849 365 895 et
413 840 796 896 abundantiam
853 840 1203 896 tentationum
1231 879 1244 905 ,
1296 840 1614 911 incipiamus
1658 853 1897 909 quazrere

305 929 462 984 illam
487 931 722 1000 quietem
757 946 877 1001 qua!
906 944 1010 985 non
1038 937 1120 984 est
1146 929 1215 986 de
1240 929 1340 985 hac
1373 930 1499 996 vita,
1540 945 1639 985 nec
1683 929 1749 984 de
1797 928 1895 984 hac

307 1030 460 1077 terra
488 1038 502 1075 :
531 1032 585 1077 et
605 1021 664 1076 fit
689 1023 962 1087 Dominus,
988 1030 1044 1076 ut
1069 1022 1322 1091 scriptum
1349 1034 1451 1087 est,
1490 1022 1743 1093 refugium
1764 1037 1895 1091 pau-

305 1113 423 1183 peri
451 1111 622 1182 (Paul.
654 1129 733 1180 ιι,
760 1113 867 1183 I0).
894 1112 1029 1179 Quid
1067 1122 1151 1168 est
1190 1113 1443 1185 pauperi?
1489 1112 1760 1182 Tanquam
1797 1111 1895 1167 de-

306 1204 524 1270 stitnto,
558 1204 671 1259 sine
700 1219 821 1274 ope,
853 1203 969 1258 sine
997 1204 1215 1270 auxilio,
1245 1202 1361 1258 sine
1395 1202 1570 1273 aliqua
1598 1217 1656 1257 re
1687 1201 1753 1257 de
1790 1217 1893 1272 qua

310 1294 367 1349 in
398 1302 540 1349 terra
571 1304 876 1364 praesumat.
923 1294 1138 1349 Talibus
1186 1296 1325 1349 enim
1374 1294 1696 1365 pauperibus
1744 1295 1895 1350 adest

314 1384 482 1440 Deus.
512 1385 665 1452 Quia,
695 1384 939 1441 homines
982 1386 1081 1440 etsi
1118 1385 1391 1440 abundent
1442 1386 1662 1455 pecunia
1703 1385 1756 1440 in
1798 1386 1895 1440 hac

312 1485 483 1543 terra,
530 1476 819 1546 respiciunt
850 1476 988 1546 quod
1024 1476 1097 1530 ait
1137 1476 1422 1546 Apostolus
1444 1517 1459 1543 ,
1494 1475 1725 1546 Prwcipe
1762 1476 1895 1530 divi-

310 1569 449 1622 tibus
470 1568 623 1639 hujus
644 1570 819 1622 mundi
838 1586 935 1623 non
961 1568 1174 1637 superbe
1208 1585 1404 1637 sapere,
1428 1585 1585 1639 neque
1612 1585 1815 1638 sperare
1839 1569 1893 1622 in

308 1660 508 1714 incerto
555 1660 840 1713 divitiarum
896 1660 937 1729 (l
965 1658 1093 1712 Tim.
1124 1674 1196 1725 vt,
1223 1658 1310 1730 l7)
1346 1677 1358 1713 :
1392 1668 1447 1713 et
1496 1659 1894 1714 considerantes

308 1766 478 1821 quam
503 1750 569 1804 sit
599 1751 853 1805 incertum
885 1750 1019 1806 unde
1052 1751 1386 1821 gaudebant,
1414 1761 1697 1823 antequam
1742 1766 1894 1806 acce-

308 1841 507 1896 derent
536 1841 599 1895 ad
622 1842 929 1896 servitutem
958 1842 1074 1909 Dei,
1094 1841 1143 1896 id
1169 1852 1271 1908 est,
1304 1852 1585 1912 antequam
1611 1843 1894 1897 introirent

308 1933 365 1986 in
398 1933 699 1997 toreularia,
728 1933 997 1987 videntex
1040 1931 1168 2002 ipsis
1203 1933 1403 1987 divitiis
1451 1933 1532 1987 vel
1586 1934 1781 1988 habere
1834 1948 1894 1989 sc

306 2040 594 2093 presseras
632 2025 1031 2094 cogitationum,
1080 2025 1351 2094 quomodo
1402 2040 1463 2080 ca
1507 2027 1889 2096 gubernentur,

307 2114 585 2184 quomodo
609 2115 1005 2179 custodiantur;
1034 2115 1117 2169 vel
1146 2116 1190 2170 si
1222 2115 1491 2185 paululum
1524 2115 1895 2172 inclinaverint

307 2208 654 2277 utpiditatem
678 2216 735 2261 ut
763 2222 825 2262 ea
854 2207 1091 2277 diligant,
1121 2208 1239 2276 plus
1262 2223 1354 2263 eos
1377 2208 1583 2278 impleri
1616 2208 1892 2263 timoribus

305 2312 476 2367 quam
504 2296 777 2353 fructibus.
811 2298 945 2366 Quid
972 2299 1111 2353 enim
1142 2307 1246 2354 tam
1280 2299 1563 2367 incertum,
1604 2316 1761 2370 quam
1805 2315 1893 2356 res

303 2387 605 2442 volubilis?
632 2387 739 2445 Nec
770 2388 1032 2444 immerito
1058 2390 1167 2458 ipsa
1198 2389 1417 2459 pecunia
1460 2389 1683 2445 rotunda
1710 2390 1890 2461 signa-

306 2488 425 2546 tur,
455 2481 573 2550 quia
605 2496 709 2535 non
742 2489 865 2535 stat.
896 2480 1051 2536 Tales
1080 2497 1227 2551 ergo,
1260 2482 1358 2536 etsi
1389 2480 1618 2537 habeant
1654 2482 1851 2553 aliquid
1872 2525 1886 2547 ,

304 2586 574 2643 pauperes
589 2581 730 2626 sunt.
753 2572 850 2640 Qui
881 2587 1007 2627 vero
1028 2572 1159 2627 nihil
1187 2572 1373 2627 horum
1398 2572 1610 2636 habent,
1631 2572 1893 2629 ethabcre

302 2668 650 2731 desiderant,
678 2670 815 2722 inter
841 2667 1199 2736 reprobandos
1240 2667 1431 2722 divites
1471 2676 1889 2738 computantur:

302 2775 420 2815 non
449 2761 590 2815 enim
617 2759 841 2815 attendit
868 2760 1007 2814 Deus
1034 2758 1331 2815 facultatem
1363 2800 1376 2823 ,
1414 2759 1509 2814 sed
1540 2761 1888 2815 voluntatem.

304 2851 585 2921 Pauperes
632 2852 793 2922 igitur
836 2850 1072 2906 destituti
1115 2850 1256 2905 omni
1301 2866 1404 2921 ope
1458 2850 1717 2915 sazculari,
1767 2850 1890 2921 quia

300 2943 414 2997 etsi
442 2957 502 2997 ea
532 2941 918 3007 circumfluant,
940 2942 1236 3011 intelligunt
1261 2956 1416 3010 quam
1447 2940 1646 2996 incerta
1674 2940 1809 3004 sint;
1838 2948 1892 2995 et

302 3036 723 3106 ingemiscentes
750 3034 814 3089 ad
848 3035 1032 3101 Deum,
1057 3034 1183 3089 nihil
1217 3035 1470 3090 habentes
1505 3035 1557 3089 in
1593 3035 1694 3089 hoc
1724 3051 1892 3090 smcu-

301 3127 365 3181 lo
417 3141 519 3196 quo
569 3126 918 3191 delectentur,
969 3141 1073 3196 quo
1124 3134 1420 3190 teneantur,
1470 3126 1522 3180 in
1569 3126 1888 3181 abundantia

300 3232 677 3289 pressurarum
722 3227 775 3273 et
805 3218 1149 3273 tentationtnn
1182 3224 1428 3287 tanquam
1459 3218 1509 3272 in
1541 3218 1889 3274 torcularibus

300 3310 603 3377 constituti,
636 3309 876 3365 deﬂuunt
900 3310 1102 3372 vinum,
1127 3309 1365 3364 deﬂuunt
1385 3309 1581 3363 oleum.
1613 3309 1741 3376 Qua:
1767 3319 1890 3365 sunt

301 3402 432 3465 Ista,
452 3401 551 3456 nisi
584 3402 718 3455 bona
750 3400 1044 3456 desideria?
1071 3400 1254 3455 Restat
1282 3400 1421 3455 enim
1455 3400 1557 3455 illis
1584 3399 1891 3454 desideran-

302 3493 413 3547 dus
440 3494 733 3564 Deus;jam
766 3509 869 3548 non
904 3502 1083 3548 amant
1110 3504 1324 3548 terram.
1374 3493 1568 3547 Amant
1614 3495 1754 3549 enim
1797 3494 1888 3563 qui

304 3582 436 3637 fecit
464 3584 655 3637 coelum
686 3593 740 3638 et
772 3593 963 3638 terram
995 3601 1006 3636 :
1036 3592 1236 3649 amant,
1268 3592 1325 3639 et
1363 3584 1597 3639 nondum
1648 3599 1767 3639 cum
1823 3599 1887 3639 eo

301 3682 454 3727 sunt.
489 3673 816 3729 Desideriutn
844 3689 1022 3729 eorum
1051 3673 1309 3734 ditfertur.
1334 3684 1391 3728 ut
1414 3684 1650 3740 crescat;
1671 3675 1883 3741 crescit,

301 3772 371 3819 ιιι
412 3766 599 3834 capiat.
627 3765 742 3820 Non
786 3766 926 3820 enim
972 3781 1191 3837 parvum
1240 3767 1255 3796 ¹
1304 3766 1498 3836 aliquid
1542 3767 1759 3822 daturus
1806 3776 1885 3823 est

302 3857 455 3912 Deus
479 3857 797 3915 desideranti
820 3902 833 3923 ,
863 3868 952 3915 aut
976 3875 1158 3931 parum
1186 3862 1515 3918 exercendus
1544 3872 1623 3918 est
1654 3864 1717 3917 ad
1739 3879 1887 3934 capa-

300 3947 524 4004 citatent
551 3952 677 4005 tanti
704 3951 830 4006 boni
863 3970 874 4006 :
909 3967 1014 4007 non
1041 3952 1239 4023 aliquid
1274 3953 1410 4007 Deus
1430 3954 1569 4024 quod
1596 3955 1888 4011 fecitdatu-

300 4053 408 4093 rus
438 4048 541 4107 est,
573 4040 665 4095 scd
691 4043 923 4111 seipsum
953 4043 1040 4112 qui
1074 4042 1197 4097 fecit
1235 4044 1429 4097 omnia.
1465 4044 1541 4097 Ad
1569 4044 1885 4113 capiendum

302 4130 483 4184 Deum
511 4145 784 4197 exercere;
826 4132 965 4202 quod
996 4148 1207 4202 semper
1248 4132 1521 4190 habiturus
1551 4149 1609 4190 es
1636 4136 1721 4190 ditt
1750 4137 1889 4192 desi-

299 4220 461 4274 dera.
495 4220 774 4291 Reprobali
803 4230 923 4277 sunt
963 4224 1016 4277 in
1046 4225 1239 4294 pOptlIO
1264 4225 1451 4289 Israel.
1484 4228 1573 4297 qui
1607 4229 1886 4286 festinave-

300 4318 437 4364 runt
468 4312 711 4369 :assidue
740 4313 959 4369 allectus
990 4316 1086 4370 iste
1108 4317 1513 4386 reprehenditur
1535 4319 1583 4373 itt
1617 4320 1884 4390 Scriptura

302 4401 695 4460 festinantium.
729 4405 826 4473 Qui
857 4416 979 4461 sunt
1018 4408 1157 4462 enim
1198 4410 1287 4478 qui
1321 4409 1601 4465 festinant?
1631 4413 1729 4481 Qui
1755 4430 1884 4468 con-

301 4495 454 4549 versi
483 4496 546 4549 ad
594 4496 782 4563 Deum,
834 4513 952 4553 cum
1002 4499 1087 4555 hic
1138 4516 1242 4554 non
1300 4502 1597 4559 invenerint
1648 4507 1885 4576 requiem

304 4599 472 4654 quam
524 4588 862 4657 qumrebant,
913 4600 962 4645 et
1008 4591 1193 4661 gaudia
1225 4596 1361 4663 'qnze
1422 4598 1882 4665 promittebantur,

309 4656 561 4745 tanquam
589 4680 640 4732 in
674 4680 861 4735 itinere
887 4682 1226 4749 deficientes,
1257 4694 1309 4739 et
1341 4656 1684 4756 longum\sibi
1730 4656 1884 4761 quid;

303 4764 437 4820 dam
463 4808 478 4833 ,
504 4767 674 4823 donec
698 4770 798 4825 hoc
829 4775 1078 4827 saeculum
1108 4775 1191 4829 vel
1218 4775 1329 4829 hanc
1360 4776 1461 4829 vita
1496 4777 1763 4845 liniantur,
1797 4795 1885 4834 re-

305 4868 458 4914 stare
481 4860 814 4928 arbitrantes,
845 4873 896 4917 et
916 4874 1212 4934 qumrcntes
1244 4865 1328 4920 hic
1359 4867 1583 4938 aliquam
1614 4870 1847 4940 requiem
1869 4912 1882 4937 ,

306 4964 433 5020 qua:
454 4950 495 5004 si
518 4948 759 5021 habetur,
787 4954 915 5010 falsa
938 4965 1038 5023 est,
1058 4958 1347 5027 respiciunt
1374 4970 1534 5026 retro,
1560 4972 1611 5015 ct
1636 4961 1887 5018 decidunt

305 5057 340 5095 τι
376 5044 682 5112 proposito;
727 5062 822 5100 nec
847 5047 1126 5102 attendunt
1156 5064 1273 5103 cum
1318 5061 1515 5119 quanto
1563 5061 1764 5107 terrore
1807 5053 1887 5108 di—

307 5140 458 5187 ctum
497 5142 596 5201 est,
648 5135 948 5191 Mementote
990 5139 1162 5192 uxoris
1188 5138 1281 5193 Lot
1312 5139 1460 5209 (Luc.
1496 5158 1622 5209 xvtt,
1648 5144 1755 5213 5‘2).
1787 5144 1884 5199 Ut-

307 5223 437 5292 quid
483 5226 621 5279 enim
672 5235 844 5281 statua
889 5228 1013 5283 salis
1059 5229 1247 5284 ell‘ecta
1278 5240 1356 5283 est
1388 5231 1537 5299 (Gen.
1568 5249 1674 5297 xm,
1697 5233 1813 5302 26),
1840 5235 1885 5289 si

305 5328 415 5369 non
462 5315 706 5372 homines
754 5318 970 5385 condit,
1026 5329 1081 5373 ut
1116 5321 1354 5389 sapiant?
1399 5321 1540 5392 Ergo
1586 5325 1882 5393 exemplum

302 5406 444 5463 illius
467 5410 692 5475 malum,
721 5408 809 5463 tibi
842 5409 896 5463 fit
923 5410 1139 5477 bonum,
1177 5411 1219 5465 si
1273 5414 1495 5467 caveris.
1546 5412 1881 5480 Mementote,

302 5496 488 5572 inquit,
522 5500 713 5555 uxoris
742 5498 839 5553 Lot
872 5518 883 5552 ε
919 5503 1150 5571 respexit
1178 5504 1318 5557 enint
1339 5512 1504 5569 retro,
1535 5504 1672 5560 unde
1695 5506 1883 5561 libera-

292 5600 339 5649 ta
380 5604 499 5649 erat
545 5607 577 5645 a
634 5590 905 5656 Sodomis,
932 5600 986 5646 et
1029 5593 1097 5646 ibi
1132 5594 1403 5661 remansit,
1436 5596 1575 5650 unde
1605 5599 1880 5667 respexit;

279 5685 396 5761 ipsa
427 5688 481 5742 in
514 5684 648 5739 loco
688 5696 956 5749 mansura,
986 5692 1038 5737 et
1068 5691 1399 5741 transeuntes
1424 5686 1555 5741 alios
1582 5688 1880 5744 conditura.

336 5802 355 5835 ι
381 5802 465 5852 εἰς
496 5795 709 5856 aemig.
736 5798 817 5841 us.
838 5792 925 5842 Alii
946 5792 1074 5853 libri,
1108 5807 1294 5857 parum.

1371 349 1766 410 ENARRATIO
1800 348 1865 406 IN
1902 348 2219 410 PSALMUM
2258 356 2536 416 LXXXIII.

3439 382 3577 443 {058

2003 467 2233 572 Liberali
2276 489 2402 545 ergo
2441 493 2469 532 a
2513 479 2757 537 Sodomis
2786 487 3067 554 prieteritze
3092 491 3232 559 vitae,
3262 508 3368 552 non
3412 504 3576 572 respi-

2000 560 2203 617 ciamus
2226 575 2370 620 rctro
2400 585 2411 620 :
2442 584 2560 623 nam
2590 571 2691 627 hoc
2728 574 2975 633 festinare
3000 589 3081 635 est
3102 623 3115 645 ,
3148 599 3253 640 non
3299 560 3575 649 attendere

1999 651 2147 748 quod
2192 657 2434 748 promisit
2483 658 2643 727 Deus,
2688 665 2808 733 quia
2855 666 3009 738 longe
3050 680 3151 738 cst,
3199 684 3252 729 et
3306 680 3576 748 respicere

1999 740 2067 795 ad
2098 740 2149 795 id
2186 745 2326 812 quod
2359 749 2655 815 proximum
2687 763 2787 820 est,
2836 758 2976 812 unde
3027 762 3136 829 jam
3189 740 3443 823 liberatus
3493 786 3571 826 es.

2002 831 2077 888 De
2114 834 2304 929 talibus
2332 838 2456 929 quid
2498 840 2627 896 dicit
2650 846 2922 913 apostolus
2946 849 3174 907 Petrus?
3193 854 3447 929 Contingit
3473 861 3576 916 illis

1998 938 2076 976 res
2102 924 2205 977 veri
2228 928 2475 995 proverbii
2500 946 2519 983 :
2548 930 2699 986 Canis
2726 950 2992 992 conversus
3022 941 3038 971 ⁸
3065 942 3132 994 ad
3156 960 3302 998 suum
3330 924 3569 1004 vomitum

2000 1011 2066 1081 (ll
2096 1011 2237 1070 Pelr.
2270 1032 2325 1081 ιι,
2356 1016 2470 1087 22).
2516 1020 2792 1077 Premebat
2832 1028 2973 1081 enim
3022 1041 3207 1098 pectus
3246 1039 3572 1095 conscientia

1999 1113 2376 1195 peccatorum;
2415 1121 2632 1181 accepta
2672 1114 2992 1186 indulgentia
3019 1122 3168 1190 quasi
3211 1128 3480 1195 vomuisti,
3521 1141 3573 1186 et

1998 1192 2288 1250 relevatum
2309 1207 2392 1252 est
2419 1212 2604 1268 pectus
2638 1212 2811 1270 tuum;
2846 1208 2981 1264 facta
3010 1221 3092 1266 est
3120 1212 3257 1269 bona
3298 1192 3573 1276 conscienv

1999 1283 2069 1338 tia
2095 1300 2158 1339 ex
2187 1288 2323 1342 mala
2351 1292 2680 1349 conscientia
2712 1311 2725 1346 :
2763 1298 2887 1366 quid
2920 1315 3107 1356 rursus
3133 1310 3462 1364 converteris
3505 1311 3572 1368 ad

1998 1376 2250 1431 vomitum
2282 1382 2470 1435 tuum?
2498 1382 2723 1440 Sicanis
2769 1386 2868 1443 hoc
2923 1389 3124 1448 faciens
3172 1394 3354 1453 horret
3403 1402 3573 1457 oculis

1998 1465 2123 1529 tuis,
2149 1475 2203 1521 tu
2232 1470 2359 1537 quid
2390 1472 2498 1528 eris
2521 1475 2691 1529 oculis
2716 1478 2849 1532 Dei?

2070 1560 2125 1613 4.
2175 1560 2550 1635 Unusquisque
2604 1579 2822 1635 autem,
2881 1570 3070 1631 fratres
3117 1576 3450 1650 cbarissimi,
3506 1585 3573 1642 de

1996 1649 2114 1705 loco
2159 1652 2363 1709 itineris
2415 1656 2530 1722 sui,
2581 1659 2644 1714 ad
2696 1676 2854 1730 quem
2910 1666 3237 1733 proficiendo
3289 1649 3564 1742 pervenit,

1997 1749 2050 1839 et
2074 1759 2231 1839 quem
2260 1748 2406 1802 vovit
2435 1749 2544 1804 Deo
2569 1791 2584 1814 ,
2636 1752 2758 1809 inde
2787 1758 3001 1825 respicit
3026 1770 3173 1816 retro
3194 1804 3209 1828 ,
3239 1779 3356 1819 cum
3400 1769 3571 1839 ipsum

1996 1834 2277 1892 dimiserit.
2305 1839 2463 1896 Verbi
2488 1844 2679 1912 gratia,
2710 1848 3209 1908 statuitcastitatem
3239 1834 3570 1929 conjugalem

1996 1941 2209 1986 servare
2252 1929 2406 2004 (inde
2445 1936 2585 1989 enim
2617 1937 2799 2006 incipit
2832 1939 3088 2011 justitia);
3110 1948 3328 2002 recessit
3352 1964 3381 2002 a
3409 1952 3573 2007 forni-

1994 2020 2294 2076 cationibus
2335 2032 2389 2078 et
2417 2024 2484 2079 ab
2520 2026 2602 2079 illa
2648 2027 2827 2083 illicita
2872 2031 3202 2091 itnmunditia
3230 2055 3243 2090 ε
3272 2042 3483 2109 quando
3513 2060 3572 2101 se

1994 2110 2061 2164 ad
2089 2111 2466 2169 fornicationes
2489 2120 2842 2185 converterit,
2876 2131 3018 2178 retro
3043 2128 3296 2195 respexit.
3329 2131 3477 2187 Alius
3504 2149 3571 2189 ex

1996 2216 2213 2295 munere
2243 2204 2333 2259 Dei
2365 2206 2533 2276 majus
2560 2210 2757 2280 aliquid
2798 2214 2976 2279 vovit,
3022 2218 3204 2273 statuit
3234 2236 3329 2277 nec
3362 2226 3569 2295 nuptias

1996 2293 2101 2360 pati
2125 2309 2139 2357 ;
2173 2295 2259 2365 qui
2290 2311 2395 2351 non
2423 2297 2763 2356 damnaretur
2783 2344 2799 2369 ,
2839 2305 2882 2359 si
2909 2305 3144 2364 duxisset
3168 2326 3385 2367 uxorem
3405 2293 3572 2385 ,Vpost

1994 2392 2172 2437 votum
2216 2386 2358 2454 quod
2400 2387 2509 2443 Deo
2552 2392 2794 2470 promisit
2829 2394 2875 2448 si
2903 2394 3145 2469 duxerit,
3194 2400 3569 2470 damnabitur:

1993 2489 2114 2530 cum
2150 2475 2250 2531 hoc
2278 2478 2435 2534 faciat
2461 2483 2601 2551 quod
2631 2484 2717 2539 ille
2750 2486 2840 2554 qui
2871 2503 2976 2543 non
3005 2493 3352 2561 promiserat;
3392 2505 3567 2553 tamen

1995 2564 2082 2620 ille
2113 2583 2220 2621 non
2251 2569 2563 2636 damnatur,
2611 2574 2710 2629 iste
2738 2576 3039 2633 damnatur.
3085 2581 3260 2647 Quare
3280 2624 3293 2647 ,
3324 2584 3423 2641 nisi
3446 2588 3567 2656 quia

1994 2654 2093 2710 iste
2122 2662 2355 2726 respexit
2382 2662 2567 2715 retro?
2609 2663 2728 2719 Jam
2756 2666 2896 2721 enim
2937 2678 3059 2723 ante
3086 2681 3234 2738 erat,
3265 2673 3365 2730 iste
3389 2654 3567 2734 autem

1993 2748 2120 2804 illuc
2151 2751 2385 2806 nondum
2412 2766 2747 2824 pervenerat.
2795 2759 2883 2814 Sic
2907 2761 3073 2832 virgo,
3104 2779 3223 2833 qum
3248 2767 3291 2819 si
3322 2770 3565 2835 nuberet,

1994 2855 2098 2894 non
2122 2853 2364 2911 peccaret
2386 2844 2427 2914 (I
2452 2845 2568 2899 Cor.
2595 2863 2686 2912 vn,
2716 2848 2831 2919 28),
2863 2853 3276 2911 sanctimonialis
3303 2858 3348 2911 si
3376 2874 3570 2929 nupse-

1992 2931 2081 2996 rit,
2108 2931 2303 2988 Christi
2325 2935 2561 2991 adultera
2589 2938 2945 3008 deputabitur.
2978 2943 3231 3012 Respexit
3258 2949 3398 3003 enim
3425 2958 3570 3007 retro

1992 3022 2059 3078 de
2097 3024 2215 3078 loco
2257 3040 2361 3094 quo
2401 3039 2718 3084 accesserat.
2764 3030 2854 3086 Sic
2896 3034 3085 3102 quibus
3125 3036 3336 3104 placet,
3385 3040 3568 3097 relicta

1992 3116 2135 3169 omni
2162 3131 2257 3185 spe
2285 3119 2523 3173 saeculari
2546 3128 2598 3175 et
2623 3122 2767 3176 omni
2803 3125 3011 3180 actione
3040 3135 3250 3181 terrena
3279 3168 3294 3194 ,
3324 3132 3569 3189 conferre

1991 3221 2049 3262 se
2075 3208 2126 3262 in
2156 3210 2461 3265 societatem
2497 3222 2798 3268 sanctorum
2818 3256 2831 3279 ,
2862 3216 2915 3269 in
2953 3232 3287 3275 communem
3317 3221 3457 3277 illam
3486 3223 3567 3279 vi-

1994 3310 2098 3354 tam
2130 3302 2215 3355 ubi
2246 3316 2349 3355 non
2380 3302 2507 3356 dicit
2534 3304 2723 3372 aliquis
2749 3305 2943 3374 aliquid
2975 3310 3245 3377 proprium
3268 3352 3281 3376 ,
3311 3312 3406 3367 sed
3441 3322 3567 3368 sunt

1992 3390 2094 3444 illis
2124 3392 2301 3444 omnia
2341 3394 2639 3446 communia
2661 3435 2675 3457 ,
2722 3402 2776 3448 et
2814 3406 2895 3449 est
2934 3396 3037 3452 illis
3073 3400 3249 3453 anima
3274 3416 3373 3455 una
3399 3411 3566 3458 ctcor

1992 3497 2153 3535 unum
2186 3483 2235 3535 in
2270 3483 2434 3537 Deum
2470 3484 2602 3554 (Act.
2626 3500 2713 3549 tv,
2746 3485 2872 3558 32);
2904 3488 3142 3558 quisquis
3168 3490 3288 3547 inde
3315 3494 3567 3551 recedere

1990 3572 2244 3637 voluerit,
2286 3589 2390 3627 non
2420 3575 2542 3629 talis
2571 3576 2793 3631 habetur
2820 3579 2991 3647 qualis
3032 3581 3121 3636 ille
3148 3583 3235 3652 qui
3258 3599 3362 3638 non
3396 3586 3564 3641 intra-

1994 3668 2066 3720 vit
2094 3684 2107 3721 :
2142 3667 2232 3722 ille
2271 3667 2410 3722 enim
2460 3667 2693 3723 nondum
2722 3673 2981 3737 accessit;
3011 3672 3110 3728 iste
3139 3685 3282 3730 retro
3310 3681 3563 3747 respexit.

1990 3758 2357 3827 Quapropter,
2410 3760 2746 3826 cbarissimi,
2796 3763 3063 3831 quomodo
3109 3766 3328 3836 quisque
3371 3780 3563 3838 potest,

1994 3859 2213 3919 vovete,
2260 3859 2313 3909 et
2359 3850 2559 3912 reddite
2599 3852 2823 3913 Domino
2851 3852 2959 3906 Deo
3000 3864 3176 3910 vestro
3206 3856 3373 3925 (Ρεαι-
3404 3876 3562 3926 uxr.

1992 3940 2084 4014 12)
2137 3946 2277 4015 quod
2327 3948 2546 4017 quisque
2591 3952 2857 4019 patuerit;
2912 3968 3066 4007 nemo
3111 3956 3255 4007 retro
3294 3950 3562 4018 respiciat,

1994 4051 2149 4091 nemo
2192 4038 2427 4107 pristinis
2466 4042 2574 4094 suis
2613 4041 2938 4109 delectetur,
2990 4060 3147 4099 nemo
3191 4050 3462 4103 avertatur
3495 4044 3563 4104 aI)

1992 4142 2056 4182 eu
2082 4128 2220 4197 quod
2241 4138 2365 4183 ante
2392 4138 2489 4193 est,
2524 4130 2589 4184 ad
2618 4131 2668 4185 id
2697 4133 2839 4200 quod
2870 4143 3013 4189 retro
3038 4144 3119 4190 est
3147 4154 3160 4191 :
3188 4147 3365 4192 currat
3390 4138 3562 4196 donec

1994 4221 2296 4288 perveniat;
2329 4238 2431 4276 non
2461 4223 2601 4277 enim
2622 4224 2860 4294 pedibus,
2882 4227 2972 4281 sed
2990 4227 3255 4285 desiderio
3276 4234 3558 4289 currimus.

1990 4312 2177 4368 Nullus
2218 4324 2394 4370 autem
2425 4316 2476 4369 in
2522 4317 2621 4371 hac
2658 4317 2761 4371 vita
2795 4321 3100 4388 pervenisse
3130 4337 3187 4376 se
3228 4323 3385 4379 dicat.
3432 4327 3563 4393 Quis

1990 4406 2131 4459 enim
2164 4416 2335 4475 potest
2367 4416 2468 4461 tam
2500 4408 2765 4476 perfectus
2794 4424 2912 4465 esse
2938 4427 3094 4480 quam
3130 4415 3368 4470 Paulus?
3398 4419 3460 4471 Et
3487 4422 3560 4475 ait

1994 4507 2166 4550 tamen
2190 4539 2209 4563 ,
2260 4515 2278 4547 ‹
2316 4497 2562 4564 Fratres,
2605 4513 2703 4567 ego
2739 4515 2825 4554 me
2861 4516 2967 4555 non
3008 4503 3236 4558 arbitror
3267 4508 3562 4576 apprehen-

1992 4586 2173 4641 disse:
2204 4603 2366 4641 unum
2414 4597 2606 4652 autent,
2657 4604 2773 4658 qua:
2813 4600 2955 4645 retro
2988 4593 3183 4648 oblitus
3207 4635 3222 4660 ,
3270 4598 3321 4650 in
3352 4612 3413 4653 ea
3443 4617 3562 4669 qua:

1993 4691 2114 4733 ante
2140 4689 2265 4734 sunt
2306 4688 2579 4745 extentus,
2629 4682 2919 4736 secundum
2972 4685 3317 4743 intentionem
3366 4705 3563 4761 sequor

1992 4767 2053 4822 ad
2100 4769 2325 4838 palmam
2366 4784 2609 4838 superna:
2636 4773 2925 4825 vocationis
2948 4773 3038 4827 Dei
3061 4774 3112 4827 in
3146 4776 3357 4832 Christo
3380 4779 3503 4834 Jesu
3538 4802 3555 4833 ι

1994 4859 2247 4933 (Philipp.
2278 4877 2355 4927 nt,
2388 4862 2640 4932 15a”).
2674 4863 2832 4917 Vides
2862 4864 3075 4918 Paulum
3114 4867 3285 4923 adhuc
3322 4884 3557 4936 currere,

1992 4962 2046 5008 et
2067 4962 2117 5008 te
2141 4953 2537 5020 jam‘existimas
2564 4955 2911 5021 pervenisse?

2063 5045 2116 5101 5.
2149 5043 2295 5117 [υενε.
2327 5042 2407 5117 2.]
2438 5044 2493 5099 Si
2520 5060 2644 5115 ergo
2674 5047 2838 5100 sentis
2872 5060 3144 5115 pressuras
3174 5047 3328 5116 hujus
3355 5051 3560 5118 mundi,

1992 5136 2150 5192 etiam
2189 5150 2309 5190 cum
2350 5135 2472 5191 felix
2502 5151 2560 5191 es
2581 5176 2595 5199 ,
2642 5136 2948 5190 intellexisti
2980 5143 3029 5188 te
3056 5150 3176 5191 esse
3208 5139 3258 5191 in
3288 5141 3557 5196 torculari.

1992 5229 2194 5284 Putatis
2223 5228 2365 5283 enim
2395 5270 2408 5294 ,
2439 5228 2625 5282 fratres
2665 5228 2798 5291 mei,
2845 5227 3205 5284 infelicitatem
3234 5234 3411 5287 saeculi
3446 5250 3563 5290 me-

1996 5320 2244 5376 tuendam
2270 5334 2388 5375 esse
2413 5361 2426 5384 ,
2476 5327 2529 5373 et
2573 5318 2875 5373 felicitatem
2907 5334 3011 5374 non
3041 5335 3159 5376 esse
3189 5326 3567 5380 metuendam?

1996 5411 2108 5466 Imo
2127 5427 2254 5466 vero
2278 5412 2417 5464 nulla
2447 5408 2728 5463 infelicitas
2762 5408 2971 5480 frangit,
2994 5428 3150 5481 quem
3183 5414 3403 5470 felicitas
3426 5418 3565 5472 nulla

1996 5502 2310 5570 corrumpit.
2363 5498 2637 5567 Quomodo
2678 5514 2819 5568 ergo,
2843 5501 3074 5555 cavenda
3122 5512 3171 5556 et
3218 5506 3447 5558 timenda
3487 5515 3564 5562 est

1993 5596 2107 5666 ipsa
2137 5593 2435 5662 corruptrix
2464 5633 2477 5657 ,
2530 5606 2594 5645 ne
2624 5600 2674 5645 te
2718 5591 3037 5647 blandiendo
3080 5594 3335 5649 seducat?
3378 5595 3451 5651 Ne
3481 5598 3563 5651 in-

1993 5687 2210 5743 cumbas
2238 5686 2288 5739 in
2320 5685 2562 5739 baculum
2602 5684 2904 5747 arundinis;
2950 5700 3067 5738 nam
3098 5694 3149 5741 ct
3181 5684 3280 5741 hoc
3310 5688 3561 5758 scriptum

2065 5799 2080 5830 ¹
2104 5796 2239 5858 Dld.,
2265 5810 2499 5850 reversus.
2527 5804 2579 5846 Λῑ
2606 5803 2734 5855 Mss,
2762 5807 3028 5846 conversus.
