4132 6522
556 349 693 410 ιο59
1791 332 1849 385 S.
1892 326 2255 386 AUGUSTINI
2294 327 2590 385 EPlSCOPi

556 474 638 524 est
660 508 673 531 ,
705 459 961 534 quosdam
990 454 1299 512 incumbere
1336 450 1390 506 in
1428 445 1673 504 baculum
1699 443 1993 499 arundinis.
2018 440 2136 496 Noli

557 572 609 617 te
638 556 858 615 credere
884 550 972 625 (ιν
1003 548 1131 618 Reg.
1162 559 1309 608 xvut,
1337 540 1460 611 2|);
1491 537 1675 608 fragile
1700 544 1782 591 est
1800 551 1905 605 quo
1930 534 2137 598 niteris,

559 651 816 721 frangitur
864 623 917 700 et
960 640 1213 697 interimit
1248 645 1318 692 te.
1366 633 1423 689 Si
1451 646 1579 703 ergo
1611 629 1861 685 felicitate
1905 626 1999 679 tibi
2039 623 2140 682 iste

561 716 791 799 mun'dus
816 736 1048 793 arrideat
1072 772 1086 795 ,
1121 732 1173 785 in
1216 740 1462 798 pressura
1493 734 1544 778 te
1567 729 1813 790 computa
1835 760 1849 784 ,
1891 725 1948 771 ut
1971 716 2137 780 dicas,

559 833 958 891 Tribulationem
992 836 1035 878 et
1065 820 1288 876 dolorem
1314 805 1513 881 inveni,
1556 824 1602 869 et
1627 828 1807 867 nomen
1831 808 2035 863 Domini
2058 809 2140 862 in-

562 925 731 981 vocavi
765 918 931 991 (Psal.
961 930 1113 979 CXIV,
1145 913 1211 975 3,
1234 911 1311 978 4).
1342 908 1456 962 Non
1483 905 1634 968 dixit,
1663 902 1827 956 inveni
1856 899 2138 954 tribulatio-

564 1033 713 1080 nem,
743 990 845 1067 nisi
872 1005 1158 1080 quamdam
1188 1018 1304 1073 qua:
1336 1001 1465 1054 latet
1491 1016 1504 1052 :
1532 994 1773 1066 quardam
1802 993 1941 1047 enim
1974 990 2139 1043 tribu-

559 1112 688 1169 latio
717 1104 973 1177 quosdam
1018 1100 1071 1154 iu
1104 1096 1206 1151 hoc
1247 1093 1444 1149 sarculo
1474 1091 1634 1151 latet,
1682 1085 1769 1155 qui
1811 1091 1999 1154 putant
2041 1081 2143 1134 sibi

562 1180 700 1260 bene
728 1173 881 1262 esse,
928 1209 1047 1250 cum
1090 1188 1494 1262 peregrinantur
1527 1198 1556 1237 a
1588 1179 1834 1236 Domino.
1890 1173 2144 1243 Quamdiu

563 1297 703 1352 enim
731 1306 904 1347 sumus
930 1288 982 1341 in
1024 1299 1232 1353 corpore
1253 1322 1267 1347 ,
1316 1277 1520 1348 inquit,
1570 1271 1949 1344 peregrinantur
1973 1284 2002 1319 a
2028 1265 2140 1320 Do-

567 1391 702 1442 mino
731 1386 794 1456 (ll
821 1382 939 1439 Cor.
966 1395 1020 1443 v,
1053 1376 1129 1447 6).
1156 1375 1210 1431 Si
1232 1390 1258 1426 a
1290 1380 1439 1443 patre
1467 1378 1559 1422 tuo
1586 1364 1802 1420 homine
1832 1358 2141 1431 peregrina-

578 1481 705 1536 reris
728 1520 742 1543 ,
786 1476 947 1530 miser
970 1484 1115 1524 esses
1142 1479 1156 1522 ε
1184 1482 1212 1520 a
1252 1463 1473 1519 Domino
1504 1455 1860 1529 peregrinaris
1884 1492 1899 1518 ,
1931 1460 1984 1506 et
2019 1449 2141 1504 felix

567 1587 625 1626 es
647 1570 670 1623 ?
696 1569 840 1637 Ergo
868 1571 990 1617 sunt
1017 1559 1106 1628 qui
1135 1564 1319 1627 putant
1350 1554 1485 1607 bene
1523 1549 1623 1605 sibi
1651 1561 1793 1602 esse.
1841 1543 1939 1610 Qui
1964 1550 2141 1596 autem

566 1635 864 1727 intelligunt
912 1654 966 1709 in
1014 1648 1250 1721 qualibet
1295 1638 1714 1699 circumfluentia
1761 1635 2033 1704 capiarum
2078 1639 2131 1685 et

571 1723 895 1819 voluptatum
931 1785 945 1810 ,
995 1739 1235 1811 quamvis
1260 1735 1324 1789 ad
1369 1743 1553 1787 nutum
1592 1735 1780 1784 cuncta
1812 1723 2137 1784 deserviant,

569 1841 810 1915 quamvis
837 1835 971 1891 nihil
998 1832 1278 1888 molestum
1311 1827 1529 1894 irrepat,
1569 1820 1697 1875 nihil
1725 1818 2007 1872 adversum
2034 1822 2143 1866 ter-

569 1907 687 1991 neat
707 1974 722 1999 ,
767 1941 943 1986 tamen
976 1927 1027 1979 in
1058 1923 1198 1978 malo
1224 1935 1281 1974 se
1307 1932 1428 1973 esse
1457 1912 1707 1985 quamdiu
1739 1907 2146 1980 peregrinantur

568 2046 599 2084 a
628 1996 882 2086 Domino;
929 2015 1233 2073 acutissimo
1264 2009 1420 2065 oculo
1466 2003 1857 2061 tribulationem
1903 2007 1958 2053 et
1995 1996 2146 2051 dolo-

569 2136 681 2177 rem
735 2118 1078 2173 invenerunt,
1139 2114 1192 2161 et
1230 2118 1425 2159 nomen
1486 2096 1693 2154 Domini
1747 2096 2141 2149 invocaverunt.

484 2204 487 2207 ⁷
526 2190 532 2249 ί
568 2188 715 2275 Talis
740 2217 823 2264 est
846 2206 936 2274 qui
966 2208 1145 2257 cantat
1184 2200 1234 2252 in
1264 2196 1365 2250 hoc
1388 2192 1609 2264 psalmo.
1640 2188 1768 2255 Quis
1793 2187 1910 2241 est?
1939 2183 2146 2252 Corpus

534 2284 537 2287 δ
573 2305 791 2362 Christi.
832 2300 961 2368 Quis
986 2306 1069 2351 est
1095 2294 1230 2349 iste?
1270 2290 1411 2355 Vos,
1440 2289 1484 2342 si
1510 2285 1706 2348 vultis;
1746 2295 1844 2336 nos
1865 2292 2072 2340 omnes,
2100 2275 2147 2330 si

566 2397 845 2457 volumus;
872 2401 1058 2445 omnes
1084 2385 1175 2439 filii
1197 2382 1356 2447 Core,
1382 2388 1437 2434 et
1463 2389 1648 2432 omnes
1665 2386 1800 2427 unus
1822 2371 2001 2434 homo,
2025 2367 2147 2435 quia

567 2504 731 2545 unum
760 2484 953 2540 Christi
982 2495 1194 2545 corpus.
1249 2471 1528 2544 Quomodo
1558 2484 1661 2523 non
1689 2473 1773 2521 est
1797 2476 1932 2518 unus
1962 2461 2145 2524 homo,

565 2582 654 2653 qui
686 2594 847 2635 unum
869 2583 1027 2643 caput
1056 2569 1255 2625 habet?
1285 2566 1456 2634 Caput
1475 2560 1710 2616 omnium
1733 2564 1973 2611 nostrum
1989 2551 2148 2607 Chri-

568 2643 683 2731 stus
722 2682 805 2727 est
837 2689 849 2723 :
882 2681 1076 2738 corpus
1103 2664 1243 2719 illius
1268 2657 1456 2730 capitis
1484 2667 1671 2708 omnes
1704 2666 1801 2704 nos
1832 2660 2033 2702 sumus.
2082 2643 2151 2698 Et

570 2779 758 2821 omnes
790 2762 842 2816 in
888 2735 993 2814 hac
1031 2757 1137 2810 vita
1179 2754 1232 2808 in
1272 2746 1625 2805 torcularibus
1664 2755 1848 2797 sumus
1883 2756 1895 2791 :
1928 2736 1974 2790 si
2012 2735 2150 2789 bene

576 2856 811 2927 sapimus
832 2892 845 2917 ,
888 2851 995 2920 jam
1022 2846 1088 2902 ad
1118 2841 1405 2898 toreularia
1433 2838 1694 2893 venimus.
1746 2833 1885 2900 Ergo
1913 2828 1966 2882 in
1995 2840 2148 2896 prcs-

569 2925 709 3005 suris
733 2942 1080 3001 tentatiouum
1104 2933 1409 2995 constituti,
1439 2930 1659 2984 edamus
1686 2925 1821 2978 hanc
1848 2934 2029 2974 vocem
2050 2959 2065 2982 ,
2096 2925 2151 2972 et

570 3038 952 3112 prreniittamus
994 3026 1315 3085 desideriqu
1363 3030 1605 3077 nostrum
1654 3035 1665 3070 :
1712 3016 1878 3082 Quam
1923 3010 2149 3064 dilectis-

569 3097 699 3188 sima
729 3131 745 3161 ³
772 3135 909 3189 sunt,
935 3120 1120 3193 inquit,
1153 3114 1476 3173 tabernacula
1499 3121 1607 3175 tua,
1639 3107 1855 3161 Domine
1877 3097 2152 3158 virtutum!

563 3224 711 3295 Erat
732 3220 782 3274 in
817 3211 1170 3271 tabernaculis
1197 3206 1545 3279 quibusdam,
1576 3202 1627 3256 id
1655 3208 1757 3264 est,
1786 3197 1839 3251 in
1867 3194 2149 3251 torculari-

573 3308 713 3370 bus;
762 3304 855 3358 sed
901 3299 1239 3356 desiderabat
1284 3296 1384 3348 alia
1440 3290 1819 3354 tabernacula,
1867 3291 1954 3341 ubi
2003 3289 2146 3339 nulla

568 3414 815 3474 pressura
845 3405 927 3451 est
966 3413 980 3449 :
1011 3395 1062 3447 in
1094 3392 1178 3446 his
1204 3390 1327 3443 illuc
1351 3384 1686 3455 suspirabat,
1738 3381 1805 3436 ab
1849 3380 1932 3434 his
1974 3379 2027 3433 in
2059 3378 2147 3432 illa

569 3471 665 3563 per
692 3486 941 3545 desiderii
967 3484 1205 3539 canalem
1232 3482 1252 3512 ¹
1283 3477 1512 3545 quodam
1545 3474 1704 3529 modo
1732 3471 2013 3527 defluebat.

636 3585 692 3640 6.
721 3581 870 3655 [vers.
900 3581 953 3643 5,
988 3575 1065 3649 4.]
1099 3576 1157 3629 Et
1183 3573 1304 3642 quid
1328 3568 1605 3638 sequitur?
1639 3566 1955 3634 Concupiscit
1984 3572 2030 3617 et
2058 3562 2146 3615 de-

570 3677 674 3746 ficit
710 3674 879 3727 anima
907 3686 1015 3724 mea
1043 3668 1096 3721 in
1139 3666 1270 3718 atria
1300 3660 1526 3715 Domini.
1575 3659 1769 3714 Parum
1805 3665 1916 3715 est.
1949 3654 2145 3708 Concu-

568 3743 716 3837 piscit
755 3773 801 3818 ct
843 3761 1049 3830 (le/icit;
1095 3756 1187 3812 sed
1228 3768 1334 3824 quo
1367 3749 1585 3806 deficit?
1629 3747 1697 3802 In
1735 3748 1869 3800 atria
1911 3743 2137 3798 Domini.

569 3856 774 3914 Defecit
805 3868 901 3908 uva
936 3864 1117 3920 pressa
1143 3865 1157 3912 ;
1200 3845 1292 3901 sed
1317 3859 1423 3915 quo
1452 3840 1682 3897 defecit?
1726 3838 1781 3893 In
1812 3838 1991 3892 vinum
2012 3844 2067 3891 et
2094 3837 2146 3890 in

567 3949 738 4005 lacum
761 3988 776 4011 ,
825 3954 879 3998 et
919 3944 969 3996 in
1000 3938 1273 4011 apotheca:
1301 3933 1536 4002 requiem
1560 3974 1574 3997 ,
1608 3930 1863 3985 servanda
1896 3928 1946 3983 in
1968 3927 2148 3999 quiete

568 4055 776 4111 magna.
807 4036 906 4092 Hic
929 4034 1263 4090 desideratur
1286 4071 1301 4096 ,
1330 4027 1401 4083 ibi
1420 4025 1659 4095 capitur,
1703 4022 1791 4079 hic
1826 4022 2143 4091 suspiratur,

566 4133 640 4188 ibi
665 4128 961 4201 gaudetur;
1008 4124 1092 4177 hie
1117 4132 1327 4184 oratur,
1369 4118 1437 4172 ibi
1472 4116 1748 4178 laudatur;
1782 4112 1866 4167 hic
1894 4112 2143 4182 gemitur,

569 4222 643 4279 ibi
667 4221 979 4281 exsultatur.
1006 4216 1075 4268 Ea
1097 4228 1216 4282 quae
1237 4211 1343 4265 dixi
1370 4207 1519 4278 quasi
1547 4206 1677 4260 dura
1705 4204 1791 4259 hic
1819 4218 1977 4258 nemo
1997 4217 2148 4257 aver-

569 4323 717 4371 setur
741 4330 758 4376 ς
783 4324 940 4379 nemo
970 4306 1118 4377 quasi
1148 4303 1276 4357 nolit
1301 4300 1429 4370 pati.
1465 4296 1798 4352 Metuendum
1827 4304 1907 4348 est
1933 4309 1999 4348 ne
2023 4309 2143 4358 uva,

576 4409 703 4463 dum
741 4401 973 4458 torcular
1002 4398 1188 4462 timet,
1237 4394 1302 4448 ab
1332 4392 1517 4446 avibus
1554 4389 1635 4444 vel
1665 4404 1695 4442 a
1728 4386 1855 4442 feris
1897 4385 2146 4441 comeda-

574 4510 681 4555 tur.
725 4496 781 4551 ln
814 4508 1008 4562 magna
1038 4490 1248 4544 videtur
1270 4486 1483 4541 tristitia
1504 4497 1655 4550 csse,
1686 4498 1806 4536 cum
1833 4480 1982 4541 dicit.
2013 4478 2147 4533 Con-

569 4592 785 4661 cupiscit
805 4599 852 4642 et
866 4586 1034 4655 deﬁcit
1058 4584 1228 4637 anima
1248 4597 1358 4635 mea
1385 4581 1438 4633 in
1457 4579 1587 4632 atria
1607 4575 1776 4631 Domit
1800 4592 1850 4640 i;
1879 4589 1981 4629 non
2005 4573 2145 4628 enim

570 4685 734 4740 habet
758 4680 898 4752 quod
926 4677 1191 4733 desiderat
1226 4693 1239 4727 :
1270 4672 1362 4729 sed
1386 4669 1638 4741 numquid
1668 4670 1784 4725 sine
1803 4666 1994 4739 gaudio
2024 4666 2147 4720 est?

571 4779 691 4844 Quo
732 4772 964 4845 gaudio?
1006 4767 1161 4837 Quod
1192 4768 1213 4799 ³
1238 4768 1312 4821 ait
1355 4764 1678 4835 Apostolus:
1710 4760 1815 4831 Spe
1854 4759 2143 4831 gaudentes.

570 4869 648 4924 lbi
685 4867 792 4937 jam
823 4880 880 4919 re
907 4860 1195 4934 gaudebit,
1240 4856 1398 4911 modo
1432 4854 1605 4909 adhuc
1629 4869 1742 4922 spe.
1800 4850 2027 4920 ltleoque
2058 4848 2146 4919 qui

572 4966 668 5032 spe
694 4957 921 5029 gaudent
942 4995 969 5031 ,ἢ
987 4954 1108 5024 quia
1139 4951 1267 5006 certi
1295 4956 1419 5003 sunt
1448 4962 1507 5001 se
1529 4953 1870 5015 accepturos,
1920 4942 2148 4997 tolerant

574 5056 628 5109 in
658 5049 906 5107 torculari
930 5032 1117 5100 omnes
1145 5055 1441 5112 pressuras.
1473 5038 1760 5106 Propterea
1791 5040 1847 5089 et
1879 5033 1992 5103 ipse
2021 5044 2151 5103 apo-

573 5143 743 5199 stolus
766 5155 891 5196 cum
920 5137 1172 5197 dixisset,
1207 5132 1314 5201 Spe
1338 5128 1648 5202 gaudentes;
1674 5125 1821 5195 quasi
1855 5124 1936 5177 his
1962 5123 2147 5191 loque-

572 5242 753 5295 retur,
794 5229 882 5297 qui
906 5228 1015 5295 .jam
1041 5227 1092 5279 in
1123 5222 1373 5279 torculari
1407 5229 1563 5285 sunt,
1593 5218 1793 5272 addidit
1822 5217 1997 5270 statim
2036 5231 2047 5265 :
2083 5211 2148 5266 In

570 5320 890 5385 tribulatione
918 5318 1175 5387 patientes.
1201 5313 1267 5367 In
1299 5312 1633 5372 tribulatione,
1663 5311 1848 5377 inquit,
1874 5306 2112 5377 patientes
2130 5321 2148 5358 :

574 5414 700 5485 quid
746 5408 979 5466 deinde?
1030 5407 1093 5461 In
1121 5406 1345 5461 oratione
1390 5403 1657 5457 tolerantes
1688 5398 1862 5472 (Rom.
1896 5414 1998 5462 xu,
2034 5396 2144 5466 l2).

632 5553 649 5584 ⁸
677 5550 811 5610 Edd.,
836 5546 1079 5599 mnabilia.
1108 5546 1335 5610 At_no_s_tri
1351 5555 1522 5610 omnes
1542 5547 1673 5610 Mss.,
1695 5535 2021 5610 dilectissima.

630 5598 867 5663 ἰωὰ-ἐι
889 5619 1018 5670 biss.,
1046 5622 1129 5673 per
1148 5606 1444 5673 desiderium
1465 5598 1665 5673 carnale
1691 5614 1706 5650 :
1729 5608 1954 5673 excepto
1980 5598 2152 5673 codice

567 5661 859 5786 ῗὲηἙῈηαυὶ
876 5661 1055 5731 habet;
1066 5683 1151 5735 per
1170 5666 1402 5719 desiderii
1442 5664 1702 5724 carnalem,
1729 5661 1854 5711 haud
1876 5661 2024 5711 dubie
2046 5672 2151 5723 pro,

565 5750 907 5859 mimdflm‘alii,
930 5807 1053 5858 quo;
1087 5793 1184 5851 alii,
1215 5790 1347 5853 quid.
1445 5798 1500 5838 Μ.

3687 332 3847 392 Μ)ὗο

2253 443 2391 511 Quid
2418 452 2531 510 est,
2563 442 2871 499 tolerantes?
2916 443 3048 511 Quia
3084 442 3407 501 diti'erimini.
3440 444 3615 502 Oratis
3637 456 3689 502 et
3713 446 3847 503 dif-

2247 535 2511 596 ferimini:
2556 538 2777 592 tolerate
2823 538 2961 609 quod
3011 538 3312 594 differimini
3344 558 3356 594 :
3387 540 3641 596 toleretur
3678 542 3839 612 quod

2245 629 2518 693 differtur;
2550 632 2672 700 quia
2703 645 2823 685 cum
2856 631 3101 697 venerit,
3147 648 3254 686 non
3284 634 3535 687 aufertur.

2318 722 2370 778 7.
2402 722 2604 778 Audisti
2634 724 2885 793 gemitum
2916 726 2967 779 in
2988 725 3233 780 torculari
3252 769 3265 789 ,
3295 724 3559 780 Desiderat
3579 735 3626 779 et
3654 726 3841 795 deﬁcit

2246 814 2417 868 anima
2445 831 2554 867 mea
2583 817 2636 867 in
2677 816 2810 868 atria
2847 814 3096 880 Domini;
3149 818 3271 870 audi
3313 818 3453 873 unde
3498 818 3683 883 duret,
3724 834 3842 889 spe

2245 906 2480 976 gaudens
2514 925 2527 960 :
2561 908 2659 961 Cor
2675 924 2839 961 meum
2862 920 2907 961 et
2924 926 3041 963 caro
3068 927 3178 964 mea
3202 912 3569 965 cxsultaverunt
3591 913 3641 965 in
3659 911 3839 967 Deum

2251 999 2433 1051 vivum.
2483 997 2895 1053 Exsultaverunt
2937 999 3023 1055 hic
3055 1002 3103 1054 in
3133 1000 3283 1055 illud.
3328 1002 3479 1057 Unde
3508 1004 3827 1071 exsultatio,

2247 1089 2347 1143 nisi
2397 1088 2464 1143 de
2503 1090 2639 1158 spe?
2687 1093 2801 1156 Qun
2839 1093 3279 1147 exsultaverunt?
3328 1093 3390 1147 In
3432 1092 3597 1148 Deum
3641 1097 3838 1151 virum.

2248 1178 2376 1245 Quae
2407 1180 2499 1235 tibi
2523 1183 2962 1236 cmultavcrunt?
3006 1181 3105 1238 Cor
3126 1201 3287 1239 meum
3309 1196 3353 1239 et
3375 1202 3492 1240 caro
3518 1203 3645 1240 mea.
3676 1186 3842 1243 Unde

2248 1274 2691 1329 cxsultaverunl?
2720 1274 2859 1328 Nam
2885 1286 2930 1329 et
2959 1293 3148 1345 passer,
3189 1277 3375 1347 inquit.
3403 1279 3590 1333 invenit
3620 1280 3711 1333 sibi
3730 1281 3840 1335 do-

2248 1382 2406 1426 mum,
2437 1376 2482 1418 et
2507 1375 2669 1419 turtur
2691 1366 2865 1419 nidum
2890 1366 3002 1432 sibi,
3028 1368 3113 1421 ubi
3133 1380 3287 1437 ponat
3308 1370 3472 1437 pullos
3502 1386 3641 1423 suos.
3688 1371 3841 1438 Quid

2250 1466 2332 1511 est
2363 1456 2502 1510 hoc?
2531 1456 2640 1510 Duo
2666 1456 2893 1523 dixerat,
2923 1467 2973 1511 et
3002 1457 3106 1511 duo
3133 1459 3361 1514 reddidit
3386 1460 3437 1513 in
3465 1461 3836 1516 similitudini-

2248 1546 2346 1602 bus
2372 1546 2546 1601 avium
2580 1566 2591 1601 :
2621 1547 2830 1602 dixerat
2863 1548 3158 1603 exsultasse
3184 1564 3278 1603 eor
3302 1566 3493 1615 suum,
3530 1561 3584 1607 ct
3610 1567 3839 1615 carnem

2248 1653 2397 1693 suam
2419 1680 2434 1702 ,
2466 1647 2520 1693 et
2547 1637 2628 1692 his
2653 1638 2861 1693 duobus
2887 1640 3114 1694 reddidit
3143 1656 3412 1709 passerem
3439 1612 3491 1696 et
3522 1612 3835 1711 turturem}

2248 1744 2341 1784 cor
2372 1739 2617 1799 tanquam
2668 1746 2855 1800 passer
2877 1773 2891 1797 ,
2936 1746 3061 1785 caro
3096 1740 3345 1801 tanquam
3376 1744 3569 1788 turtur.
3624 1734 3842 1792 Invenit

2249 1821 2349 1876 sibi
2378 1821 2595 1876 domum
2636 1837 2819 1891 passer
2839 1865 2853 1887 ,
2899 1823 3097 1877 invenit
3121 1823 3220 1878 sibi
3260 1824 3475 1878 domum
3505 1840 3599 1879 cor
3624 1842 3834 1882 mcum.

2250 1913 2478 1968 Exercet
2517 1929 2717 1984 pennas
2746 1915 2796 1967 in
2826 1914 3105 1969 virtutibus
3133 1914 3287 1984 hujus
3328 1917 3603 1985 temporis,
3636 1917 3687 1970 in
3716 1918 3839 1987 ipsa

2252 2007 2374 2070 fide,
2394 2016 2447 2062 et
2463 2021 2579 2076 Spe,
2602 2017 2656 2061 et
2671 2006 2945 2069 cbaritate,
2970 2008 3161 2076 quibus
3179 2009 3319 2063 volet
3336 2011 3384 2062 in
3408 2009 3622 2064 domum
3646 2025 3801 2065 suam
3819 2029 3835 2065 :

2248 2108 2301 2153 et
2327 2112 2445 2153 cum
2474 2099 2681 2152 venerit
2714 2099 3075 2168 permanebit,
3119 2108 3173 2154 et
3196 2100 3305 2169 jam
3334 2102 3552 2170 querula
3583 2119 3682 2157 vox
3712 2118 3841 2174 pas-
3899 2080 3910 2091 ”

2249 2190 2384 2244 seris
2408 2205 2526 2259 qua:
2554 2190 2638 2244 hic
2659 2200 2779 2257 est,
2808 2206 2915 2244 non
2955 2191 3059 2245 erit
3099 2192 3191 2245 ibi.
3223 2192 3354 2246 Nam
3389 2194 3502 2264 ipse
3533 2203 3614 2248 est
3640 2211 3842 2265 queru-

2251 2282 2334 2337 lus
2365 2298 2579 2353 passer,
2610 2283 2678 2338 de
2706 2299 2813 2354 quo
2841 2285 2891 2339 in
2923 2286 3029 2339 alio
3056 2287 3261 2356 psalmo
3286 2288 3416 2343 dicit
3438 2330 3451 2352 .
3483 2289 3629 2344 Sicut
3660 2308 3841 2362 passer

2249 2378 2522 2449 singularis
2549 2380 2602 2432 in
2631 2386 2756 2435 tecto
2786 2377 2957 2447 (Psal.
2988 2395 3038 2435 Cl
3056 2420 3071 2446 ,
3105 2380 3180 2450 8).
3216 2381 3290 2436 Dc
3316 2390 3456 2437 tecto
3482 2384 3622 2438 volat
3647 2384 3715 2438 ad
3741 2384 3843 2440 d0-

2252 2487 2418 2525 mum.
2475 2470 2591 2525 Jam
2626 2471 2695 2525 sit
2731 2471 2783 2525 in
2815 2480 2954 2525 tecto
2980 2513 2992 2534 ,
3040 2473 3210 2527 calcet
3254 2473 3470 2529 domum
3514 2477 3787 2530 carnalem
3823 2494 3836 2529 :

2251 2561 2468 2619 habebit
2509 2564 2791 2632 quemdam
2836 2564 3108 2618 caelestem
3157 2563 3330 2620 locum
3354 2606 3368 2630 ,
3397 2576 3707 2635 perpetuam
3739 2567 3842 2621 do—

2251 2672 2396 2713 mum
2421 2672 2435 2722 ;
2468 2671 2648 2726 passer
2673 2656 2773 2710 iste
2799 2655 2946 2711 finiet
2973 2657 3219 2725 querelas
3245 2673 3387 2711 suas.
3416 2658 3626 2713 Tartari
3656 2670 3837 2715 autem

2252 2751 2400 2808 dedit
2428 2761 2481 2807 et
2507 2751 2697 2821 pullos,
2727 2750 2779 2805 id
2805 2760 2887 2806 est
2917 2751 3062 2806 carni
3088 2766 3101 2802 :
3135 2751 3321 2804 invenit
3342 2751 3518 2805 nidum
3541 2762 3726 2819 turtur,
3750 2752 3841 2817 ubi

2254 2853 2409 2914 ponat
2438 2844 2605 2912 pullos
2644 2859 2778 2897 suos.
2827 2842 3017 2897 Passer
3046 2841 3291 2908 domum,
3335 2852 3506 2897 turtur
3532 2844 3714 2898 nidum
3735 2885 3753 2910 ,
3788 2854 3842 2899 et

2255 2936 2434 2991 nidum
2466 2936 2647 3005 utique
2669 2936 2755 2990 ubi
2778 2945 2940 3004 ponat
2965 2936 3142 3005 pullos
3166 2950 3310 2991 suos.
3362 2937 3559 2992 Domus
3584 2946 3837 3008 tanquam

2254 3031 2319 3086 ad
2341 3031 2721 3100 sempiternum
2748 3028 2981 3099 eligitur,
3000 3028 3154 3083 nidus
3180 3029 3244 3083 ad
3271 3037 3480 3099 tempus
3501 3031 3835 3101 congeritur:

2255 3125 2416 3181 corde
2442 3124 2737 3195 cogitamus
2768 3123 2934 3177 Deum
2955 3163 2970 3187 ,
3013 3131 3263 3193 tanquam
3288 3123 3501 3177 volante
3526 3138 3746 3193 passere
3774 3123 3838 3178 ad

2256 3233 2407 3273 suam
2427 3216 2643 3271 domum
2671 3231 2686 3281 ;
2728 3229 2889 3270 carne
2924 3223 3100 3269 autem
3129 3215 3334 3284 agimus
3358 3230 3517 3283 opera
3547 3214 3707 3270 bona.
3743 3214 3837 3269 Vi-

2253 3309 2391 3365 detis
2418 3310 2557 3363 enim
2583 3325 2675 3378 per
2704 3322 2920 3362 carnem
2953 3316 3259 3361 sanctorum
3283 3316 3476 3375 quanta
3506 3309 3642 3360 bona
3671 3308 3831 3360 tiant:

2252 3418 2348 3473 per
2376 3404 2515 3456 hanc
2540 3402 2681 3455 enim
2730 3413 3012 3468 opcramur
3052 3414 3169 3468 quae
3208 3398 3341 3467 jussi
3374 3411 3557 3451 sumus
3596 3398 3830 3467 operari,

2252 3494 2443 3565 quibus
2464 3492 2779 3562 adjuvamur
2801 3491 2850 3544 iu
2876 3490 2974 3545 hac
2998 3490 3125 3543 vita.
3162 3488 3363 3558 Frange
3390 3489 3623 3541 esurienti
3651 3504 3834 3556 panem

2253 3595 2393 3638 tuum
2412 3624 2426 3649 ,
2458 3592 2506 3637 et
2542 3599 2750 3653 egenum
2792 3582 2899 3636 sine
2930 3591 3056 3634 tecto
3085 3580 3235 3633 induc
3262 3581 3315 3632 in
3350 3580 3553 3633 domum
3587 3589 3767 3642 tuam;
3794 3580 3835 3631 si

2251 3679 2433 3733 videris
2475 3678 2701 3744 nudum,
2733 3678 2858 3731 vesti
2884 3674 3034 3749 (lsai.
3061 3691 3218 3739 LVIII,
3253 3675 3349 3744 7);
3392 3682 3447 3729 et
3487 3684 3677 3728 czetera
3710 3672 3831 3729 talia

2251 3787 2370 3843 qua:
2418 3770 2570 3826 nobis
2614 3779 2876 3840 pnecepta
2926 3780 3084 3834 sunt,
3132 3784 3235 3821 non
3280 3782 3563 3837 opcramur
3592 3766 3693 3820 nisi
3742 3781 3831 3835 per

2252 3878 2489 3917 carnem.
2542 3861 2735 3915 Passer
2763 3876 2890 3931 ergo
2937 3860 3027 3915 ille
3050 3860 3137 3931 qui
3174 3860 3370 3928 cogitat
3408 3859 3624 3913 domum
3656 3873 3828 3924 suam,

2252 3972 2358 4011 non
2390 3955 2592 4012 recedit
2614 3971 2644 4010 a
2672 3963 2877 4009 turture
2897 3963 3171 4025 quzrrente
3202 3953 3300 4007 sibi
3326 3952 3525 4018 nidum,
3552 3952 3642 4005 ubi
3671 3962 3830 4023 ponat

2253 4048 2429 4119 pullos
2471 4063 2596 4101 suos
2626 4065 2638 4098 :
2673 4064 2776 4100 non
2807 4047 2947 4101 enim
2983 4045 3164 4115 abjicit
3202 4045 3319 4099 illos
3350 4044 3664 4112 ubfcumque
3686 4083 3701 4108 ,
3737 4041 3827 4097 scd

2254 4141 2456 4196 invenit
2486 4140 2587 4195 sibi
2620 4139 2842 4205 nidum,
2882 4138 2969 4192 ubi
3011 4152 3105 4191 eos
3149 4145 3328 4206 ponat.
3367 4135 3600 4189 Dicimus
3629 4143 3826 4196 autem,

2254 4232 2466 4295 fratres,
2498 4230 2639 4301 quod
2684 4230 2852 4285 nostis
2888 4249 2899 4283 :
2936 4229 3117 4298 quanti
3147 4228 3395 4283 videntur
3424 4237 3617 4295 praeter
3646 4225 3829 4280 Eccle-

2252 4326 2384 4379 siam
2412 4324 2547 4378 bona
2572 4322 2819 4394 operari?
2849 4336 3005 4390 quam
3032 4320 3181 4374 multi
3209 4320 3366 4373 etiam
3395 4318 3586 4387 Pagani
3611 4324 3829 4387 pascunt

2255 4418 2580 4473 esurientem
2605 4458 2620 4483 ,
2671 4415 2900 4469 vestiunt
2942 4412 3177 4478 nudum,
3222 4412 3518 4479 suscipiunt
3543 4409 3828 4478 hostiitem,

2256 4512 2475 4565 visitant
2504 4519 2781 4579 wgrotum,
2811 4506 3154 4561 consolantur
3175 4503 3469 4558 inclusum?
3498 4517 3654 4571 quam
3682 4500 3828 4553 multi

2256 4603 2371 4657 lucc
2402 4602 2638 4657 faciunt?
2682 4601 2841 4665 Quasi
2891 4598 3101 4652 videtur
3139 4610 3325 4666 parere
3358 4601 3563 4657 turtur;
3610 4590 3703 4644 sed
3730 4605 3827 4644 nun

2256 4695 2356 4748 sibi
2402 4693 2603 4748 invenit
2631 4691 2833 4746 nidum.
2888 4690 3057 4756 Quam
3092 4687 3257 4741 multa
3281 4685 3433 4740 multi
3466 4681 3699 4737 haeretici
3730 4693 3828 4735 non

2257 4789 2308 4841 in
2340 4786 2579 4841 Ecclesia
2623 4794 2915 4855 operantur
2938 4822 2951 4845 ,
2999 4795 3105 4834 non
3136 4779 3187 4832 in
3229 4776 3354 4832 nido
3388 4775 3554 4845 pullo,
3587 4770 3828 4843 ponunt?

2256 4880 2723 4936 Conculcabuutur
2768 4886 2821 4930 et
2867 4882 3252 4935 conterentur;
3304 4883 3409 4923 non
3453 4866 3825 4930 Servabuntur,

2258 4990 2363 5028 non
2391 4970 2781 5027 custodiantur.
2834 4967 2889 5022 ln
2934 4966 3089 5035 hujus
3121 4965 3261 5018 enim
3306 4961 3481 5016 carnis
3521 4956 3830 5027 aperatricis

2257 5081 2481 5137 persona
2513 5066 2679 5136 posita
2703 5072 2782 5117 est
2809 5059 3050 5131 quaedam
3078 5056 3271 5111 mulier
3297 5053 3363 5106 ab
3382 5050 3624 5120 apostolo
3650 5047 3826 5106 Paulo,

2257 5177 2373 5216 cum
2402 5159 2476 5212 ait
2510 5175 2523 5211 :
2555 5157 2717 5210 Adam
2769 5171 2869 5207 non
2907 5160 2978 5206 est
3014 5150 3285 5211 seductus;
3334 5147 3513 5199 mulier
3547 5153 3712 5196 autem
3759 5154 3830 5193 se-

2259 5255 2408 5308 ducta
2428 5261 2519 5306 est.
2548 5250 2735 5305 Postea
2767 5248 2907 5302 enim
2936 5243 3102 5298 Adam
3132 5238 3405 5296 consensit
3434 5235 3643 5291 mulieri
3674 5250 3686 5287 :
3716 5244 3828 5286 nam

2260 5362 2291 5400 a
2337 5353 2586 5413 serpente
2634 5340 2826 5395 nudier
2883 5335 3102 5393 seducta
3148 5340 3230 5387 est
3282 5327 3447 5401 (Gen.
3500 5328 3565 5387 5,
3596 5320 3686 5395 6).
3731 5320 3829 5375 Nec

2261 5436 2420 5491 modo
2445 5442 2619 5504 potest
2646 5432 2821 5502 aliqua
2853 5428 2989 5483 mala
3015 5425 3193 5481 suasio
3219 5424 3318 5477 nisi
3342 5420 3518 5475 carnis
3542 5428 3643 5470 ture
3668 5415 3829 5485 primo

2261 5529 2584 5587 desiderium
2634 5536 2971 5581 commovere
2998 5521 3013 5551 ¹
3043 5561 3057 5584 ,
3100 5518 3183 5573 cui
3223 5525 3406 5586 postea
3433 5514 3477 5568 si
3507 5520 3687 5566 mente
3712 5522 3829 5561 con-

2299 5716 2341 5784 }
2370 5720 2441 5764 διο
2475 5719 2579 5761 uss.
2612 5718 2664 5760 At
2684 5708 2830 5759 editio
2848 5710 3051 5765 Erasqu
3074 5701 3400 5751 commoveret.
3419 5700 3557 5753 Ima,
3585 5675 3828 5741 conmove-

2265 5784 2343 5825 γη.

4050 1476 4057 1555 i
