4132 6450
311 369 453 427 ιουι

306 481 547 539 senseris
570 521 585 545 .
616 479 812 559 cecidit
839 488 893 536 et
922 492 1106 549 passer
1132 495 1144 533 :
1170 476 1214 531 si
1243 486 1419 532 autem
1450 477 1731 531 vincuntur
1750 471 1896 527 desi-

303 575 465 631 deria
492 573 689 638 carnis,
725 580 976 627 tenentur
996 569 1233 625 membra
1261 568 1327 622 ad
1357 582 1518 639 opera
1547 566 1686 620 bona
1704 604 1718 629 ,
1746 575 1895 617 arma

303 666 767 735 concupiscentia:
813 662 1162 726 auferuntur;
1210 668 1265 715 et
1294 659 1475 730 incipit
1506 666 1677 712 turtur
1700 655 1897 709 habere

306 757 510 825 pullos.
545 756 831 825 Propterea
860 753 983 824 quid
1009 753 1078 807 ibi
1100 753 1172 806 ait
1197 748 1525 819 Apostolus?
1552 748 1708 803 Salva
1727 754 1897 799 autem

298 849 411 903 erit
432 865 517 918 per
538 847 763 917 ﬁliorum
791 845 1181 917 generationem.
1210 841 1399 897 Mulier
1427 840 1586 896 vidua
1608 838 1725 894 sine
1752 837 1894 901 ﬁliis,

303 941 370 995 si
416 950 757 1010 perseveret,
808 953 987 994 nonne
1036 937 1243 992 beatior
1269 936 1371 990 erit
1415 933 1459 1004 (l
1483 931 1604 988 Cor.
1632 946 1739 997 vn,
1769 929 1898 999 40)?

303 1032 572 1101 numquid
599 1032 747 1086 salva
778 1046 880 1084 non
913 1029 1049 1095 erit,
1080 1028 1203 1099 quia
1230 1042 1333 1081 non
1360 1025 1496 1095 parit
1522 1022 1698 1077 ﬁlios?
1738 1021 1898 1091 Virgo

308 1124 411 1179 Dei
450 1138 557 1177 non
587 1124 775 1177 melior
799 1120 945 1177 erit?
993 1118 1247 1190 numquid
1292 1118 1436 1172 salva
1465 1131 1570 1170 non
1598 1114 1701 1171 erit
1721 1153 1735 1177 ,
1776 1112 1898 1182 quia

305 1218 452 1273 filios
486 1234 594 1272 non
634 1216 823 1271 habet?
866 1224 959 1271 aut
987 1214 1053 1270 ad
1086 1215 1250 1268 Deum
1292 1227 1401 1267 non
1443 1210 1714 1281 pertinet?
1741 1209 1896 1264 Salva

303 1326 443 1382 ergo
471 1311 577 1365 erit
620 1309 808 1363 mulier
833 1348 847 1371 ,
898 1322 1020 1378 quae
1050 1307 1101 1360 in
1131 1315 1255 1376 typo
1295 1304 1469 1359 carnis
1498 1303 1773 1371 accipitur,
1805 1315 1898 1369 per

304 1402 541 1456 ﬁliorum
570 1400 966 1471 generationem
993 1440 1008 1465 ,
1042 1397 1091 1451 id
1122 1404 1233 1461 est,
1267 1395 1313 1449 si
1353 1394 1511 1449 faciat
1537 1408 1697 1462 opera
1734 1393 1895 1447 bona.

305 1494 421 1551 Sed
450 1511 556 1549 non
585 1495 908 1561 ubicumque
951 1500 1132 1545 turtur
1167 1489 1403 1544 inveniat
1425 1486 1608 1541 nidum
1640 1485 1775 1551 sibi,
1805 1483 1897 1538 ubi

304 1597 479 1657 ponat
504 1586 677 1656 pullos
706 1598 832 1638 suos
868 1601 880 1636 :
912 1582 963 1636 in
999 1581 1100 1636 ﬁde
1127 1595 1251 1635 vera
1274 1622 1289 1645 ,
1319 1579 1372 1633 in
1399 1577 1500 1633 ﬁde
1529 1576 1811 1639 catholica,
1842 1575 1893 1628 in

302 1681 569 1735 societate
590 1676 809 1731 unitatis
834 1672 1088 1729 Ecclesiae
1120 1673 1290 1743 pariat
1317 1684 1478 1741 opera
1504 1685 1619 1724 sua.
1644 1668 1896 1737 Propter-

301 1786 372 1827 ea
395 1782 452 1826 et
479 1771 544 1825 de
570 1769 656 1823 illa
687 1782 808 1822 cum
836 1767 1144 1836 loqueretur
1168 1762 1477 1832 Apostolus,
1522 1761 1593 1815 ita
1623 1759 1849 1828 subjecit
1877 1774 1893 1811 :

304 1861 475 1917 Salva
502 1871 666 1912 autem
691 1859 780 1911 erit
807 1873 894 1925 per
921 1856 1142 1924 ﬁliorum
1163 1852 1554 1924 generationem,
1585 1851 1629 1904 si
1655 1866 1895 1920 perman-

298 1953 431 2007 serit
451 1954 503 2005 in
525 1951 644 2018 ﬁde,
668 1959 713 2003 et
739 1946 1022 2012 dilectione,
1055 1956 1100 1999 et
1127 1944 1542 2013 sanctiﬁcatione,
1571 1958 1686 1996 cum
1711 1940 1898 1996 sobrie-

300 2055 413 2100 tate
445 2046 488 2115 (l
513 2043 643 2098 Tim.
671 2058 728 2108 ιι,
764 2040 850 2106 14,
884 2039 994 2111 15).
1020 2036 1386 2093 Permaneodo
1412 2051 1538 2107 ergo
1560 2036 1610 2089 in
1634 2034 1759 2102 ﬁde,
1782 2034 1895 2104 ipsa

300 2138 450 2193 ﬁdes
478 2137 631 2192 nidus
657 2143 739 2189 est
778 2133 1045 2203 pullorum
1091 2140 1321 2186 tuorum.
1375 2128 1505 2183 Nam
1551 2136 1770 2198 propter
1814 2127 1894 2179 in-

299 2229 617 2285 firmitatem
645 2226 904 2295 pullorum
932 2223 1162 2277 turturis
1200 2230 1302 2277 tua:
1331 2218 1577 2291 dignatus
1599 2228 1683 2273 est
1710 2214 1890 2271 Domi-

301 2334 411 2375 nus
448 2317 683 2389 prtebere
733 2315 826 2369 tibi
862 2313 1002 2368 unde
1041 2313 1225 2367 nidum
1269 2311 1471 2366 faceres
1502 2328 1515 2363 :
1548 2310 1763 2364 indutus
1812 2316 1896 2363 est

301 2414 453 2470 enim
492 2412 615 2466 feno
644 2410 841 2473 carnis,
890 2416 947 2460 ut
971 2405 1037 2460 ad
1064 2415 1116 2460 te
1142 2404 1366 2459 veniret.
1416 2403 1470 2456 In
1502 2402 1600 2456 ista
1625 2402 1726 2456 ﬁde
1756 2415 1895 2471 pone

301 2507 485 2578 pullos
514 2516 659 2569 tuos;
692 2503 743 2556 in
777 2503 879 2555 isto
902 2499 1025 2554 nido
1049 2512 1273 2568 operare
1294 2511 1455 2565 Opera
1484 2505 1592 2549 tua.
1624 2495 1725 2562 Qui
1751 2494 1890 2548 enim

300 2608 436 2654 sunt
462 2597 591 2660 nidi,
617 2594 696 2649 vel
723 2594 843 2663 quis
867 2601 950 2647 est
971 2589 1149 2655 nidus,
1174 2589 1413 2659 sequitur
1439 2587 1617 2642 statim
1648 2602 1663 2647 ;
1698 2585 1895 2639 Altaria

300 2703 394 2747 tua
414 2734 431 2758 ,
455 2689 665 2745 Domine
687 2687 945 2741 virtutum.
982 2683 1112 2739 Ctlm
1148 2682 1400 2748 dixisset,
1433 2679 1500 2733 Et
1526 2690 1691 2732 turtur
1710 2678 1895 2731 invenit

299 2786 402 2841 sibi
432 2784 628 2848 nidum,
673 2780 759 2835 ubi
784 2788 941 2849 ponat
980 2778 1147 2849 pullos
1183 2789 1341 2839 suos;
1388 2774 1539 2844 quasi
1584 2772 1889 2843 quaesisses,

300 2880 478 2945 Quem
504 2874 730 2930 nidum?
760 2872 958 2926 Altaria
988 2880 1094 2934 tua,
1122 2868 1334 2922 Domine
1352 2868 1609 2932 virtutum,
1641 2880 1732 2918 rex
1756 2880 1893 2917 meus

298 2980 351 3025 et
378 2969 521 3024 Deus
546 2984 705 3022 meus.
751 2964 888 3033 Quid
920 2973 1001 3018 est
1021 3005 1035 3029 ,
1065 2978 1157 3016 rea:
1184 2978 1323 3015 meus
1347 2970 1393 3014 et
1422 2960 1556 3014 Deus
1586 2975 1724 3014 meus
1745 2959 1770 3011 ?
1792 2958 1891 3026 Qui

296 3064 450 3133 regis
473 3075 580 3123 me,
609 3060 697 3129 qui
720 3056 909 3112 creasti
936 3070 1039 3109 me.

376 3153 434 3209 8.
473 3151 627 3224 [verm
656 3148 748 3221 5.]
772 3147 876 3203 Sed
903 3146 989 3201 hic
1016 3144 1171 3199 nidus
1194 3154 1295 3209 est,
1323 3154 1377 3199 et
1398 3143 1485 3197 hic
1517 3143 1887 3213 peregrinatio,

297 3253 357 3298 et
386 3243 475 3296 hic
504 3240 785 3309 suspirium
805 3280 819 3303 ,
846 3246 899 3291 et
927 3236 1010 3291 hic
1032 3237 1212 3291 tritura
1235 3277 1250 3300 ,
1280 3243 1334 3290 et
1359 3234 1443 3288 hic
1472 3249 1741 3304 pressura,
1769 3234 1892 3304 quia

298 3336 398 3390 hic
436 3330 851 3401 torcularzquid
890 3339 974 3383 εει
1009 3337 1186 3382 autem
1230 3326 1371 3397 quod
1419 3326 1722 3382 desiderat?
1767 3328 1891 3397 quid

299 3424 675 3497 concupiscit?
700 3438 807 3494 quo
832 3421 913 3476 it?
941 3435 1045 3490 quo
1073 3419 1241 3474 tendit
1262 3417 1582 3473 desiderium
1612 3416 1894 3471 nostrum?

300 3536 415 3588 quo
440 3532 536 3573 nos
558 3515 731 3586 rapit?
762 3513 858 3568 llic
884 3512 1088 3582 positus
1119 3510 1202 3564 illa
1230 3508 1514 3573 meditatur
1534 3550 1548 3575 ,
1583 3507 1784 3577 positus
1809 3509 1891 3561 in-

303 3622 393 3665 ter
419 3609 733 3665 tentatioues
757 3647 772 3669 ,
820 3604 1024 3675 positus
1064 3602 1205 3657 inter
1240 3615 1552 3670 pressuras,
1596 3600 1796 3669 positus
1839 3599 1893 3653 in

302 3693 688 3757 torcularibus,
743 3690 1019 3759 suspirans
1061 3688 1113 3741 in
1140 3700 1369 3755 superna
1401 3685 1693 3753 promissa;
1745 3683 1894 3753 quasi

302 3787 440 3858 quid
479 3784 545 3840 ibi
591 3793 839 3846 acturus,
882 3782 993 3849 jam
1044 3778 1438 3849 praemeditatur
1479 3775 1664 3846 gaudia
1696 3774 1892 3830 futura.

302 3880 485 3944 Beati,
515 3877 714 3946 inquit,
742 3874 826 3940 qui
853 3872 1078 3925 habitant
1116 3871 1170 3924 in
1213 3871 1362 3923 domo
1405 3878 1510 3923 tua.
1547 3867 1695 3923 Unde
1722 3868 1896 3923 beati?

302 3971 441 4041 quid
482 3966 743 4023 habituri?
802 3964 925 4035 quid
986 3962 1197 4018 acturi?
1238 3961 1436 4015 Omnes
1481 3959 1567 4029 qui
1616 3958 1752 4014 beati
1813 3959 1896 4013 di-

304 4072 511 4118 cuntur
550 4060 602 4114 in
638 4068 775 4114 terra
801 4098 815 4123 ,
874 4056 1074 4110 habent
1122 4051 1323 4122 aliquid
1370 4061 1423 4105 et
1458 4060 1621 4120 agunt
1675 4048 1895 4119 aliquid.

306 4158 510 4212 Beatus
530 4162 610 4209 est
640 4153 799 4207 homo
829 4150 937 4215 ille,
970 4158 1045 4203 tot
1072 4147 1302 4219 praediis,
1330 4154 1471 4199 tanta
1498 4142 1718 4209 familia,
1752 4151 1899 4197 tanto

304 4262 450 4303 auro
475 4254 528 4301 et
554 4253 806 4315 argento:
832 4240 1075 4296 habendo
1105 4239 1290 4294 beatus
1321 4236 1532 4292 dicitur.
1560 4236 1756 4291 Beatus
1780 4243 1895 4302 est;

304 4340 384 4394 ad
416 4340 534 4393 illos
562 4337 792 4393 honores
819 4335 1076 4404 pervenit,
1099 4333 1163 4387 ad
1192 4332 1649 4401 proconsulatum,
1676 4330 1742 4385 ad
1766 4346 1901 4399 pra:-

308 4434 573 4485 fecturam
600 4447 613 4482 :
643 4428 849 4499 agendo
886 4426 1074 4480 beatus
1101 4423 1315 4479 dicitur.
1348 4422 1486 4491 Ergo
1509 4430 1601 4475 aut
1630 4421 1897 4487 habendo,

308 4534 411 4580 aut
447 4522 668 4593 agendo.
716 4520 866 4576 Unde
910 4528 1083 4573 autem
1116 4516 1186 4571 ibi
1231 4516 1416 4571 beati?
1454 4515 1579 4585 quid
1630 4514 1901 4569 habituri?

308 4614 447 4685 quid
486 4614 682 4668 acturi?
727 4610 863 4677 Quid
909 4609 1173 4673 habituri,
1215 4608 1326 4676 jam
1373 4620 1530 4676 supra
1575 4606 1687 4660 dixi
1716 4624 1729 4661 :
1757 4605 1903 4661 Beati

309 4709 407 4778 qui
432 4707 653 4759 habitant
691 4706 743 4758 in
775 4705 922 4757 domo
960 4712 1073 4757 tua.
1103 4701 1326 4755 Domum
1368 4707 1512 4753 tuam
1540 4698 1583 4752 si
1612 4698 1860 4754 habueris
1882 4739 1899 4766 ,

313 4813 524 4870 pauper
546 4813 637 4852 es:
668 4796 883 4851 domum
918 4794 1007 4848 Dei
1030 4794 1073 4848 si
1097 4791 1362 4857 habueris,
1385 4790 1533 4845 dives
1557 4806 1634 4845 es.
1662 4789 1717 4844 In
1742 4790 1903 4845 domo

314 4905 409 4948 tua
442 4893 645 4947 timebis
672 4892 939 4952 latrones;
972 4888 1150 4942 domui
1180 4885 1269 4941 Dei
1297 4900 1480 4940 murus
1501 4884 1613 4955 ipse
1634 4884 1774 4939 Deus
1798 4894 1898 4940 est.

314 4985 468 5039 Beati
491 4999 615 5054 ergo
633 4985 718 5053 qui
739 4983 964 5036 habitant
987 4981 1039 5034 in
1067 4981 1215 5033 domo
1243 4989 1349 5031 tua.
1385 4977 1664 5032 Possident
1688 4976 1904 5031 Jerusa-

316 5078 425 5131 lem
453 5078 721 5131 crelcstem
762 5075 877 5128 sine
902 5073 1167 5142 angustia,
1216 5070 1333 5125 sine
1363 5082 1637 5138 pressura,
1684 5067 1798 5122 sine
1825 5067 1905 5120 di-

312 5169 571 5224 versitate
596 5177 650 5222 et
692 5167 952 5222 divisione
983 5165 1207 5219 limitum
1252 5180 1265 5217 :
1294 5177 1483 5217 omnes
1511 5160 1708 5215 habent
1743 5176 1859 5214 eam
1886 5201 1900 5224 ,

316 5270 374 5317 et
404 5261 593 5331 singuli
625 5259 819 5315 habent
846 5266 1030 5311 totam.
1059 5255 1259 5326 Magna:
1288 5253 1393 5307 illa:
1421 5251 1638 5306 divitize.
1668 5249 1782 5306 Non
1810 5266 1905 5303 an-

313 5361 494 5423 gustat
538 5351 697 5406 frater
727 5352 982 5414 fratrem;
1015 5348 1155 5401 nulla
1201 5346 1270 5399 ibi
1304 5344 1591 5413 indigentia
1626 5352 1728 5398 est.
1768 5343 1903 5408 Quid

315 5459 445 5515 ergo
471 5444 542 5498 ibi
572 5442 789 5498 acturi?
811 5440 1056 5495 Omnium
1086 5437 1225 5491 enim
1254 5436 1522 5489 actionum
1553 5434 1902 5487 humanarum

316 5548 487 5593 mater
513 5535 827 5591 necessitas.
850 5531 985 5593 Jam.
1019 5530 1245 5595 fratres,
1276 5527 1506 5582 breviter
1526 5526 1633 5579 dixi
1665 5542 1677 5580 :
1708 5525 1907 5579 currite

313 5631 490 5684 animo
529 5644 629 5701 per
676 5624 941 5696 quaslibet
987 5623 1223 5677 actiones
1245 5662 1259 5684 ,
1294 5619 1465 5673 videte
1489 5659 1504 5684 ,
1536 5618 1580 5671 si
1609 5632 1701 5673 eas
1730 5618 1866 5687 parit
1888 5658 1903 5682 ,

311 5724 408 5779 nisi
438 5722 762 5779 necessitas.
800 5716 928 5786 Ipse
969 5713 1344 5770 memorabiles
1367 5721 1509 5764 artes
1538 5724 1656 5779 qua:
1701 5723 1907 5780 magna:

306 5822 554 5877 videntur
585 5818 638 5870 in
670 5809 1041 5868 subveniendo
1065 5851 1078 5875 ,
1126 5806 1414 5878 patrocinia
1444 5804 1635 5874 lingua:
1670 5810 1723 5858 et
1751 5801 1903 5873 adju-

1380 352 1773 417 ENARBATIO
1812 355 1884 413 IN
1916 318 2240 414 psasnun
2282 358 2567 415 Lxxxm.

3460 356 3595 424 t‘oos

2010 471 2147 525 toria
2166 471 2472 539 medicinzc;
2505 473 2636 543 ipsae
2660 480 2784 528 sunt
2810 474 2949 531 enim
2979 475 3030 530 in
3063 475 3164 531 hoc
3190 477 3385 533 saecula
3410 481 3594 536 excel-

2006 562 2178 617 lentes
2226 565 2505 620 actiones:
2538 566 2662 623 tolle
2692 567 3026 638 litigatores;
3068 570 3262 641 quibus
3302 573 3593 642 opitulatur

2005 653 2290 710 advocatus
2310 656 2334 710 ?
2362 658 2487 713 tolle
2512 659 2725 714 vulnera
2743 669 2797 715 et
2824 662 3040 716 morbos
3063 678 3078 728 ;
3105 664 3231 734 quid
3251 677 3400 719 curat
3417 666 3593 722 medi-

2005 746 2143 801 cus?
2172 747 2239 801 Et
2279 763 2468 805 omnes
2496 750 2610 804 istae
2639 752 2876 807 actiones
2908 762 3107 808 nostra;
3135 755 3199 809 ad
3228 757 3591 825 quotidianam

2004 835 2165 890 vitam
2194 853 2313 907 qua:
2338 840 2622 909 exiguntur
2648 850 2702 895 et
2731 841 2882 909 ﬁunt,
2911 859 2979 899 ex
3006 848 3323 902 necessitate
3346 851 3587 905 veniunt.

2004 926 2204 992 Arare,
2237 930 2533 997 seminare,
2576 932 2877 999 novellare,
2912 937 3198 1005 navigare;
3244 940 3367 992 talia
3410 944 3589 997 omnia

2004 1031 2164 1086 opera
2192 1034 2310 1090 qua:
2348 1022 2521 1090 parit,
2550 1024 2649 1078 nisi
2696 1028 2986 1081 necessitas
3014 1038 3067 1082 et
3093 1028 3414 1099 indigentia?
3440 1034 3590 1090 Tolle

2006 1108 2195 1165 famem
2219 1153 2235 1178 ,
2266 1114 2429 1177 sitim,
2460 1115 2787 1181 nuditatem;
2816 1119 2899 1172 cui
2931 1134 3064 1188 opus
3088 1131 3210 1174 sunt
3241 1123 3337 1176 ista
3367 1126 3589 1180 omnia?

2004 1201 2128 1257 Haec
2148 1204 2305 1258 etiam
2329 1220 2446 1275 quae
2478 1206 2632 1261 nobis
2657 1208 2912 1278 iubentur
2940 1211 3076 1265 bona
3113 1228 3273 1282 Opera
3300 1232 3313 1267 :
3340 1232 3458 1270 nam
3489 1223 3587 1276 ista

2003 1309 2124 1364 quae
2151 1298 2603 1364 commemoravi,
2638 1298 2856 1354 honesta
2887 1311 3030 1367 sunt,
3064 1303 3156 1357 sed
3201 1308 3437 1361 omnium
3487 1309 3588 1365 ho-

2003 1386 2204 1439 minum
2246 1386 2516 1459 (exceptis
2545 1390 2796 1458 operibus
2830 1394 3074 1460 pessimis
3103 1395 3290 1464 loquor
3314 1438 3329 1463 ,
3360 1398 3589 1455 detesta-

2004 1475 2197 1532 bilibus
2222 1480 2478 1548 Operibus
2503 1523 2517 1545 ,
2550 1480 2763 1551 ﬂagitiis
2787 1494 2840 1538 et
2869 1485 3190 1541 facinoribus
3216 1530 3229 1549 ,
3263 1488 3585 1559 homicidiis,

2002 1566 2298 1622 effracturis
2317 1612 2331 1634 ,
2361 1569 2672 1637 adulteriis;
2707 1573 2792 1627 illa
2839 1589 2935 1629 nec
2964 1575 3160 1657 deputo
3190 1578 3327 1633 inter
3353 1586 3590 1658 actiones

2004 1658 2330 1731 humanas);
2366 1663 2478 1717 haec
2520 1663 2742 1719 honesta
2774 1658 3009 1737 loquor,
3039 1685 3140 1723 non
3188 1658 3322 1741 pﬁit
3349 1675 3447 1729 nisi
3490 1692 3587 1732 ne-

2001 1752 2221 1805 cessitas
2249 1752 2541 1823 fragilitatis
2586 1758 2834 1813 carnalis.
2871 1760 2993 1814 llazc
3017 1761 3174 1815 etiam
3220 1779 3336 1833 qua:
3365 1766 3473 1822 dixi
3496 1769 3586 1838 ju-

2001 1840 2113 1895 beri
2140 1842 2313 1905 nobis,
2344 1842 2550 1915 Frange
2568 1848 2809 1901 esurienti
2833 1866 3013 1918 panem
3043 1861 3185 1905 tuum
3212 1872 3223 1907 :
3251 1857 3334 1910 cui
3365 1856 3582 1927 frangis,

2004 1935 2088 1989 ubi
2118 1952 2272 1990 nemo
2297 1939 2508 1991 esurit?
2540 1938 2765 2010 Egemnn
2799 1943 2907 1997 sine
2935 1954 3061 1997 tecto
3097 1946 3247 1999 induc
3287 1952 3340 2002 in
3383 1958 3587 2006 domum

2002 2035 2141 2078 tuam
2163 2043 2181 2079 :
2206 2042 2363 2096 quem
2394 2028 2656 2096 hostiitem
2690 2032 2946 2101 suscipis,
2980 2034 3067 2087 ubi
3109 2050 3295 2091 omnes
3337 2039 3388 2092 in
3417 2042 3586 2109 patria

2001 2130 2097 2171 sua
2141 2118 2360 2171 vivunt?
2382 2135 2538 2189 quem
2570 2121 2749 2175 visitas
2774 2133 3029 2191 aegrotum
3049 2167 3062 2189 ,
3097 2126 3182 2179 ubi
3216 2139 3467 2198 perpetua
3495 2147 3588 2186 sa-

2003 2209 2164 2263 nitate
2191 2210 2460 2278 gaudent?
2486 2227 2641 2281 quem
2672 2213 2968 2267 eoncordas
2994 2215 3278 2285 litigiosum
3304 2262 3318 2285 ,
3367 2220 3453 2275 ubi
3484 2238 3584 2292 pax

2001 2301 2320 2369 sempiterna
2347 2313 2427 2356 est
2452 2303 2475 2356 ?
2504 2318 2661 2376 quem
2694 2306 2889 2373 sepelis
2918 2317 3183 2366 mortuum
3209 2350 3224 2375 ,
3255 2310 3340 2363 ubi
3373 2326 3588 2383 semper

1998 2390 2235 2444 vivitur?
2257 2391 2394 2445 Nihil
2422 2408 2549 2461 ergo
2576 2393 2765 2448 horum
2792 2404 3006 2449 acturus
3029 2411 3088 2451 es
3111 2414 3175 2451 ex
3206 2402 3456 2469 operibus
3486 2405 3585 2459 ho-

2000 2485 2164 2535 nestis
2193 2483 2293 2536 illis
2318 2484 2552 2538 omnium
2576 2484 2850 2541 hominum
2881 2505 2895 2540 :
2930 2488 3058 2542 nihil
3082 2500 3297 2546 acturus
3322 2509 3381 2549 es
3408 2511 3475 2550 ex
3509 2497 3584 2552 is-

2002 2575 2068 2625 tis
2095 2573 2246 2627 bonis
2274 2575 2558 2642 operibus;
2592 2578 2712 2646 quia
2746 2579 2828 2630 isti
2878 2580 3005 2647 pulli
3036 2583 3259 2636 turturis
3282 2584 3390 2652 jam
3434 2588 3585 2641 vola-

1999 2664 2133 2717 bunt
2156 2664 2222 2718 de
2251 2666 2393 2718 nido.
2424 2667 2561 2733 Quid
2607 2669 2772 2737 ergo?
2799 2669 2914 2723 Jam
2964 2670 3140 2725 dixisti
3186 2675 3311 2743 quid
3356 2678 3582 2736 habituri

1998 2768 2183 2809 sumus
2211 2771 2222 2808 :
2252 2756 2349 2822 Qui
2368 2757 2593 2811 habitant
2617 2762 2667 2811 in
2689 2761 2837 2813 domo
2857 2772 2961 2824 tua,
2985 2762 3113 2816 beati
3135 2776 3276 2819 sunt.
3305 2767 3395 2822 Dic
3421 2771 3580 2825 etiam

1998 2848 2123 2918 quid
2149 2850 2315 2902 acturi
2347 2861 2509 2917 sunt,
2542 2854 2663 2921 quia
2696 2869 2799 2908 non
2832 2854 2901 2908 ibi
2934 2855 3086 2910 video
3116 2857 3320 2928 aliquas
3349 2864 3585 2917 necessi-

1999 2949 2133 2996 tates
2152 2956 2272 3011 qua:
2294 2958 2380 2997 me
2409 2944 2681 3012 impellant
2704 2946 2769 2999 ad
2795 2947 3073 3016 agendum.
3100 2950 3240 3006 Ecce
3266 2955 3423 3007 modo
3443 2957 3586 3025 quod

1996 3032 2186 3101 loquor
2224 3040 2278 3086 et
2320 3032 2568 3102 disputo,
2617 3038 2908 3093 necessitas
2954 3041 3109 3108 parit.
3142 3042 3403 3113 Numquid
3444 3049 3583 3103 enim

2000 3123 2071 3177 ibi
2118 3124 2237 3177 talis
2283 3123 2572 3193 disputatio
2608 3126 2729 3190 erit,
2758 3130 2908 3197 quasi
2955 3146 3072 3198 quas
3099 3131 3285 3187 doceat
3331 3136 3581 3205 ignaros,

1998 3216 2146 3285 quasi
2178 3231 2295 3284 qua:
2336 3226 2721 3271 commemoret
2762 3220 3083 3276 obliviosos?
3111 3234 3200 3277 aut
3229 3240 3357 3280 vero
3400 3229 3452 3282 in
3495 3229 3584 3283 illa

2001 3307 2166 3376 patria
2198 3307 2538 3376 Evangelium
2590 3311 2899 3364 recitabitur
2926 3354 2939 3377 ,
2987 3314 3074 3368 ubi
3121 3316 3289 3384 ipsum
3325 3319 3415 3373 Dei
3455 3321 3587 3375 Ver-

1999 3397 2124 3451 bum
2153 3398 2637 3466 contemplabitur?
2665 3400 2805 3471 Ergo
2831 3403 2953 3471 quia
2984 3405 3118 3459 dixit
3149 3407 3246 3462 iste
3272 3408 3586 3466 desiderans

1999 3498 2053 3543 et
2081 3490 2354 3559 suspirans
2379 3505 2440 3543 ex
2470 3506 2599 3544 voce
2629 3501 2807 3545 nostra
2833 3534 2846 3558 ,
2889 3495 3014 3564 quid
3061 3496 3288 3552 habituri
3320 3517 3501 3555 sumus
3531 3504 3584 3559 in

2001 3580 2085 3634 illa
2114 3583 2280 3650 patria
2310 3582 2392 3635 cui
2415 3583 2736 3652 suspiratur,
2767 3594 2821 3639 et
2845 3585 2916 3639 ait
2944 3628 2957 3650 ,
2987 3585 3133 3640 Beati
3158 3590 3243 3657 qui
3270 3590 3498 3645 habitant
3524 3595 3578 3648 in

2001 3675 2148 3728 domo
2183 3674 2467 3737 tua;dicat
2493 3685 2544 3729 et
2569 3676 2694 3745 quid
2721 3678 2884 3730 acturi
2923 3694 3127 3731 sumus.
3170 3679 3235 3733 In
3273 3682 3460 3735 saecula
3490 3700 3588 3738 rte-

2001 3767 2228 3821 culorum
2257 3768 2534 3821 laudabunt
2564 3778 2627 3820 te.
2671 3768 2781 3822 Hoc
2824 3768 2924 3823 erit
2969 3779 3132 3823 totum
3183 3774 3451 3842 negotium
3486 3790 3588 3827 no-

2002 3869 2170 3912 strum
2191 3898 2205 3920 ,
2238 3858 2353 3912 sine
2377 3858 2585 3912 defectu
2618 3859 2860 3912 Alleluia.
2888 3858 3004 3912 Non
3036 3860 3214 3926 vobis,
3252 3865 3469 3926 fratres,
3503 3864 3587 3918 vi-

2002 3953 2191 4007 deatur
2232 3952 2381 4023 quasi
2431 3950 2697 4005 fastidium
2740 3951 2811 4005 ibi
2854 3952 3081 4005 futurum
3118 3969 3130 4003 :
3168 3953 3288 4020 quia
3333 3954 3376 4006 si
3425 3954 3588 4009 modo

2003 4043 2105 4098 hoc
2129 4044 2217 4096 diu
2246 4044 2460 4107 dicatis,
2494 4057 2598 4096 non
2624 4042 2855 4106 duratis;
2881 4042 2948 4095 ab
2969 4042 3058 4095 illo
3081 4041 3273 4111 gaudio
3295 4045 3587 4101 necessitas

2005 4150 2097 4188 vos
2123 4134 2332 4187 avertit.
2362 4134 2428 4187 Et
2470 4133 2589 4202 quia
2634 4146 2738 4185 non
2784 4140 2984 4185 tantum
3025 4133 3256 4187 delectat
3298 4135 3438 4205 quod
3478 4151 3584 4191 non

2007 4225 2244 4289 videtur;
2276 4223 2319 4278 si
2354 4234 2492 4278 tanta
2521 4224 2793 4278 alacritate
2824 4225 2874 4276 in
2908 4223 3019 4292 ipsa
3066 4239 3312 4294 pressura
3344 4237 3399 4282 et
3424 4227 3586 4299 fragi-

2005 4317 2156 4371 litate
2175 4316 2351 4369 carnis
2379 4314 2656 4369 laudamus
2681 4314 2819 4384 quod
2842 4313 3109 4369 credimus
3127 4357 3139 4379 ,
3171 4317 3438 4386 quomodo
3477 4319 3589 4374 lau-

2006 4408 2249 4463 dabimus
2278 4406 2417 4476 quod
2445 4405 2776 4460 videbimus?
2806 4406 2937 4459 Cum
2962 4406 3210 4474 absorpta
3256 4406 3412 4461 fuerit
3439 4424 3585 4464 mors

2008 4500 2059 4554 in
2086 4499 2359 4553 victoriam
2377 4541 2390 4563 ,
2418 4513 2538 4551 cum
2564 4496 2790 4550 mortale
2814 4495 2913 4550 hoc
2942 4496 3175 4551 induerit
3210 4497 3584 4554 immortalita-

2008 4600 2135 4658 tem,
2151 4600 2204 4644 et
2220 4589 2561 4658 corruptibile
2577 4590 2675 4641 hoc
2689 4588 2914 4642 induerit
2931 4588 3381 4657 incorruptionem
3409 4590 3426 4657 (
3436 4590 3449 4642 Ι
3464 4589 3585 4646 Cor.

2007 4700 2094 4750 xv,
2117 4684 2206 4749 55,
2229 4682 2343 4755 54),
2372 4696 2529 4737 nemo
2548 4681 2706 4746 dicet,
2729 4681 2820 4734 Diu
2842 4681 2997 4746 steti;
3019 4695 3177 4734 nemo
3196 4680 3354 4747 dicet,
3378 4682 3474 4737 Diu
3500 4683 3584 4752 je-

2001 4775 2307 4847 junavi,diu
2332 4773 2559 4844 vigilavi.
2589 4772 2857 4828 Stabiiitas
2882 4771 3024 4827 enim
3055 4788 3243 4842 magna
3272 4772 3363 4835 ibi,
3393 4782 3447 4827 et
3476 4774 3589 4841 ipsa

2007 4867 2378 4925 immortalitas
2406 4867 2514 4936 jam
2544 4866 2783 4935 corporis
2827 4866 2988 4919 nostri
3012 4864 3364 4935 suspendetur
3391 4866 3439 4918 in
3461 4880 3591 4919 cun-

2009 4959 2405 5029 templationetn
2426 4959 2443 4989 ¹
2466 4958 2578 5011 Dei.
2604 4957 2723 5011 Etsi
2742 4956 2901 5011 modo
2923 4956 3138 5010 verbum
3162 4955 3263 5009 h0c
3283 4955 3422 5024 quod
3443 4956 3589 5011 vobis

2008 5068 2309 5123 erogamus,
2332 5050 2541 5105 tamdiu
2560 5049 2894 5120 fragilitatem
2922 5048 3096 5102 carnis
3133 5055 3327 5101 nostrae
3362 5056 3588 5102 stantem

2010 5153 2183 5207 tenet;
2214 5143 2339 5214 quid
2371 5142 2523 5196 nobis
2546 5141 2700 5195 faciet
2725 5140 2853 5194 illud
2879 5137 3165 5207 gaudium?
3194 5137 3462 5204 quomodo
3491 5153 3589 5193 nos

2009 5236 2275 5293 mutabit?
2316 5234 2529 5290 Similes
2568 5234 2710 5288 enim
2742 5231 2788 5284 ei
2820 5230 3051 5293 erimus,
3093 5228 3340 5298 quoniam
3389 5229 3598 5285 videbi-

2011 5345 2129 5384 mus
2157 5345 2275 5383 eum
2302 5328 2454 5382 sicuti
2482 5333 2563 5379 est
2591 5324 2643 5394 (Ι
2674 5324 2829 5376 Joan.
2864 5338 2918 5376 III
2941 5364 2954 5387 ,
2982 5321 3018 5375 2
3040 5321 3079 5391 ).
3111 5322 3227 5376 Jam
3273 5323 3475 5377 similes
3496 5324 3590 5387 illi,

2010 5422 2219 5492 quando
2240 5417 2580 5474 deﬁciemus?
2622 5432 2725 5484 quo
2751 5414 3091 5467 avertemur?
3132 5413 3315 5468 Securi
3343 5429 3469 5483 ergo
3513 5415 3589 5467 si-

2010 5528 2161 5579 mus,
2195 5510 2412 5572 fratres;
2444 5522 2546 5561 non
2590 5521 2687 5559 nos
2712 5506 2926 5560 satiabit
2954 5505 3066 5560 laus
3096 5504 3190 5559 Dei
3213 5506 3233 5536 ¹
3253 5547 3267 5570 ,
3301 5519 3453 5560 amor
3478 5505 3589 5557 Dei.

2077 5626 2095 5690 ξ
2116 5630 2244 5690 Mss_.,
2264 5617 2669 5690 contemplatione.

2078 5688 2099 5717 ¹
2124 5677 2257 5741 Fdd.,
2282 5681 2333 5731 ni
2349 5681 2376 5730 .i
2396 5677 2499 5731 laus
2528 5679 2630 5730 Dei.
2659 5680 2819 5738 Abest,
2845 5679 2956 5741 nisi,
2981 5692 3009 5728 a
3030 5677 3433 5741 meiliot‘ribushtss.
3462 5684 3513 5727 Et
3534 5694 3591 5727 ev

2014 5749 2107 5805 his,
2130 5738 2267 5794 Corb.
2310 5746 2485 5795 omittit
2523 5746 2687 5801 etiam,
2719 5746 2822 5791 (aus
2848 5740 2950 5805 Dei,
2992 5740 3118 5802 quod
3147 5738 3229 5805 alii
3254 5739 3476 5805 plerique
3512 5740 3543 5788 h
3564 5769 3591 5786 .-

2017 5752 2107 5805 his,
2130 5752 2267 5794 Corb.
2310 5752 2485 5795 omittit
2523 5752 2687 5801 etiam,
2719 5752 2822 5791 (aus
2848 5752 2950 5799 Det,
2992 5752 3118 5802 quoa
3152 5752 3229 5786 am
3254 5752 3476 5847 plerique

2017 5812 2135 5859 bent
2162 5822 2172 5855 :
2202 5807 2287 5856 sed
2307 5819 2398 5854 non
2426 5806 2622 5864 addunt,
2649 5816 2782 5853 (τητω-
2810 5801 2895 5851 rei
2913 5816 2930 5861 ;
2954 5812 3118 5864 neque
3147 5800 3235 5849 hoc
3292 5801 3407 5849 abet
3430 5806 3507 5849 Er.
