4132 6520
551 380 687 439 1065

545 494 600 549 Si
627 488 846 547 delicies
872 483 940 541 ab
964 496 1147 539 amore
1162 522 1177 546 ,
1200 476 1418 536 dellcles
1442 488 1472 530 a
1498 471 1654 529 laude
1679 488 1691 525 :
1714 472 1762 527 si
1784 479 1961 526 autem
1986 483 2138 524 amor

549 582 908 654 sempiternus
948 576 1083 641 erit,
1138 574 1262 645 quia
1308 570 1396 625 illa
1443 564 1757 623 insatiabilis
1803 563 2140 635 pulchritudo

552 673 687 737 erit;
714 669 822 725 noli
842 670 1030 723 timere
1054 679 1121 719 ne
1138 678 1243 717 non
1260 659 1436 731 possis
1462 673 1675 728 semper
1702 656 1918 711 laudare
1939 697 1954 723 ,
1980 669 2141 726 quem

551 778 764 835 semper
790 759 986 831 poteris
1006 769 1208 811 amare.
1237 754 1376 822 Ergo
1399 792 1415 815 ,
1444 748 1589 803 Beati
1612 748 1698 819 qui
1722 747 1951 802 habitant
1970 747 2023 801 in
2051 745 2143 801 do-

551 872 633 911 mo
659 866 782 918 tua;
812 852 865 905 in
891 848 1077 905 saecula
1106 844 1409 902 steculorum
1449 840 1729 897 laudabunt
1758 848 1823 894 te.
1864 839 1997 895 Huic
2021 839 2144 894 vita:

552 945 903 1014 suspiremus.
1308 946 1315 954 ‘

630 1036 682 1090 9.
726 1034 875 1107 [νει-δ.
902 1031 955 1096 6,
990 1027 1078 1102 7.]
1100 1027 1204 1085 Sed
1231 1024 1501 1098 quomodo
1530 1022 1655 1079 illuc
1677 1021 1990 1078 veniemus?
2015 1020 2149 1075 Bea-

558 1138 636 1181 tus
662 1126 737 1180 vir
776 1124 924 1194 cujus
953 1129 1025 1177 est
1051 1120 1295 1189 susceptio
1324 1118 1433 1186 ejus
1453 1116 1541 1170 abs
1560 1123 1607 1169 te
1625 1156 1638 1179 ,
1673 1113 1909 1168 Domine.
1938 1112 2149 1168 Intelle-

561 1218 641 1272 xit
665 1216 754 1272 ubi
775 1222 938 1281 esset,
966 1213 1088 1283 quia
1110 1226 1203 1281 per
1222 1208 1559 1279 fragilitatem
1583 1207 1762 1261 carnis
1781 1220 1892 1260 suae
1912 1204 1979 1259 ad
2004 1204 2149 1259 illam

562 1307 946 1366 beatitudinem
965 1304 1145 1359 volare
1168 1317 1271 1357 non
1290 1309 1496 1371 posset:
1512 1298 1888 1367 circumspexit
1914 1297 2148 1369 pondera

494 1438 533 1456 ..
561 1420 689 1471 sua;
721 1402 843 1474 quia
868 1401 1059 1457 dicitur
1082 1398 1185 1453 alio
1212 1397 1328 1453 loco
1348 1436 1364 1461 ,
1395 1393 1591 1464 Corpus
1610 1393 1741 1447 enim
1765 1392 1899 1462 quod
1924 1407 2150 1445 corrum-

565 1498 722 1570 pitur,
751 1500 987 1566 aggravat
1002 1492 1259 1553 animam;
1287 1497 1332 1542 et
1363 1486 1598 1555 deprimit
1622 1494 1815 1539 terrena
1852 1483 2151 1538 inhabitatio

566 1603 768 1645 sensum
788 1585 946 1639 multa
972 1583 1269 1653 cogitantem
1289 1576 1308 1653 (
1328 1578 1457 1647 Sap.
1490 1592 1545 1631 Ix
1569 1619 1584 1644 ,
1619 1574 1741 1649 l5).
1770 1574 2000 1645 Spiritus
2027 1588 2151 1628 sur-

568 1696 686 1737 sum
729 1684 914 1744 vocat,
966 1673 1174 1746 pondus
1224 1671 1401 1727 carnis
1440 1669 1689 1725 deorsum
1730 1674 1984 1722 revocat:
2016 1665 2155 1721 inter

568 1773 704 1829 duos
724 1778 944 1827 conatus
964 1764 1329 1837 suspensionis
1344 1772 1400 1819 et
1420 1761 1670 1832 ponderis
1695 1760 1999 1816 colluctatio
2020 1775 2156 1829 qum-

569 1865 692 1920 dam
721 1870 831 1926 est;
881 1868 935 1916 et
980 1860 1092 1928 ipsa
1130 1855 1432 1912 colluctatio
1461 1854 1528 1908 ad
1571 1867 1875 1923 pressuram
1921 1851 2156 1922 pertinet

569 1954 872 2011 torcularis.
905 1949 1041 2005 Audi
1072 1949 1238 2018 ipsam
1267 1947 1462 2001 luctam
1514 1943 1581 1998 de
1626 1942 1873 1997 torculari
1915 1942 1983 1996 ab
2010 1941 2156 2011 Apo-

569 2048 708 2110 stolo
752 2057 1095 2115 expressam;
1128 2040 1251 2111 quia
1280 2049 1333 2093 et
1363 2039 1476 2107 ipse
1520 2036 1592 2090 ibi
1622 2034 2032 2097 conterebatur,
2084 2033 2155 2087 ibi

572 2138 948 2210 premebatur:
983 2151 1003 2187 ι
1029 2131 1403 2195 Condelector,
1444 2148 1463 2180 ι
1502 2127 1699 2197 inquit,
1736 2146 1753 2178 ι
1784 2126 1884 2195 legi
1926 2124 2025 2179 Dei
2072 2138 2157 2179 se-

571 2229 803 2286 cundum
830 2226 1135 2281 interiorem
1164 2222 1433 2277 hominem
1461 2237 1473 2273 :
1500 2219 1656 2274 video
1681 2226 1858 2272 autem
1885 2216 2045 2271 aliam
2076 2215 2155 2270 le-

571 2338 691 2394 gem
714 2323 765 2377 in
787 2318 1039 2376 membris
1068 2317 1223 2383 meis,
1251 2320 1631 2385 repugnantem
1653 2311 1755 2380 legi
1781 2309 1976 2364 mentis
2002 2323 2155 2375 metr,

572 2424 629 2472 et
654 2414 919 2484 captivum
959 2425 1044 2466 me
1077 2409 1359 2464 ducentem
1388 2407 1443 2461 in
1473 2404 1587 2475 lege
1634 2403 1876 2473 peccati,
1917 2416 2036 2471 quae
2077 2409 2161 2454 est

576 2507 632 2561 in
660 2502 916 2559 membris
940 2501 1094 2556 meis.
1124 2519 1141 2552 ι
1174 2499 1360 2569 Magna
1388 2497 1528 2551 lucta
1549 2537 1564 2561 ,
1592 2503 1647 2549 et
1684 2492 1940 2548 evadendi
1970 2505 2158 2561 magna

577 2596 916 2668 desperatio,
961 2594 1061 2649 nisi
1102 2591 1420 2648 subveniat‘
1449 2588 1516 2644 de
1557 2587 1901 2656 consequenti
1932 2583 2162 2653 :Infelix

578 2705 668 2760 ego
695 2689 843 2741 homo
866 2727 880 2753 ,
916 2684 1027 2755 quis
1052 2698 1130 2737 me
1154 2680 1381 2736 liberabit
1405 2679 1467 2733 de
1499 2693 1711 2748 corpore
1748 2676 1924 2729 mortis
1964 2674 2117 2745 huth
2137 2673 2162 2725 ?

581 2780 760 2836 Gratia
810 2777 903 2831 Dei
957 2792 1044 2846 per
1090 2773 1269 2828 Iesum
1312 2770 1568 2827 Christum
1617 2768 1891 2822 Dominum
1937 2774 2164 2819 nostrum

579 2869 773 2945 (Rom.
806 2885 876 2924 vn
898 2910 913 2934 ,
940 2863 1163 2935 22-25).
1196 2865 1335 2932 Ergo
1364 2871 1418 2916 et
1445 2862 1529 2916 hic
1572 2861 1624 2914 in
1661 2860 1869 2930 psalmo
1904 2858 2005 2912 isto
2035 2855 2163 2910 vidit

578 2967 671 3022 illa
713 2962 937 3035 gaudia,
989 2957 1240 3028 cogitavit
1272 2955 1448 3009 animo
1492 2972 1503 3008 :
1538 2952 1682 3007 Beati
1717 2952 1803 3021 qui
1843 2950 2069 3004 habitant
2110 2949 2164 3002 in

583 3059 735 3113 domo
774 3065 861 3108 tua
884 3096 897 3117 ,
940 3051 1192 3115 Domine;
1231 3050 1282 3102 in
1325 3047 1509 3102 stecula
1543 3044 1843 3101 swculorum
1891 3040 2165 3096 laudabunt

584 3160 654 3206 te.
685 3147 793 3205 Sed
821 3145 939 3215 quis
966 3144 1092 3197 illuc
1114 3139 1404 3196 ascendet?
1433 3136 1557 3207 quid
1580 3135 1720 3190 facio
1740 3134 1807 3189 de
1829 3133 2007 3189 carnis
2030 3148 2164 3202 pon-

581 3242 745 3300 dere?
800 3237 987 3293 «Beati
1014 3236 1103 3306 qui
1144 3233 1381 3289 habitant
1426 3232 1477 3285 in
1521 3229 1683 3284 domo
1727 3235 1843 3293 tua;
1876 3226 1927 3280 in
1973 3225 2165 3280 sarcula

582 3334 900 3391 sccculorum
939 3328 1229 3384 laudabunt
1267 3334 1335 3379 te.
1379 3320 1731 3377 Condelector
1755 3318 1896 3373 enim
1941 3316 2041 3386 legi
2073 3317 2168 3371 Dei

584 3423 878 3483 secundum
900 3419 1209 3474 interiorem
1254 3414 1547 3469 hominem.
1582 3430 1601 3462 ι
1650 3408 1756 3465 Sed
1781 3407 1905 3478 quid
1938 3405 2168 3461 iaciam?

584 3516 852 3591 quomodo
877 3510 1101 3567 volabo?
1131 3506 1396 3578 quomodo
1421 3501 1769 3574 perveniam?
1822 3499 1979 3554 Video
2015 3499 2171 3552 aliam

588 3614 746 3682 legem
772 3609 823 3661 in
848 3602 1080 3659 membris
1122 3600 1262 3665 meis,
1289 3605 1646 3668 repugnantem
1688 3594 1784 3664 legi
1823 3593 2001 3647 mentis
2027 3604 2167 3644 meat.

587 3703 732 3759 Dixit
758 3714 817 3756 se
850 3696 1114 3753 infelicem
1134 3734 1148 3758 ,
1175 3700 1229 3747 et
1253 3691 1385 3746 dixit
1412 3707 1424 3743 :
1462 3689 1586 3756 Quis
1612 3703 1689 3741 me
1717 3685 1943 3741 liberabit
1972 3685 2033 3737 de
2054 3697 2169 3736 cor-

594 3814 718 3869 pore
754 3793 928 3849 mortis
963 3790 1146 3860 hujus,
1173 3795 1233 3841 ut
1259 3783 1545 3839 inhabitem
1578 3783 1629 3836 in
1659 3781 1817 3855 domo
1848 3776 2088 3841 Domini,
2120 3783 2173 3829 et

592 3865 646 3943 in
677 3885 869 3942 saecula
896 3880 1211 3937 saeculorum
1240 3874 1447 3931 laudem
1471 3873 1636 3929 eum?
1664 3872 1773 3941 quis
1802 3887 1880 3923 me
1908 3865 2174 3923 liberabit?

518 4006 525 4021 ί
594 3978 772 4036 Gratia
797 3974 893 4030 Dei
917 3989 1005 4044 per
1022 3970 1200 4025 Jesum
1224 3969 1473 4022 Christum
1501 3964 1767 4018 Dominum
1789 3969 2031 4015 nostrum.
2061 3957 2174 4013 Sic-

592 4081 652 4127 ut
677 4084 802 4139 ergo
832 4067 884 4121 in
929 4062 1107 4119 verbis
1137 4059 1372 4131 Apostoli
1401 4058 1474 4113 illi
1502 4053 1795 4111 difﬁcultati
1825 4060 1880 4108 et
1903 4052 2050 4123 quasi
2094 4051 2177 4104 in-

595 4158 889 4219 extricabili
928 4156 1083 4209 lucta:
1117 4151 1361 4207 subvenit
1402 4147 1544 4220 quod
1581 4145 1833 4217 subjecit,
1868 4142 2046 4199 Gratia
2083 4140 2181 4194 Dei

599 4271 690 4327 per
706 4251 883 4307 Iesum
903 4246 1154 4303 Christum
1180 4243 1453 4297 Dominum
1473 4249 1737 4305 nostrum;
1768 4238 1845 4293 sic
1869 4246 1924 4292 et.
1946 4236 2034 4291 hic
2057 4249 2178 4289 cum

600 4324 892 4414 suspiraret
928 4337 1233 4392 ﬂammante
1268 4332 1532 4389 desiderio
1562 4331 1614 4385 in
1660 4329 1871 4386 domum
1903 4326 2000 4382 Dei
2046 4334 2100 4381 et
2128 4324 2182 4379 in

601 4436 721 4492 illas
746 4431 930 4487 laudes
976 4428 1091 4493 Dei,
1119 4424 1451 4481 considerata
1490 4421 1779 4495 gravedine
1818 4418 2058 4489 corporis
2102 4416 2182 4471 sui

603 4536 661 4584 et
706 4524 847 4580 mole
892 4520 1068 4576 carnis
1115 4534 1265 4585 suae,
1296 4526 1349 4573 et
1377 4516 1747 4587 desperatione
1788 4513 2015 4584 quadam
2062 4509 2184 4565 sub—

602 4626 747 4683 orta,
775 4628 957 4670 rursus
984 4613 1035 4668 in
1062 4627 1209 4681 spem
1237 4609 1525 4679 evigilavit,
1556 4616 1609 4662 et
1636 4607 1709 4661 ait
1738 4626 1751 4659 :
1782 4603 1970 4659 Beatus
1996 4603 2072 4657 uir
2098 4618 2185 4656 cu.

586 4713 687 4783 jus
706 4723 779 4766 est
803 4709 1050 4781 susceptio
1074 4709 1182 4778 ejus
1218 4705 1306 4759 abs
1327 4715 1392 4771 te,
1423 4702 1657 4757 Domine.

678 4805 769 4861 10.
800 4802 935 4872 Quid
958 4815 1083 4871 ergo
1109 4805 1327 4870 praestat
1350 4796 1491 4852 Deus
1518 4794 1569 4849 in
1598 4792 1699 4848 hac
1740 4790 1932 4862 gratia,
1957 4790 2007 4844 ei
2034 4802 2188 4857 quem

609 4896 846 4965 suscepit
898 4888 1331 4963 perducendum?
1376 4886 1647 4956 Sequitur,
1684 4890 1741 4939 et
1784 4882 1908 4937 dicit
1954 4898 1968 4935 :
2010 4880 2194 4934 Ascen-

609 5007 695 5046 sus
734 4990 788 5043 in
816 4987 965 5042 corde
989 4988 1118 5057 ejus.
1155 4982 1305 5037 Facit
1344 4980 1416 5035 illi
1460 4979 1655 5049 gradus
1692 4977 1883 5047 quibus
1920 4972 2198 5060 ascendat.‘

612 5081 715 5137 Ubi
776 5080 851 5135 illi
898 5077 1022 5133 facit
1072 5073 1302 5146 gradus?
1345 5073 1401 5127 ln
1439 5070 1618 5125 corde.
1658 5069 1869 5133 Quanto
1908 5080 2035 5137 ergo
2078 5065 2196 5134 plus

614 5173 916 5237 amaveris,
977 5177 1125 5224 tanto
1171 5167 1288 5238 plus
1331 5164 1606 5220 ascendes.
1664 5162 1944 5227 Ascensus,
1992 5159 2201 5229 inquit,

612 5267 670 5318 in
718 5262 870 5317 corde
908 5263 1019 5332 ejus
1067 5258 1333 5329 disposuit.
1395 5254 1556 5322 Quis?
1605 5253 1705 5320 Qui
1755 5252 1990 5321 suscepit
2029 5265 2195 5305 eum:

617 5354 806 5409 Beatus
846 5351 987 5407 enim
1024 5351 1169 5422 cujus
1195 5357 1265 5402 est
1294 5347 1541 5417 susceptio
1588 5344 1697 5414 ejus
1750 5343 1838 5396 abs
1887 5350 1971 5408 te,
2020 5339 2201 5395 Domi-

616 5462 701 5501 ne.
741 5444 875 5513 Quia
920 5458 1019 5514 per
1066 5456 1125 5497 sc
1174 5454 1281 5493 non
1319 5443 1532 5508 potest,
1587 5449 1721 5504 cpns
1769 5443 1853 5490 est
1913 5441 1971 5488 ut
2033 5433 2202 5502 gratia

627 5545 716 5592 tua
767 5534 1042 5604 suscipiat.
1094 5532 1160 5587 Et
1217 5528 1344 5600 quid
1407 5528 1529 5583 facit
1571 5527 1736 5597 gratia
1804 5526 1933 5580 tua?
1963 5526 2207 5596 DiSponit

688 5751 865 5861 ιιιω,
891 5744 1209 5799 subveniatur.
1250 5751 1304 5793 At
1333 5748 1409 5792 Fr.
1445 5748 1497 5792 et
1536 5748 1663 5803 Mss,
1689 5740 1932 5792 subveniat
1958 5753 1976 5791 :
2001 5742 2203 5806 supple,

688 5827 712 5861 u
733 5825 796 5861 ut.

619 5825 796 5878 gratia.

1787 360 1842 417 3.
1882 353 2249 418 AUGUSTINI
2290 354 2589 413 EPISCOPI

3720 359 3879 418 ιοϐι

2246 482 2501 524 ascensus
2524 469 2578 524 in
2619 466 2799 524 corde.
2831 467 2932 526 Ubi
2956 467 3190 541 disponit
3226 472 3515 528 ascensus?
3550 472 3614 528 In
3652 474 3877 549 corde,

2245 561 2299 616 in
2327 562 2552 616 convalle
2577 560 2898 633 plorationis.
2936 562 3077 619 Ecce
3105 563 3313 620 habetis
3344 566 3573 621 torcular
3611 566 3879 622 conval-

2248 654 2352 709 lem
2399 654 2711 724 plorationis
2740 672 2752 708 :
2777 655 2907 724 ipsae
2929 653 3181 727 lacryma:
3202 655 3302 725 pia:
3329 656 3625 711 contribula
3637 666 3874 725 torum,

2248 753 2482 801 mustum
2510 754 2637 801 sunt
2667 747 2979 801 amantium.
3007 746 3259 802 Ascensus
3282 748 3337 801 in
3364 747 3516 802 corde
3534 749 3648 819 ejus
3677 746 3881 817 dispo-

2249 839 2368 892 suit.
2407 837 2509 893 Ubi
2552 852 2681 908 crgo
2708 838 3004 908 disposuit?
3030 836 3100 892 In
3140 837 3367 893 convalle
3392 840 3737 909 plorationis.
3777 838 3882 893 Hic

2249 930 2391 986 enim
2416 930 2681 1002 disposuit
2708 946 2993 1001 ascensus,
3024 932 3079 986 in
3114 932 3341 987 convalle
3374 933 3686 1002 plorationis
3705 951 3730 997 ;
3786 932 3881 987 hic

2252 1022 2395 1077 enim
2424 1023 2662 1093 ploratur
2698 1023 2787 1078 ubi
2827 1023 3122 1079 seminatur
3151 1041 3164 1078 :
3195 1023 3391 1079 Euntes
3415 1068 3430 1091 ,
3463 1025 3634 1095 inquit
3661 1065 3681 1091 ,
3721 1023 3883 1079 ibant

2252 1123 2300 1170 et
2328 1116 2547 1185 flebant,
2584 1115 2832 1170 mittentes
2868 1116 3060 1170 semina
3085 1131 3177 1170 sua
3203 1115 3373 1185 (Psal.
3396 1132 3534 1171 cxxv
3553 1158 3567 1181 ,
3594 1116 3680 1189 6).
3719 1116 3881 1187 Ergo

2254 1220 2506 1262 ascensus
2531 1208 2582 1261 in
2606 1206 2767 1261 corde
2795 1214 2885 1261 tuo
2910 1206 3015 1262 sint
3035 1206 3275 1276 dispositi
3303 1222 3333 1260 a
3359 1207 3468 1262 Deo
3493 1220 3586 1277 per
3614 1206 3880 1278 gratiam

2255 1299 2441 1369 ipsius.
2488 1299 2730 1355 Amando
2789 1299 3022 1355 ascende
3055 1317 3067 1353 :
3098 1299 3220 1354 inde
3273 1308 3516 1355 cantatur
3562 1300 3876 1355 Canticum

2253 1393 2533 1464 graduum.
2592 1392 2662 1446 Et
2715 1392 2804 1447 ubi
2846 1393 2939 1448 tibi
2989 1392 3253 1463 disposuit
3277 1394 3375 1447 hos
3426 1393 3747 1449 ascensus?
3807 1390 3879 1447 In

2256 1488 2436 1553 corde,
2476 1488 2528 1541 in
2571 1486 2796 1541 convalle
2855 1488 3174 1555 plorationis.
3226 1487 3365 1541 Dixit
3411 1486 3500 1542 ubi
3539 1486 3831 1557 disposuit
3858 1529 3873 1554 ,

2256 1580 2398 1650 quod
2455 1579 2791 1649 disposuit‘.
2831 1577 2968 1645 Quid
3013 1578 3309 1647 disposuit?
3372 1578 3638 1633 Ascensus.
3710 1577 3879 1633 Ubi?

2259 1672 2433 1738 lntus,
2491 1673 2543 1726 in
2599 1671 2770 1725 corde.
2818 1671 2874 1725 ln
2905 1686 3008 1740 qua
3053 1672 3300 1741 regione,
3346 1680 3399 1726 et
3448 1671 3596 1741 quasi
3644 1669 3876 1725 habita-

2258 1766 2418 1821 tionis
2464 1765 2616 1819 loco?
2644 1762 2709 1818 In
2755 1763 2981 1817 convalle
3030 1763 3343 1831 plorationis.
3372 1762 3441 1817 Ut
3469 1777 3573 1833 quo
3603 1759 3878 1817 ascenda-

2261 1858 2378 1911 tur?
2403 1855 2467 1909 In
2496 1857 2661 1910 locum
2686 1854 2834 1923 quem
2858 1854 3124 1923 disposuit.
3156 1852 3289 1920 Quid
3317 1860 3400 1907 est
3444 1852 3572 1919 hoc,
3625 1852 3869 1915 fratres.

2262 1950 2327 2005 In
2359 1952 2522 2005 locum
2559 1966 2702 2021 quem
2729 1947 3016 2019 disposuit?
3041 1946 3209 2014 Quem
3252 1946 3423 2000 locum
3464 1945 3672 2000 diceret
3704 1959 3873 2014 quem

2261 2043 2541 2114 disposuit,
2559 2043 2605 2098 si
2626 2042 2727 2097 dici
2751 2048 2951 2110 posset.
2966 2041 3175 2095 Dictum
3191 2038 3281 2094 tibi
3300 2048 3401 2103 est,
3421 2038 3675 2094 Ascensus
3698 2036 3872 2109 dispo-
3902 2078 3935 2107 ο

2260 2136 2359 2191 suit
2389 2136 2440 2188 in
2462 2133 2631 2197 corde,
2656 2135 2709 2187 in
2728 2131 2954 2187 convalle
2975 2130 3292 2202 plorationis.
3314 2129 3521 2196 Qumris
3549 2129 3702 2200 quo?
3732 2128 3872 2198 Quid

2265 2227 2356 2281 tibi
2380 2226 2620 2281 dicturus
2644 2225 2762 2281 est?
2795 2224 2943 2291 Quod
2969 2224 3143 2277 oculus
3172 2238 3272 2276 non
3302 2222 3423 2275 vidit
3443 2264 3455 2285 ,
3486 2236 3575 2275 nec
3602 2221 3761 2274 auris
3789 2236 3873 2275 au-

2263 2319 2412 2385 divit,
2440 2334 2531 2371 nec
2561 2318 2612 2370 in
2639 2333 2725 2370 cor
2751 2315 2967 2370 hominis
2996 2312 3218 2368 ascendit
3244 2313 3259 2378 (
3284 2312 3301 2365 l
3329 2312 3445 2365 Cor.
3476 2327 3543 2377 ιι,
3573 2310 3668 2382 9).
3700 2310 3873 2366 Collis

2264 2419 2379 2476 cst,
2429 2424 2584 2463 mons
2624 2417 2704 2463 est
2725 2449 2739 2473 ,
2769 2415 2907 2462 terra
2951 2414 3061 2473 est,
3095 2414 3305 2474 pratum
3338 2414 3447 2468 est,
3481 2418 3650 2474 prope
3686 2403 3869 2457 omnia

2265 2502 2365 2557 ista
2385 2502 2558 2557 dictus
2578 2511 2659 2557 est
2677 2503 2824 2557 locus
2846 2502 2951 2557 ille.
2972 2501 3075 2557 Sed
3097 2500 3222 2571 quid
3245 2500 3313 2554 sit
3335 2514 3432 2569 per
3455 2499 3869 2569 proprietatem,

2267 2606 2373 2646 non
2403 2607 2496 2661 per
2520 2590 2921 2646 similitudinem
2967 2591 3247 2661 (videmus
3273 2590 3413 2645 enim
3442 2604 3579 2645 nunc
3607 2604 3715 2658 per
3744 2602 3871 2658 spe-

2266 2684 2443 2739 culum
2469 2684 2520 2738 in
2553 2687 2834 2752 :cnigmate
2856 2683 2982 2754 quid
3010 2683 3079 2737 sit
3102 2683 3186 2737 ille
3208 2683 3354 2737 locus
3373 2723 3386 2746 ,
3416 2689 3537 2736 tunc
3558 2679 3870 2736 videbimus

2268 2776 2401 2833 facie
2428 2776 2494 2832 ad
2523 2776 2711 2833 faciem
2752 2776 2872 2850 [Id.
2921 2792 3041 2843 xm,
3069 2775 3136 2831 l9.
3160 2775 3179 2847 ]
3205 2777 3257 2845 ),
3291 2776 3409 2845 quis
3446 2774 3726 2846 explicet?
3755 2773 3869 2828 Noli

2267 2884 2396 2941 ergo
2424 2884 2666 2941 quaerere
2692 2885 2798 2940 quo
2828 2869 3114 2939 disposuit,
3140 2868 3191 2922 in
3222 2868 3388 2921 locum
3415 2883 3559 2939 quem
3585 2865 3866 2936 disposuit.

2272 2961 2388 3031 Ipse
2424 2962 2573 3015 novit
2595 2975 2732 3031 quo,
2762 2962 2875 3031 ipse
2902 2960 3048 3014 novit
3073 2958 3162 3029 qui
3186 2959 3447 3028 disposuit
3475 2972 3581 3028 quo
3609 2968 3669 3013 te
3710 2957 3870 3011 ducat

2268 3055 2419 3125 cujus
2470 3068 2723 3110 ascensus
2785 3055 2840 3109 in
2886 3054 3047 3109 corde
3118 3052 3398 3123 disposuit.
3463 3051 3644 3121 Quid?
3712 3051 3867 3106 times

2270 3149 2596 3215 ascendere,
2662 3164 2730 3204 ne
2783 3156 2926 3203 erret
2972 3149 3060 3218 qui
3125 3155 3179 3202 te
3225 3147 3410 3202 ducit?
3449 3146 3590 3202 Ecce
3631 3146 3694 3201 in
3739 3160 3868 3200 cou-

2273 3242 2408 3297 valle
2470 3241 2781 3311 plorationis
2851 3238 3115 3310 disposuit
3195 3252 3476 3305 ascensus,
3553 3236 3621 3291 In
3704 3237 3865 3291 locum

2269 3352 2412 3406 quem
2478 3334 2744 3403 disposuit.
2800 3333 3077 3388 Ploramus
3141 3330 3321 3386 modo.
3372 3330 3562 3386 Unde?
3616 3330 3721 3387 Ubi
3759 3330 3865 3384 dis-

2274 3426 2430 3495 positi
2470 3434 2594 3479 sunt
2624 3424 2792 3479 nostri
2814 3439 3086 3479 ascensus.
3114 3421 3261 3479 Unde
3283 3422 3574 3493 ploramus,
3613 3421 3718 3477 nisi
3747 3419 3865 3475 inde

2273 3518 2415 3574 unde
2435 3530 2493 3573 se
2521 3517 2773 3573 miserum
2802 3515 3135 3572 exclamabat
3159 3514 3445 3584 Apostolus
3463 3556 3477 3581 ,
3500 3515 3625 3584 quia
3654 3512 3867 3569 videbat

2274 3610 2430 3664 aliam
2457 3609 2625 3679 legem
2659 3611 2709 3662 in
2740 3607 2992 3663 membris
3022 3607 3131 3661 suis
3162 3614 3545 3677 repugnantem
3575 3606 3682 3678 legi
3715 3620 3861 3659 men-

2277 3701 2345 3756 tis
2372 3701 2520 3755 suae?
2548 3701 2615 3755 Et
2650 3700 2788 3755 unde
2824 3700 2923 3754 hoc
2957 3698 3153 3754 nobis?
3202 3698 3281 3754 Ex
3322 3713 3478 3768 pcena
3527 3699 3760 3768 peccati.
3802 3696 3864 3752 Et

2278 3792 2590 3864 putabamus
2629 3806 2727 3848 nos
2768 3791 2923 3848 facile
2961 3792 3134 3863 justos
3178 3805 3298 3848 esse
3340 3806 3499 3861 posse
3541 3791 3695 3861 quasi
3736 3788 3859 3845 viri-

2279 3887 2376 3942 bus
2432 3886 2659 3953 nostris,
2727 3894 3011 3956 antequam
3081 3885 3443 3956 acciperemus
3519 3882 3862 3947 mandatum;

2279 3977 2594 4034 adveniente
2674 3987 2849 4033 autem
2925 3976 3210 4042 mandato,
3278 3985 3555 4045 peccatum
3638 3973 3860 4030 revixit:

2283 4085 2382 4143 ego
2408 4079 2583 4125 autem
2613 4078 2856 4125 mortuus
2882 4083 3030 4136 sum;
3062 4067 3165 4123 hoc
3188 4068 3262 4123 ait
3290 4066 3605 4139 Apostolus.
3637 4067 3769 4123 Data
3790 4072 3866 4120 est

2284 4163 2424 4218 enim
2453 4161 2561 4217 Lex
2593 4161 2918 4227 hominibus,
2936 4176 3043 4215 non
3073 4176 3190 4231 qua:
3217 4160 3451 4216 salvaret
3475 4175 3569 4215 eos
3592 4158 3704 4230 jam
3730 4200 3746 4225 ,
3777 4155 3863 4212 sed

2285 4268 2382 4324 per
2405 4266 2562 4323 quam
2605 4261 2991 4322 cognoscerent
3022 4252 3073 4305 in
3121 4267 3221 4322 qua
3262 4251 3577 4322 aegritudine
3598 4251 3862 4321 iacebant.

2287 4344 2423 4399 Audi
2463 4343 2621 4398 verba
2648 4343 2887 4413 Apostoli
2921 4362 2933 4397 :
2964 4362 2981 4395 ι
3007 4342 3063 4398 Si
3092 4344 3231 4397 enim
3276 4342 3397 4398 data
3436 4353 3580 4400 esset
3604 4343 3715 4399 Lex
3756 4355 3865 4412 qua:

2288 4443 2469 4507 posset
2493 4434 2794 4502 viviticare,
2826 4434 3044 4489 omnino
3069 4450 3132 4490 ex
3172 4434 3313 4506 Lege
3340 4444 3484 4491 esset
3516 4435 3722 4505 justitia
3742 4450 3755 4501 ;
3779 4430 3864 4489 sed

2288 4526 2548 4583 conclusit
2573 4525 2840 4595 Scriptura
2872 4525 3047 4579 omnia
3078 4525 3178 4580 sub
3204 4536 3421 4597 peccato
3442 4567 3455 4592 ,
3490 4532 3550 4581 ut
3592 4522 3865 4595 promissio

2291 4638 2359 4678 ex
2409 4620 2513 4677 ﬁde
2554 4622 2680 4677 Jesu
2726 4619 2921 4675 Christi
2961 4619 3176 4674 daretur
3237 4619 3575 4675 credentibus
3612 4637 3630 4670 ι
3668 4614 3862 4690 (Galat.

2294 4728 2386 4780 ιιι,
2408 4711 2500 4782 21)
2534 4711 2775 4766 :veniret
2801 4709 2969 4781 gratia
3000 4718 3118 4779 pOSt
3138 4709 3361 4779 Legem,
3398 4709 3659 4764 inveniret
3702 4704 3865 4761 homi-

2296 4819 2415 4858 nem
2438 4818 2544 4857 non
2576 4803 2745 4857 solum
2769 4802 3034 4871 iacentem
3054 4842 3066 4864 ,
3099 4799 3195 4855 sed
3214 4799 3321 4869 jam
3349 4799 3507 4855 etiam
3537 4798 3865 4854 conﬁtentem

2298 4904 2351 4951 ct
2375 4895 2660 4961 dicentem,
2693 4892 2850 4948 Miser
2869 4909 2960 4965 ego
2989 4893 3157 4959 homo,
3190 4892 3301 4962 quis
3331 4907 3408 4945 me
3434 4890 3659 4945 liberabit
3684 4891 3745 4943 de
3762 4902 3866 4941 car-

2303 5006 2423 5058 pore
2459 4988 2633 5042 mortis
2672 4987 2872 5057 hujus?
2900 4994 2953 5041 et
2978 4994 3274 5056 opportune
3299 4985 3508 5041 veniret
3532 4983 3767 5039 medicus
3809 4974 3867 5031 ad

2300 5081 2593 5135 convallem
2642 5077 2985 5149 plorationis,
3033 5086 3086 5133 et
3126 5076 3358 5143 diceret,
3387 5076 3543 5132 Certe
3590 5066 3867 5145 cognovisti

2302 5168 2423 5242 quia
2447 5170 2713 5235 cecidisti;
2746 5169 2868 5224 audi
2896 5184 2982 5225 me
3006 5176 3066 5223 ut
3092 5183 3299 5239 surgas,
3327 5168 3415 5238 qui
3447 5183 3531 5223 me
3559 5159 3871 5233 contempsi-

2304 5263 2372 5318 sti
2400 5271 2458 5318 ut
2481 5263 2721 5320 caderes.
2753 5261 2880 5315 Data
2912 5268 2994 5315 est
3022 5274 3149 5329 ergo
3170 5259 3283 5314 Lex
3312 5268 3369 5313 ut
3388 5274 3585 5329 aegrum
3608 5257 3673 5312 de
3698 5250 3869 5310 morbo

2306 5354 2677 5418 convinceret,
2704 5351 2793 5421 qui
2815 5350 2915 5405 sibi
2942 5366 3104 5406 sanus
3130 5350 3435 5415 videbatur;
3468 5357 3526 5402 ut
3552 5353 3761 5419 peccata
3789 5340 3871 5394 dc-

2307 5452 2752 5507 monstrarentur,
2784 5458 2889 5497 non
2912 5451 2968 5497 ut
2987 5442 3343 5497 adferrentur.
3375 5442 3746 5497 Demonstrato
3764 5444 3853 5502 pec

2310 5547 2429 5591 cato
2452 5551 2548 5605 per
2586 5534 2763 5590 datam
2796 5533 2989 5603 Legem
3010 5575 3024 5601 ,
3056 5542 3268 5589 auctum
3306 5542 3389 5587 est
3412 5541 3686 5601 peccatum
3707 5566 3721 5594 ,
3762 5533 3867 5592 quia

2388 5804 2402 5833 ι
2431 5804 2503 5851 Sic
2529 5799 2752 5863 plerique
2778 5796 2912 5848 editi.
2942 5806 2987 5847 tn
3015 5806 3081 5858 8.,
3106 5810 3198 5862 quo
3220 5795 3448 5861 disposuit
3472 5793 3495 5847 .’
3588 5800 3642 5842 tl.
