4132 6456
332 364 479 419 1005

331 484 612 545 incoatum
645 482 723 527 est
768 482 822 527 et
862 481 1047 527 contra
1087 472 1316 542 Legem:
1372 471 1685 538 Occasione,
1718 472 1919 540 inquit,

330 575 546 634 accepta
567 606 582 630 ,
611 575 867 633 peccatum
918 582 1006 634 per
1042 565 1341 618 mandatum
1385 574 1645 636 operatum
1670 572 1740 617 est
1767 562 1821 615 in
1848 577 1927 614 rue

331 673 539 710 omnem
589 657 1047 725 concupiscentiam
1074 656 1248 724 (Rom.
1275 672 1379 722 vlt,
1411 656 1465 719 7,
1504 656 1537 710 8
1558 656 1597 727 ).
1638 653 1773 721 Quid
1803 660 1886 708 est
1908 694 1923 719 ,

334 748 607 801 occasione
629 759 838 818 accepta
867 765 956 818 per
993 748 1331 801 mandatum?
1374 748 1663 817 Acceptum
1705 744 1928 800 manda-

331 848 449 892 tnm
480 839 631 909 quasi
674 839 873 893 viribus
898 840 1007 894 suis
1044 840 1217 894 conati
1267 847 1392 894 sunt
1430 838 1606 893 facere
1649 837 1925 902 homines;

329 930 462 984 victi
490 930 924 999 concupiscentia
950 972 967 997 ,
998 930 1228 985 mandati
1254 931 1413 985 etiam
1437 930 1601 1000 ipsius
1629 937 1926 999 transgres-

330 1020 492 1075 sione
536 1021 609 1076 rei
640 1018 763 1075 lacti
798 1030 940 1075 sunt.
970 1020 1073 1077 Sed
1099 1022 1221 1093 quid
1249 1022 1322 1076 ait
1347 1020 1676 1091 Apostolus?
1708 1018 1806 1075 Ubi
1829 1036 1925 1072 au-

329 1119 435 1163 tem
481 1112 754 1166 abundavit
793 1123 1085 1183 peccatum,
1121 1128 1272 1184 super
1307 1113 1578 1167 abundavit
1612 1114 1777 1185 gratia
1802 1111 1924 1185 (ld.

331 1220 361 1258 ν
388 1248 406 1272 ,
438 1204 508 1261 20
528 1207 582 1277 );
623 1206 674 1260 id
700 1214 783 1261 est
805 1247 820 1271 ,
847 1216 1032 1261 auctus
1060 1216 1142 1262 est
1172 1206 1419 1273 morbus,
1447 1207 1817 1262 commendata
1846 1215 1930 1261 est

332 1297 622 1351 medicina.
670 1298 955 1367 Propterea
978 1340 993 1364 ,
1027 1296 1239 1365 fratres,
1291 1298 1525 1368 quinque
1555 1298 1661 1352 illa:
1693 1298 1928 1367 porticus

332 1387 642 1443 Salomonis
666 1431 681 1453 ,
715 1388 971 1460 numquid
1000 1390 1257 1444 curabant
1284 1398 1514 1460 mgmtos
1539 1431 1553 1453 ,
1588 1389 1674 1445 ubi
1701 1399 1817 1445 erat
1843 1390 1926 1461 pi-

332 1480 482 1533 scina
528 1481 578 1533 iu
628 1479 805 1533 medio
833 1481 1059 1534 earum?
1105 1479 1171 1532 Et
1199 1480 1470 1550 jacebant,
1520 1480 1721 1549 inquit,
1750 1481 1927 1550 argroti

332 1572 386 1624 in
420 1574 638 1643 quinque
663 1572 935 1641 porticibus
963 1571 1159 1641 (Joan.
1185 1588 1236 1639 v,
1280 1574 1382 1644 5);
1444 1574 1495 1627 in
1528 1573 1814 1643 Evangelio
1848 1573 1926 1628 le-

332 1666 520 1715 ctum‘
548 1663 829 1717 habemus.
861 1662 1106 1734 Quinque
1147 1664 1247 1718 illa:
1293 1664 1549 1733 porticus,
1598 1664 1707 1719 Lex
1747 1674 1828 1720 est
1870 1665 1923 1720 in

330 1757 572 1827 quinque
610 1757 760 1810 libris
800 1756 985 1827 Moysi.
1016 1756 1097 1809 Ad
1143 1756 1241 1811 hoc
1272 1756 1702 1826 producebantur
1740 1758 1923 1827 :cgroti

330 1847 407 1902 de
436 1847 682 1901 domibus
710 1848 855 1914 suis,
880 1848 1193 1917 utjacerent
1222 1848 1272 1902 in
1308 1849 1616 1918 porticibus.
1659 1848 1800 1919 Ergo
1842 1849 1925 1904 lex

330 1938 600 2007 prodebat
622 1948 872 2008 a'grotos,
903 1954 1005 1993 non
1034 1938 1285 2003 sanabat;
1318 1939 1411 1994 sed
1440 1937 1809 1995 benedictione
1833 1940 1928 1995 Dei

329 2031 652 2085 turbabalnr
677 2047 833 2102 aqua,
868 2042 1113 2102 tanquam
1159 2033 1350 2103 angelo
1385 2033 1743 2093 descendente
1774 2052 1787 2089 :
1816 2034 1925 2088 visa

268 2176 283 2181 _
329 2138 475 2192 aqua
504 2122 709 2176 turbata
732 2165 746 2190 ,
777 2126 862 2193 qui
894 2133 1102 2195 poterat
1147 2140 1280 2177 unus
1310 2124 1670 2179 descendebat
1697 2134 1751 2180 et
1771 2139 1927 2179 sanae

331 2213 518 2266 batur.
552 2214 697 2283 Aqua
727 2213 816 2266 illa
856 2215 1027 2268 cincta
1067 2214 1300 2285 quinque
1329 2214 1651 2283 porticibus,
1699 2215 1927 2284 p0pulus

329 2304 358 2360 J
368 2305 643 2360 rubuerunt
668 2314 784 2360 erat
809 2305 949 2372 Lege
965 2306 1249 2361 conclusus
1277 2324 1287 2358 :
1320 2305 1460 2361 hunc
1476 2308 1803 2378 perturbavit
1826 2308 1927 2361 Do-

331 2398 520 2451 minus
560 2398 837 2467 praesmtia
868 2413 963 2451 sua
984 2439 999 2461 ,
1032 2407 1086 2451 ut
1113 2396 1464 2453 occideretur.
1495 2395 1604 2451 Nisi
1643 2398 1783 2453 enim
1827 2397 1925 2453 de-

331 2502 532 2541 scensu
556 2501 652 2541 suo
680 2487 935 2542 Dominus
959 2488 1291 2556 perturbaret
1318 2488 1569 2558 populum
1595 2488 1920 2552 Judaeorum,

332 2580 1059 2651 numquidcruciﬁgeretur?
1106 2583 1287 2651 Itaque
1318 2582 1522 2638 turbata
1548 2597 1684 2653 aqua
1726 2583 1925 2653 passio-

330 2688 465 2727 nem
499 2671 704 2726 Domini
750 2671 1111 2742 signiﬁcabat,
1161 2688 1279 2741 quae
1319 2672 1453 2728 facta
1494 2682 1576 2729 est
1619 2673 1924 2743 perturbata

329 2776 499 2836 gente
523 2763 846 2820 Iud-morum.
877 2766 931 2820 In
953 2767 1087 2821 hanc
1110 2767 1408 2835 passionem
1436 2766 1606 2822 credit
1625 2766 1923 2838 languidus,

330 2867 591 2926 tanquam
624 2856 675 2909 in
707 2871 895 2925 aquam
925 2858 1187 2912 turbatam
1215 2857 1544 2912 descendens
1563 2899 1580 2923 ,
1607 2866 1665 2913 et
1687 2867 1923 2913 sanatur.

331 2946 439 3014 Qui
469 2962 569 3000 non
599 2947 885 3001 sanabatur
922 2947 1095 3019 Lege,
1130 2948 1179 3002 id
1222 2958 1303 3003 est
1344 2950 1671 3020 porticibus,
1712 2959 1929 3007 sanatur

332 3039 539 3109 gratia,
570 3055 663 3108 per
694 3040 956 3109 passionis
1000 3041 1155 3097 ﬁdem
1188 3042 1397 3098 Domini
1427 3046 1592 3099 nostri
1619 3044 1744 3100 .lesu
1776 3045 1928 3101 Chri-

330 3130 430 3183 sti.
461 3128 625 3193 Unus,
652 3132 777 3200 quia
807 3133 998 3185 unitas.
1036 3133 1172 3202 Ergo
1198 3143 1252 3187 et
1273 3133 1359 3189 hic
1387 3134 1513 3205 quid
1539 3135 1651 3189 ait?
1680 3137 1928 3192 Ascensus

333 3220 393 3273 in
422 3222 569 3275 corde
606 3224 715 3291 ejus
737 3224 1002 3293 disposuit,
1034 3224 1087 3278 in
1116 3225 1344 3279 convalle
1386 3226 1681 3295 plorationis
1700 3270 1715 3295 ,
1749 3230 1802 3282 in
1854 3228 1930 3283 lo-

334 3330 455 3367 cum
480 3330 625 3382 quem
654 3314 933 3383 disposuit:
958 3316 1066 3383 jam
1100 3317 1149 3370 in
1181 3316 1270 3369 illo
1303 3317 1418 3371 loco
1447 3318 1813 3387 gaudebimus.

416 3404 506 3457 ll.
534 3401 551 3476 [
576 3420 701 3457 vers.
729 3404 806 3475 8.]
830 3406 1000 3472 Quare
1026 3416 1199 3460 autem
1226 3448 1240 3473 ,
1265 3407 1314 3459 in
1345 3408 1569 3461 convalle
1598 3408 1931 3477 plorationis?

338 3494 409 3547 Et
436 3509 505 3548 ex
537 3511 635 3563 qua
667 3496 905 3548 Convalle
938 3497 1245 3564 plorationis
1272 3498 1334 3551 ad
1365 3498 1511 3554 illum
1546 3500 1719 3553 locum
1750 3500 1929 3569 gaudii

341 3584 659 3638 veniemus?
691 3583 825 3636 Nam
853 3595 897 3637 et
925 3586 1332 3651 benedictionem,
1366 3588 1551 3658 inquit,
1583 3588 1719 3642 dabit
1742 3590 1828 3659 qui
1852 3590 1929 3643 le-

340 3693 455 3743 gem
485 3676 638 3729 dedit.
674 3676 874 3731 Afﬁixit
902 3693 999 3731 nos
1026 3677 1188 3749 Lege.
1223 3680 1415 3750 pressit
1442 3696 1538 3734 nos
1566 3680 1725 3752 Lege,
1752 3694 1932 3738 osten-

342 3767 422 3819 dit
455 3768 603 3820 nobis
634 3770 884 3833 torcular;
916 3769 1143 3824 vidimus
1171 3786 1493 3840 pressuram,
1527 3774 1706 3829 carnis
1733 3787 1931 3831 nostra:

342 3860 737 3914 tribulationem
793 3861 1139 3930 euguovimus
1172 3906 1186 3930 ,
1238 3864 1590 3935 iugemuimus
1645 3866 1933 3923 rebellante

341 3960 563 4020 peccato
581 3952 835 4006 adversus
857 3965 1085 4008 mentem
1110 3964 1367 4020 ucstram,
1387 3958 1753 4023 clamavimus,
1776 3959 1932 4014 Miser

342 4059 439 4109 ego
470 4043 614 4096 homo
643 4059 661 4097 :
690 4044 788 4097 sub
816 4044 952 4115 Lege
990 4046 1318 4114 gemuimus;
1349 4048 1473 4115 quid
1518 4056 1721 4116 restat,
1750 4049 1851 4103 nisi
1880 4061 1935 4104 ιιι

342 4132 769 4188 benedictionem
808 4128 896 4189 det
921 4136 1008 4205 qui
1040 4136 1232 4205 Legem
1261 4137 1443 4191 dedit?
1471 4138 1728 4194 Adveniet
1765 4142 1931 4210 gratia

342 4234 471 4291 post
502 4223 724 4296 Legem;
757 4224 865 4296 ipsa
894 4236 973 4279 cst
1003 4226 1317 4281 benedictio.
1350 4227 1416 4282 Et
1458 4229 1580 4298 quid
1622 4231 1773 4286 nobis
1802 4247 1934 4301 pra:—

341 4315 483 4369 stitit
511 4317 605 4368 ista
628 4317 793 4385 gratia
819 4328 871 4371 et
902 4318 1229 4373 benedictio?
1252 4339 1268 4370 i
1296 4321 1651 4377 Ambulabunt
1673 4338 1701 4377 a
1732 4324 1935 4380 virtuti-

344 4406 449 4461 lms
480 4408 529 4461 in
552 4409 817 4463 virtutem.
835 4431 851 4460 ι
876 4410 969 4464 llic
996 4412 1135 4465 enim
1165 4428 1261 4481 per
1277 4414 1497 4481 gratiam
1518 4416 1696 4469 multa:
1714 4419 1936 4472 virtutes

343 4498 571 4553 dantur:
595 4520 610 4550 ι
627 4500 724 4553 Alii
744 4502 954 4569 quidem
977 4502 1130 4556 datur
1154 4519 1246 4573 per
1265 4504 1515 4573 Spiritum
1535 4521 1711 4561 sermo
1723 4509 1936 4577 sapien-

344 4592 546 4655 tia-,alii
562 4607 738 4647 sermo
750 4595 1295 4660 scientim,5ecundum
1311 4600 1555 4652 eumdem
1567 4599 1838 4671 Spiritum,
1850 4603 1936 4657 alii

346 4682 504 4745 sides,
524 4681 611 4736 alii
630 4683 845 4738 donatio
866 4686 1169 4754 sanitatum,
1193 4688 1279 4742 alii
1306 4705 1497 4758 genera
1524 4690 1935 4760 linguarum,alii

348 4774 716 4844 interpretatio
740 4793 1062 4842 sermonum,
1081 4780 1166 4833 alii
1189 4781 1517 4850 prupltetalio
1537 4802 1553 4833 ι
1580 4783 1620 4852 (Ι
1634 4784 1748 4839 Cor.
1767 4802 1856 4850 xu,
1873 4787 1936 4840 8-

349 4864 460 4936 10).
477 4866 646 4921 Multa:
666 4868 901 4933 virtutes,
924 4870 1015 4926 sed
1036 4871 1119 4925 hic
1137 4875 1450 4927 necessaria:
1471 4882 1555 4937 ;et
1574 4876 1641 4930 ab
1660 4876 1742 4931 his
1767 4878 1935 4931 virtu-

350 4958 492 5011 tibus
521 4957 657 5012 imus
675 4959 725 5013 in
747 4960 1010 5015 virtutem.
1035 4961 1200 5029 Quam
1220 4964 1465 5018 virtutem
1484 4964 1507 5016 ?
1526 4964 1818 5033 Christum,
1845 4968 1935 5022 Dei

351 5045 610 5104 Virtutem
637 5092 651 5116 ,
683 5060 735 5105 et
766 5051 857 5106 Dei
887 5052 1208 5123 Sapientiam
1242 5054 1349 5124 (Id.
1379 5071 1416 5121 ι,
1440 5054 1551 5124 2i).
1584 5056 1699 5124 lpse
1735 5057 1827 5111 dat
1854 5059 1935 5111 di-

349 5154 530 5194 versas
560 5142 781 5198 virtutes
808 5144 858 5198 in
891 5146 1007 5200 loco
1037 5145 1137 5201 hoc
1162 5188 1176 5213 ,
1201 5148 1288 5217 qui
1323 5164 1415 5217 pro
1452 5148 1700 5203 omnibus
1729 5148 1937 5205 virtuti-

350 5230 450 5285 bus
482 5235 795 5289 necessariis
814 5236 863 5289 iu
892 5237 1130 5291 convalle
1151 5238 1457 5307 plorationis
1479 5249 1532 5294 et
1553 5240 1768 5296 utilibus
1794 5240 1939 5297 dabit

351 5338 507 5377 unam
531 5326 798 5392 virtutem,
818 5328 1071 5397 seipsum.
1092 5328 1223 5383 Nam
1251 5339 1302 5384 et
1330 5331 1548 5386 virtutes
1574 5331 1791 5401 agendae
1815 5333 1934 5387 vitae

348 5426 550 5471 nostra:
577 5427 803 5488 quatuor
820 5420 1194 5476 describuntur
1219 5438 1247 5475 a
1279 5422 1459 5475 multis
1479 5466 1492 5487 ,
1516 5432 1569 5478 et
1592 5423 1643 5478 in
1665 5424 1933 5494 Scriptura

348 5508 705 5565 inveniuntur.
737 5511 1017 5567 Prudentia
1054 5513 1264 5576 dicitur,
1297 5529 1399 5583 qua
1421 5514 1778 5585 dignoscimus
1800 5516 1937 5572 inter

342 5598 547 5654 bonum
596 5612 650 5656 et
698 5598 1582 5677 malunflustitiadicitur,‘qua
1612 5622 1707 5661 sua
1746 5608 1935 5677 cuique

346 5622 547 5654 υυιιιιιιι
596 5622 650 5656 ct.
698 5622 913 5658 malum.
960 5622 1172 5661 Jusuua
1218 5622 1471 5670 atCtlut‘,‘
1521 5622 1582 5660 ua
1612 5622 1707 5661 sua
1746 5622 1935 5677 cuique

346 5692 663 5761 tribuimus;
712 5697 906 5750 nemini
952 5696 1237 5767 quidquam
1282 5677 1575 5767 ilelimttes,
1607 5698 1699 5754 sed
1750 5715 1935 5755 omnes

424 5799 443 5833 ³
469 5799 545 5847 sic
578 5805 650 5847 Er.
679 5808 730 5849 et
752 5808 854 5850 Mss.
880 5811 951 5850 Αι.
977 5810 1085 5851 Lov.
1112 5802 1311 5851 dictum.

596 5880 820 5942 Ssacr.
870 5887 1145 5944 Accusr.
1194 5884 1294 5943 IV.

1389 357 1780 414 EN.\th.\TlO
1819 356 1882 410 IN
1923 354 2243 411 l’S.\l.\lU}l
2280 352 2562 409 LXXXIII.

3486 360 3629 416 £066

2035 467 2314 537 diligentes
2345 466 2528 537 (Rom.
2574 482 2694 533 xm,
2727 467 2820 538 8).
2862 468 3233 554 Temperantia
3265 471 3458 527 dieitur
3481 517 3493 541 ,
3522 490 3626 545 qua

2037 559 2282 615 libidines
2319 558 2669 615 refrenamus.
2697 558 3001 636 Fortitudo
3049 562 3245 619 dicitur
3266 607 3281 631 ,
3312 581 3413 636 qua
3447 569 3625 623 omnia

2036 650 2259 705 molesta
2316 620 3041 709 toleramus.
3098 670 3236 710 nunc
3280 657 3330 711 in
3384 659 3628 714 convalle

2036 738 2347 810 plorationis
2376 755 2469 811 per
2493 742 2714 810 gratiam
2747 741 2837 796 Dei
2865 742 3057 797 dantur
3083 744 3236 800 nobis
3267 764 3281 801 :
3312 747 3379 803 ab
3405 747 3488 805 his
3516 751 3627 805 vir-

2038 832 2237 887 tutibus
2268 832 2405 888 imus
2436 834 2486 888 in
2526 833 2668 888 illam
2700 834 2968 890 virtutem.
3002 837 3068 891 Et
3105 854 3224 909 quae
3252 840 3355 895 erit
3396 841 3484 897 illa
3518 846 3627 898 vir-

2038 935 2155 990 tus,
2185 926 2284 981 nisi
2331 926 2496 982 solius
2537 929 2998 999 contemplationis
3046 930 3509 991 Dei?Necessaria
3553 937 3627 993 ibi

2036 1033 2140 1071 non
2171 1018 2272 1072 erit
2297 1018 2393 1073 ista
2420 1017 2717 1088 prudentia,
2743 1020 2827 1073 ubi
2856 1020 2996 1074 nulla
3021 1022 3157 1076 mala
3185 1038 3466 1081 occursum
3496 1039 3622 1086 sunt

2036 1124 2152 1177 quae
2192 1110 2438 1163 vitemus.
2470 1109 2576 1165 Sed
2631 1110 2755 1180 quid
2802 1120 3085 1181 putamus,
3119 1113 3475 1173 fratres?Non
3524 1121 3624 1177 ista

2030 1201 2254 1272 justitia,
2279 1202 2365 1257 ubi
2388 1202 2528 1258 nulla
2554 1203 2651 1257 erit
2677 1205 2987 1274 cujusquam
3018 1204 3306 1276 indigentia
3326 1209 3411 1264 cui
3434 1212 3627 1267 subve-

2036 1294 2150 1349 nire
2185 1294 2495 1349 debeamus.
2525 1294 2639 1351 Non
2672 1296 2768 1350 ista
2808 1299 3153 1367 temperantia
3181 1342 3193 1362 ,
3224 1300 3314 1355 tibi
3354 1301 3495 1357 nulla
3526 1306 3625 1360 erit

2035 1383 2197 1439 libido
2226 1384 2560 1440 refrenanda.
2593 1385 2708 1441 Non
2740 1387 2842 1442 ista
2872 1388 3144 1456 fortitudo,
3177 1392 3263 1445 ubi
3296 1393 3438 1448 nulla
3469 1405 3627 1452 erunt

2035 1475 2170 1528 mala
2216 1475 2509 1530 toleranda.
2538 1476 2678 1547 Ergo
2702 1477 2769 1531 ab
2799 1476 2882 1532 bis
2909 1478 3190 1535 virtutibus
3219 1482 3375 1553 hujus
3403 1485 3627 1542 actionis

2035 1565 2227 1620 ibimus
2271 1566 2322 1620 iu
2371 1566 2615 1622 virtutem
2659 1566 2800 1622 illius
2829 1571 3292 1640 contemplationis
3316 1615 3331 1638 ,
3370 1590 3470 1644 qua
3498 1590 3627 1630 conv

2035 1656 2352 1724 temptamur
2393 1655 2560 1711 Deum
2596 1656 2777 1712 :sieut
2814 1659 3069 1729 scriptum
3097 1669 3220 1727 est,
3256 1660 3411 1717 Mane
3452 1668 3625 1719 astabo

2033 1746 2140 1813 tibi,
2164 1755 2210 1800 et
2236 1748 2612 1818 contemplabor
2640 1746 2809 1819 (Psal.
2841 1765 2871 1803 ν
2893 1792 2908 1817 ,
2938 1750 3017 1820 5).
3046 1751 3111 1805 Et
3137 1752 3258 1806 audi
3286 1755 3409 1823 quia
3434 1755 3501 1810 ab
3528 1756 3624 1811 hu-

2028 1839 2117 1909 jus
2141 1841 2365 1896 actionis
2393 1841 2676 1896 virtutibns
2696 1884 2711 1908 ,
2742 1842 2793 1896 in
2818 1842 2960 1897 illam
2991 1844 3491 1915 contemplationem
3523 1848 3624 1905 ibi-

2034 1947 2173 1987 mus.
2200 1931 2450 2003 Sequitur
2475 1932 2567 2000 ibi,
2588 1931 2739 1986 Ibunt
2762 1950 2793 1986 a
2813 1934 3076 1988 virtutibus
3098 1935 3150 1988 in
3170 1936 3399 1991 virtutem
3426 1954 3445 1991 :
3466 1954 3623 2009 quain

2032 2022 2281 2078 virtutem
2299 2024 2322 2077 ?
2337 2022 2762 2094 Contemplandi.
2785 2024 2919 2094 Quid
2942 2035 3045 2091 est,
3065 2029 3493 2097 contemplandi?
3514 2032 3624 2102 Ap-

2033 2114 2223 2183 parebit
2234 2112 2373 2169 Deus
2386 2115 2590 2169 deorum
2604 2116 2653 2169 in
2668 2116 2813 2169 Sion.
2831 2114 2969 2170 Dens
2982 2118 3209 2186 deorum,
3223 2118 3462 2176 Christus
3475 2120 3624 2177 Chri-

2030 2206 2343 2260 stianorum.
2357 2205 2635 2275 Quomodo
2646 2205 2785 2261 Deus
2803 2208 3031 2275 deorum,
3045 2209 3285 2265 Christus
3300 2212 3604 2269 Christiano

2032 2298 2187 2351 rum?
2219 2297 2330 2369 Ego
2355 2300 2483 2364 dixi,
2515 2297 2606 2352 Dii
2625 2300 2741 2353 estis
2760 2339 2775 2366 ,
2800 2311 2846 2353 et
2868 2300 2966 2369 lilii
2990 2300 3232 2355 Altissimi
3257 2318 3426 2357 omnes
3451 2302 3622 2375 (Psal.

2032 2387 2616 2457 cxxx1,6).Deditcnim
2634 2389 2713 2444 eis
2725 2399 3037 2459 potestatem
3050 2391 3189 2447 ﬁlios
3202 2392 3291 2448 Dei
3311 2393 3423 2449 ﬁeri
3442 2393 3621 2465 (Joon.

2031 2493 2069 2545 ι,
2090 2478 2200 2549 12),
2217 2479 2307 2535 ille
2330 2480 2380 2533 in
2397 2495 2554 2548 quem
2571 2480 2911 2548 credidimus,
2926 2480 3147 2551 pulcher
3165 2498 3412 2552 sponsus,
3435 2486 3522 2555 qui
3538 2486 3623 2541 hic

2032 2578 2247 2641 propter
2266 2570 2651 2626 deformitatem
2674 2582 2907 2626 nostram
2926 2572 3180 2627 deformis
3200 2576 3447 2645 apparuit
3466 2594 3479 2631 :
3498 2579 3622 2649 quia

2030 2661 2244 2715 uidimus
2256 2679 2387 2728 eum,
2402 2662 2642 2732 inquit,et
2655 2679 2755 2716 non
2772 2662 2979 2717 habebat
2994 2664 3208 2733 speciem
3224 2682 3379 2735 neque
3393 2667 3623 2722 decorem

2032 2751 2181 2825 (Isai.
2215 2770 2300 2807 ιιιι
2326 2795 2340 2818 ,
2370 2753 2449 2823 2).
2477 2754 2647 2809 Finita
2693 2755 2837 2810 omni
2882 2755 3199 2811 necessitate
3244 2758 3581 2815 mortalitatis
3606 2803 3620 2826 ,

2030 2845 2184 2901 sicuti
2221 2854 2302 2900 est
2350 2847 2487 2901 Deus
2521 2847 2658 2917 apud
2694 2847 2857 2903 Deum
2884 2890 2899 2915 ,
2925 2847 3157 2904 Verbum
3181 2849 3320 2920 apud
3361 2849 3571 2908 Patrem
3603 2896 3618 2919 ,

2033 2953 2127 3009 per
2156 2938 2295 3007 quod
2330 2936 2462 2993 facta
2510 2948 2634 2993 sunt
2679 2939 2859 2994 omnia
2886 2982 2902 3007 ,
2933 2942 3211 3011 apparebit
3252 2942 3466 2999 mundis
3503 2959 3624 2999 cor-

2033 3029 2142 3084 de:
2182 3030 2321 3085 beati
2358 3030 2501 3085 enim
2546 3030 2727 3085 mundi
2774 3030 2937 3087 corde
2962 3072 2975 3095 ,
3004 3031 3253 3103 quoniam
3305 3034 3405 3106 ipsi
3456 3034 3622 3091 Deum

2034 3123 2286 3179 videbunt
2329 3122 2540 3193 (Matth.
2586 3140 2638 3190 v,
2681 3124 2761 3197 8).
2814 3124 3088 3196 Apparebit
3128 3124 3269 3181 Deus
3307 3128 3515 3183 deorum
3571 3132 3623 3185 in

2035 3215 2184 3270 Sion.

2106 3307 2192 3362 12.
2222 3306 2369 3379 [vers.
2394 3306 2472 3379 9.]
2501 3308 2564 3362 Et
2601 3321 2783 3362 rursus
2825 3308 2921 3363 istc
2967 3322 2997 3363 a
3047 3311 3367 3380 cogitatione
3414 3312 3624 3369 illorttm

2033 3398 2346 3468 gaudiorum
2375 3398 2513 3453 redit
2539 3398 2604 3452 ad
2630 3399 2856 3468 suspiria
2886 3413 3001 3453 sua.
3022 3399 3180 3455 Videt
3199 3402 3322 3472 quid
3349 3418 3623 3473 prazvene-

2037 3489 2105 3542 rit
2127 3503 2244 3558 spe,
2276 3496 2330 3542 et
2365 3487 2451 3542 ubi
2478 3486 2650 3543 adhuc
2678 3488 2749 3543 sit
2775 3504 2854 3543 re.
2889 3488 3164 3558 Apparebit
3196 3500 3321 3545 tunc
3346 3491 3481 3547 Deus
3500 3492 3623 3547 deo-

2034 3599 2146 3635 rum
2169 3582 2220 3635 in
2252 3581 2379 3637 Sion
2405 3597 2424 3635 :
2456 3582 2556 3636 hoc
2576 3590 2659 3637 est
2684 3581 2824 3636 unde
2851 3581 3218 3653 gaudebimus;
3238 3583 3410 3654 ipsum
3436 3586 3487 3640 in
3519 3600 3622 3642 δείξω

2035 3672 2151 3727 cula
2180 3673 2493 3727 saeculorum
2526 3672 2873 3729 laudabimus.
2898 3673 3002 3729 Sed
3023 3674 3197 3729 adhuc
3228 3677 3386 3731 modo
3415 3687 3626 3749 tempus

2036 3773 2117 3818 est
2145 3764 2352 3830 orandi,
2382 3774 2590 3833 tempus
2614 3765 2969 3834 deprecandi;
2993 3777 3049 3821 et
3075 3766 3119 3820 si
3146 3767 3470 3838 aliquantum
3495 3786 3625 3841 gau-

2037 3857 2195 3911 dendi
2220 3899 2234 3921 ,
2269 3857 2361 3912 sed
2391 3857 2567 3912 adlmc
2609 3858 2659 3912 in
2686 3873 2780 3928 Spe
2811 3876 2823 3911 :
2855 3858 2907 3915 in
2946 3860 3371 3929 peregrinatione
3407 3877 3623 3929 sumus,

2040 3952 2090 4004 in
2145 3950 2383 4005 convalle
2423 3950 2733 4019 plorationis
2785 3966 2985 4005 sumus.
3015 3950 3095 4003 Ad
3154 3950 3310 4020 hujus
3353 3968 3479 4023 ergo
3521 3952 3624 4009 loci

2038 4040 2289 4110 gemitum
2318 4038 2530 4093 rediens
2556 4038 2713 4103 dicit,
2749 4038 2962 4092 Domine
2985 4037 3125 4093 Deus
3144 4041 3384 4095 uirtutum
3400 4083 3414 4107 ,
3437 4045 3626 4097 exaudi

2042 4147 2236 4201 precem
2274 4146 2474 4193 meam;
2503 4129 2710 4183 auribus
2739 4130 2940 4199 percipe
2962 4172 2976 4196 ,
3004 4127 3142 4185 Deus
3178 4132 3338 4186 Jacob
3366 4149 3383 4186 :
3410 4134 3531 4204 quia
3573 4144 3627 4190 et

2041 4223 2211 4292 ipsum
2255 4221 2419 4276 Jacob
2450 4219 2619 4276 fecisti
2650 4221 2717 4276 de
2757 4221 2923 4277 Jacob
2969 4223 3152 4278 Israel.
3185 4224 3444 4295 Apparuit
3482 4227 3624 4282 enim

2042 4316 2111 4368 illi
2162 4315 2319 4381 Deus,
2343 4323 2396 4368 et
2423 4314 2595 4369 dictus
2620 4324 2704 4369 est
2726 4314 2887 4370 Israel
2916 4314 3071 4385 (Gen.
3096 4333 3239 4372 xxxii
3259 4360 3273 4383 ,
3302 4317 3417 4391 28),
3440 4320 3627 4377 videns

2045 4407 2232 4461 Deum.
2266 4404 2400 4461 Audi
2430 4420 2558 4476 ergo
2584 4422 2669 4460 me
2696 4449 2711 4470 ,
2746 4407 2885 4461 Deus
2911 4406 3076 4463 Jacob
3095 4451 3109 4471 ,
3138 4418 3193 4463 et
3222 4409 3301 4463 fac
3329 4425 3416 4465 me
3444 4411 3625 4469 Israel.

2042 4499 2262 4565 Quando
2302 4499 2421 4553 ﬁam
2456 4499 2654 4554 Israel?
2680 4498 2812 4553 Cum
2839 4501 3116 4569 apparebit
3156 4502 3297 4557 Deus
3323 4505 3543 4561 deorum
3574 4507 3625 4563 in

2042 4595 2189 4650 Sion.

2115 4687 2201 4741 15.
2244 4683 2410 4756 [vers.
2442 4682 2565 4756 l0.]
2596 4682 2857 4737 Protector
2898 4694 3067 4739 noster
3100 4686 3269 4756 aspice
3289 4728 3303 4752 ,
3332 4686 3487 4742 Deus.
3520 4689 3629 4744 Sub

2044 4779 2228 4833 mubra
2273 4779 2472 4832 alarum
2514 4786 2722 4833 tuarum
2762 4778 3051 4847 sperabunt
3098 4779 3270 4851 (Psal.
3318 4791 3498 4848 mm,
3538 4782 3627 4853 8);

2044 4870 2184 4935 ideo,
2218 4869 2477 4923 Protector
2498 4880 2666 4923 uoster
2685 4870 2873 4939 aspice,
2894 4868 3049 4926 Deus.
3080 4870 3143 4924 Et
3164 4872 3350 4941 respice
3371 4873 3422 4925 in
3449 4872 3630 4943 faciem

2044 4961 2230 5017 Christi
2250 4962 2343 5015 tui.
2367 4959 2590 5029 Quando
2608 4960 2751 5016 enim
2770 4974 2876 5015 non
2901 4961 3119 5029 respicit
3144 4962 3197 5015 in
3226 4962 3409 5017 faciem
3434 4963 3630 5018 Christi

2045 5053 2123 5106 sui
2152 5050 2325 5106 Deus?
2350 5051 2475 5122 quid
2496 5060 2578 5107 est
2598 5091 2611 5115 ,
2645 5050 2858 5121 Respice
2884 5051 2937 5103 in
2965 5051 3147 5120 {aciem
3174 5050 3361 5105 Christi
3388 5054 3497 5106 tui?
3528 5054 3631 5111 Per

2045 5143 2231 5200 faciem
2258 5142 2638 5199 innotescimus
2667 5159 2680 5196 :
2705 5140 2831 5212 quid
2859 5150 2939 5195 est
2968 5155 3115 5209 ergo,
3135 5141 3346 5212 Respice
3371 5144 3425 5198 in
3449 5147 3631 5216 faciem

2045 5236 2231 5292 Christi
2254 5236 2372 5291 tui?
2392 5237 2500 5292 Fac
2520 5237 2854 5290 innotescere
2881 5233 3128 5287 omnibus
3152 5233 3423 5290 Christum
3457 5247 3629 5293 tuum.

2045 5329 2258 5402 Respice
2284 5331 2339 5383 in
2367 5330 2546 5400 faciem
2568 5325 2756 5381 Christi
2784 5326 2857 5379 tui
2886 5342 2903 5381 :
2935 5335 3090 5379 notus
3120 5326 3187 5380 sit
3210 5329 3456 5384 omnibus
3481 5332 3631 5388 Chri-

2044 5432 2156 5477 stus
2186 5431 2327 5486 tuus,
2358 5432 2415 5474 ut
2438 5420 2704 5491 possimus
2732 5420 2809 5473 ire
2829 5418 3157 5473 avirtutibas
3185 5419 3236 5472 in
3264 5419 3539 5489 virtutem,
3572 5433 3631 5479 ut

2045 5516 2213 5585 possit
2236 5510 2673 5583 superabundare
2700 5511 2891 5581 gratia,
2918 5510 3167 5580 quoniam
3195 5510 3483 5566 abundavit
3507 5528 3632 5583 pec—

2044 5618 2240 5663 catum.

2118 5700 2202 5753 l4.
2237 5698 2389 5770 [vers.
2426 5697 2535 5770 ll.]
2572 5698 2820 5763 Quoniam
2855 5696 3031 5749 melior
3056 5705 3128 5749 est
3156 5696 3261 5749 dies
3282 5713 3387 5752 una
3415 5699 3467 5753 in
3486 5702 3631 5761 atriis

2043 5794 2143 5847 (uis
2168 5808 2321 5862 super
2348 5793 2527 5847 millia.
2559 5792 2702 5845 Atria
2737 5791 2821 5845 illa
2851 5797 2973 5843 sunt
2998 5788 3048 5841 in
3079 5803 3197 5857 qua:
3224 5791 3543 5861 suspirabat,
3574 5795 3630 5853 in

2816 5881 3389 5961 (Tremo-qualn.)
