4132 6460
603 386 739 442 I007
1838 376 1893 433 S.
1936 373 2296 434 AUGUSTINI
2340 379 2640 439 EI’lSlZOPI
3731 399 3867 457 1068

598 518 715 573 quae
737 498 1034 556 deﬁciebat.
1062 494 1333 553 Desiderat
1353 502 1408 551 et
1433 492 1612 550 deficit
1638 492 1811 548 anima
1832 508 1950 548 mea
1975 494 2025 547 in
2049 493 2181 547 atria

601 591 808 647 Domini
834 608 847 644 :
868 589 1055 644 melior
1078 598 1155 643 est
1188 587 1257 641 ibi
1283 600 1419 641 unus
1442 583 1558 639 dies
1582 598 1741 654 super
1762 584 1923 638 millia
1950 584 2176 638 dierum.

599 680 759 736 Millia
800 680 1005 735 dierum
1031 677 1335 733 desiderant
1362 675 1606 731 homines
1629 716 1643 738 ,
1667 683 1720 729 et
1747 675 1966 729 multum
1999 674 2182 729 volunt

601 769 689 825 hic
733 770 953 825 vivere:
994 775 1337 823 contemnant
1378 766 1542 821 millia
1594 766 1796 821 dierum
1823 807 1837 831 ,
1877 764 2182 821 desiderent

601 879 763 919 unum
792 864 954 927 diem,
982 860 1072 931 qui
1103 876 1207 914 non
1233 859 1395 914 habet
1418 868 1591 914 ortum
1620 866 1674 913 et
1702 872 1982 923 occasum;
2012 871 2175 911 unum

597 956 734 1008 diem
755 995 770 1018 ,
803 953 942 1007 diem
974 952 1353 1020 sempiternum
1384 991 1398 1014 ,
1426 948 1513 1004 cui
1542 962 1648 1003 non
1676 948 1815 1003 cedit
1854 947 2135 1003 hesternus
2159 987 2174 1012 ,

596 1060 751 1113 quem
782 1060 885 1098 non
909 1053 1055 1112 urget
1086 1041 1368 1096 crastinus.
1397 1039 1514 1110 Ipse
1543 1054 1678 1094 unus
1706 1038 1820 1094 dies
1848 1038 2180 1093 desideretur

595 1154 625 1188 a
656 1134 828 1188 nobis.
858 1133 992 1201 Quid
1017 1131 1169 1186 nobis
1188 1138 1268 1186 est
1293 1145 1413 1185 cum
1446 1129 1679 1184 millibus
1705 1128 1950 1183 dierum?
1981 1128 2122 1183 Imus
2147 1142 2177 1181 a

587 1224 831 1281 millibus
858 1224 1062 1278 dierum
1092 1221 1160 1278 ad
1188 1212 1349 1277 unum
1376 1220 1519 1277 diem
1539 1222 1581 1287 ‘,
1628 1221 1766 1276 sicut
1789 1218 1926 1275 imus
1954 1236 1983 1274 a
2011 1221 2177 1275 virtu-

597 1319 736 1372 tibus
752 1317 818 1371 'in
848 1317 1116 1369 virtutem.

668 1405 930 1473 15."Elegi
954 1405 1103 1475 abjici
1126 1405 1180 1458 in
1207 1404 1357 1458 domo
1385 1401 1616 1467 Domini,
1650 1402 1809 1471 magis
1850 1417 1999 1471 quam
2027 1401 2174 1455 habi-

594 1509 701 1553 tare
727 1502 779 1553 in
809 1497 1140 1551 tabernaculis
1170 1502 1506 1565 peccatorum.
1528 1493 1736 1548 Invenit
1764 1493 1906 1548 enim
1933 1492 2031 1547 iste
2053 1508 2173 1549 con-

502 1638 511 1649 .
594 1593 782 1647 vallem
838 1591 1182 1663 plorationis,
1222 1590 1423 1644 invenit
1473 1588 1573 1643 iste
1630 1587 1979 1643 humilitatem
2035 1589 2175 1644 unde

594 1684 845 1741 ascendat
879 1703 891 1739 :
924 1684 1018 1737 scit
1046 1683 1166 1752 quia
1194 1680 1324 1737 sise
1350 1680 1607 1735 extollere
1635 1680 1878 1745 voluerit,
1909 1679 2097 1746 cadet,
2128 1682 2172 1735 si

592 1793 651 1834 se
680 1775 1055 1840 Immiliaverit,
1086 1774 1350 1843 erigetur;
1379 1770 1537 1841 elegit
1558 1770 1733 1841 abjici,
1763 1779 1820 1825 ut
1843 1770 2169 1827 sublevetur.

588 1866 759 1936 Quam
792 1865 941 1919 multi
972 1874 1163 1933 prmter
1192 1861 1585 1915 tabernaculum
1617 1860 1716 1915 hoc
1759 1859 2035 1915 torcularis
2073 1860 2171 1915 do-

593 1959 770 2013 minici
789 1999 803 2021 ,
838 1957 889 2014 id
919 1965 1018 2020 est,
1054 1953 1565 2026 prazter'Ecclesiam
1591 1951 1902 2006 catholicam
1931 1952 2172 2008 volentes

590 2049 883 2113 Stlbiimat‘i,
902 2057 957 2104 et
971 2047 1217 2101 amantes
1230 2044 1462 2099 honores
1480 2059 1627 2109 suos,
1643 2043 1827 2097 nolunt
1845 2056 2171 2114 cognoscere

576 2142 864 2197 veritatem
886 2137 999 2207 (a)?
1021 2136 1073 2192 Si
1101 2145 1242 2191 esset
1271 2134 1375 2190 illis
1400 2136 1451 2189 in
1480 2133 1640 2189 corde
1671 2147 1854 2187 versus
1883 2133 2001 2197 iste,
2026 2132 2172 2205 Etegi

588 2233 738 2303 abjici
763 2232 814 2284 in
845 2226 1240 2293 domo’Domini,
1268 2225 1428 2297 magis
1454 2241 1602 2295 quam
1629 2224 1853 2277 habitare
1868 2223 1918 2277 in
1941 2222 2172 2276 taberna-

592 2324 718 2378 culis
744 2331 1092 2390 peccatorum;
1120 2332 1295 2373 nonue
1319 2316 1608 2386 abjicerent
1633 2315 1888 2379 honores,
1911 2322 1965 2367 et
1985 2329 2168 2369 curre-

588 2423 709 2470 rent
756 2413 822 2468 ad
872 2411 1161 2467 convallem
1217 2408 1525 2479 plorationis
1558 2449 1570 2473 ,
1604 2415 1659 2463 et
1697 2406 1821 2461 hinc
1874 2406 2170 2462 invenirent

586 2522 837 2562 ascensus
866 2505 915 2558 in
944 2501 1127 2567 eorde,
1151 2508 1207 2555 ct
1226 2500 1349 2554 hinc
1376 2500 1513 2554 irent
1546 2512 1574 2553 a
1599 2498 1877 2552 virtutibus
1908 2499 1960 2551 in
1997 2497 2168 2552 virtu-

564 2605 715 2662 tem,
744 2604 999 2666 ponentes
1027 2607 1173 2661 spem
1204 2606 1352 2647 suam
1390 2589 1442 2644 in
1482 2588 1696 2645 Christo
1719 2629 1734 2654 ,
1764 2604 1867 2642 non
1902 2588 1955 2642 in
1987 2589 2169 2643 nescio

586 2705 690 2754 quo
722 2686 971 2741 homine?
1000 2686 1139 2739 Bona
1165 2699 1286 2747 vox,
1304 2680 1578 2753 gaudenda
1604 2695 1729 2745 vox,
1762 2679 2004 2750 eligenda
2029 2694 2163 2735 vox:

576 2779 733 2849 'Elegi
758 2777 906 2849 abjici
945 2776 999 2830 in
1034 2775 1185 2830 domo
1213 2773 1454 2839 Domini,
1488 2772 1648 2841 magis
1685 2789 1834 2842 quam
1862 2772 2088 2827 habitare
2113 2773 2167 2827 in

566 2869 918 2935 -tabernaculis
941 2877 1274 2939 peccatorum.
1298 2864 1414 2934 Ipse
1444 2865 1601 2934 elegit
1628 2863 1779 2934 abjici
1803 2864 1857 2919 in
1883 2864 2041 2919 domo
2064 2866 2169 2919 Do-

568 2963 716 3017 ‘mini
742 2979 756 3027 ;
780 2959 872 3016 sed
898 2959 988 3014 ille
1030 2958 1119 3028 qui
1148 2956 1388 3012 invitavit
1421 2954 1486 3010 ad
1525 2954 1821 3008 convivium
1844 2996 1858 3021 ,
1885 2955 2164 3025 eligentem

583 3054 889 3114 inTeriorum
929 3052 1102 3107 locum
1129 3058 1281 3105 vocat
1310 3047 1375 3102 ad
1411 3047 1738 3117 superiorem
1766 3087 1779 3109 ,
1803 3057 1857 3102 et
1896 3047 2025 3102 dicit
2049 3048 2125 3102 illi
2148 3089 2163 3111 ,

585 3146 806 3201 Ascende
832 3143 977 3216 (Luc.
1004 3157 1113 3206 xiv,
1148 3138 1250 3210 l0).
1268 3139 1394 3208 Ipse
1420 3146 1596 3193 tamen
1620 3153 1723 3191 non
1744 3137 1900 3207 elegit
1928 3138 2026 3192 nisi
2048 3153 2165 3194 esse

584 3239 635 3294 in
661 3238 819 3293 domo
844 3233 1070 3298 Domini,
1093 3233 1144 3295 in
1166 3244 1497 3301 quocumque
1524 3228 1660 3294 loco,
1688 3242 1792 3282 non
1818 3238 1990 3283 tamen
2013 3240 2162 3286 extra

582 3331 763 3385 limen.

654 3420 740 3477 16.
774 3418 922 3491 [rem
968 3414 1078 3488 12.]
1106 3415 1278 3483 Quare
1301 3411 1461 3483 elegit
1486 3411 1723 3481 ahjectus
1761 3426 1880 3468 esse
1911 3412 1962 3466 in
1991 3411 2153 3468 domo

584 3511 812 3571 Domini,
859 3506 1025 3578 magis
1050 3520 1205 3577 quam
1234 3503 1472 3558 habitare
1512 3502 1563 3557 in
1595 3502 1946 3557 tabernaculis
1970 3517 2161 3572 pecca-

583 3601 801 3659 torum?
833 3599 963 3669 Quia
1004 3594 1400 3652 misericordiam
1425 3603 1470 3647 et
1497 3594 1750 3647 veritatem
1793 3593 1956 3664 diligit
1999 3592 2159 3648 Deus.

583 3695 838 3751 Dominus
882 3685 1301 3746 misericordiam
1331 3683 1521 3753 diligit,
1553 3698 1654 3754 qua
1683 3682 1811 3739 mihi
1841 3683 2012 3754 primo
2038 3684 2163 3740 sub-

582 3786 725 3842 venit
753 3801 766 3840 :
797 3783 1068 3840 veritatem
1099 3779 1287 3851 diligit,
1318 3786 1375 3833 ut
1400 3776 1634 3832 credenti
1662 3773 1750 3831 det
1775 3775 1917 3846 quod
1961 3777 2162 3846 promi-

580 3880 669 3933 sit.
692 3876 826 3932 Audi
849 3872 1262 3930 misericordiam
1283 3877 1337 3926 et
1352 3868 1627 3924 veritatem
1641 3868 1694 3922 in
1716 3870 1956 3937 apostolo
1971 3869 2156 3935 Paulo,

567 3967 928 4041 .prius‘Saulo
974 3971 1331 4035 persecutore.
1382 3959 1653 4030 Indigebat
1699 3958 2079 4028 misericordia,
2107 3972 2160 4016 et

574 4060 711 4114 dixit
740 4058 790 4111 iu
834 4072 890 4111 se
935 4054 1126 4110 iactam
1156 4071 1172 4111 :
1206 4071 1227 4104 ‹
1263 4052 1361 4120 Qui
1408 4053 1551 4123 prius
1594 4050 1668 4106 fui
1713 4051 2072 4122 blasphemus,
2107 4066 2161 4109 et

580 4156 908 4220 persecutor,
952 4152 1010 4200 et
1047 4144 1370 4212 iniuriosus;
1406 4142 1498 4198 sed
1525 4141 1941 4198 misericordiam
1970 4158 2158 4200 conse-

581 4251 733 4295 cutus
762 4253 900 4301 sum,
924 4244 981 4290 ut
1005 4236 1055 4290 in
1077 4250 1161 4289 me
1182 4233 1487 4288 ostenderet
1504 4231 1749 4288 Christus
1767 4233 1923 4289 Jesus
1944 4250 2157 4291 omnem

582 4329 1028 4401 longanimitatem
1062 4327 1113 4380 in
1152 4340 1245 4381 eos
1274 4326 1361 4394 qui
1384 4324 1635 4380 credituri
1659 4336 1782 4380 sunt
1808 4325 1882 4380 illi
1916 4327 1966 4381 iu
1999 4328 2156 4383 vitam

583 4432 835 4477 {uernam
873 4438 889 4469 ι
927 4417 964 4484 (1
997 4417 1130 4471 Tim.
1162 4433 1200 4482 ι,
1244 4417 1330 4479 f3,
1378 4415 1489 4486 I6).
1531 4414 1599 4470 Ut
1628 4431 1748 4469 cum
1781 4415 2158 4486 indulgentiam

582 4522 848 4568 tantorum
876 4511 1131 4565 scelerum
1156 4508 1421 4577 acciperet
1459 4507 1673 4573 Paulus,
1720 4522 1877 4563 nemo
1902 4508 2158 4579 despera-

585 4615 668 4661 ret
709 4618 866 4675 posse
894 4604 914 4633 ‘
962 4601 1061 4657 sibi
1110 4599 1298 4656 donari
1342 4613 1688 4669 quaecumque
1730 4609 1967 4669 peccata.
2021 4601 2159 4658 Ecce

584 4697 749 4752 habes
778 4692 1213 4749 misericordiam.
1243 4690 1421 4746 Noluit
1452 4697 1586 4744 tunc
1623 4690 1760 4745 Deus
1789 4706 2040 4747 exercere
2068 4709 2159 4750 ve-

565 4792 811 4854 ritatem,
842 4795 900 4842 ut
937 4785 1148 4857 puniret
1194 4791 1521 4853 peccantem.
1565 4782 1769 4836 Etenim
1797 4783 1841 4837 s‘i
1887 4784 2161 4853 puniretur

581 4888 846 4952 peccator,
870 4892 1044 4933 nonne
1062 4876 1254 4929 veritas
1276 4872 1454 4928 esset?
1474 4882 1561 4927 aut
1581 4871 1801 4928 auderet
1820 4872 2019 4941 dicere,
2043 4876 2155 4930 Non

581 4972 749 5028 debeo
779 4968 972 5040 puniri,
1004 4966 1090 5036 qui
1142 4980 1243 5018 non
1292 4971 1471 5035 posset
1497 4963 1693 5027 dicere,
1742 4963 1856 5018 Non
1904 4967 2158 5035 peccavi?

581 5068 648 5121 Et
677 5067 719 5119 si
747 5065 968 5126 diceret,
996 5060 1109 5116 Non
1141 5058 1351 5129 peccavi
1386 5074 1397 5109 ε
1428 5057 1511 5111 cui
1540 5055 1781 5112 diceret?
1808 5074 1965 5129 quem
2011 5058 2157 5115 {alle-

581 5156 699 5210 ret?
760 5155 901 5224 Ergo
946 5153 1115 5221 primo
1165 5150 1417 5204 Dominus
1465 5149 1516 5201 in
1566 5162 1688 5202 eum
1737 5149 2154 5207 misericordiam

578 5244 933 5317 pru't‘ogavit;
988 5251 1103 5310 post
1153 5239 1568 5295 miscricordiam
1598 5279 1611 5302 ,
1662 5240 1959 5295 veritatem.
2018 5243 2154 5297 Audi

580 5341 724 5393 illum
752 5338 860 5407 jam
910 5337 1204 5404 exigentem
1246 5333 1537 5388 veritatem.
1566 5332 1742 5387 Primo
1786 5348 1912 5403 ergo
1942 5334 2151 5405 inquit:

643 5499 655 5527 ι
685 5496 766 5543 Hic
784 5492 965 5542 addunt
982 5489 1129 5539 add:
1158 5488 1230 5539 Αά
1261 5500 1410 5538 unum
1444 5485 1574 5537 diem
1594 5485 1866 5551 festinemus
1888 5498 1906 5537 :
1926 5500 2021 5550 quo
2042 5490 2153 5539 boni

578 5565 686 5608 MSS.
712 5563 897 5605 carent.

640 5622 662 5652 ²
685 5620 759 5668 sic
776 5625 882 5668 Mss.
907 5615 1019 5666 add.
1046 5626 1183 5673 vero,
1212 5611 1471 5677 desperare
1490 5616 1659 5674 posset.

638 5702 710 5766 (a)
736 5709 873 5752 Forte
906 5698 1129 5766 nondum
1154 5695 1397 5766 prodierat
1424 5692 1811 5766 Carthaginexas
1832 5691 2045 5766 δοκέοι,
2072 5693 2153 5766 die

578 5753 909 5827 13‘s'eptemb.
948 5753 1451 5827 concilii_'decretuui,
1490 5761 1544 5804 ut
1573 5753 1737 5803 clerics
1778 5753 2019 5804 ionatistaa
2061 5756 2152 5805 «in

578 5831 679 5883 suis
700 5822 961 5878 honoribus
982 5824 1123 5885 susci;
1142 5822 1315 5871 iantur.
1335 5833 1358 5862 ι

2297 512 2315 544 ο
2352 496 2766 554 Misericordiam
2796 515 3112 560 consecutus
3157 522 3294 572 sum,
3329 508 3417 579 qui
3463 511 3609 580 prius
3652 513 3724 569 fui
3756 517 3864 571 bla-

2289 586 2560 658 Spbemus,
2589 598 2644 645 et
2669 601 2997 662 persecutor,
3029 606 3083 650 et
3108 596 3396 666 iniuriosus
3421 615 3435 665 ;
3469 602 3559 655 sed
3588 605 3754 671 gratia
3781 606 3865 661 Dei

2288 696 2403 735 sum
2432 683 2573 752 quod
2602 699 2718 738 sum
2755 704 2771 737 ι
2806 686 2851 755 (I
2878 685 2995 741 Cor.
3046 704 3132 754 xv,
3182 690 3291 761 10).
3344 691 3531 746 Postea
3569 692 3715 759 dicit,
3748 712 3864 752 cum

2288 774 2520 840 passioni
2549 775 2927 846 propinquaret
2950 795 2963 831 :
2993 797 3011 829 ι
3040 779 3245 834 Bonum
3269 797 3492 852 agonem
3515 787 3735 853 certavi,
3758 803 3865 842 cur-

2286 879 2402 917 sum
2433 869 2817 933 consummavi,
2864 868 3024 924 Iidem
3057 873 3298 937 servavi;
3327 885 3569 945 superest
3599 878 3727 933 mihi
3772 896 3863 934 co-

2287 972 2413 1010 rona
2437 957 2653 1025 justitim
2682 979 2727 1013 ι.
2763 958 2855 1014 Ille
2892 963 2978 1031 qui
3013 964 3196 1017 tribuit
3224 966 3662 1035 misericordiam,
3691 984 3863 1027 servat

2287 1048 2579 1102 veritatem.
2609 1048 2762 1105 Unde
2789 1061 2964 1106 servat
2994 1055 3311 1110 veritatem?
3339 1056 3502 1122 Quam
3532 1062 3702 1115 reddet
3744 1066 3863 1119 milii

2286 1136 2530 1191 Dominus
2557 1139 2610 1192 in
2640 1140 2730 1193 illo
2756 1141 2835 1194 die
2852 1142 3027 1211 justus
3045 1145 3208 1214 judea:
3234 1145 3295 1216 (II
3328 1147 3456 1201 Tim.
3487 1165 3559 1216 tv,
3590 1152 3639 1216 7,
3671 1153 3748 1223 8).
3778 1154 3859 1208 lu-

2283 1225 2604 1296 dulgentiam
2648 1229 2897 1296 donavit,
2946 1247 3199 1288 coronam
3248 1238 3433 1292 reddet
3469 1258 3481 1293 :
3513 1240 3739 1297 donator
3783 1256 3859 1300 est

2282 1314 2639 1385 iudulgentim,
2672 1318 2881 1373 debitor
2925 1336 3158 1377 coronm.
3211 1324 3359 1381 Unde
3387 1327 3635 1383 debitor?
3659 1336 3858 1404 accepit

2280 1404 2516 1476 aliquid?
2544 1406 2638 1462 Cui
2666 1409 2824 1465 debet
2854 1412 3049 1482 aliquid
3090 1414 3268 1470 Deus?
3296 1417 3433 1474 Ecce
3472 1422 3710 1479 videmus
3739 1429 3856 1497 quia

2282 1504 2428 1551 tenet
2468 1512 2587 1552 eum
2619 1499 2912 1556 debitorem
2958 1502 3174 1571 Paulus,
3201 1520 3521 1567 consecutus
3548 1516 3856 1572 misericor-

2278 1585 2439 1652 diam,
2472 1588 2688 1658 cxigens
2721 1590 2993 1646 veritatem
3025 1610 3039 1647 :
3073 1595 3263 1649 Reddet
3293 1600 3435 1666 mihi,
3469 1602 3653 1672 inquit,
3684 1606 3855 1663 Domi-

2278 1696 2371 1733 nus
2396 1680 2447 1733 in
2471 1681 2559 1735 illo
2581 1682 2679 1735 die.
2713 1682 2847 1750 Quid
2878 1685 2967 1738 tibi
2998 1686 3204 1755 reddet,
3238 1690 3336 1744 nisi
3366 1694 3505 1761 quod
3538 1696 3627 1750 tibi
3659 1698 3855 1755 debet?

2280 1768 2432 1825 Unde
2476 1771 2567 1826 tibi
2607 1771 2807 1827 debet?
2850 1776 2974 1844 quid
3005 1777 3051 1830 ei
3078 1777 3313 1834 dedisti?
3358 1782 3487 1849 Quis
3542 1786 3687 1855 prior
3714 1789 3854 1847 dedit

2279 1861 2374 1926 illi,
2402 1871 2453 1916 et
2481 1863 2804 1918 retribuetur
2829 1867 2877 1920 ei
2907 1866 3083 1936 (Rom.
3115 1870 3201 1936 11,
3235 1872 3372 1942 55)?
3417 1875 3719 1933 Debitorem
3749 1880 3851 1937 Do-

2277 1953 2449 2008 minus
2478 1954 2587 2024 ipse
2608 1970 2666 2010 se
2684 1958 2827 2023 fecit,
2852 1974 2955 2013 non
2983 1961 3312 2031 accipiendo,
3343 1966 3435 2020 sed
3461 1971 3850 2037 promittendo:

2276 2061 2379 2099 non
2410 2046 2457 2100 ei
2502 2047 2712 2112 dicitur,
2760 2049 2942 2105 Redde
2987 2053 3127 2121 quod
3182 2057 3472 2126 accepisti;
3505 2061 3623 2128 sed,
3673 2063 3851 2122 Redde

2274 2134 2412 2205 quod
2445 2137 2753 2204 promisisti.
2788 2140 3198 2197 Miscricordiam
3226 2146 3352 2200 mihi
3379 2152 3635 2219 erogavit,
3663 2152 3849 2224 inquit,

2275 2235 2331 2280 ut
2358 2226 2557 2282 faceret
2582 2244 2665 2283 me
2689 2229 3025 2286 innocentem
3056 2251 3068 2287 :
3100 2250 3222 2289 nam
3246 2237 3391 2305 prius
3414 2239 3482 2293 fui
3511 2242 3850 2313 blasphemus

2273 2326 2327 2371 et
2353 2318 2633 2388 injuriosus
2655 2336 2670 2386 ;
2696 2321 2787 2376 sed
2812 2336 2875 2377 ex
2899 2322 3042 2379 illius
3060 2327 3224 2395 gratia
3244 2326 3411 2384 factus
3438 2347 3553 2386 sum
3576 2334 3846 2392 innocens.

2276 2410 2364 2464 lllc
2392 2418 2569 2464 autem
2599 2412 2689 2480 qui
2719 2415 3034 2482 praerogavit
3059 2417 3475 2475 misericordiam
3496 2462 3511 2486 ,
3542 2439 3740 2495 negare
3764 2444 3850 2499 po-

2276 2501 2398 2553 terit
2426 2501 2704 2556 debitum?
2729 2501 2910 2575 Diligit
2934 2507 3325 2563 misericordiam
3344 2521 3390 2566 et
3416 2514 3690 2570 veritatem.
3722 2516 3848 2573 Gra-

2273 2593 2392 2646 timn
2420 2602 2466 2646 et
2494 2593 2709 2663 gloriam
2738 2594 2891 2650 dabit.
2921 2596 3087 2665 Quam
3108 2600 3353 2669 gratiam,
3384 2603 3483 2657 nisi
3512 2604 3580 2660 de
3605 2623 3708 2677 qua
3740 2608 3849 2680 ipse

2270 2685 2421 2752 dixit,
2452 2685 2627 2741 Gratia
2652 2687 2749 2744 Dei
2787 2706 2897 2744 sum
2923 2693 3058 2760 quod
3085 2694 3241 2748 sum?
3264 2694 3431 2763 Quam
3473 2698 3720 2768 gloriam,
3754 2704 3847 2760 nisi

2271 2776 2336 2832 de
2365 2792 2467 2847 qua
2499 2778 2612 2848 ipse
2637 2779 2789 2845 dixit,
2824 2782 3061 2851 Superest
3085 2785 3211 2839 mihi
3234 2802 3420 2841 corona
3438 2790 3674 2859 justitite.

2342 2870 2427 2923 17.
2454 2867 2605 2941 [vers.
2654 2869 2764 2942 I3.]
2804 2872 2945 2936 Ideo,
2971 2872 3236 2940 Dominus,
3270 2876 3459 2948 inquit,
3502 2897 3602 2934 non
3640 2883 3847 2953 privabt.

2270 2962 2410 3017 bonis
2448 2963 2758 3017 ambulantes
2784 2965 2837 3018 in
2865 2966 3169 3023 innocentia.
3219 2969 3395 3037 Quare
3437 2987 3564 3042 ergo
3606 2973 3845 3032 homines

2272 3071 2375 3109 non
2404 3056 2562 3110 vultis
2585 3064 2766 3111 tenere
2795 3056 3170 3124 innocentiam,
3203 3060 3302 3114 nisi
3330 3070 3387 3114 ut
3410 3060 3647 3119 habeatis
3672 3065 3847 3121 bona?

2269 3147 2382 3202 Non
2425 3148 2535 3201 vult
2564 3149 2581 3179 ί
2613 3157 2792 3203 tenere
2820 3149 3198 3217 innocentiam,
3234 3160 3288 3207 ut
3335 3168 3439 3208 non
3479 3155 3665 3212 reddat
3710 3159 3845 3228 quod

2269 3238 2339 3293 illi
2367 3239 2664 3308 assignatur
2694 3256 2705 3292 :
2734 3253 2925 3298 aurum
2952 3242 3061 3294 vult
3091 3241 3286 3297 habere
3315 3253 3369 3299 et
3396 3245 3567 3314 perdit
3591 3248 3842 3304 innocen-

2269 3333 2413 3386 tiam.
2434 3331 2568 3400 Quid
2591 3333 2859 3387 Iucratur?
2883 3334 3005 3402 quid
3024 3334 3426 3392 damnilitatur?
3453 3339 3621 3395 Ilabet
3642 3341 3840 3398 lucrum

2267 3426 2400 3489 auri,
2428 3438 2613 3495 passus
2638 3434 2720 3479 est
2739 3426 2991 3481 damnum
3021 3427 3355 3484 innocentiae.
3386 3433 3481 3486 Est
3501 3433 3702 3501 aliquid
3732 3453 3842 3506 pre.

2268 3517 2456 3571 tiosius
2486 3518 2826 3573 innocentia?
2854 3518 2957 3574 Sed
2997 3520 3040 3574 si
3073 3520 3428 3577 innocentiam
3471 3526 3734 3595 retinebo,
3765 3530 3841 3582 iu-

2265 3610 2398 3679 quit,
2434 3625 2635 3679 pauper
2673 3624 2786 3665 ero.
2830 3611 3082 3667 Parvtene
3109 3613 3309 3669 divitia:
3347 3615 3457 3686 ipsa
3504 3618 3841 3676 innocentia?

2265 3699 2319 3755 Si
2349 3715 2527 3755 aream
2568 3700 2775 3770 plenam
2801 3716 2933 3755 auro
2977 3702 3246 3768 habueris,
3295 3706 3441 3762 dives
3484 3709 3590 3763 eris
3622 3729 3635 3766 :
3664 3712 3712 3767 si
3754 3727 3841 3767 eor

2265 3792 2513 3847 habueris
2553 3793 2765 3862 plenum
2814 3795 3133 3862 innocentia,
3177 3811 3376 3867 pauper
3402 3800 3549 3854 eris?
3578 3801 3685 3857 Sed
3722 3818 3840 3861 ecce

2266 3884 2401 3940 bona
2424 3885 2754 3952 desiderans,
2783 3887 2941 3941 modo
2969 3888 3019 3942 in
3047 3900 3299 3958 egestate,
3326 3893 3375 3947 in
3403 3895 3762 3965 tribulatione,
3789 3900 3837 3953 in

2264 3979 2501 4035 convalle
2517 3979 2844 4049 plorationis,
2866 3981 2915 4033 in
2933 3996 3197 4050 pressura,
3217 3984 3267 4037 in
3288 3986 3837 4055 tentationihus,serva

2266 4071 2642 4126 innocentiam.
2692 4072 2807 4127 Erit
2832 4074 2971 4126 enim
3019 4083 3199 4143 postea
3242 4077 3401 4130 etiam
3450 4076 3647 4133 bonum
3696 4089 3838 4137 tuum

2263 4164 2402 4233 quod
2442 4163 2748 4229 desideras;
2795 4166 3024 4233 requies,
3074 4166 3370 4233 aeternitas,
3426 4169 3793 4228 immortalitas
3820 4216 3833 4238 ,

2266 4255 2660 4325 impassibilitas
2686 4257 2788 4309 erit
2816 4266 2996 4325 postea
3025 4273 3038 4310 :
3072 4257 3183 4325 ipsa
3214 4270 3337 4313 sunt
3364 4261 3498 4315 bona
3525 4277 3642 4332 qua:
3666 4275 3839 4320 servat

2268 4347 2404 4400 Deus
2428 4346 2586 4415 justis
2611 4347 2739 4402 suis.
2771 4347 2900 4401 Nam
2944 4349 3077 4402 bona
3107 4365 3222 4419 quae
3250 4350 3409 4406 modo
3435 4352 3706 4410 desideras
3745 4372 3837 4427 pro

2266 4456 2477 4508 magno,
2508 4448 2721 4508 propter
2742 4454 2858 4508 qum
2885 4441 2958 4493 vis
2975 4455 3093 4495 esse
3123 4457 3340 4506 nocens,
3361 4452 3413 4496 et
3437 4461 3539 4497 n'm
3562 4447 3832 4512 innocens,

2264 4532 2475 4588 attende
2502 4533 2589 4587 illa
2620 4533 2709 4601 qui
2736 4532 2985 4598 habeant,
3016 4535 3106 4605 qui
3139 4536 3328 4590 talibus
3354 4537 3646 4593 abundant.
3681 4539 3837 4596 Vides

2264 4623 2473 4678 divitias
2502 4623 2641 4692 apud
2670 4623 2920 4688 lati-oues,
2952 4624 3089 4693 apud
3118 4625 3326 4695 impios,
3359 4627 3498 4696 apud
3530 4630 3831 4685 sceleratos.

2263 4716 2401 4789 apud
2452 4726 2667 4786 turpes;
2711 4716 2849 4785 apud
2898 4717 3184 4787 ﬂagitiosos
3213 4729 3266 4772 et
3309 4719 3638 4776 facinorosos
3690 4723 3835 4779 vides

2262 4808 2628 4863 divitias:dat
2669 4808 2773 4861 illis
2821 4808 2958 4863 Deus
3006 4809 3102 4862 ista
3151 4818 3367 4879 pmpter
3412 4814 3833 4869 communionem

2262 4900 2475 4971 generis
2519 4899 2762 4964 humani,
2814 4910 3027 4969 promer
3070 4900 3424 4956 abundantem
3470 4903 3833 4960 allluenliam'

2264 4993 2511 5049 bonitatis
2537 5006 2646 5047 sua:
2669 5009 2684 5057 ;
2711 4993 2796 5061 qui
2826 4992 2983 5045 etiam
3006 4992 3172 5048 solem
3204 5010 3357 5048 suum
3379 4995 3504 5049 oriri
3534 4996 3657 5053 facit
3681 5012 3835 5067 super

2265 5085 2435 5139 honos
2482 5092 2538 5138 et
2586 5082 2773 5145 malos,
2826 5092 2879 5137 et
2927 5083 3056 5152 pluit
3104 5098 3265 5153 super
3304 5085 3476 5154 justus
3520 5096 3573 5142 et
3614 5088 3835 5156 injustas

2265 5177 2476 5249 (Matth.
2497 5192 2551 5242 v,
2571 5175 2681 5247 45).
2710 5174 2876 5229 Tanta
2898 5174 2988 5229 dat
3014 5185 3060 5229 et
3087 5176 3257 5237 malis,
3283 5186 3337 5230 et
3356 5177 3445 5230 tibi
3475 5178 3602 5231 nihil
3624 5177 3834 5232 servat?

2262 5271 2474 5324 Falsum
2501 5267 2747 5338 estquod
2780 5266 2868 5320 tibi
2890 5266 3173 5336 promisit?
3201 5267 3387 5321 Servat
3410 5283 3424 5332 ;
3457 5283 3677 5322 securus
3701 5276 3831 5323 esto.

2260 5360 2359 5427 Qui
2389 5359 2637 5413 misertus
2660 5365 2740 5412 est
2771 5356 2862 5419 tui,
2912 5371 3031 5409 cum
3082 5371 3228 5411 esses
3265 5356 3492 5425 impius;
3524 5357 3722 5413 deserit
3751 5366 3832 5422 te,

2261 5469 2380 5508 cum
2412 5450 2582 5507 iactus
2631 5463 2691 5504 es
2731 5448 2889 5519 pius?
2917 5450 3004 5519 qui
3048 5451 3311 5519 peccaturi
3358 5450 3574 5505 donavit
3614 5460 3831 5504 mortem

2328 5568 2343 5597 ί
2370 5566 2443 5612 sic
2466 5562 2634 5624 plures
2655 5567 2763 5609 Mss.
2793 5566 2847 5624 at
2867 5559 2997 5619 Edd.,
3020 5573 3125 5624 non
3149 5558 3289 5611 vultis
3317 5573 3334 5610 :
3361 5560 3585 5624 etdinfra,
3611 5560 3734 5624 quod
3756 5558 3834 5624 ille

2259 5620 2479 5687 assignat
2499 5636 2515 5671 :
2541 5624 2622 5671 ubi
2645 5630 2751 5687 Mss.
2774 5621 2995 5687 plerique
3019 5622 3219 5683 habent,
3244 5624 3369 5686 quod
3393 5620 3468 5672 illi
3488 5620 3773 5686 assignatur,
3791 5620 3834 5670 id

2262 5682 2647 5748 estfdepositum
2668 5682 2730 5748 illi
2757 5682 3011 5733 creditum.

2323 5745 2548 5813 stic'AEr.
2588 5753 2641 5797 et
2671 5745 2852 5809 aliquot
2883 5753 2985 5795 Mss.
3026 5755 3075 5795 Al
3109 5754 3245 5809 t.ov.,
3273 5756 3466 5813 propter
3499 5747 3837 5808 abundantiam

2263 5810 2529 5877 aﬂlucntim.
