4132 6444
321 377 468 435 1069

316 492 445 548 Filii
472 492 574 559 sui,
616 490 745 563 quid
786 500 968 548 servat
1008 491 1212 548 salveto
1245 506 1345 563 per
1381 502 1607 548 mortem
1636 491 1758 545 Filii
1789 490 1917 544 sui?

315 587 558 642 Securus
584 600 713 655 ergo
737 594 879 640 esto.
909 585 1056 642 Tene
1080 585 1399 650 debitorem,
1427 587 1546 656 quia
1575 582 1846 639 credidisti
1866 582 1917 637 in

315 677 727 747 promissorem.
761 675 1010 731 Dominus
1038 693 1139 731 non
1176 677 1391 747 privabit
1432 676 1574 731 bonis
1603 675 1917 729 ambulantes

312 770 367 823 in
393 769 703 823 innocentia.
736 768 877 839 Ergo
894 767 1019 839 quid
1041 768 1197 823 nobis
1212 767 1299 823 hic
1315 775 1483 823 restat
1502 767 1553 821 in
1574 765 1843 831 torculari,
1864 764 1916 819 in

311 862 631 929 afflictione,
661 862 715 917 in
744 877 804 918 re
830 861 984 923 dura.
1015 861 1067 915 in
1096 861 1381 931 prmsentia
1412 861 1533 915 vita:
1558 856 1916 929 periculosae?

308 954 441 1024 quid
474 955 632 1009 nobis
657 960 843 1018 restat,
868 961 925 1007 ιιι
950 953 1071 1007 illuc
1094 949 1503 1022 perveniamus?
1534 948 1752 1005 Domine
1775 947 1915 1003 Deus

308 1049 578 1115 virtutum,
610 1047 785 1102 beatus
812 1048 961 1101 homo
986 1046 1073 1117 qui
1093 1054 1261 1117 sperat
1285 1046 1339 1099 in
1369 1055 1416 1100 te
1445 1044 1488 1099 ¹.
1576 1102 1581 1107 ,

684 1257 767 1319 ΙΝ
810 1256 1191 1321 PSALMUM
1233 1253 1565 1316 LXXXIV

895 1379 1311 1436 ENARRATIO.

821 1510 993 1551 SEBMO
1024 1511 1094 1551 ΔΙ)
1121 1510 1348 1551 PLEBEI.

387 1613 445 1667 1.
490 1610 771 1681 Deprecati
819 1625 1002 1665 sumus
1031 1608 1310 1664 Dominum
1360 1608 1524 1663 Deum
1552 1615 1814 1674 nostrum,
1852 1616 1913 1661 ut

312 1702 568 1759 ostendat
598 1703 753 1757 nobis
774 1700 1195 1757 misericordiam
1225 1714 1399 1766 suam,
1422 1708 1479 1754 et
1503 1699 1736 1753 salutare
1755 1714 1909 1755 suum

311 1796 413 1851 det
452 1796 624 1851 nobis.
660 1795 866 1849 Dictum
896 1801 979 1849 est
1005 1792 1108 1848 hoc
1136 1792 1348 1863 quidem
1380 1793 1431 1846 in
1460 1790 1758 1861 prOphetia,
1788 1806 1910 1845 cum

309 1889 548 1959 primum
569 1886 767 1941 Psalmi
796 1886 879 1940 isti
906 1884 1212 1941 dicerentur
1235 1892 1290 1939 et
1316 1883 1677 1938 scriberentur
1704 1899 1718 1936 :
1750 1890 1913 1937 caele-

310 1996 439 2034 rum
460 1978 600 2049 quod
633 1979 822 2033 attinet
847 1976 914 2031 ad
942 1976 1045 2032 hoc
1070 1985 1300 2046 tempus,
1331 1975 1436 2046 iam
1469 1973 1699 2029 ostendit
1726 1974 1907 2029 Domi-

311 2086 422 2126 nus
442 2070 699 2127 Gentibus
721 2068 1137 2124 misericordiatn
1161 2082 1333 2132 suam,
1350 2076 1405 2122 et
1417 2066 1561 2121 dedit
1580 2067 1659 2122 eis
1678 2067 1909 2121 salutare

309 2178 497 2215 suum.
526 2160 617 2215 llle
645 2160 860 2231 quidem
892 2157 1161 2224 ostendit;
1192 2157 1286 2213 sed
1316 2157 1464 2212 multi
1494 2156 1671 2211 sanari
1698 2155 1901 2222 nolunt,

310 2264 377 2309 ut
402 2254 616 2309 videant
641 2252 782 2323 quod
826 2250 1077 2306 ostendit.
1121 2249 1227 2306 Sed
1253 2250 1374 2320 quia
1406 2250 1518 2320 ipse
1543 2257 1697 2303 sanat
1722 2248 1908 2304 oculos

306 2347 497 2402 cordis
539 2345 607 2401 ad
654 2344 939 2400 videndum
986 2358 1082 2406 se;
1142 2353 1421 2413 propterea
1473 2356 1596 2397 cum
1644 2340 1902 2408 dixisset,

312 2437 543 2493 Ostende
585 2436 727 2491 nobis
768 2434 1161 2489 misericordiam
1203 2443 1376 2500 tuam,
1423 2441 1671 2503 tanquam
1724 2432 1906 2487 multis

308 2530 479 2585 carnis
518 2527 773 2593 dicturis,
813 2526 1092 2594 Quomodo
1133 2525 1469 2590 videbimus,
1514 2540 1635 2580 cum
1683 2526 1901 2595 coeperit

306 2617 643 2674 ostendere?
664 2616 925 2687 adjnnxit,
953 2615 1016 2669 Et
1034 2615 1256 2670 salutare
1280 2625 1422 2669 tuum
1443 2616 1510 2668 da
1536 2616 1694 2669 nobis.
1723 2616 1904 2671 Dando

305 2715 461 2768 enim
493 2712 720 2766 salutare
760 2724 937 2775 suum,
980 2717 1135 2764 sanat
1176 2710 1230 2763 in
1270 2709 1425 2765 nobis
1451 2709 1595 2763 unde
1638 2708 1903 2778 possintne

308 2803 503 2858 videre
545 2801 685 2873 quod
715 2800 949 2855 ostendit
980 2817 993 2853 :
1024 2815 1131 2854 non
1160 2800 1433 2870 quomodo
1461 2800 1698 2854 medicus
1742 2798 1901 2854 homo

303 2898 432 2968 ipse
456 2903 625 2959 curat,
652 2903 709 2949 ut
737 2894 906 2949 lucem
934 2893 1089 2948 istam
1132 2892 1378 2949 ostendat
1400 2893 1478 2948 eis
1517 2907 1652 2963 quos
1676 2908 1903 2947 curave-

300 2990 383 3043 rit
409 3004 424 3053 ;
465 2997 519 3042 et
543 2986 684 3041 aliud
712 2994 794 3041 est
824 2985 924 3039 ista
964 2984 1057 3039 lux
1084 2998 1243 3054 quam
1270 2983 1735 3039 demonstraturus
1776 2992 1859 3040 cst
1880 3025 1898 3053 ,

302 3085 457 3139 aliud
503 3092 675 3139 autem
719 3084 833 3154 ipse
880 3082 1117 3137 medicus
1158 3083 1249 3154 qui
1292 3090 1447 3137 curat
1487 3081 1671 3137 oculos
1710 3080 1901 3150 quibus

301 3177 558 3234 ostendat
601 3178 794 3244 lucem,
823 3192 943 3246 qua:
973 3176 1059 3231 lux
1090 3190 1195 3231 non
1235 3182 1320 3231 est
1346 3176 1477 3245 ipse.
1509 3174 1624 3229 Non
1664 3188 1792 3243 ergo
1821 3174 1899 3229 sic

303 3269 571 3323 Dominus
618 3268 756 3322 Deus
802 3276 1027 3322 noster:
1061 3266 1176 3338 ipse
1213 3275 1295 3321 est
1341 3267 1482 3321 enim
1527 3264 1768 3321 medicus
1808 3266 1897 3336 qui

302 3371 467 3415 curat
514 3360 652 3415 unde
700 3359 885 3415 videre
925 3358 1213 3431 possimus,
1243 3367 1299 3415 et
1340 3360 1454 3429 ipse
1491 3367 1574 3415 est
1611 3360 1698 3414 lux
1737 3374 1898 3430 quam

301 3450 500 3506 videre
537 3450 820 3521 possimus.
864 3449 1060 3507 Totum
1116 3460 1291 3506 tamen
1322 3451 1589 3505 Psalmnm
1622 3450 1893 3516 breviter,

299 3553 566 3615 quantum
607 3558 911 3614 possumus,
964 3554 1219 3614 quantum
1271 3543 1436 3599 donat
1478 3544 1766 3610 Dominus,
1800 3558 1898 3613 pro

300 3635 549 3707 angustia
578 3636 832 3706 temporis
858 3635 1043 3691 attenti
1069 3650 1367 3689 curramus.

381 3728 435 3782 ἓ.
470 3726 618 3800 [ven
646 3725 723 3800 1.]
757 3726 963 3782 Titulus
991 3726 1105 3796 ejus
1133 3736 1235 3794 est,
1266 3725 1329 3780 In
1369 3727 1543 3797 ﬁnem,
1576 3727 1697 3796 ﬁliis
1731 3726 1891 3793 Core,

301 3820 571 3875 Psalmns.
611 3818 798 3875 Finem
844 3834 948 3874 non
998 3820 1384 3889 lntelligamns,
1420 3819 1519 3874 nlsi
1567 3834 1724 3888 quem
1769 3819 1896 3875 dicit

300 3913 617 3982 Apostolus.
642 3910 789 3966 Finis
812 3912 943 3965 enim
964 3910 1112 3982 Legis
1135 3911 1381 3977 Christus,
1402 3911 1470 3965 ad
1479 3911 1732 3981 justitiam
1757 3912 1894 3966 omni

297 4002 531 4057 credenti
561 4002 734 4074 (Rom.
758 4018 818 4071 κ,
846 4001 923 4075 4).
954 4003 1097 4073 Ergo
1122 4018 1243 4057 eum
1274 4004 1447 4073 primo
1473 4004 1525 4057 ln
1555 4004 1709 4059 titulo
1747 3993 1891 4059 Psali

297 4095 383 4149 mi
415 4096 605 4164 posuit,
625 4095 692 4149 In
713 4096 899 4165 ﬁnem;
926 4096 1120 4150 direxit
1138 4111 1231 4151 cor
1257 4106 1496 4150 nostrum
1524 4096 1575 4151 in
1598 4096 1890 4152 Christum.

299 4186 367 4242 in
397 4187 539 4241 illum
566 4188 606 4240 si
649 4188 1003 4253 intendamus,
1029 4203 1133 4241 non
1165 4188 1499 4253 errabimus;
1528 4188 1651 4258 quia
1679 4190 1792 4260 ipse
1813 4198 1893 4245 est

297 4280 504 4333 veritas
531 4295 637 4350 quo
661 4280 990 4344 festinamus,
1025 4289 1080 4335 et
1107 4281 1220 4349 ipse
1249 4288 1332 4337 est
1358 4281 1440 4335 via
1470 4295 1564 4352 per
1588 4296 1744 4352 quam
1774 4297 1893 4338 cur-

297 4386 489 4428 ramus
510 4370 687 4441 (Joan.
714 4388 825 4437 xw,
851 4371 928 4445 6).
956 4372 1093 4440 Quid
1117 4384 1218 4440 est,
1244 4374 1363 4441 ﬁliis
1381 4372 1548 4430 Core?
1577 4375 1891 4445 Interpreta-

297 4470 398 4517 tur
423 4462 559 4518 Core
586 4480 655 4519 ex
685 4464 851 4519 verbo
894 4463 1109 4519 hebrzeo
1155 4466 1206 4519 in
1240 4466 1459 4520 latinum
1490 4466 1707 4523 Calvus.
1750 4468 1891 4539 Ergo

299 4555 431 4624 ﬁliis
473 4554 617 4619 Core,
652 4556 771 4609 llliis
800 4554 957 4610 calvl.
1002 4556 1133 4623 Quis
1176 4566 1259 4611 est
1298 4556 1397 4613 iste
1426 4559 1651 4614 calvus?
1689 4559 1804 4614 Non
1832 4570 1887 4616 ut

296 4644 620 4700 irrideamus
650 4645 820 4709 illum,
867 4645 963 4701 sed
994 4656 1051 4701 ut
1088 4649 1358 4717 ploremus
1400 4658 1525 4706 ante
1555 4650 1723 4704 illum.
1756 4651 1885 4707 Nam

296 4736 586 4791 irriserunt
612 4736 846 4806 quidam,
867 4746 923 4791 et
948 4752 978 4791 a
1004 4737 1334 4792 dmmouibus
1351 4740 1538 4794 vastati
1565 4722 1689 4795 snnl
1717 4758 1730 4795 :
1761 4758 1887 4812 quo-

296 4827 465 4882 modo
505 4827 556 4882 in
588 4828 889 4899 Regnorum
917 4828 1053 4883 libro
1081 4830 1286 4884 calvum
1330 4830 1580 4885 Elisazum
1611 4832 1889 4889 irriserunt

293 4920 476 4991 pueri,
506 4920 857 4992 dicebantque
884 4929 1005 4992 post
1042 4922 1209 4985 illum,
1254 4920 1423 4988 Calve,
1468 4924 1640 4991 calve;
1670 4940 1889 4995 proces-

294 5022 489 5066 serunt
530 5012 639 5066 ursi
665 5013 732 5067 de
769 5014 924 5079 silva,
964 5022 1019 5067 et
1040 5014 1388 5069 comederunt
1417 5031 1607 5087 pueros
1634 5018 1770 5073 male
1808 5019 1885 5073 ri-

294 5105 493 5159 dentes
521 5102 608 5178 (IV
640 5104 767 5176 Reg.
800 5121 858 5170 ιι,
889 5106 981 5171 ἳὸ,
1010 5105 1127 5177 24),
1160 5115 1214 5160 et
1240 5107 1566 5177 plangendus
1591 5125 1620 5163 a
1648 5111 1884 5179 parenti-

294 5195 403 5248 bus
427 5194 555 5249 suis.
582 5194 910 5265 Signiﬁcavit
953 5196 1057 5251 hoc
1082 5196 1275 5251 factum
1306 5198 1583 5268 prophetia
1614 5201 1839 5269 quadam
1866 5245 1880 5269 ,

295 5288 531 5344 futurum
556 5290 835 5344 Dominum
859 5298 1097 5344 nostrum
1118 5289 1299 5345 Jesum
1316 5290 1606 5347 Christum.
1632 5292 1725 5348 llle
1742 5295 1885 5350 enim

295 5395 332 5435 a
355 5379 552 5435 Iudaeis
577 5380 921 5435 irridentibus
944 5382 1090 5435 velut
1130 5382 1309 5436 calvus
1335 5383 1520 5440 irrisus
1544 5394 1648 5451 est,
1679 5387 1801 5456 quia
1829 5388 1883 5442 in

296 5473 551 5530 Calvaria:
592 5474 715 5530 loco
742 5474 1029 5529 crucifixus
1065 5483 1149 5530 est
1192 5475 1403 5541 (Matth.
1442 5495 1611 5547 χχιιι,
1639 5481 1749 5552 51).
1779 5482 1885 5538 Nos

364 5610 380 5641 ι
413 5609 476 5660 Ad
496 5610 605 5661 hac
622 5610 906 5680 vei-pannis;
923 5616 1026 5680 tres
1037 5609 1252 5680 addunt:
1279 5620 1513 5665 converso
1526 5616 1592 5666 ad
1610 5618 1883 5680 Dominum,

294 5683 327 5721 ο
345 5669 836 5745 ξηηοεεηςηφιίιῄιὶὺὶ
859 5671 1081 5745 defuerit,
1106 5672 1149 5722 si
1170 5671 1391 5745 innocens
1404 5684 1608 5745 «prapter
1631 5669 1885 5731 Βοιηὶηιιῂὶ

291 5735 384 5786 eris
400 5748 431 5807 _:
726 5735 906 5805 ipsum.
928 5735 1446 5807 Dominunt_possidcs,
1492 5735 1778 5807 quijauctor
1813 5752 1883 5795 est

282 5796 489 5867 anulum
528 5798 800 5867 virtuttmt.‘
824 5796 906 5867 qui
944 5796 1027 5845 dat
1058 5796 1257 5867 .virtutes
1275 5796 1633 5867 _inﬁinnoc'entia
1664 5817 1881 5867 pensve-

279 5862 503 5915 γωιιίιηιε,
528 5869 663 5924 ιιι-90
685 5871 715 5908 ε
741 5864 761 5906 t
784 5855 961 5916 beatas,
985 5857 1069 5919 qui
1087 5865 1247 5921 sperat
1267 5858 1317 5909 in
1338 5866 1403 5922 te,
1432 5868 1571 5913 Deus.

1358 375 1756 432 ENABRATIO
1795 374 1858 429 IN
1898 375 2221 436 PS\LMUM
2258 381 2543 443 LXXXIV.

3474 412 3613 468 1070

2030 502 2207 591 autem
2246 498 2291 551 si
2326 500 2380 555 in
2421 501 2568 558 illum
2599 507 3002 581 crediderimus,
3053 515 3146 573 lilii
3194 519 3361 591 ipsius
3403 539 3611 583 sumus.

2024 584 2185 687 ljobis
2205 603 2332 660 ergo
2351 603 2595 650 cantatur
2615 598 2713 654 iste
2738 602 2993 671 psalmus,
3017 608 3103 663 ubi
3123 584 3451 684 inscribitur,
3488 619 3611 687 ﬁliis

2024 673 2181 731 Core:
2195 692 2379 781 sumus
2390 685 2529 738 enim
2549 686 2642 781 lilii
2658 692 2838 759 sponsi
2860 692 3151 767 (Matt/tax,
3174 702 3283 775 l5).
3300 702 3395 761 Ille
3406 673 3607 781 quippe

2020 780 2269 863 sponsus,
2298 772 2427 830 dans
2457 778 2668 833 arrham
2708 796 2920 861 sponsae
2951 803 3080 857 sure,
3113 772 3607 863 sanguinem-stium

2020 867 2075 913 et
2098 858 2353 930 Spiritum
2378 879 2643 934 sanetum,
2673 888 2779 943 quo
2808 858 3147 948 locupletavit
3182 858 3278 941 nos
3305 888 3519 946 interim
3551 892 3605 949 in

2020 950 2119 1007 ista
2160 958 2582 1027 peregrinatione
2606 980 2621 1026 ;
2649 965 2823 1022 adhuc
2846 983 3020 1025 autem
3046 985 3222 1031 servat
3244 979 3397 1035 nobis
3422 985 3607 1041 occul-

2021 1054 2102 1101 tas
2127 1047 2341 1148 divitias
2368 1069 2511 1110 suas.
2558 1056 2710 1114 Unde
2741 1062 2881 1116 enim
2933 1064 3035 1122 tale
3066 1069 3255 1139 pignus
3283 1072 3449 1141 dedit,
3477 1078 3602 1148 quid

2017 1147 2101 1193 est
2127 1142 2269 1210 quod
2297 1146 2516 1205 servat?

2092 1231 2327 1327 5._[vers.
2357 1235 2438 1311 2.]
2468 1239 2645 1311 Itaque
2674 1252 2851 1300 cantat
2872 1246 2921 1303 ei
2950 1247 3212 1321 Propheta
3254 1254 3306 1309 in
3333 1253 3566 1313 futurum
3585 1301 3600 1327 ,

2016 1331 2071 1376 et
2093 1324 2258 1380 utitur
2280 1329 2453 1384 verbis
2476 1334 2746 1405 quasijam
2766 1340 3017 1406 przrteriti
3037 1345 3324 1413 temporis;
3356 1324 3601 1420 tanquam

2019 1416 2152 1471 facta
2183 1418 2332 1485 dicit,
2381 1437 2499 1493 qnze
2548 1424 2723 1482 lntura
2765 1440 2958 1498 erant;
3006 1435 3125 1504 quia
3172 1438 3312 1506 apud
3354 1416 3522 1496 Deum
3552 1455 3606 1498 et

2017 1508 2156 1576 quod
2187 1508 2417 1593 futurum
2448 1525 2548 1582 est,
2575 1516 2685 1585 jam
2715 1518 2910 1576 factum
2941 1534 3043 1579 est.
3074 1525 3148 1581 lbi
3177 1543 3305 1599 ergo
3334 1530 3599 1603 PrOpheta

2018 1599 2230 1655 videbat
2259 1603 2428 1658 futura
2461 1608 2633 1675 nobis,
2676 1610 2785 1677 jam
2818 1628 2945 1669 vero
2988 1615 3124 1673 facta
3169 1619 3219 1673 in
3255 1620 3395 1678 illius
3424 1599 3604 1693 provi-

2016 1690 2194 1747 (Ιυιιιίιι
2234 1702 2289 1748 et
2316 1697 2779 1764 pra-destinatione
2822 1706 3137 1776 certissima,
3166 1690 3438 1780 quomodo
3474 1715 3605 1771 dicit

2017 1793 2073 1836 et
2100 1782 2150 1836 in
2178 1784 2268 1839 illo
2309 1787 2512 1855 psalmo
2546 1791 2630 1845 ubi
2662 1808 2849 1850 omnes
2873 1795 3141 1854 Christum
3170 1814 3495 1873 agnoscunt;
3527 1808 3604 1863 sic

2019 1874 2159 1928 enim
2185 1878 2438 1934 recitatur
2468 1882 2505 1946 ¹,
2540 1891 2788 1954 tanquam
2817 1887 3156 1960 Evangelintn
3185 1894 3422 1965 legatur:
3445 1917 3466 1951 ι
3493 1900 3602 1954 Fo-

2017 1967 2211 2024 dernnt
2245 1988 2432 2029 manus
2458 1992 2603 2031 meas
2629 1988 2683 2033 et
2715 1980 2897 2050 pedes,
2929 1984 3395 2044 dinumeraverunt
3423 1995 3599 2047 omnia

2015 2073 2135 2115 ossa
2164 2077 2281 2117 mea
2306 2080 2321 2129 ;
2355 2064 2453 2134 ipsi
2480 2082 2607 2123 vero
2633 2070 3103 2130 consideraverunt
3127 2090 3183 2133 et
3209 2092 3603 2150 conSpcxerunt

2015 2165 2122 2217 me,
2150 2152 2444 2210 diviserunt
2483 2157 2583 2213 sibi
2609 2162 2921 2219 veStimenta
2970 2181 3085 2220 mea
3114 2177 3167 2222 et
3205 2186 3365 2238 super
3396 2180 3598 2229 vestem

2015 2259 2186 2299 meam
2207 2246 2469 2304 miserunt
2486 2259 2684 2307 sortem
2716 2273 2735 2306 ι
2762 2254 2935 2326 (Psal.
2964 2274 3075 2325 λιιι,
3103 2260 3305 2333 l7-l9).
3324 2262 3453 2330 Quis
3471 2280 3597 2333 non,

2013 2333 2223 2405 legente
2266 2338 2468 2396 lectore
2504 2341 2793 2409 Psalmum,
2836 2361 3088 2417 agnoscat
3118 2351 3507 2424 Evangelium?
3535 2359 3602 2418 Et

2015 2436 2188 2485 tamen
2232 2445 2353 2486 cum
2399 2432 2666 2490 diceretur
2712 2438 2762 2491 in
2797 2438 3027 2504 Psalmo,
3080 2458 3187 2498 non
3235 2444 3430 2502 dictum
3477 2457 3597 2516 est,

2012 2518 2228 2576 Fossuri
2257 2532 2380 2578 sunt
2399 2540 2588 2581 manus
2605 2543 2752 2583 meas
2774 2539 2826 2584 ct
2853 2533 3049 2603 pedes;
3083 2535 3197 2597 sed,
3223 2538 3458 2607 foderunt
3485 2557 3599 2593 nia-

2011 2626 2105 2664 nus
2130 2629 2265 2667 meas
2297 2624 2343 2667 et
2372 2616 2523 2686 pedes
2544 2634 2564 2670 :
2582 2634 2679 2673 nec
2704 2619 2902 2675 dictmn
2927 2634 3030 2687 est,
3058 2625 3451 2683 Dinutncraturi
3474 2641 3599 2687 sunt

2010 2714 2129 2754 ossa
2156 2718 2271 2757 mea
2296 2720 2310 2769 ;
2343 2705 2455 2770 sed,
2490 2708 2928 2765 dinumeraverunt
2954 2730 3066 2767 ossa
3087 2732 3196 2771 mea
3229 2734 3249 2771 :
3278 2734 3376 2775 nec
3394 2719 3595 2776 dictum

2012 2800 2110 2855 est,
2158 2793 2387 2849 Divisuri
2434 2807 2558 2852 sunt
2598 2802 2910 2859 vestimenta
2957 2820 3108 2870 mea;
3158 2808 3274 2875 sed,
3322 2811 3598 2870 diviserunt

2012 2886 2102 2939 sibi
2148 2888 2438 2944 vestimenta
2475 2909 2604 2945 mea.
2635 2893 2761 2949 Il:ec
2799 2898 2974 2957 omnia
3019 2915 3137 2968 qttre
3182 2900 3353 2957 futura
3385 2904 3598 2960 videbat

2009 2978 2297 3050 Propheta,
2341 2993 2586 3053 tanquam
2620 2989 2881 3055 prteterita
2933 2989 3201 3047 indicabat
3233 3013 3245 3047 :
3280 2996 3354 3048 sic
3382 3004 3437 3051 et
3465 2998 3549 3053 hic
3573 3040 3589 3065 ,

2007 3071 2333 3140 Benedia‘isti,
2367 3074 2600 3145 Domine,
2637 3090 2820 3135 terram
2866 3092 3042 3150 tuam;
3071 3096 3318 3157 tanquam
3365 3090 3474 3159 jam
3514 3090 3593 3146 fe-

2007 3168 2160 3222 cerit.

2080 3262 2133 3314 4.
2165 3262 2401 3317 Avcrlisti
2448 3266 2786 3334 cap'ivitatem
2816 3266 2997 3329 Iacob.
3033 3271 3264 3343 Populus
3291 3274 3409 3344 ejus
3448 3276 3592 3332 anti-

2005 3367 2139 3422 quus
2163 3353 2347 3422 Jacoh,
2379 3357 2601 3426 populus
2621 3357 2800 3425 Israel,
2832 3370 2987 3418 natus
3013 3362 3080 3418 de
3106 3366 3311 3421 semine
3337 3366 3587 3434 Abraha-,

2007 3441 2058 3497 in
2089 3445 2502 3514 repromissione
2548 3446 2755 3504 futurus
2779 3450 3061 3521 aliquando
3102 3454 3273 3511 hmrcs
3312 3456 3423 3512 Dei.
3464 3458 3590 3514 Erat

2005 3537 2218 3606 quidem
2250 3553 2377 3607 ergo
2408 3538 2496 3594 ille
2535 3543 2792 3611 populus,
2816 3544 2902 3598 cui
2942 3545 3121 3600 datum
3161 3558 3243 3603 est
3270 3549 3587 3606 Testamen-

2006 3636 2114 3682 tum
2141 3629 2338 3695 Vetus;
2362 3630 2456 3686 sed
2486 3630 2535 3687 in
2562 3632 2757 3689 Vetere
2780 3635 3121 3695 Testamento
3144 3638 3468 3711 ﬁgurabatnr
3488 3642 3591 3699 Te-

2004 3730 2324 3778 stamentum
2350 3723 2553 3779 Novum
2583 3727 2637 3781 ἐ
2667 3727 2752 3781 illa
2782 3728 2946 3797 ﬁgura
2995 3742 3144 3799 erat,
3174 3734 3289 3789 hmc
3310 3738 3589 3807 expressio

2005 3815 2261 3869 veritatis.
2309 3815 2364 3870 In
2407 3818 2492 3872 illa
2544 3829 2720 3873 autem
2754 3819 2917 3889 ﬁgura
2963 3826 3253 3879 secundum
3305 3828 3585 3897 quamdam

2006 3907 2498 3975 praenuntiationetn
2527 3908 2825 3964 futurorum
2844 3953 2857 3972 .
2886 3912 3006 3967 data
3040 3924 3124 3969 est
3151 3916 3227 3969 illi
3260 3919 3455 3987 populo
3477 3929 3585 3975 ter~

2005 4014 2061 4051 ra
2100 3998 2341 4067 qumdam
2408 4002 2805 4069 promissionis,
2854 4005 2905 4057 in
2953 4005 3177 4074 quadam
3228 4009 3446 4079 regione
3497 4012 3583 4068 ubi

2003 4090 2259 4145 habitavit
2280 4092 2505 4161 populus
2524 4092 2865 4161 Jndzeorum;
2889 4096 2977 4152 ubi
3000 4106 3082 4152 est
3108 4099 3268 4156 etiam
3288 4100 3583 4160 Jerusalem

2003 4185 2224 4252 civitas,
2257 4184 2406 4255 cujus
2445 4201 2636 4241 nomen
2686 4204 2872 4244 oumcs
2922 4191 3238 4249 audivimus.
3285 4195 3433 4253 Hanc
3456 4215 3585 4271 ergo

2003 4286 2195 4331 terram
2222 4293 2342 4332 cum
2373 4280 2664 4351 accepisset
2694 4282 2780 4335 ille
2810 4283 3037 4353 populus
3059 4327 3073 4349 ,
3106 4286 3173 4342 ab
3201 4286 3448 4345 hostibus
3473 4292 3585 4347 suis

2001 4369 2191 4423 vicinis
2219 4370 2630 4441 circumquaque
2658 4372 3049 4431 iuimicantibus
3080 4380 3275 4434 multas
3309 4382 3584 4439 molestias

2001 4462 2297 4531 patiebatur
2326 4480 2338 4516 :
2369 4474 2423 4518 et
2452 4479 2570 4517 cum
2603 4467 2854 4533 peccabat
2884 4468 2935 4521 in
2963 4468 3128 4523 Deum
3153 4487 3326 4537 suum,
3360 4473 3585 4534 dabatur

2001 4554 2051 4606 ἰιι
2090 4554 2481 4623 captivitatem;
2530 4571 2634 4609 non
2663 4558 2726 4609 ad
2770 4556 3075 4623 interitum,
3118 4562 3209 4616 sed
3242 4564 3307 4618 ad
3337 4564 3582 4637 discipli-

1998 4659 2154 4708 nam;
2187 4661 2291 4698 non
2323 4644 2608 4700 damnante
2637 4656 2783 4713 patre
2809 4689 2821 4709 ,
2852 4648 2944 4702 sed
2992 4649 3309 4721 ﬂagellante.
3352 4656 3421 4711 Et
3458 4674 3578 4714 cum

1996 4749 2242 4804 possessa
2271 4744 2432 4802 esset,
2458 4735 2797 4804 liberabatur,
2825 4750 2877 4793 et
2902 4740 3179 4808 aliquoties
3208 4744 3468 4815 captivam
3497 4762 3583 4805 est

1996 4836 2051 4882 et
2080 4827 2300 4881 liberata
2328 4838 2407 4881 est
2439 4828 2524 4881 illa
2557 4843 2687 4898 gens
2712 4847 2724 4883 :
2758 4840 2812 4884 ct
2856 4832 3013 4885 modo
3044 4834 3092 4886 in
3120 4849 3217 4903 cap
3244 4838 3423 4893 ivitate
3452 4851 3534 4894 Cal
3561 4883 3576 4902 ,

1996 4929 2051 4975 et
2080 4919 2180 4974 hoc
2209 4935 2303 4988 pro
2330 4930 2545 4987 peccato
2572 4937 2781 4990 magno.
2810 4923 2948 4992 quod
2972 4924 3251 4981 Dominum
3275 4942 3427 4983 suum
3458 4946 3578 4987 crn-

1994 5012 2179 5067 ciﬁxit.
2207 5012 2342 5078 Quid
2379 5011 2535 5083 igitur
2577 5015 2867 5069 secundum
2900 5016 3029 5071 istos
3066 5018 3356 5088 accipimus
3385 5063 3400 5087 ,
3434 5026 3576 5094 quod

1992 5108 2105 5171 ait,
2137 5106 2372 5160 Avertisti
2419 5107 2752 5176 captivitatem
2788 5107 2992 5163 Jacob?
3020 5110 3101 5166 An
3145 5110 3283 5168 forte
3324 5116 3579 5190 intelligi—

1994 5216 2113 5254 mus
2142 5198 2229 5253 hic
2257 5198 2411 5252 aliam
2438 5199 2794 5267 captivitatem
2820 5240 2834 5263 ,
2858 5199 2924 5255 de
2950 5216 3051 5267 qna
3077 5217 3265 5259 omnes
3305 5221 3403 5262 nos
3427 5212 3581 5265 volu-

1993 5308 2112 5347 mus
2139 5291 2389 5346 liberari?
2415 5290 2546 5345 Nam
2587 5306 2771 5344 omnes
2818 5294 3143 5359 pertinemus
3188 5299 3253 5353 ad
3293 5300 3461 5357 Jacob
3485 5344 3499 5367 ,
3533 5308 3577 5360 si

1995 5383 2322 5453 pertinemus
2349 5382 2412 5437 ad
2444 5397 2624 5436 semen
2658 5382 2903 5439 Abrahae.
2957 5386 3068 5441 Hoc
3094 5390 3235 5443 enim
3270 5391 3403 5449 dicit
3435 5396 3576 5465 Apo-

1992 5477 2161 5531 stolus
2190 5494 2205 5530 :
2240 5474 2303 5527 In
2339 5473 2492 5527 Isaac
2538 5474 2791 5529 vocabitur
2819 5477 2906 5530 tibi
2949 5496 3152 5545 semen;
3176 5484 3228 5536 id
3254 5495 3360 5549 est,
3396 5504 3495 5541 non
3525 5490 3579 5544 lii

1990 5568 2074 5639 qni
2100 5567 2195 5636 ﬁlii
2224 5567 2389 5619 carnis
2408 5607 2423 5631 ,
2464 5565 2514 5617 hi
2558 5567 2655 5634 [iiii
2683 5566 2777 5621 Dei
2803 5607 2818 5632 ,
2849 5570 2938 5622 scd
2965 5572 3061 5639 filii
3101 5577 3449 5643 promissionis
3490 5581 3580 5634 den

2056 5683 2072 5714 ί
2107 5681 2180 5730 sic
2200 5679 2383 5742 aliquot
2401 5686 2508 5728 Mss.
2533 5681 2616 5730 Alii
2640 5696 2749 5731 cum
2770 5683 2903 5744 Edd.,
2928 5685 3155 5736 recitatos
3175 5694 3245 5738 est
3271 5692 3504 5743 Psalmus.

2044 5746 2073 5775 η’
2109 5750 2172 5817 Ita
2197 5744 2245 5791 in
2270 5751 2373 5817 viss.
2389 5750 2456 5817 ΔΛι
2482 5744 2527 5791 in
2552 5745 2861 5817 tgdd.,_ha:res
2888 5755 2941 5795 D.
2958 5747 2975 5796 i
2992 5756 3113 5817 erat.
3136 5750 3340 5817 Quidmn
3365 5767 3480 5817 ergo
3497 5754 3578 5815 illa

1990 5803 2192 5881 populus
2217 5802 2295 5881 cui
2311 5803 2483 5881 datum
2505 5811 2574 5855 est
2604 5815 2944 5858 testamentum
2974 5816 3128 5872 Vt'ltts,
3147 5802 3393 5881 ‘ﬁgnrabat

1994 5874 2199 5918 nwnlunt
2224 5875 2412 5917 Novum.
