4132 6496
573 363 713 466 ¹16⁸11

587 536 827 597 putantur
845 527 905 582 in
928 543 1097 582 semen
1112 525 1140 600 '(
1156 525 1303 581 Rom.
1329 541 1378 579 ιιι
1400 565 1415 592 ,
1439 525 1471 578 7
1489 566 1503 592 ,
1533 523 1624 595 8).
1654 523 1708 579 Si
1738 523 1825 578 lilii
1855 523 2163 593 promissio.

587 621 668 683 nis
697 622 751 678 in
777 635 962 678 semen
984 619 1324 692 deputantur,
1347 616 1668 675 otl'endendo
1687 618 1852 673 Deum
1879 617 2047 673 Judmi
2071 617 2165 673 de-

584 721 972 782 generaverunt
995 729 1020 779 .;
1062 727 1158 766 nos
1203 710 1559 781 promerendo
1591 711 1753 767 Deum
1789 753 1804 779 ,
1860 711 1927 766 de
1969 725 2164 782 genere

587 804 810 860 Abraha:
834 804 956 858 facti
987 816 1199 866 sumus,
1220 815 1335 857 non
1363 801 1688 872 pertinentes
1715 804 1778 857 ad
1807 817 2044 868 carnem,
2069 802 2160 858 sed

583 897 911 969 pertinentes
950 894 1015 950 ad
1059 895 1239 950 ﬁdem.
1282 894 1472 950 lmitati
1502 895 1643 950 enim
1680 894 1836 949 tidem
1865 936 1880 960 ,
1907 894 2000 949 ﬁlii
2039 893 2160 948 laeti

578 1003 763 1044 sumus
792 1005 806 1042 :
860 987 933 1042 illi
963 995 1140 1042 autem
1171 985 1546 1056 degenerando
1570 1000 1599 1039 a
1641 983 1744 1041 ﬁde
1768 1027 1783 1051 ,
1827 984 2158 1041 exlizrredari

577 1089 903 1136 meruerunt.
927 1077 1060 1134 Nam
1079 1120 1094 1143 ,
1128 1088 1181 1132 ut
1215 1076 1469 1132 noveritis
1489 1079 1611 1147 quia
1637 1075 1978 1146 perdiderunt
2006 1075 2154 1141 illud,

573 1173 714 1245 quod
744 1172 849 1227 nati
881 1179 1034 1228 erant
1060 1171 1129 1226 de
1150 1169 1417 1225 Abraham
1440 1210 1455 1236 ,
1483 1184 1604 1224 cum
1649 1182 1707 1225 se
1733 1175 2047 1238 arroganter
2076 1167 2159 1238 ja-

571 1274 785 1323 ctarent
811 1265 1060 1320 audiente
1084 1264 1313 1318 Domino
1337 1262 1463 1318 Jesu
1485 1260 1703 1316 Christo
1723 1302 1737 1325 ,
1766 1260 2056 1331 gloriantes
2086 1259 2156 1315 de

567 1358 834 1429 sanguine
863 1365 917 1413 et
959 1373 1063 1412 non
1090 1356 1157 1410 de
1186 1356 1288 1408 vita
1316 1395 1332 1421 ,
1378 1363 1431 1409 et
1469 1353 1710 1410 dicerent
1747 1352 2009 1416 Domino,
2044 1351 2156 1406 Nos

571 1459 766 1522 patrem
791 1447 1029 1504 habenms
1049 1448 1344 1510 Abraham;
1373 1446 1447 1500 ait
1475 1445 1581 1502 illis
1611 1443 1863 1499 Dominus
1902 1452 2152 1514 tanquam

573 1539 1056 1613 degenerantibns:
1088 1538 1148 1594 Si
1185 1537 1281 1606 [itii
1308 1537 1525 1591 Abi-aha:
1565 1535 1715 1602 estis,
1761 1535 1896 1604 facta
1938 1535 2153 1590 Abrahae

565 1633 720 1706 facile
751 1630 941 1705 (Joan.
963 1647 1083 1696 vm,
1115 1630 1237 1700 59).
1265 1627 1318 1685 Si
1348 1645 1476 1700 ergo
1503 1627 1574 1682 illi
1602 1635 1878 1697 propterea
1907 1628 2015 1698 jam
2044 1643 2150 1683 non

571 1724 685 1791 lilii,
715 1723 838 1796 quia
869 1737 975 1776 non
1003 1720 1268 1776 faciebant
1294 1719 1428 1774 facta
1453 1718 1716 1782 Abrahzc;
1749 1733 1845 1772 nos
1868 1727 2148 1790 propterea

561 1815 694 1881 ﬁlii,
743 1814 866 1886 quia
914 1811 1140 1868 facimus
1184 1810 1326 1866 facta
1370 1809 1619 1864 Abrahae.
1669 1809 1800 1877 Qua:
1839 1819 1967 1864 sunt
2013 1809 2146 1865 facta

565 1904 799 1960 Ahrahze
824 1918 943 1974 quae
970 1901 1236 1958 facimus?
1261 1899 1496 1956 Credidit
1518 1909 1694 1954 autem
1725 1899 1989 1954 Abraham
2015 1900 2143 1965 Deo,

565 2006 618 2052 et
638 1996 948 2065 deputatum
995 2002 1079 2048 est
1122 1992 1193 2047 illi
1239 1991 1304 2047 ad
1348 1991 1610 2062 justitiam
1654 1989 1823 2062 (Gen.
1862 2007 1961 2055 xv,
1996 1992 2067 2058 li,
2099 2003 2148 2045 et

558 2088 739 2142 Colat.
773 2102 831 2141 ιιι
863 2127 879 2154 ,
911 2085 999 2158 6).
1045 2084 1188 2156 Ergo
1229 2098 1416 2139 omnes
1455 2081 1520 2138 ad
1564 2081 1730 2138 Jacob
1781 2084 2142 2154 pertinemus,

550 2180 832 2236 imitantes
860 2177 1086 2234 Abrahae
1117 2177 1273 2233 ﬁdem
1294 2221 1308 2247 ,
1338 2179 1426 2248 qui
1459 2176 1684 2233 credidit
1709 2175 1857 2241 Deo,
1895 2185 1951 2231 et
1978 2175 2143 2248 depu-

551 2280 727 2327 talum
750 2280 833 2326 est
853 2271 927 2325 illi
954 2271 1018 2322 all
1041 2269 1323 2339 justitiam.
1341 2269 1472 2337 Quae
1494 2280 1574 2327 est
1599 2284 1730 2340 ergo
1755 2268 1845 2323 illa
1865 2270 2143 2340 captivitas

549 2365 703 2422 unde
731 2377 827 2420 nos
849 2365 1092 2420 volumus
1120 2363 1375 2429 liberari?
1403 2371 1530 2434 puto
1553 2363 1696 2417 enim
1726 2361 1994 2418 neminem
2047 2377 2139 2417 no-

559 2467 729 2512 strum
757 2455 917 2511 modo
943 2468 1064 2510 esse
1092 2453 1230 2525 apud
1253 2454 1535 2522 Barbaros,
1555 2469 1653 2510 nec
1676 2453 1904 2525 aliquam
1925 2465 2137 2528 gentem

557 2547 779 2604 irruisse
801 2557 1056 2620 armatam
1078 2587 1093 2612 ,
1118 2557 1170 2602 et
1197 2545 1436 2615 captivos
1459 2545 1677 2601 duxisse
1701 2561 1819 2601 nos.
1844 2545 1952 2602 Sed
1978 2543 2138 2602 modo

556 2637 781 2696 ostendo
801 2635 1086 2708 quamdam
1111 2637 1473 2706 captivitatem
1500 2677 1514 2701 ,
1546 2636 1597 2690 in
1631 2651 1733 2707 qua
1759 2637 2021 2707 gemimus
2041 2680 2056 2703 ,
2083 2647 2138 2693 et

559 2731 696 2786 unde
723 2743 821 2785 nos
853 2728 1065 2784 liberari
1099 2728 1368 2799 cupimus.
1397 2728 1591 2784 Paulus
1631 2729 1905 2799 apostolus
1946 2745 2129 2800 proce-

555 2823 685 2889 dat,
719 2821 831 2891 ipse
859 2820 1001 2874 illam
1025 2819 1199 2884 dicat;
1233 2819 1301 2874 sit
1325 2820 1439 2889 ipse
1460 2821 1734 2890 Speculum
1759 2829 2022 2888 nostrum,
2047 2821 2137 2877 ille

554 2915 822 2984 loquatur,
846 2921 900 2968 et
918 2926 1016 2966 nos
1038 2911 1106 2966 ibi
1129 2910 1436 2966 videamus:
1465 2926 1622 2971 nemo
1643 2921 1725 2967 est
1744 2913 1885 2968 enim
1913 2914 2002 2983 qui
2030 2929 2133 2968 non

549 3003 642 3059 hic
669 3017 729 3059 se
755 3010 1028 3072 agnoscat.
1074 3002 1163 3056 Ait
1184 3016 1314 3072 ergo
1337 3001 1425 3056 ille
1455 3001 1641 3058 beatus
1666 3003 1938 3072 apostolus
1957 3045 1970 3068 ,
1995 3003 2133 3059 Con-

545 3096 773 3152 delector
800 3094 930 3148 enim
959 3093 1059 3165 legi
1079 3091 1176 3148 Dei
1199 3093 1475 3147 secundum
1520 3093 1806 3149 interiorem
1834 3095 2086 3149 hominem
2113 3112 2132 3160 ;

553 3189 695 3244 intus
739 3185 971 3241 delectat
1001 3199 1087 3240 me
1112 3183 1196 3239 lex
1233 3183 1365 3238 Dei:
1413 3184 1555 3239 video
1597 3195 1764 3240 autent
1792 3186 1946 3240 aliam
1971 3188 2131 3260 legem

546 3283 603 3336 in
631 3280 864 3335 membris
891 3279 1012 3334 meis
1033 3320 1047 3343 ,
1093 3288 1454 3349 repugnantem
1479 3278 1579 3350 legi
1621 3280 1801 3335 mentis
1840 3297 1982 3336 meae.
2010 3279 2128 3336 Jatn

549 3371 744 3427 audisti
771 3371 970 3441 legem,
1004 3368 1194 3424 audisti
1223 3383 1481 3438 pugnam;
1507 3369 1864 3441 captivitatem
1892 3371 2127 3427 nondum

550 3463 815 3524 audieras,
837 3461 958 3517 audi
981 3477 1098 3530 qu:e
1128 3469 1456 3530 sequuntur:
1488 3461 1902 3532 Repugnantem,
1929 3465 2124 3534 inquit,

551 3557 647 3627 legi
672 3554 847 3608 mentis
868 3568 991 3608 mea:
1007 3595 1020 3612 .
1047 3561 1092 3604 ct
1125 3553 1375 3621 captivum
1402 3569 1480 3607 me
1507 3553 1766 3609 ducentem
1789 3555 1845 3610 in
1874 3557 1982 3628 lege
2007 3572 2124 3628 pec-

541 3647 664 3711 cati,
686 3660 798 3716 qua:
815 3652 889 3698 est
909 3643 962 3698 in
983 3642 1216 3698 membris
1231 3644 1371 3698 meis.
1391 3645 1717 3715 Agnovimus
1733 3646 2120 3717 captivitatem:
2159 3641 2165 3648 ’

544 3736 662 3807 quis
693 3743 933 3790 nostrum
955 3743 1040 3790 est
1064 3733 1154 3804 qui
1185 3734 1316 3788 nolit
1341 3749 1400 3789 se
1420 3735 1486 3790 de
1517 3735 1614 3790 ista
1645 3737 1950 3806 captivitate
1986 3739 2122 3796 libe-

545 3828 691 3885 reri?
714 3826 779 3881 Et
806 3825 948 3881 unde
972 3824 1329 3880 liberabitur?
1351 3825 1610 3894 Quoniam
1635 3827 1736 3883 hoc
1755 3830 1987 3884 cantavit
2009 3831 2124 3902 ipse

542 3920 784 3976 Psalmus
831 3918 1062 3974 futurum
1107 3935 1119 3971 :
1163 3917 1402 3973 Avertisti
1441 3919 1776 3990 captivitatem
1802 3920 1983 3977 Iacob.
2026 3923 2122 3980 Cui

539 4013 707 4070 dixit?
728 4011 962 4078 Christo,
994 4019 1212 4083 propter
1233 4007 1299 4064 In
1331 4011 1484 4080 ﬁnem
1501 4053 1515 4076 ,
1544 4020 1763 4082 propter
1789 4011 1928 4070 ﬁlios
1951 4014 2118 4072 Core:

533 4107 628 4160 ille
657 4105 798 4159 enim
829 4103 1024 4158 avertit
1067 4102 1428 4174 captivitatem
1470 4103 1656 4160 Jacob.
1687 4105 1824 4162 Audi
1864 4116 1919 4162 et
1947 4107 2118 4178 ipsum

539 4197 758 4252 Paulum
781 4195 1144 4251 contltentem.
1167 4193 1298 4250 Cum
1325 4195 1527 4251 diceret
1551 4212 1610 4253 se
1634 4197 1772 4253 trahi
1802 4202 2068 4270 captivum
2091 4219 2118 4257 a

531 4291 653 4361 lege
680 4289 732 4343 in
757 4287 1010 4343 membris
1037 4289 1150 4343 suis
1176 4299 1506 4359 repugnante
1532 4289 1634 4362 legi
1657 4293 1850 4349 mentis
1877 4310 2008 4363 suze,
2028 4312 2121 4351 ex-

533 4380 784 4436 clamavit
804 4377 904 4434 sul)
930 4377 1018 4433 illa
1047 4378 1350 4449 captivitate
1369 4423 1384 4446 ,
1407 4390 1461 4434 et
1479 4380 1554 4434 ait
1578 4397 1597 4434 :
1618 4380 1812 4455 Infelix
1835 4402 1926 4456 ego
1946 4386 2114 4453 homo,

531 4474 650 4545 quis
689 4488 768 4525 me
797 4469 1023 4524 liberabit
1061 4470 1124 4524 de
1150 4485 1361 4541 corpore
1406 4472 1580 4527 mortis
1616 4473 1816 4545 hujus?
1866 4476 2120 4545 Qumsivit

533 4565 650 4635 quis
675 4572 818 4619 esset
835 4602 852 4627 ,
875 4570 930 4619 et
949 4561 1127 4617 statim
1153 4563 1226 4617 illi
1247 4563 1496 4626 occurrit,
1518 4564 1694 4621 Gratia
1717 4566 1817 4624 Dei
1838 4587 1924 4638 per
1939 4569 2117 4628 Jesum

533 4656 787 4712 Christum
825 4653 1102 4709 Dominum
1149 4663 1378 4710 nostrum
1408 4656 1427 4728 (
1455 4656 1606 4713 Rom.
1644 4675 1715 4714 vn
1735 4703 1751 4728 ,
1784 4661 2011 4736 22-25).
2041 4664 2116 4722 De

530 4749 634 4803 hac
653 4747 819 4819 gratia
842 4747 933 4802 Dei
958 4746 1219 4818 Propheta
1240 4747 1368 4805 dicit
1390 4749 1513 4806 huic
1535 4751 1763 4810 Domino
1784 4765 1968 4814 nostro
1987 4757 2112 4814 Jesu

529 4841 776 4908 Christo,
806 4840 1041 4896 Avertisti
1066 4841 1403 4912 captivitatem
1423 4843 1602 4899 Jacob.
1645 4848 1917 4906 Attenditc
1943 4852 2112 4922 capti-

531 4937 751 4990 vitatem
789 4933 978 5001 Jacob,
1007 4934 1268 4990 attendite
1304 4935 1424 5006 quia
1451 4935 1554 4992 hoc
1582 4948 1662 4994 est
1687 4980 1702 5005 ,
1727 4941 1980 4999 Avertistl
2019 4959 2112 5000 ca-

535 5028 718 5098 ptivita
729 5035 836 5082 tem
864 5035 1104 5082 nostram
1131 5044 1147 5080 :
1169 5041 1273 5082 non
1295 5026 1569 5084 liberando
1598 5045 1696 5086 nos
1717 5047 1749 5086 a
1767 5031 2033 5101 Barbaris,
2059 5036 2112 5092 in

528 5135 667 5190 quos
693 5134 797 5174 non
830 5118 1182 5184 incurrimus;
1223 5117 1319 5174 sed
1346 5119 1623 5179 liberanda
1644 5139 1741 5178 nos
1765 5124 1834 5180 ab
1857 5127 2112 5198 operibus

531 5211 686 5265 malis
707 5251 721 5274 ,
753 5225 783 5264 a
810 5212 1041 5280 peccatis
1067 5212 1294 5278 nostris,
1326 5228 1422 5283 per
1455 5229 1576 5286 quae
1601 5216 1755 5273 nobis
1781 5229 1993 5277 satanas
2013 5222 2112 5278 do-

531 5302 855 5357 minabatur.
878 5303 936 5359 Si
973 5305 1093 5375 quis
1129 5307 1270 5361 enim
1316 5307 1569 5364 liberatus
1612 5309 1773 5367 fuerit
1809 5329 1839 5368 a
1879 5317 2110 5384 peccatis

528 5393 642 5450 suis
666 5437 680 5459 ,
722 5407 828 5448 non
850 5394 1009 5451 habet
1049 5396 1191 5453 unde
1223 5398 1294 5453 illi
1317 5399 1621 5458 dominetur
1647 5404 1897 5477 princeps
1925 5421 2110 5478 pecca-

527 5495 726 5541 torum.

597 5577 652 5631 5.
675 5573 695 5647 [
717 5591 844 5629 vers.
869 5577 921 5642 5,
948 5577 998 5632 tl.
1020 5577 1038 5650 j
1061 5576 1338 5646 Quomodo
1366 5583 1506 5639 enim
1534 5588 1723 5642 avertit
1746 5591 2108 5660 captivitatem

527 5668 731 5725 Jacob?
755 5667 946 5725 Videte
971 5672 1092 5740 quia
1123 5673 1220 5728 ista
1251 5676 1490 5734 Iiberatio
1516 5680 1802 5752 spiritualis
1826 5693 1926 5750 est,
1959 5685 2110 5743 vide-

498 5765 582 5816 ἰε
611 5761 739 5832 quia
783 5761 922 5815 intus
965 5763 1139 5832 agitur
1168 5781 1179 5816 :
1231 5765 1486 5824 Ilemisisti
1502 5812 1522 5840 ,
1551 5771 1720 5844 inquit
1751 5815 1765 5837 ,
1797 5774 2108 5846 iniquitatem

526 5852 687 5926 plebis
717 5862 853 5920 tute;
881 5855 1120 5922 aperuisti
1152 5859 1320 5910 omnia
1347 5871 1550 5927 peccata
1580 5881 1771 5922 coruus.
1801 5867 1938 5924 Ecce
1966 5868 2105 5926 unde

1779 405 1835 459 S.
1880 401 2244 460 AUGUSTINI
2289 405 2587 461 liPiSlIlll'l

3727 418 3863 474 1079

2273 523 2465 575 avertit
2493 521 2852 592 captivitatem
2878 566 2892 590 ,
2944 527 3067 597 quia
3098 529 3302 583 remisit
3347 531 3677 602 iniquitatem
3704 551 3718 589 :
3748 536 3857 590 lniv

2271 614 2446 683 quitas
2476 616 2689 671 tenebat
2714 620 2998 688 captivum,
3029 622 3251 676 remissa
3285 621 3560 694 iniquitate
3589 625 3860 684 liberaris.

2271 703 2541 761 Contcre
2567 721 2697 778 ergo
2743 716 2796 764 te
2838 723 2958 783 esse
2987 711 3040 766 in
3072 713 3378 784 captivitate
3400 755 3416 781 ,
3448 723 3507 770 ut
3545 716 3737 787 dignus
3782 717 3864 773 sis

2273 795 2483 851 liberari
2513 813 2527 849 τ
2561 812 2682 852 nam
2707 801 2797 870 qui
2825 799 3032 858 hostem
3061 816 3218 857 suum
3250 819 3355 860 non
3387 805 3690 875 intellexit,
3720 823 3862 880 quo-

2270 887 2430 943 modo
2459 888 2671 945 invocat
2710 889 3086 948 liberatorem?
3130 891 3388 964 Operuisu'
3431 899 3602 952 omnia
3647 908 3863 969 peccata

2267 995 2458 1037 eorum.
2472 982 2608 1050 Quid
2619 993 2725 1051 est,
2742 987 2982 1056 aperuisti
2993 987 3019 1040 .9
3035 986 3102 1044 Ut
3113 1002 3218 1042 non
3233 988 3318 1042 illa
3341 989 3572 1046 videres.
3587 990 3725 1059 Quid
3741 1001 3858 1058 est,

2267 1083 2325 1127 ut
2359 1087 2463 1128 non
2486 1075 2834 1135 illa.videres?
2857 1077 2924 1134 Ut
2948 1093 3054 1133 non
3079 1079 3130 1134 in
3158 1079 3244 1134 illa
3277 1080 3593 1138 vindieares.
3625 1083 3860 1138 Noluisti

2265 1162 2446 1220 videre
2471 1175 2686 1236 peccata
2717 1177 2931 1233 nostra;
2963 1179 3017 1226 et
3043 1170 3164 1225 ideo
3195 1185 3300 1226 non
3332 1171 3569 1237 vidisti‘,
3589 1174 3707 1244 quia
3733 1174 3859 1245 ipsa

2264 1254 2443 1310 videre
2467 1258 2700 1314 noluisti:
2723 1258 2980 1330 Operuisti
2999 1263 3186 1316 omnia
3210 1273 3413 1334 peccata
3428 1281 3622 1318 eorum.
3641 1266 3860 1322 Sedasts

2261 1365 2458 1404 omnem
2481 1351 2610 1405 iram
2637 1363 2813 1420 tuam;
2839 1355 3059 1408 avertisti
3084 1354 3146 1408 ab
3175 1356 3252 1409 ira
3280 1357 3642 1428 indignationis
3668 1369 3793 1416 tute.

2331 1439 2385 1495 6.
2415 1437 2578 1512 [verm
2604 1440 2700 1514 5.]
2730 1442 2797 1498 Et
2822 1445 3072 1513 quoniam
3115 1445 3181 1500 tle
3213 1446 3390 1500 futuro
3433 1448 3531 1503 ista
3558 1449 3850 1518 dicuntur,

2258 1533 2501 1600 quamvis
2529 1532 2683 1589 verba
2714 1535 2980 1604 prarterita
3020 1546 3242 1602 sonent;
3272 1539 3512 1608 sequitur
3532 1581 3547 1605 ,
3589 1549 3644 1596 et
3669 1541 3802 1596 dicit
3835 1560 3850 1597 :

2258 1621 2496 1678 Converte
2521 1641 2613 1679 nos
2637 1666 2651 1690 ,
2706 1625 2918 1680 Domine
2947 1637 2967 1666 ²
3009 1628 3284 1683 sanitatum
3332 1641 3641 1685 nostrarum.
3687 1633 3850 1702 Quod

2257 1715 2417 1778 modo
2444 1717 2695 1772 narrabat
2718 1719 2868 1788 quasi
2903 1718 3096 1774 factum
3128 1729 3307 1788 esset,
3343 1721 3613 1792 quomodo
3639 1733 3755 1779 orat
3788 1734 3848 1780 ut

2257 1807 2384 1873 ﬁat;
2417 1808 2516 1863 nisi
2543 1809 2666 1878 quia
2698 1809 2861 1864 voluit
2891 1809 3175 1866 ostendere
3199 1812 3468 1882 pncterita
3494 1813 3657 1868 verba
3693 1830 3750 1869 se
3784 1817 3847 1870 in

2253 1898 2532 1966 prophetia
2560 1898 2804 1953 dixisse?
2843 1899 3087 1954 Nondum
3113 1909 3294 1955 autem
3321 1899 3518 1958 factum
3543 1909 3664 1960 esse
3692 1911 3844 1973 quod

2246 1989 2459 2044 diccbat
2485 1990 2594 2058 jam
2626 1988 2822 2046 factum
2843 2032 2858 2058 ,
2891 1991 3015 2047 hinc
3038 1991 3296 2058 ostendit,
3325 1993 3448 2064 quia
3477 2003 3597 2070 orat
3625 2003 3680 2050 ut
3703 1995 3798 2050 ﬁat
3827 2014 3841 2049 :

2255 2097 2274 2130 ‹
2314 2079 2580 2135 Converte
2632 2095 2763 2146 nos,
2810 2082 3036 2137 Domine
3079 2082 3364 2138 sanitatum
3404 2093 3736 2151 nostrarum;
3783 2097 3844 2142 et

2249 2170 2768 2227 averteiracnndiam
2789 2184 2931 2228 tuam
2958 2189 2987 2228 a
3017 2175 3188 2231 nobis.
3220 2174 3370 2232 iNon
3410 2176 3719 2246 jamdudum
3752 2178 3842 2232 di-

2247 2261 2429 2327 cebas,
2457 2280 2478 2315 ‹
2503 2263 2755 2320 Avertisti
2783 2266 3140 2334 captivitatem
3157 2265 3322 2322 Jacob
3337 2284 3352 2334 ;
3367 2267 3626 2338 operuisti
3653 2269 3839 2324 omnia

2249 2360 2464 2422 peccata
2503 2368 2729 2410 eorum:
2761 2355 2960 2411 sedasti
3001 2373 3214 2411 onmem
3248 2357 3379 2412 iram
3408 2367 3586 2426 tuam;
3611 2374 3841 2415 aversus

2245 2459 2305 2500 es
2321 2444 2390 2499 ab
2419 2445 2495 2500 ira
2523 2446 2898 2519 indignationis
2917 2451 3052 2504 tuae?
3075 2450 3381 2520 iQnomodo
3403 2451 3508 2516 hic,
3522 2471 3540 2506 ι
3565 2453 3630 2508 Ει
3652 2464 3838 2526 averte

2244 2540 2573 2598 iracundiam
2603 2551 2744 2598 tuam
2765 2559 2796 2597 a
2818 2544 3010 2600 nobis?
3034 2565 3053 2597 ι
3079 2544 3389 2615 Respondet
3407 2546 3502 2602 tibi
3525 2546 3792 2619 Propheta
3818 2567 3832 2602 :

2245 2633 2336 2688 Illa
2366 2634 2487 2690 dico
2515 2635 2666 2704 quasi
2705 2634 2879 2702 facta,
2925 2638 3046 2707 quia
3087 2637 3246 2692 video
3287 2637 3496 2706 futura;
3539 2643 3661 2710 quia
3698 2655 3834 2696 vero

2243 2726 2479 2782 nondum
2509 2727 2644 2783 facta
2673 2739 2801 2784 sunt
2825 2769 2840 2794 ,
2867 2744 2965 2786 oro
2993 2739 3050 2785 ιιι
3089 2732 3303 2787 veniant
3328 2773 3343 2798 ,
3395 2747 3515 2804 quze
3537 2732 3648 2804 jam
3689 2735 3824 2790 vidi.

2242 2817 2419 2874 Averte
2444 2819 2763 2875 iracundiam
2789 2830 2927 2876 luant
2949 2839 2981 2876 α
3007 2823 3170 2878 nobis.

2314 2909 2363 2961 7.
2394 2906 2558 2980 [νει-ε.
2581 2909 2673 2984 6.]
2706 2911 2827 2967 Non
2855 2913 2908 2967 in
2937 2923 3177 2968 attentum
3200 2916 3436 2970 irascaris
3460 2916 3622 2972 nobis.
3648 2918 3726 2974 De
3746 2918 3825 2974 ir:

2240 2997 2334 3054 Dei
2363 3000 2508 3055 enim
2537 3003 2794 3060 mortales
2821 3018 3007 3061 sumus
3029 3045 3042 3070 ,
3073 3016 3124 3062 et
3149 3007 3216 3062 de
3243 3007 3320 3063 ira
3345 3008 3439 3065 Dei
3471 3010 3524 3065 in
3552 3010 3653 3066 ista
3679 3022 3826 3068 terra

2238 3088 2290 3143 iu
2320 3099 2556 3160 egestate
2578 3101 2635 3149 et
2673 3093 2856 3151 labore
2882 3096 3060 3151 vultus
3093 3099 3260 3154 nostri
3307 3100 3690 3158 manducamus
3727 3119 3824 3174 pa-

2237 3197 2380 3237 nem.
2411 3183 2523 3239 Hoc
2549 3185 2694 3241 enim
2715 3187 2917 3242 audivit
2936 3189 3127 3256 Adam,
3158 3191 3374 3262 quando
3400 3194 3640 3263 peccavit
3663 3195 3820 3258 (Gen.

2236 3288 2327 3340 ιιι,
2361 3270 2492 3342 l9);
2535 3285 2591 3332 et
2636 3277 2804 3333 Adam
2845 3279 2932 3334 ille
2961 3295 3150 3337 omnes
3191 3298 3289 3337 nos
3331 3299 3577 3351 eramus,
3615 3287 3735 3357 quia
3763 3289 3820 3343 in

2232 3364 2402 3420 Adam
2427 3381 2616 3424 omnes
2649 3370 2978 3425 moriuntur:
3005 3372 3145 3440 quod
3190 3374 3280 3430 ille
3303 3374 3503 3430 audivit
3525 3417 3540 3439 .
3568 3387 3812 3434 secutum

2232 3463 2393 3512 estet
2418 3470 2535 3512 nos.
2562 3457 2677 3514 Non
2702 3460 2843 3514 enim
2871 3475 3085 3518 eramus
3107 3463 3216 3534 jam
3244 3480 3375 3531 nos,
3407 3466 3500 3523 sed
3523 3484 3736 3525 eramus
3758 3470 3815 3525 in

2227 3545 2400 3602 Adam
2427 3565 2440 3600 :
2472 3547 2593 3604 ideo
2623 3549 2877 3621 quidquid
2903 3553 3079 3609 evenit
3105 3554 3204 3624 ipsi
3233 3556 3435 3622 Adam,
3471 3568 3710 3616 secutum
3732 3571 3820 3617 est

2229 3649 2284 3698 et
2316 3655 2412 3697 nos
2431 3683 2444 3708 ,
2475 3651 2532 3698 ut
2569 3658 2936 3710 moreremur;
2966 3660 3154 3703 omnes
3174 3648 3370 3719 quippe
3401 3650 3451 3704 in
3481 3651 3570 3707 illo
3595 3653 3813 3709 fuimus.

2231 3731 2302 3788 Ea
2331 3733 2473 3789 enim
2520 3744 2736 3806 peccata
2784 3747 3062 3806 parentum
3095 3754 3199 3794 non
3232 3741 3502 3811 pertinent
3530 3744 3596 3798 ad
3627 3745 3767 3800 ﬁlios
3794 3787 3814 3813 φ

2231 3839 2350 3894 quae
2374 3822 2576 3880 faciunt
2598 3835 2845 3896 parentes
2867 3827 2977 3897 jam
3007 3829 3146 3884 natis
3186 3828 3309 3885 ﬁliis
3345 3849 3358 3884 :
3393 3832 3505 3903 jam
3527 3834 3667 3888 enim
3700 3836 3812 3890 nati

2227 3915 2321 3972 ﬁlii
2358 3916 2426 3973 ad
2463 3931 2523 3973 se
2558 3920 2871 3988 pertinent,
2916 3929 2971 3975 et
3009 3930 3256 3991 parentes
3297 3923 3363 3980 ad
3406 3940 3466 3980 se
3523 3927 3810 3996 pertinent.

2221 4005 2409 4076 itaque
2438 4007 2511 4062 illi
2539 4009 2629 4078 qui
2660 4008 2769 4064 nati
2799 4017 2954 4077 sunt,
3001 4011 3044 4066 si
3077 4014 3342 4068 tenuerint
3380 4017 3492 4069 vias
3533 4029 3810 4085 parentum

2229 4115 2446 4156 suorum
2475 4101 2661 4169 malas,
2689 4117 2908 4160 necesse
2929 4113 3010 4160 est
3029 4115 3241 4174 portent
3264 4116 3318 4162 et
3341 4108 3528 4164 merita
3552 4109 3807 4180 ipsorum:

2224 4197 2269 4250 si
2298 4205 2473 4252 autem
2501 4197 2823 4252 mutaverint
2852 4212 2930 4263 se,
2953 4207 3008 4254 et
3034 4215 3138 4254 non
3171 4200 3366 4256 fuerint
3391 4201 3579 4257 imitati
3611 4218 3807 4272 paren-

2227 4295 2308 4342 tes
2335 4287 2536 4353 malos,
2565 4288 2822 4359 incipiunt
2847 4289 3046 4346 habere
3071 4292 3318 4346 meritum
3350 4307 3525 4360 suum,
3554 4308 3660 4350 non
3695 4311 3810 4350 me-

2227 4379 2386 4435 ritum
2412 4390 2694 4450 parentum
2721 4397 2962 4438 suormn.
2997 4382 3178 4456 Usque
3203 4385 3338 4442 adeo
3365 4396 3542 4442 autem
3572 4403 3678 4443 non
3714 4389 3807 4445 tibi

2223 4473 2376 4525 obest
2399 4479 2676 4540 peceatum
2706 4474 2866 4542 patris
2898 4475 3010 4540 tui,
3056 4476 3100 4530 si
3149 4485 3199 4533 te
3243 4479 3570 4546 mutaveris,
3626 4491 3811 4537 utnec

2223 4559 2324 4632 ipsi
2351 4561 2486 4632 patri
2526 4571 2616 4620 tuo
2659 4564 2831 4631 obsit,
2871 4567 2916 4622 si
2958 4580 3018 4622 se
3041 4570 3342 4625 mutaverit.
3377 4568 3485 4625 Sed
3523 4571 3633 4640 jam
3663 4573 3808 4642 quod

2220 4653 2426 4725 accepit
2454 4653 2520 4709 ad
2551 4657 2927 4713 mortalitatem
2956 4658 3110 4714 istam
3142 4661 3291 4716 radix
3319 4672 3499 4718 nostra
3525 4706 3540 4732 ,
3569 4663 3810 4723 duxitde

2221 4743 2414 4800 Adam.
2455 4743 2592 4814 Quid
2632 4745 2822 4803 duxit?
2866 4749 3026 4806 Istam
3072 4750 3410 4822 fragilitatem
3455 4753 3670 4822 carnis,
3705 4755 3810 4814 hoc

2222 4843 2543 4891 tormentum
2567 4836 2849 4904 dolorum,
2897 4839 3033 4896 banc
3070 4840 3286 4898 domum
3315 4846 3670 4916 paupertatis,
3703 4847 3808 4904 hoc

2199 4925 2489 4984 vinculum
2514 4930 2700 4984 mortis
2723 4969 2738 4993 ,
2773 4939 2827 4986 et
2852 4931 3070 5001 laqueos
3101 4936 3450 4992 tentationum
3485 4955 3499 4992 :
3528 4947 3808 5008 portamus

2218 5018 2394 5073 omnia
2424 5017 2522 5074 ista
2553 5019 2606 5074 in
2630 5033 2790 5077 carne
2815 5021 2943 5088 hac;
2971 5033 3026 5080 et
3051 5024 3126 5079 ira
3149 5025 3243 5081 Dei
3268 5037 3352 5083 est
3380 5029 3478 5084 ista
3495 5070 3512 5096 ,
3543 5029 3667 5096 quia
3689 5030 3809 5085 vin-

2217 5108 2360 5165 dicta
2385 5109 2478 5164 Dei
2509 5119 2610 5166 est.
2646 5111 2750 5167 Sed
2780 5113 2902 5184 quia
2933 5114 3165 5171 futurum
3207 5127 3323 5173 erat
3352 5128 3410 5175 ut
3450 5135 3803 5191 regenerare—

2219 5217 2359 5269 mur,
2387 5209 2441 5257 et
2463 5202 2730 5260 credendo
2750 5205 2870 5260 novi
2891 5205 3246 5275 efliceremnr,
3272 5221 3430 5282 atque
3473 5213 3523 5268 in
3563 5229 3805 5270 resurre—

2217 5295 2398 5352 ctione
2427 5297 2600 5352 omnis
2627 5296 2714 5351 illa
2743 5300 3038 5356 mortalitas
3066 5302 3460 5373 absumeretur,
3491 5317 3546 5363 et
3586 5309 3808 5365 novitas-

2216 5387 2378 5442 totius
2408 5386 2636 5445 hominis
2660 5399 3032 5459 repararetur;
3059 5393 3196 5449 sicut
3220 5395 3360 5450 enim
3392 5396 3447 5452 in
3477 5397 3645 5454 Adam
3677 5414 3799 5455 om-

2217 5493 2312 5534 nes
2341 5469 2676 5545 moriuntur,
2716 5481 2794 5537 sic
2820 5491 2874 5537 et
2903 5483 2954 5538 in
2981 5482 3197 5541 Christo
3227 5503 3416 5545 omnes
3443 5491 3796 5548 viviﬁcabun-

2217 5581 2302 5625 tur
2322 5569 2379 5640 (ι
2408 5570 2526 5626 Cor.
2555 5588 2642 5639 xv,
2665 5573 2772 5646 ἓξ)
2798 5591 2810 5628 :
2841 5575 2942 5630 hoc
2967 5577 3152 5633 videns
3179 5579 3442 5650 Propheta
3468 5583 3575 5650 ait,
3604 5583 3726 5639 Non
3748 5586 3802 5640 in

2215 5671 2462 5716 teternum
2491 5663 2731 5719 irascaris
2756 5665 2899 5722 nobis
2922 5709 2937 5735 ,
2969 5668 3048 5722 vel
3074 5672 3313 5727 extendas
3339 5673 3470 5728 iram
3495 5683 3633 5730 tuam
3657 5693 3689 5729 a
3707 5694 3801 5748 ge-

2387 5819 2548 5890 ιίὶιιιέε
2571 5828 2696 5871 ηοω
2718 5828 2826 5880 Mss.
2847 5831 2961 5889 tteg.
2985 5827 3145 5889 ωειλ,
3171 5834 3288 5890 ete.,
3313 5834 3357 5877 et
3381 5828 3490 5878 ideo
3511 5843 3594 5880 nos
3620 5829 3802 5883 ridis“.

2278 5827 2292 5849 ι
2328 5827 2527 5928 Optme
2571 5828 2696 5871 notae
2718 5828 2826 5880 Mss.

2277 5883 2296 5912 ²
2332 5890 2358 5930 Α
2385 5889 2516 5946 tquot
2538 5889 2665 5945 Mss,
2686 5891 2828 5936 Deus.
