4132 6444
344 358 494 416 1073

346 472 609 526 sarritione
632 468 685 524 in
716 472 1102 541 generationem.
1136 467 1255 524 Fuit
1285 469 1450 539 prima
1484 468 1755 539 generatio
1785 484 1923 522 mor-

342 561 476 617 talis
501 561 571 618 de
609 561 685 615 ira
717 574 835 626 tua;
879 562 985 617 erit
1018 561 1182 615 altera
1213 560 1487 631 generatio
1531 558 1846 613 immortalis
1872 558 1936 613 de

341 655 718 711 misericordia
750 666 857 709 tua.

416 744 476 802 8.
504 745 672 821 [verm
710 745 791 819 7.]
819 746 953 815 Quid
994 746 1162 817 ergo?
1214 748 1315 803 hoc
1344 746 1434 801 tibi
1466 755 1521 802 tu
1553 746 1862 816 prmstitisti,
1904 762 1936 801 ο

341 838 550 905 homo,
598 849 657 894 ut
699 839 824 909 quia
861 853 1152 895 conversus
1190 854 1249 896 es
1293 840 1359 894 ad
1403 840 1608 907 Deum,
1654 840 1935 895 merereris

339 929 771 985 misericordiam
802 930 1004 1000 ipsius;
1034 932 1121 1001 qui
1150 939 1327 985 autem
1356 930 1602 986 conversi
1633 946 1738 985 non
1768 940 1931 998 sunt,

337 1035 454 1075 non
480 1031 605 1076 sunt
628 1021 805 1092 adepti
832 1022 1276 1091 misericordiam,
1303 1023 1396 1079 sed
1426 1023 1740 1080 invenerunt
1762 1023 1935 1078 iram?

336 1111 485 1179 Quid
513 1121 713 1180 autem,
745 1122 804 1169 ut
824 1115 1240 1180 convcrtereris,
1273 1129 1475 1185 posses,
1495 1114 1595 1170 nisi
1628 1113 1935 1169 vocareris?

336 1201 536 1258 Nonne
574 1204 663 1259 ille
686 1204 777 1275 qui
808 1213 861 1261 te
890 1205 1100 1260 vocavit
1141 1220 1387 1261 aversum
1414 1247 1427 1271 ,
1462 1206 1574 1276 ipse
1604 1207 1851 1275 praestitit
1879 1212 1935 1259 ut

338 1295 735 1350 convertereris
752 1295 774 1349 ?
792 1295 908 1350 Noli
932 1296 1022 1352 tibi
1051 1311 1178 1366 ergo
1206 1313 1453 1367 arrogare
1484 1312 1584 1353 nec
1612 1298 1779 1367 ipsam
1805 1311 1931 1352 con-

338 1384 693 1449 versionem;
721 1388 843 1457 quia
870 1388 971 1443 nisi
1004 1398 1053 1445 te
1088 1388 1178 1444 ille
1208 1398 1419 1444 vocaret
1451 1388 1739 1459 fugientem
1763 1429 1777 1450 ,
1827 1403 1930 1443 non

343 1491 533 1545 posses
575 1479 835 1534 converti.
869 1479 1151 1550 Propterea
1177 1486 1231 1535 et
1260 1479 1423 1549 ipsius
1448 1479 1811 1535 conversionis
1837 1479 1931 1534 bc-

350 1570 603 1625 nelicium
636 1569 747 1625 Deo
777 1570 1013 1627 tribuens
1037 1570 1302 1642 Propheta
1324 1613 1339 1637 ,
1370 1570 1471 1626 hoc
1500 1579 1619 1625 orat
1642 1614 1655 1638 ,
1683 1581 1736 1626 et
1765 1571 1890 1625 dicit
1916 1589 1929 1626 :

341 1659 515 1729 Deus,
548 1673 601 1715 tu
630 1674 921 1718 convertens
965 1664 1237 1733 vivi/icabis
1274 1680 1382 1718 nos.
1413 1663 1481 1718 Et
1520 1679 1624 1719 non
1656 1664 1806 1734 quasi
1835 1677 1931 1719 nos

340 1751 449 1823 ipsi
476 1762 656 1807 nostra
682 1762 874 1823 sponte
902 1755 1017 1809 sine
1042 1754 1406 1810 misericordia
1445 1764 1531 1809 tua
1571 1757 1932 1810 convertimur

337 1842 415 1897 ad
444 1852 527 1907 te.
556 1854 611 1899 et
641 1854 697 1900 tu
725 1844 1016 1902 viviticabis
1045 1860 1143 1902 nos
1168 1864 1180 1901 :
1214 1848 1307 1902 sed
1326 1889 1340 1912 ,
1393 1857 1446 1901 tu
1485 1857 1772 1902 convertens
1808 1848 1930 1901 vivi-

336 1937 522 2003 ficabis
545 1954 636 1992 nos
653 1955 674 2003 ;
703 1945 761 1993 ut
789 1953 894 1993 non
937 1939 1109 1995 solum
1149 1939 1429 1994 vivificatio
1476 1948 1655 1996 nostra
1680 1956 1708 1995 a
1739 1949 1788 1995 te
1813 1940 1882 1995 sit
1911 1982 1926 2009 ,

335 2026 441 2084 sed
466 2032 624 2084 etiam
657 2030 773 2099 ipsa
800 2032 1076 2087 conversio
1102 2040 1160 2087 ut
1185 2032 1531 2088 vivificcmur.
1565 2033 1702 2088 Deus
1732 2044 1787 2088 tu
1806 2051 1929 2090 con-

333 2131 538 2178 vertens
560 2124 834 2193 uiviﬁeabis
857 2142 985 2187 nos;
1008 2135 1055 2179 et
1070 2126 1206 2195 ptebs
1228 2136 1314 2180 tua
1339 2126 1590 2181 (relabitur
1615 2128 1666 2181 in
1696 2137 1760 2182 te.
1784 2127 1921 2184 Malo

333 2230 446 2270 suo
472 2216 738 2271 latahitur
763 2220 815 2271 in
839 2232 931 2280 se;
962 2216 1103 2273 bono
1128 2233 1226 2273 suo
1254 2217 1519 2273 ltntabitur
1543 2219 1594 2273 in
1622 2226 1692 2275 te.
1709 2218 1930 2287 Quando

328 2308 487 2363 enim
516 2309 682 2364 voluit
706 2307 905 2364 habere
926 2308 1118 2381 gaudia
1147 2308 1215 2364 de
1243 2324 1331 2373 se,
1356 2309 1553 2365 invenit
1582 2309 1852 2379 planctum
1875 2310 1927 2365 in

330 2416 403 2458 se
428 2420 442 2455 :
471 2417 611 2457 nunc
637 2416 767 2457 vero
791 2401 913 2472 quia
934 2409 1101 2457 totum
1122 2400 1367 2471 gaudium
1396 2410 1634 2457 nostrum
1658 2401 1798 2457 Deus
1818 2410 1919 2467 est,

330 2493 433 2561 qui
462 2493 571 2548 vult
593 2507 814 2548 securus
835 2492 1093 2563 gaudere,
1114 2492 1165 2547 in
1194 2493 1285 2547 illo
1306 2492 1551 2563 gaudeat,
1581 2493 1668 2563 qui
1699 2509 1803 2548 non
1831 2508 1928 2563 po-

332 2596 450 2641 test
476 2588 664 2655 perire.
679 2585 816 2655 Quid
844 2586 984 2643 enim
1002 2628 1017 2653 ,
1046 2584 1238 2642 fratres
1265 2587 1400 2652 mei,
1430 2587 1661 2658 gaudere
1682 2587 1844 2642 vultis
1873 2588 1925 2642 in

331 2680 599 2749 argento?
625 2680 731 2733 Aut
759 2687 1037 2748 argentum
1083 2678 1251 2748 perit,
1282 2686 1372 2733 aut
1416 2688 1505 2743 tu;
1549 2687 1603 2733 et
1630 2694 1788 2734 nemo
1830 2678 1929 2733 scit

331 2769 466 2839 quid
498 2771 644 2839 prius
672 2788 686 2823 :
714 2777 1078 2826 verumtamen
1105 2769 1232 2824 illud
1256 2769 1618 2839 constat,quia
1648 2778 1928 2839 utrumque

333 2863 634 2932 periturum
684 2871 797 2927 est;
828 2862 952 2933 quid
1001 2863 1183 2933 prius,
1230 2862 1490 2918 incertum
1522 2870 1622 2917 est.
1655 2861 1787 2915 Nam
1830 2877 1928 2917 nec

330 2956 505 3012 homo
531 2956 617 3011 hic
642 2964 817 3026 potest
843 2970 1059 3011 manere
1087 2969 1329 3024 semper,
1370 2968 1469 3009 nec
1506 2962 1783 3024 argentum
1838 2953 1923 3009 hic

333 3056 523 3119 potest
563 3063 783 3103 manere
830 3062 1081 3118 semper;
1112 3048 1189 3102 sic
1231 3062 1461 3113 aurum,
1493 3047 1572 3103 sic
1620 3047 1815 3114 vestis,
1848 3048 1927 3104 sic

332 3141 536 3197 domus
557 3183 573 3207 ,
616 3140 693 3195 sic
736 3140 957 3209 pecunia
978 3181 993 3205 ,
1042 3141 1121 3195 sic
1151 3141 1252 3194 lata
1281 3140 1509 3211 praedia,
1552 3140 1632 3197 sic
1657 3150 1926 3210 postremo

332 3233 432 3287 lux
462 3232 579 3287 ista.
610 3232 726 3287 Noli
752 3248 880 3303 ergo
908 3232 1042 3289 velle
1065 3232 1297 3303 gaudere
1338 3233 1388 3288 in
1439 3232 1553 3288 istis
1578 3252 1591 3289 :
1620 3233 1713 3289 sed
1756 3234 1927 3305 gaude

332 3325 397 3379 in
425 3324 512 3378 illa
559 3324 677 3379 luce
705 3340 822 3393 qua:
864 3339 971 3379 non
1002 3324 1159 3381 habet
1206 3340 1493 3389 occasum;
1530 3324 1700 3396 gaude
1739 3325 1792 3381 in
1836 3326 1925 3381 illa

333 3417 460 3472 luce
483 3432 639 3487 quam
669 3432 774 3472 non
803 3417 1055 3488 praecedit
1079 3417 1358 3473 hesternus
1378 3418 1515 3485 dies,
1530 3433 1630 3475 nec
1655 3418 1918 3489 sequitur,

331 3507 627 3563 crastinus.
651 3507 787 3577 Quid
830 3518 915 3564 est
957 3509 1055 3565 ista
1095 3508 1222 3563 lux?
1251 3508 1360 3580 Ego
1392 3526 1534 3575 sum,
1582 3509 1792 3579 inquit,
1837 3510 1927 3565 tua:

334 3599 518 3653 visundi
545 3598 740 3669 (Joan.
769 3615 895 3663 vui.
921 3598 1047 3672 η).
1081 3599 1180 3667 Qui
1213 3599 1304 3655 tibi
1343 3598 1511 3667 dicit,
1539 3599 1652 3670 Ego
1686 3616 1797 3654 sum
1836 3601 1927 3655 tua:

334 3690 549 3755 mundi,
582 3699 736 3746 vocat
763 3699 814 3745 te
838 3690 905 3746 ad
949 3705 1028 3746 se.
1072 3690 1205 3745 Cum
1234 3702 1387 3746 vocat
1409 3703 1459 3747 te
1483 3733 1497 3756 ,
1549 3692 1816 3747 convertit
1841 3701 1923 3758 te;

332 3796 464 3836 cum
490 3782 751 3837 convertit
773 3791 854 3849 te,
882 3790 1036 3837 sanat
1060 3791 1111 3837 te
1136 3799 1149 3848 ;
1179 3796 1299 3837 cum
1326 3783 1599 3838 sanaverit
1626 3791 1699 3850 te,
1724 3782 1926 3837 videbis

332 3888 712 3928 COMCI'SOI'CID
740 3881 886 3928 tuum
906 3914 920 3937 ,
949 3872 1034 3929 cui
1061 3872 1275 3940 dicitur,
1312 3872 1373 3927 Et
1402 3873 1537 3943 plebs
1563 3881 1649 3929 tua
1674 3872 1926 3929 laetabitur

332 3966 395 4017 iu
426 3975 494 4018 te.

411 4058 467 4112 9.
507 4055 674 4127 hers.
700 4055 753 4111 8.
781 4056 801 4129 ]
857 4056 1075 4111 Ostende
1116 4057 1256 4111 nobis
1279 4097 1293 4121 ,
1344 4055 1558 4112 Domine
1580 4097 1596 4122 ,
1645 4056 1925 4113 misericor-

331 4150 477 4203 diam
507 4158 663 4202 luant.
697 4148 809 4204 [loc
837 4159 918 4205 est
944 4147 1086 4219 quod
1111 4148 1441 4204 cantavimus
1473 4150 1510 4213 ¹,
1555 4156 1609 4203 et
1644 4148 1754 4218 jam
1800 4147 1926 4204 hinc

332 4237 589 4293 diximus.
661 4238 881 4294 Ostende
956 4239 1097 4294 nobis
1124 4280 1139 4305 ,
1211 4240 1459 4303 Domine,
1528 4239 1925 4294 misericordiam

333 4342 515 4395 tuam;
548 4341 596 4386 et
616 4331 841 4386 salutare
864 4340 1006 4386 tuum
1031 4332 1097 4385 da
1119 4331 1261 4385 nobis
1283 4348 1300 4385 :
1325 4333 1546 4387 salutare
1572 4340 1711 4384 tuum
1729 4373 1743 4395 ,
1769 4330 1926 4387 Chri—

334 4434 480 4477 stum
513 4433 679 4478 tuum.
711 4422 860 4478 Felix
889 4432 971 4477 est
1013 4423 1097 4477 cui
1142 4423 1375 4479 ostendit
1423 4424 1567 4479 Deus
1614 4422 1921 4479 misericor-

333 4513 483 4567 diam
506 4529 677 4568 suam.
712 4513 830 4584 Ipse
870 4524 953 4569 est
993 4515 1083 4587 qui
1126 4514 1401 4583 superbire
1445 4530 1549 4568 nun
1597 4522 1810 4583 potest,
1838 4515 1924 4570 cui

336 4604 482 4659 Deus
503 4602 736 4660 ostendit
764 4602 1185 4659 misericordiam
1214 4620 1385 4659 suam.
1413 4603 1757 4659 Ostende-mlo
1778 4605 1921 4659 enim

338 4697 417 4751 illi
448 4696 864 4752 misericordiam
894 4712 1044 4752 suam
1073 4739 1087 4762 ,
1112 4696 1397 4767 persuadet
1422 4698 1495 4752 illi
1523 4698 1644 4767 quia
1666 4696 1922 4767 quidquid

335 4788 464 4844 boni
492 4788 650 4844 habet
678 4789 794 4859 ipse
838 4788 999 4844 homo
1024 4830 1039 4851 .
1088 4803 1193 4845 non
1236 4788 1397 4845 habet
1439 4789 1541 4844 nisi
1587 4789 1655 4843 ab
1700 4788 1794 4845 illo
1834 4789 1924 4858 qui

334 4896 500 4935 otnne
527 4881 726 4937 bonum
751 4889 991 4937 nostrmn
1018 4890 1119 4936 est.
1146 4880 1359 4936 Etcum
1380 4880 1570 4935 viderit
1590 4879 1749 4935 homo
1772 4879 1923 4951 quid-

335 4972 464 5044 quid
495 4972 617 5027 boni
653 4972 813 5027 habet
843 4989 949 5028 non
977 4988 1037 5028 se
1065 4973 1262 5028 habere
1281 4989 1311 5026 a
1335 4987 1395 5028 se
1419 5014 1434 5039 ,
1467 4972 1560 5028 sed
1589 4989 1621 5027 a
1648 4973 1760 5029 Deo
1784 4987 1921 5038 suo;

335 5064 481 5119 videt
504 5064 625 5134 quia
657 5071 826 5119 totum
852 5064 995 5134 quod
1020 5064 1075 5118 in
1105 5064 1195 5118 illo
1219 5063 1461 5118 laudatur
1488 5104 1502 5129 ,
1535 5064 1604 5119 de
1630 5064 1925 5119 misericor-

331 5156 420 5210 dia
454 5154 545 5210 Dei
568 5163 688 5217 est,
719 5170 823 5209 non
852 5153 923 5210 de
951 5154 1155 5209 meritis
1200 5155 1365 5223 ipsius
1397 5172 1412 5210 :
1455 5164 1511 5209 et
1556 5153 1787 5210 videndo
1824 5154 1921 5210 ista

330 5264 440 5303 non
470 5247 708 5318 superbit
730 5286 748 5312 ,
780 5262 887 5301 non
927 5244 1284 5314 superbiendo
1328 5260 1433 5299 ι.οη
1472 5246 1747 5301 extollitur
1767 5286 1784 5312 ,
1815 5259 1919 5300 non

328 5356 389 5392 se
420 5338 733 5393 extollendo
776 5352 882 5391 non
922 5335 1102 5402 cadit,
1140 5353 1243 5391 non
1286 5336 1526 5391 cadendo
1562 5345 1706 5400 stat,
1732 5336 1922 5391 stando

331 5428 596 5493 inharret,
648 5427 963 5482 iuluerendo
1012 5436 1227 5492 manet,
1276 5425 1541 5481 manendo
1590 5426 1916 5496 perfruitur,

328 5527 383 5571 et
417 5519 626 5573 lzctatur
652 5519 705 5572 in
736 5518 963 5572 Domino
990 5516 1097 5572 Deo
1124 5532 1241 5571 suo.
1277 5517 1443 5571 Erunt
1472 5517 1545 5572 illi
1576 5516 1781 5573 delicia:
1806 5518 1919 5587 ipse

326 5611 420 5681 qui
452 5609 578 5665 fecit
605 5612 792 5674 illum;
839 5620 893 5663 et
934 5608 1151 5663 delicias
1195 5610 1335 5679 ipsas
1380 5625 1536 5664 ιιοιιιο
1587 5610 1915 5679 corrumpit,

327 5719 493 5759 nemo
520 5702 861 5771 interpellat,
896 5716 1053 5755 nemo
1079 5700 1268 5757 aufert.
1301 5702 1432 5767 Quis
1462 5711 1647 5772 puteus
1691 5703 1915 5757 minabi—

389 5840 407 5871 ⁸
443 5835 665 5889 Nonnulli
691 5844 813 5897 Mssa,
836 5836 1142 5885 cantabimus.

1393 354 1787 410 ENARRATIO
1829 354 1888 407 ΙΝ
1932 354 2249 410 I’S.\LMU.\I
2293 352 2577 410 LXXXIV.

3500 368 3637 422 107.1

2054 476 2139 522 tur
2174 468 2432 526 auferre?
2475 473 2594 541 quis
2638 472 2841 527 vicinus
2884 474 3093 543 malus,
3140 478 3259 548 quis
3303 479 3475 548 latro,
3516 489 3633 552 quis

2050 558 2326 615 insidiator
2348 560 2441 615 tibi
2465 561 2600 617 tollit
2624 562 2828 618 Deum?
2851 564 2915 619 Et
2943 574 3116 635 potest
3137 567 3229 624 tibi
3254 569 3446 627 tollere
3466 581 3646 629 totum.

2047 650 2186 720 quod
2220 649 2457 719 possides
2509 668 2771 722 corpore,
2823 669 2930 711 non
2975 655 3067 711 tibi
3119 658 3259 716 tollit
3300 675 3422 719 eum
3471 680 3645 735 quem-

2049 740 2292 809 possides
2321 742 2504 799 corde.
2534 741 2651 814 ipsa
2680 746 2696 776 ί
2746 755 2829 802 est
2874 747 3238 805 misericordia
3266 792 3281 819 ,
3320 768 3477 825 quam
3526 758 3630 813 uti-

2046 848 2165 886 nam
2199 833 2336 891 Deus
2374 836 2620 892 ostendat
2662 838 2812 894 nobis
2836 879 2851 903 ,
2901 838 3121 897 Ostende
3155 844 3331 913 nobis,
3377 846 3629 917 Domine,

2046 924 2438 981 misericordiam
2466 936 2645 994 luant;
2680 939 2726 984 et
2758 932 2979 988 salutare
2997 941 3136 987 tuum
3163 934 3230 989 da
3255 936 3394 994 nobis
3420 955 3443 995 .'
3470 940 3628 997 Chri-

2047 1024 2184 1073 stum
2213 1026 2359 1072 tuum
2388 1018 2456 1075 da
2486 1020 2638 1075 nobis
2668 1038 2681 1074 :
2726 1022 2779 1077 in
2829 1022 2920 1078 illo
2962 1033 3045 1080 est
3080 1029 3223 1082 enim
3264 1030 3628 1091 misericordia

2046 1116 2154 1162 tua.
2188 1108 2435 1165 Dicamus
2466 1110 2541 1166 illi
2568 1119 2623 1167 et
2652 1127 2750 1167 nos
2779 1130 2791 1165 :
2826 1114 2901 1168 Da
2946 1116 3100 1172 nobis
3140 1116 3408 1174 Christqu
3457 1132 3601 1178 tuum

2042 1195 2157 1250 Jam
2186 1198 2401 1268 quidem
2430 1200 2579 1257 dedit
2607 1203 2759 1258 nobis
2785 1202 3057 1261 Christum
3087 1222 3242 1263 suum
3276 1226 3289 1262 :
3336 1212 3509 1268 adhuc
3551 1216 3625 1270 illi

2045 1298 2218 1344 t:unen
2246 1289 2484 1347 dicamus
2510 1332 2525 1360 ,
2555 1293 2627 1346 Da
2661 1294 2811 1349 nobis
2837 1295 3103 1352 Christum
3132 1306 3277 1354 tuum
3304 1318 3317 1378 ξ
3349 1303 3467 1372 quia
3497 1304 3625 1359 dici-

2042 1396 2159 1435 mus
2186 1382 2258 1437 illi
2284 1424 2299 1449 ,
2328 1382 2524 1439 Panem
2551 1397 2776 1441 nostrum
2816 1391 3165 1460 quotidiana»:
3195 1394 3263 1447 da
3299 1398 3441 1450 nobis
3480 1399 3625 1454 hodie

2045 1472 2061 1542 (
2091 1472 2277 1532 Matth.
2308 1492 2359 1531 vr
2386 1518 2400 1543 ,
2429 1478 2489 1533 il
2517 1478 2559 1549 ).
2594 1479 2662 1534 Et
2686 1481 2804 1550 quis
2831 1491 2915 1538 est
2944 1485 3097 1553 panis
3126 1495 3308 1543 uoster
3331 1530 3346 1555 ,
3376 1490 3477 1544 nisi
3511 1491 3623 1562 ipse

2039 1566 2125 1632 qui
2154 1564 2287 1621 dixit
2311 1608 2326 1634 ,
2358 1566 2468 1639 Ego
2493 1586 2604 1625 sum
2634 1571 2780 1640 panis
2807 1573 2946 1628 vivus
2966 1616 2979 1641 ,
3024 1576 3109 1646 qui
3146 1577 3209 1631 de
3238 1581 3361 1633 carlo
3386 1581 3620 1638 descendi

2040 1655 2238 1725 (.Iomi.
2279 1674 2327 1713 vn
2352 1701 2367 1725 ,
2410 1662 2468 1715 4|
2502 1662 2545 1731 )?
2587 1663 2830 1720 Dicamus
2872 1665 2944 1721 illi
2989 1685 3003 1722 :
3047 1668 3120 1723 Da
3158 1670 3312 1726 nobis
3348 1671 3619 1730 Christum

2040 1760 2206 1805 tuum.
2250 1751 2401 1808 Dedit
2439 1756 2580 1810 cnim
2621 1755 2775 1811 nobis
2811 1757 3122 1827 Christum,
3163 1762 3257 1819 sed
3298 1763 3567 1824 hominem
3605 1790 3617 1825 :

2038 1858 2195 1913 quem
2228 1844 2381 1900 nobis
2398 1848 2418 1878 ¹
2450 1846 2595 1902 dedit
2620 1848 2888 1906 hominem
2913 1894 2928 1917 ,
2950 1869 3073 1909 eum
3098 1854 3269 1924 ipsum
3295 1858 3449 1914 nobis
3468 1860 3619 1917 datu-

2038 1950 2126 1989 rus
2149 1944 2231 1990 est
2258 1935 2445 1993 Deum.
2480 1939 2798 1999 Hominibus
2816 1944 2957 2000 enim
2986 1945 3259 2006 hominem
3286 1949 3433 2007 dedit
3455 1955 3618 2031 mnia

2038 2024 2196 2081 talem
2224 2026 2371 2083 illum
2409 2029 2557 2086 dedit
2604 2024 2905 2091 hominibus
2948 2024 3349 2122 gualisfwsset
3393 2024 3527 2119 capi
3550 2048 3639 2104 ab.

2039 2105 2753 2209 “Wﬁlll
2799 2126 2956 2209 (Πιτῖὲ
2963 2140 3069 2185 tum
3121 2132 3298 2191 nullus
3340 2133 3619 2195 hominum

2099 2196 2271 2212 _

2034 2221 2480 2295 cmpotel'at.
2508 2221 2699 2271 Factus
2723 2228 2805 2273 est
2828 2221 3129 2281 hominibus
3154 2223 3316 2283 homo
3341 2271 3357 2295 ,
3388 2233 3706 2287 servavit

2035 2286 2453 2361 min—dii;
2462 2308 2543 2362 An
2569 2306 2706 2364 forte
2731 2322 3042 2382 arroganter
3061 2310 3213 2371 dixi?
3234 2286 3438 2375 Revera
3469 2286 3623 2379 arro-

2032 2401 2258 2463 ganter,
2303 2395 2406 2451 nisi
2446 2396 2558 2467 ipse
2602 2398 2867 2457 dixisset:
2911 2401 3023 2475 Ego
3052 2406 3195 2475 dixi,
3242 2407 3328 2463 Dii
3373 2412 3524 2479 estis,
3569 2424 3616 2468 et

2034 2485 2130 2549 ﬁlii
2171 2486 2412 2541 ditissimi
2448 2505 2619 2544 omnes
2666 2489 2686 2564 (
2718 2490 2863 2547 Psal.
2905 2510 3063 2551 Lxxxl
3091 2538 3105 2559 ,
3149 2497 3221 2564 6;
3262 2508 3310 2553 et
3340 2499 3496 2556 Joan.
3538 2519 3567 2557 x
3599 2546 3612 2567 .

2032 2578 2103 2632 Si
2125 2579 2165 2647 ).
2196 2579 2275 2633 Ad
2306 2581 2470 2650 ipsam
2501 2581 2839 2653 adoptionem
2871 2601 3190 2643 renovantur
3215 2590 3256 2654 ³,
3310 2600 3365 2645 ut
3409 2592 3611 2651 efﬁcia-

2035 2684 2152 2721 mur
2184 2670 2274 2723 ﬁlii
2309 2671 2422 2725 Dei.
2462 2672 2579 2727 Jam
2618 2675 2831 2744 quidem
2870 2692 3053 2733 sumus
3082 2721 3097 2745 ,
3141 2681 3233 2735 sed
3277 2698 3369 2751 per
3407 2684 3565 2739 fidem
3597 2705 3608 2738 2

2032 2774 2216 2815 sumus
2245 2762 2456 2833 quidem
2490 2764 2541 2819 in
2570 2780 2667 2836 spe
2694 2808 2707 2832 ,
2741 2766 2975 2822 nondum
3017 2784 3200 2825 sumus
3245 2773 3294 2827 in
3343 2789 3420 2828 re.
3453 2792 3471 2827 ι
3504 2774 3635 2845 δρο-

2029 2850 2172 2905 euim
2231 2852 2366 2907 salvi
2423 2852 2543 2909 facti
2601 2870 2822 2924 sumus,
2859 2876 2876 2909 ι
2932 2858 3071 2914 sicut
3124 2860 3251 2915 dicit
3300 2864 3609 2932 Apostolus.

3121 2010 3335 2029 ﬁ

2002 2952 2007 2955 '
2038 2964 2055 2997 ι
2090 2945 2223 3016 Spes
2265 2956 2440 3003 autem
2468 2965 2586 3019 quze
2613 2949 2843 3019 videtur,
2870 2968 2972 3007 non
3000 2962 3082 3010 est
3111 2969 3235 3025 spes
3264 2972 3278 3008 :
3310 2958 3449 3026 quod
3471 2960 3623 3015 enim

2030 3038 2173 3095 videt
2218 3041 2374 3110 quis,
2421 3042 2544 3111 quid
2591 3044 2805 3114 sperat?
2832 3044 2887 3100 Si
2927 3054 3103 3102 autem
3141 3048 3283 3118 quod
3322 3066 3428 3106 non
3468 3052 3612 3108 vide-

2031 3145 2148 3185 mus
2221 3146 2542 3201 speramus,
2630 3150 2725 3205 per
2794 3136 3099 3206 patientiam
3173 3151 3547 3212 exspectamus
3584 3163 3621 3196 ιν

2032 3220 2227 3291 (Rom.
2298 3238 2429 3286 vm,
2491 3224 2601 3290 24,
2659 3225 2799 3295 Q5).
2862 3228 2997 3297 Quid
3060 3230 3201 3284 enim
3268 3245 3630 3303 exspectamus.

2030 3330 2120 3383 per
2157 3314 2489 3383 patientiam,
2550 3316 2650 3371 nisi
2690 3317 2873 3373 videre
2908 3320 3048 3390 quod
3087 3322 3396 3381 credimus?
3453 3326 3627 3383 Modo-

2029 3405 2169 3459 enim
2201 3405 2467 3461 credimus
2504 3408 2644 3477 quod
2685 3426 2788 3464 non
2828 3410 3069 3468 videmus
3102 3430 3115 3467 :
3159 3415 3516 3483 permanendo
3554 3418 3624 3484 in.

2029 3512 2094 3552 co
2123 3496 2263 3566 quod
2289 3497 2571 3553 credentes
2599 3516 2703 3554 non
2743 3501 2985 3556 videmus
3010 3545 3025 3569 ,
3068 3505 3394 3560 merebimur
3429 3506 3612 3565 videre

2030 3588 2168 3658 quod
2221 3589 2509 3645 credimus.
2550 3590 2837 3663 Pr0ptcrca
2876 3594 3109 3652 Joannes
3147 3596 3199 3652 in
3240 3597 3477 3668 Epistula
3514 3615 3610 3655 sua

2029 3680 2154 3749 quid
2192 3680 2310 3736 ait?
2346 3680 2677 3738 Dilectissimi
2700 3725 2715 3751 ,
2758 3684 2856 3753 lilii
2889 3685 2989 3740 Dei
3026 3704 3197 3743 sumus
3222 3730 3237 3755 ,
3292 3699 3337 3743 et
3387 3692 3633 3747 nondum,

2027 3775 2268 3845 apparuit
2302 3775 2425 3846 quid
2459 3778 2669 3832 erimus.
2716 3777 2846 3846 Quis
2882 3794 2989 3834 non
3027 3781 3299 3849 exsultet,
3352 3782 3396 3837 si
3434 3783 3611 3838 subito

2030 3868 2210 3922 nescio
2248 3868 2332 3923 cui
2373 3869 2729 3940 peregrinanti
2773 3878 2827 3926 et
2863 3871 3125 3941 ignoranti
3182 3887 3350 3941 genus
3409 3888 3605 3939 suum,

2029 3961 2246 4030 patienti
2272 3960 2500 4031 aliquam
2526 3970 2819 4032 egestatem
2850 4004 2865 4029 ,
2897 3971 2953 4017 et
2995 3963 3046 4017 in
3077 3978 3312 4018 terumna
3343 3972 3399 4019 et
3428 3964 3609 4021 labore

2026 4052 2315 4106 constituto
2338 4051 2605 4108 diceretur
2631 4070 2646 4107 :
2688 4052 2850 4109 Filius
2878 4055 3140 4109 senatoris
3167 4069 3227 4110 es
3252 4070 3267 4121 ;
3311 4064 3459 4125 pater
3488 4064 3629 4112 tuus.

2027 4142 2203 4213 amplo
2230 4142 2550 4212 patrimonio
2574 4142 2771 4213 gaudet
2796 4144 2849 4197 in
2874 4159 2934 4199 re
2958 4155 3133 4199 vestra
3158 4162 3172 4211 ;
3213 4159 3407 4201 revoco
3447 4156 3498 4202 te
3540 4147 3608 4201 ad

2028 4242 2233 4303 patrem
2266 4234 2459 4289 tuum?
2496 4236 2639 4305 quali
2674 4235 2867 4306 gaudio
2904 4236 3194 4292 cxsultaret
3219 4279 3235 4303 ,
3276 4239 3319 4292 si
3360 4239 3463 4293 hoc
3500 4254 3605 4293 non

2026 4325 2185 4381 fallax
2215 4326 2509 4397 promissor
2536 4326 2784 4383 diceret?
2816 4326 2971 4383 Venit
2997 4342 3126 4399 ergo
3154 4343 3259 4384 non
3292 4328 3451 4383 fallax
3478 4344 3609 4400 apo-

2025 4419 2194 4475 stolus
2220 4418 2457 4489 Christi,
2489 4428 2544 4476 et
2567 4420 2643 4475 ait
2669 4438 2681 4475 :
2711 4421 2845 4487 Quid
2872 4430 2955 4477 est
2977 4420 3119 4491 quod
3146 4422 3215 4478 de
3238 4422 3390 4479 vobis
3416 4423 3605 4494 despe-

2027 4513 2197 4568 ratis?
2222 4511 2350 4584 quid
2375 4522 2459 4569 est
2484 4512 2627 4584 quod
2654 4528 2749 4569 vos
2776 4513 3009 4585 allligitis
3028 4556 3043 4579 ,
3070 4523 3126 4570 et
3162 4530 3393 4572 mmrore
3424 4526 3604 4573 conte-

2027 4607 2142 4662 ritis
2160 4608 2184 4661 ?
2209 4606 2333 4676 quid
2363 4614 2447 4662 est
2460 4607 2601 4677 quod
2617 4607 3072 4677 concupiscentias
3092 4616 3294 4663 vestras
3310 4609 3609 4678 sequendo,

2029 4698 2081 4753 in
2111 4704 2348 4768 egestate
2371 4697 2593 4753 istarum
2617 4697 2945 4768 voluptatum
2971 4698 3174 4753 conteri
3205 4699 3404 4753 vultis?
3435 4699 3605 4756 liabe-

2028 4790 2096 4845 tis
2122 4798 2359 4859 patrem,
2400 4788 2607 4845 habetis
2652 4790 2873 4859 patriam
2900 4830 2915 4855 ,
2960 4788 3167 4844 habetis
3204 4792 3601 4860 patrimonium.

2027 4880 2157 4948 Quis
2182 4889 2265 4938 est
2288 4881 2393 4937 iste
2412 4889 2563 4952 pater
2588 4882 2610 4935 ?
2644 4899 2663 4934 ι
2694 4881 3029 4939 Dilectissimi
3052 4920 3068 4947 ,
3098 4881 3189 4936 filii
3220 4880 3308 4935 Dei
3342 4896 3546 4937 sumus.
3582 4903 3601 4935 ι

2027 4974 2203 5039 Quare
2226 4987 2356 5043 ergo
2381 4972 2615 5028 nondum
2644 4973 2882 5029 videmus
2920 4982 3121 5042 patrem
3164 4972 3448 5025 nostrum?
3472 4970 3607 5039 Quia

2034 5082 2051 5115 ι
2087 5062 2320 5119 nondum
2360 5064 2609 5133 apparuit
2648 5063 2774 5132 quid
2811 5062 3029 5117 erimus.
3065 5081 3081 5113 ι
3113 5060 3230 5115 Jam
3256 5076 3441 5115 sumus
3465 5102 3480 5127 ,
3511 5063 3607 5116 sed

2027 5154 2078 5209 in
2104 5169 2200 5225 spe
2230 5171 2244 5209 :
2286 5168 2408 5209 nam
2447 5174 2466 5206 t
2494 5154 2617 5223 quid
2648 5153 2846 5209 erimus
2871 5193 2885 5217 ,
2915 5150 3146 5205 nondum
3175 5152 3437 5222 apparuit.
3476 5170 3494 5205 ι
3541 5152 3608 5208 Ει

2024 5245 2151 5315 quid
2176 5244 2420 5300 erimus?
2453 5263 2472 5296 ί
2500 5243 2707 5299 Scimus
2731 5284 2745 5308 ,
2777 5261 2795 5293 ι
2832 5242 3038 5311 inquit,
3087 5260 3106 5293 ‹
3137 5242 3256 5312 quia
3286 5258 3407 5298 cum
3438 5258 3601 5313 appa-

2026 5337 2228 5403 ruerit,
2276 5335 2477 5391 similes
2514 5333 2563 5387 ei
2593 5334 2792 5387 erimus
2817 5374 2831 5400 ,
2876 5334 3123 5401 quoniam
3153 5334 3450 5390 videbimus
3484 5350 3602 5392 cum

2025 5433 2178 5487 sicuti
2230 5440 2314 5486 est
2348 5450 2365 5483 ι
2421 5428 2484 5502 (Ι
2524 5428 2683 5483 Joan.
2734 5445 2826 5496 Ill,
2869 5428 2969 5497 2).
3017 5429 3122 5484 Sed
3175 5431 3274 5485 hoc
3339 5431 3404 5486 de
3450 5430 3606 5485 Patre

2023 5525 2154 5578 dixit
2180 5563 2193 5585 ,
2225 5522 2291 5578 de
2313 5521 2449 5577 Filio
2468 5530 2643 5575 autem
2668 5522 2893 5576 Domino
2916 5519 3041 5574 Jcsu
3063 5520 3275 5575 Christo
3302 5536 3405 5575 non
3426 5519 3562 5575 dixit
3591 5538 3602 5572 :

2088 5707 2100 5735 ι
2140 5710 2225 5735 Mc:
2288 5700 2305 5735 δ

2088 5710 2100 5735 ι

2088 5768 2107 5796 ﬁ
2456 5770 2563 5829 uss.
2585 5761 2663 5829 alii
2682 5775 2790 5829 cum
2814 5760 2905 5829 tjdd
2916 5797 2923 5805 .
2934 5795 2947 5816 ,
2962 5770 3099 5829 quem
3114 5757 3328 5829 novimus
3340 5756 3491 5816 dedit,
3508 5765 3589 5806 etc

2091 5831 2107 5859 ³
2142 5821 2330 5877 ttatitss.
2357 5833 2409 5876 At
2432 5824 2560 5873 Hdde
2604 5827 2661 5873 4d
2682 5824 2801 5873 Imm
2823 5821 3287 5886 ipsamadoptianem
3314 5831 3598 5870 rerorrmutr.
