4132 6456
545 352 681 414 1075
1742 350 1799 406 s.
1840 342 2203 407 AUGUSTINI
2244 345 2547 405 EPISCOPI
3668 352 3807 410 me

543 482 595 527 et
614 471 749 527 forte
769 467 996 527 videndo
1015 470 1227 527 Patrem
1248 512 1262 536 ,
1290 485 1394 523 non
1420 463 1611 523 Filium
1636 507 1652 535 ,
1676 469 1693 499 ¹
1720 465 1919 521 erimus
1940 461 2117 518 beati?

544 562 718 633 Ipsum
745 561 867 618 audi
890 562 1156 618 Christum
1184 579 1196 614 :
1244 561 1343 628 Qui
1370 575 1447 615 me
1475 558 1597 612 vidit
1623 598 1638 625 ,
1670 557 1794 610 vidit
1820 564 1865 610 et
1891 554 2116 608 Patrem.

543 652 674 707 Cum
701 653 840 707 enim
870 667 1004 707 unus
1030 653 1166 706 Deus
1195 650 1404 705 videtur
1428 691 1443 717 ,
1473 648 1709 703 Trinitas
1737 646 1945 701 videtur
1966 685 1983 713 ,
2015 644 2119 699 Pa-

543 752 625 798 ter
652 753 705 798 et
732 744 895 797 Filius
923 752 977 798 et
999 743 1225 811 Spiritus
1251 750 1484 797 sanctus.
1511 740 1647 794 Audi
1672 738 1974 809 expressius
1999 736 2122 806 quia

543 834 708 902 ipsius
738 834 854 887 Filii
888 834 1018 887 visio
1049 833 1246 888 tribuet
1277 831 1429 887 nobis
1460 829 1840 886 beatitudinem
1865 871 1880 894 ,
1910 838 1959 883 et
1992 828 2122 882 nihil

542 927 762 980 interest
794 926 931 979 inter
959 925 1215 979 visionem
1244 924 1409 995 ipsius
1432 933 1485 979 et
1508 922 1766 977 visionem
1793 921 1982 976 Patris.
2007 920 2124 989 lpse

542 1016 613 1069 ait
641 1016 691 1069 in
723 1015 1012 1085 Evangelio
1041 1034 1052 1069 :
1088 1015 1187 1081 Qui
1213 1015 1377 1087 diligit
1399 1032 1477 1068 me
1497 1056 1512 1079 ,
1553 1013 1794 1067 mandata
1822 1024 1930 1067 mea
1957 1021 2125 1065 custo-

541 1108 653 1173 dit,
684 1117 729 1160 et
776 1122 867 1176 ego
915 1107 1123 1177 diligam
1166 1105 1347 1172 illum,
1390 1115 1435 1160 et
1477 1105 1738 1159 Ostendam
1779 1106 2026 1173 meipsum
2049 1104 2126 1158 illi

544 1197 743 1268 (Joan.
784 1210 900 1261 xw,
932 1198 985 1262 9,
1032 1199 1092 1252 2i
1122 1198 1161 1268 ).
1213 1198 1549 1268 LoquL-batur
1594 1198 1738 1264 illis,
1783 1207 1837 1251 et
1882 1195 2121 1261 dicebat,

546 1287 806 1342 ostendam
834 1289 1079 1358 meipsum
1105 1288 1195 1340 illi.
1231 1287 1451 1355 Quare?
1479 1287 1590 1341 Non
1614 1298 1728 1341 erat
1764 1288 1877 1357 ipse
1913 1287 2001 1355 qui
2044 1286 2095 1340 lo

548 1380 854 1449 quebatur?
908 1380 1011 1435 Sed
1060 1395 1272 1434 carnem
1325 1393 1449 1433 caro
1497 1378 1743 1443 videbat;
1797 1377 2123 1431 divinitatem

549 1484 643 1524 cor
667 1471 686 1501 ³
718 1485 822 1525 non
858 1469 1084 1524 videbat.
1119 1469 1199 1523 Ad
1228 1470 1327 1524 hoc
1355 1479 1529 1523 autem
1559 1484 1684 1523 caro
1713 1483 1925 1525 carnem
1958 1469 2082 1523 vidit
2107 1509 2121 1533 ,

549 1569 609 1615 ut
639 1576 730 1631 per
757 1560 912 1616 ﬁdem
942 1576 1035 1616 cor
1059 1561 1404 1615 mandaretur
1426 1601 1441 1627 ,
1473 1560 1613 1617 uade
1658 1562 1794 1617 Deus
1836 1561 2123 1616 videretur.

549 1653 757 1708 Dictum
788 1662 870 1709 est
907 1654 1048 1708 enim
1090 1654 1156 1709 de
1205 1655 1464 1721 Domino,
1510 1652 1640 1707 Fide
1681 1652 1929 1708 mundana
1974 1656 2127 1707 corda

549 1762 720 1800 eorum
748 1746 766 1815 (
791 1746 903 1799 Act.
934 1762 1026 1813 xv,
1056 1745 1127 1818 9)
1160 1764 1172 1799 :
1200 1755 1252 1801 et
1281 1745 1420 1799 dixit
1451 1745 1702 1799 Dominus
1727 1787 1741 1810 ,
1772 1744 1914 1800 Beati
1941 1745 2127 1799 mundo

548 1838 700 1893 corde
722 1880 736 1905 ,
763 1839 880 1909 quia
924 1840 1022 1908 ipsi
1061 1837 1225 1892 Deum
1266 1839 1496 1892 ridebunt
1523 1836 1541 1910 (
1566 1838 1750 1890 Matth.
1784 1854 1834 1903 ν,
1865 1838 1897 1893 8
1922 1838 1964 1909 ).
1990 1837 2128 1908 Ergo

553 1928 707 1984 nobis
735 1928 979 1997 promisit
1004 1928 1287 1983 ostendere
1313 1944 1371 1983 se
1396 1927 1567 1983 nobis.
1592 1927 1771 1995 Qualis
1798 1938 1877 1983 est
1909 1927 2129 1997 pulchri-

552 2021 680 2076 tudo
709 2021 824 2092 ejus
846 2063 862 2088 ,
894 2022 1084 2077 fratres
1108 2064 1122 2088 ,
1153 2022 1398 2092 cogitate.
1429 2021 1614 2075 Omnia
1645 2023 1743 2077 ista
1767 2021 1985 2091 pulchra
2010 2028 2128 2092 quae

549 2113 739 2169 videtis
763 2156 778 2182 ,
806 2128 925 2184 qua:
945 2115 1133 2169 amatis
1155 2157 1169 2180 ,
1198 2115 1310 2184 ipse
1340 2112 1487 2169 fecit.
1508 2113 1561 2169 Si
1584 2110 1699 2168 hate
1724 2112 1943 2182 pulchra
1966 2123 2087 2167 sunt
2112 2156 2125 2174 .

550 2206 676 2275 quid
706 2215 788 2260 est
814 2205 969 2274 ipse?
992 2206 1037 2261 si
1069 2205 1182 2261 hanc
1205 2221 1393 2276 magna
1423 2216 1545 2260 sunt
1570 2248 1584 2270 ,
1612 2214 1839 2275 quantus
1868 2214 1949 2259 est
1974 2205 2088 2274 ipse
2107 2208 2129 2257 ’ἐ

552 2296 693 2367 Ergo
718 2312 782 2351 ex
812 2296 925 2351 istis
952 2312 1071 2367 quae
1099 2296 1183 2351 hic
1202 2311 1440 2351 amamus
1460 2338 1474 2361 ,
1501 2297 1641 2350 illum
1670 2296 1835 2366 magis
1858 2296 2126 2351 desidere-

550 2400 705 2452 mus;
740 2398 794 2441 et
819 2396 1220 2443 contemnentes
1250 2389 1345 2442 ista
1370 2430 1385 2453 ,
1420 2388 1561 2441 illum
1592 2387 1909 2457 diligamus:
1944 2397 1999 2442 ut
2019 2388 2129 2457 ipsa

550 2477 836 2534 dilectione
863 2495 956 2550 per
991 2480 1149 2535 [idem
1194 2494 1287 2534 cor
1326 2479 1640 2534 mandemus
1666 2521 1679 2545 ,
1725 2487 1779 2535 et
1820 2480 2127 2534 mandatum

552 2582 647 2624 cor
677 2581 915 2625 nostrum
947 2571 1181 2626 inveniat
1209 2579 1454 2640 aspectus
1482 2571 1637 2625 illius.
1670 2569 1782 2625 Lux
1819 2585 1937 2641 qua:
1979 2571 2130 2625 nobis

550 2662 859 2716 ostendetur
883 2705 897 2729 ,
930 2677 1090 2717 sanos
1122 2676 1216 2716 nos
1238 2662 1396 2716 ϐοῦνι
1416 2661 1653 2717 invenire
1680 2680 1693 2716 :
1718 2662 1819 2716 hoc
1846 2664 1951 2733 agit
1973 2663 2130 2717 modo

553 2753 708 2809 fides.
740 2753 850 2808 lloc
876 2768 1002 2823 ergo
1030 2753 1114 2807 hic
1138 2753 1387 2807 diximus.
1417 2752 1485 2806 Et
1510 2754 1729 2806 salutare
1764 2762 1904 2805 tuum
1943 2752 2010 2806 da
2034 2769 2128 2807 no-

555 2847 630 2901 bis
657 2862 676 2901 :
700 2845 768 2901 da
800 2846 952 2900 nobis
979 2845 1250 2901 Christum
1292 2855 1436 2899 tuum
1463 2886 1476 2909 ,
1515 2846 1817 2900 noverimus
1859 2843 2126 2900 Christum

553 2949 701 2993 tuum
725 2981 741 3007 ,
772 2939 1044 2994 videamus
1064 2939 1330 2993 Christum
1355 2948 1499 2992 tuum
1524 2956 1538 3003 ;
1563 2953 1666 2992 non
1691 2937 1957 3007 quomodo
1983 2938 2127 2993 illum

551 3031 795 3087 viderunt
821 3030 989 3086 Judaei
1015 3073 1028 3097 ,
1059 3043 1114 3086 et
1133 3030 1512 3085 cruciﬁxerunt
1534 3070 1548 3095 ,
1577 3028 1671 3084 sed
1691 3029 1957 3100 quomodo
1983 3029 2126 3083 illum

550 3122 734 3178 vident
762 3122 947 3192 Angeli
977 3166 990 3188 ,
1021 3131 1073 3177 et
1103 3122 1352 3191 gaudent.

622 3216 711 3271 10.
753 3214 773 3287 [
798 3232 923 3270 vers.
954 3221 1006 3271 9.
1036 3214 1056 3289 ]
1094 3214 1309 3267 Audiam
1336 3211 1459 3284 quid
1482 3213 1711 3284 loquetur
1738 3214 1791 3267 in
1830 3227 1907 3266 me
1946 3210 2127 3266 Domi-

552 3324 647 3361 nus
673 3306 828 3361 Deus.
865 3307 1125 3375 Propheta
1155 3306 1303 3360 dixit.
1331 3305 1665 3375 Loquebatur
1692 3304 1742 3358 in
1771 3303 1860 3357 illo
1882 3304 2019 3357 Deus
2046 3303 2129 3356 in-

557 3410 644 3455 tus
672 3442 685 3464 ,
716 3410 774 3456 et
795 3399 1022 3453 mundus
1049 3399 1273 3453 faciebat
1300 3399 1371 3452 illi
1394 3399 1669 3467 strepitum
1694 3396 1839 3451 foris.
1861 3394 2129 3451 Cohibcns

551 3507 681 3561 ergo
708 3491 1032 3560 aliquantum
1064 3489 1131 3542 ab
1154 3489 1372 3557 strepitu
1396 3487 1573 3541 mundi
1600 3529 1614 3552 ,
1640 3497 1693 3542 et
1713 3496 1958 3542 avertens
1981 3501 2039 3541 se
2063 3486 2127 3540 ad

551 3599 609 3639 se
632 3625 648 3650 ,
679 3592 733 3637 et
759 3598 787 3636 a
818 3597 876 3637 se
906 3583 959 3636 in
992 3582 1137 3635 illum
1165 3581 1317 3650 cujus
1357 3593 1538 3633 vocem
1586 3578 1830 3632 audiebat
1868 3577 2125 3641 interius;

552 3674 701 3742 quasi
724 3673 979 3727 obturans
999 3687 1179 3725 aurem
1201 3680 1383 3725 contra
1409 3669 1809 3723 tumultuantem
1834 3669 1954 3722 vita:
1976 3667 2129 3737 hujus

529 3763 969 3834 ,inquietudinem
994 3804 1009 3831 ,
1040 3771 1093 3817 et
1120 3772 1302 3818 contra
1332 3762 1563 3815 animam
1591 3776 1812 3830 corpore
1838 3760 1976 3830 quod
2005 3775 2127 3814 cor-

552 3858 812 3928 rumpitur
837 3866 1171 3928 aggravatam
1199 3898 1213 3921 ,
1237 3864 1286 3911 et
1316 3869 1530 3909 sensum
1561 3862 1768 3909 terrena
1794 3852 2129 3907 inhabitatio-

551 3962 619 4006 ne
664 3949 1050 4020 deprimentem
1097 3948 1258 4002 multa
1300 3946 1615 4017 cogitantem
1655 3942 1829 4015 (Sep.
1866 3958 1917 4003 ix
1950 3984 1964 4007 ,
1993 3942 2060 3998 i5
2085 3943 2125 4012 ),

550 4043 624 4097 ait
647 4085 660 4105 ,
707 4042 922 4096 Audiam
960 4041 1081 4113 quid
1115 4042 1334 4111 loquitur
1370 4040 1422 4093 in
1470 4054 1547 4091 me
1588 4035 1834 4091 Dominus
1859 4034 2039 4089 Deus:
2078 4043 2132 4089 et

549 4134 785 4199 audivit,
839 4133 1007 4203 quid?
1057 4132 1306 4198 Quoniam
1350 4131 1578 4199 loquetur
1622 4144 1793 4201 pacem
1834 4128 1886 4180 in
1941 4125 2130 4196 plebem

549 4242 713 4281 suam.
747 4225 860 4279 Vox
884 4240 1010 4294 ergo
1040 4223 1235 4278 Christi
1262 4264 1275 4287 ,
1307 4239 1407 4276 vox
1442 4222 1533 4277 Dei
1564 4236 1665 4290 pax
1693 4229 1775 4276 est
1797 4260 1812 4285 ,
1842 4219 1907 4274 ad
1944 4234 2126 4288 pacem

549 4324 723 4373 vocat.
760 4316 852 4370 Eia
877 4357 892 4381 ,
925 4313 1051 4369 dicit
1076 4354 1091 4379 ,
1120 4313 1437 4383 quicumque
1464 4310 1696 4365 nondum
1728 4310 1856 4365 estis
1880 4309 1931 4363 in
1958 4324 2085 4378 pace
2110 4350 2125 4373 ,

548 4418 723 4466 amate
746 4422 925 4478 pacem
951 4423 964 4459 :
989 4404 1113 4475 quid
1134 4405 1274 4460 enim
1303 4403 1451 4459 vobis
1477 4402 1663 4456 melius
1689 4400 1756 4455 de
1784 4414 1869 4454 me
1890 4400 2129 4453 invenire

549 4501 770 4574 potestis
796 4515 950 4570 quam
979 4514 1161 4569 pacem
1184 4498 1206 4551 ?
1236 4498 1341 4551 Pax
1369 4494 1493 4565 quid
1514 4494 1638 4549 est?
1658 4493 1757 4550 Ubi
1785 4493 1983 4548 nullum
2014 4492 2127 4547 bel-

549 4595 657 4649 lum
689 4603 789 4648 est.
821 4590 957 4659 Quid
985 4602 1065 4645 est
1087 4632 1100 4654 ,
1137 4589 1222 4644 ubi
1256 4588 1453 4642 nullum
1481 4585 1674 4641 bellum
1702 4583 1824 4639 est?
1855 4583 1953 4639 Ubi
1986 4583 2127 4638 nulla

548 4694 631 4741 est
657 4683 1005 4740 contradictio
1034 4723 1047 4747 ,
1080 4680 1168 4735 ubi
1216 4679 1346 4734 nihil
1384 4678 1618 4742 resistit,
1670 4676 1799 4730 nihil
1847 4675 2127 4730 adversum

547 4784 649 4830 est.
682 4774 865 4828 Videte
892 4772 936 4827 si
961 4772 1070 4841 jam
1103 4770 1171 4824 ibi
1199 4785 1425 4832 sumus;
1462 4767 1631 4821 videte
1660 4767 1704 4820 si
1742 4765 1849 4834 jam
1898 4780 2003 4819 non
2048 4775 2131 4821 est

546 4866 822 4923 conflictus
852 4880 971 4921 cum
998 4863 1208 4919 diabolo
1231 4905 1246 4928 ,
1272 4862 1449 4917 videte
1473 4862 1517 4915 si
1545 4877 1647 4915 non
1670 4874 1855 4915 omnes
1881 4860 2046 4915 sancti
2075 4868 2129 4915 et

552 4960 738 5015 fideles
763 4974 882 5013 rum
911 4956 1149 5028 principe
1176 4954 1557 5010 daemoniorum
1588 4953 1867 5007 luctantur.
1893 4950 1961 5006 Et
1997 4966 2128 5022 quo-

548 5051 709 5106 modo
735 5052 855 5106 cum
885 5051 973 5104 illo
1006 5049 1271 5103 luctantur
1295 5088 1309 5113 ,
1342 5060 1499 5115 quem
1527 5059 1632 5099 non
1658 5042 1881 5097 vident?
1907 5041 2128 5096 Luctan-

546 5151 631 5195 tur
679 5155 797 5195 cum
846 5137 1288 5208 concupiscentiis
1331 5135 1480 5201 suis,
1527 5133 1717 5204 quibus
1766 5131 1851 5186 ille
1893 5130 2127 5202 suggerit

547 5247 761 5309 peccata
786 5252 800 5289 :
824 5245 877 5292 et
902 5250 1007 5289 non
1031 5231 1413 5288 consentiendo
1437 5228 1577 5300 quod
1603 5226 1867 5298 suggerit,
1897 5226 1996 5280 etsi
2020 5241 2122 5280 non

545 5332 825 5386 vincuntur
848 5369 864 5394 ,
895 5336 1069 5381 tamen
1101 5334 1353 5395 pugnant.
1400 5321 1640 5376 Nondum
1688 5329 1769 5375 est
1816 5332 1942 5388 ergo
1981 5333 2082 5387 pax
2107 5360 2121 5384 ,

546 5423 631 5477 ubi
659 5435 833 5492 pugna
862 5429 962 5474 est.
996 5418 1100 5472 Aut
1123 5416 1244 5471 date
1274 5415 1405 5469 mihi
1431 5414 1698 5468 hominem
1729 5410 1815 5480 qui
1847 5409 1973 5463 nihil
2006 5418 2121 5465 ten-

545 5515 756 5571 tationis
784 5512 982 5584 patitur
1011 5509 1061 5564 in
1092 5523 1254 5564 carne
1296 5521 1391 5562 sua
1418 5546 1432 5570 ,
1476 5514 1535 5560 ut
1572 5502 1740 5573 possit
1776 5500 1904 5555 mibi
1943 5499 2123 5555 dicere

542 5607 666 5678 quia
688 5605 799 5676 jam
830 5618 934 5674 pax
967 5609 1064 5657 cst.
1094 5600 1232 5655 Nihil
1257 5597 1469 5670 quidem
1497 5592 1801 5652 tentationis
1830 5590 1964 5647 forte
1993 5590 2121 5661 pati—

602 5767 618 5795 ¹
653 5764 853 5826 Optimae
876 5767 1001 5812 uotae
1023 5760 1161 5809 Corb.
1188 5766 1288 5826 δίδη
1309 5769 1400 5808 non
1422 5767 1614 5809 erimus.

600 5830 618 5855 ²
654 5825 709 5875 Er
753 5832 804 5874 et
825 5832 963 5885 veta,
988 5835 1116 5873 cura.
1200 5825 1258 5870 Μ.

2229 467 2313 514 tur
2336 460 2387 515 in
2419 458 2613 519 illicitis
2639 463 2998 534 voluptatibus
3021 508 3036 531 ,
3067 466 3252 521 saltem
3276 469 3639 538 suggestiones
3668 468 3807 538 ipsas

2231 554 2424 621 patitur
2449 572 2462 609 :
2493 554 2573 609 vcl
2604 556 2900 625 suggeritur
2929 557 3000 610 illi
3031 556 3171 626 quod
3202 561 3400 627 respuit
3425 601 3440 623 ,
3470 560 3551 613 vel
3578 559 3813 614 delectat

2231 645 2368 701 unde
2393 654 2681 702 contineat.
2709 648 2811 703 Sed
2836 665 2959 704 ecce
2981 650 3089 719 jam
3112 650 3243 705 nihil
3267 651 3496 706 delectat
3524 652 3768 707 illicitum
3798 668 3813 719 ;

2230 737 2311 791 vel
2357 744 2543 792 contra
2589 724 2789 794 famem
2831 749 2885 795 et
2926 740 3067 794 sitim
3116 752 3311 810 pugnat
3357 743 3638 811 quotidie:
3691 744 3818 814 quis

2229 830 2368 883 enim
2392 830 2566 899 justus
2592 830 2715 886 hinc
2743 831 2989 886 alienus?
3013 832 3215 901 Pugnat
3234 849 3362 904 ergo
3383 834 3549 889 fames
3570 845 3623 890 et
3652 836 3773 890 sitis
3803 878 3818 901 ,

2230 931 2425 991 pugnat
2453 934 2636 976 contra
2665 938 2761 977 nos
2790 923 3043 976 lassitudo
3071 924 3247 978 carnis
3271 966 3286 991 ,
3316 934 3512 994 pugnat
3531 926 3821 980 delectatio

2230 1012 2443 1081 somni,
2473 1024 2667 1084 pugnat
2696 1016 2990 1085 Oppressio.
3028 1016 3254 1088 Vigilare
3292 1019 3570 1084 volumus;
3610 1020 3821 1074 dormi-

2231 1112 2403 1159 tamus
2449 1122 2462 1158 :
2507 1106 2746 1177 jejunare
2796 1109 3081 1175 volumus;
3133 1111 3397 1164 esurimus
3439 1119 3495 1167 et
3538 1112 3749 1168 sitimus
3804 1131 3820 1165 :

2231 1209 2372 1252 stare
2392 1200 2632 1254 volumus
2657 1216 2670 1264 ;
2707 1199 3056 1270 defatigamur
3084 1221 3097 1256 :
3124 1204 3409 1271 quaerimus
3434 1203 3657 1270 sedere;
3688 1206 3735 1260 si
3762 1216 3824 1260 et

2234 1287 2333 1342 hoc
2358 1288 2445 1343 diu
2473 1288 2694 1344 facimus
2718 1332 2732 1356 ,
2763 1292 3059 1346 deficimus.
3088 1292 3351 1363 Quidquid
3387 1295 3539 1348 nobis
3566 1296 3822 1365 provide-

2233 1377 2397 1433 rimus
2417 1379 2482 1433 ad
2511 1379 2850 1435 refectionem
2871 1423 2885 1447 ,
2912 1382 3017 1437 illic
3038 1397 3223 1437 rursus
3245 1385 3539 1439 invenimus
3562 1384 3824 1442 defectio-

2234 1485 2373 1525 nem.
2405 1470 2590 1527 Esuris
2618 1515 2631 1538 ,
2662 1473 2789 1528 dicit
2818 1475 2907 1528 tibi
2948 1476 3180 1545 aliquis?
3220 1478 3511 1547 respondes
3533 1519 3547 1543 ,
3595 1479 3822 1535 Esurio.

2233 1562 2389 1616 Ponit
2416 1574 2538 1619 ante
2568 1574 2618 1618 te
2648 1566 2820 1620 cibum
2846 1583 2861 1632 ;
2892 1567 2959 1622 ad
2992 1568 3334 1624 refectionem
3367 1581 3609 1640 posuerat
3636 1591 3648 1626 :
3683 1588 3821 1642 per-

2234 1666 2419 1708 severa
2450 1654 2502 1708 in
2532 1670 2595 1709 eo
2626 1657 2763 1725 quod
2796 1658 2966 1725 posuit
2991 1675 3006 1723 ;
3034 1670 3176 1715 certe
3203 1660 3425 1717 reficere
3466 1672 3517 1717 te
3556 1664 3775 1719 volebas
3800 1707 3818 1732 ,

2236 1742 2337 1797 hoc
2364 1759 2459 1813 age
2484 1759 2734 1814 seraper;
2763 1746 2865 1803 hoc
2891 1749 3094 1819 agendo
3118 1792 3132 1816 ,
3163 1750 3213 1804 in
3240 1766 3305 1806 eo
3332 1751 3471 1821 quod
3496 1751 3821 1810 adhibueras

2235 1833 2298 1886 ad
2332 1833 2673 1889 refectionem
2700 1878 2716 1903 ,
2741 1838 2808 1893 ibi
2841 1838 3046 1894 invenis
3068 1839 3453 1897 lassitudinem.
3484 1844 3694 1899 Multum
3720 1858 3819 1900 se-

2234 1926 2412 1981 dendo
2440 1928 2683 1999 fatigatus
2707 1945 2826 1985 eras
2850 1948 2864 1996 ;
2888 1932 3060 2003 surgis
3084 1975 3098 1998 ,
3124 1932 3508 1991 deambulando
3535 1936 3775 1992 reficeris
3802 1955 3817 1993 :

2235 2034 2517 2087 persevera
2550 2024 2600 2074 in
2631 2036 2695 2076 eo
2721 2039 2825 2093 quo
2854 2023 3087 2080 reficeris
3111 2068 3126 2093 ,
3174 2027 3395 2081 multum
3425 2027 3823 2086 deambulando

2234 2110 2486 2175 lassaris;
2519 2111 2705 2168 sedere
2734 2114 2921 2168 iterum
2962 2116 3174 2184 qumris.
3225 2117 3404 2172 Inveni
3447 2120 3573 2174 mihi
3615 2120 3821 2191 aliquid

2235 2202 2373 2258 unde
2402 2212 2454 2258 te
2482 2205 2693 2260 reficias
2718 2248 2732 2271 ,
2768 2206 2856 2261 ubi
2888 2222 2991 2261 non
3015 2250 3030 2273 ,
3065 2209 3107 2262 si
3131 2212 3558 2279 perseveraveris
3580 2254 3595 2279 ,
3623 2212 3820 2269 iterum

2232 2293 2469 2349 deficias.
2500 2295 2679 2363 Qualis
2705 2313 2832 2368 ergo
2858 2308 2940 2354 est
2984 2301 3079 2355 ista
3112 2317 3213 2371 pax
3238 2344 3251 2364 ,
3293 2319 3449 2372 quam
3491 2303 3576 2359 hic
3621 2305 3821 2361 habent

2237 2387 2476 2443 homines
2504 2392 2661 2445 tantis
2688 2392 3053 2448 resistentibus
3088 2396 3373 2463 molestiis,
3411 2398 3816 2466 cupiditatibus,

2236 2479 2536 2550 indigentiis
2561 2525 2575 2549 ,
2606 2483 3049 2539 lassitudinibus?
3090 2486 3202 2540 Non
3242 2496 3323 2541 est
3365 2488 3463 2542 ista
3503 2504 3621 2543 vera
3648 2531 3663 2553 ,
3707 2505 3818 2545 non

2235 2584 2317 2629 est
2347 2574 2577 2644 perfecta
2620 2590 2739 2646 pax.
2783 2576 2911 2643 Quae
2957 2577 3058 2632 erit
3098 2578 3325 2648 perfecta
3363 2581 3508 2650 pax?
3545 2600 3563 2633 ι
3596 2580 3820 2650 Oportet

2234 2666 2572 2734 corruptibile
2622 2668 2721 2722 hoc
2762 2667 2979 2723 induere
3022 2669 3507 2739 incorruptionem,
3563 2681 3615 2725 et
3668 2690 3820 2727 mor-

2236 2757 2337 2811 tale
2382 2756 2480 2810 hoc
2519 2757 2735 2813 induere
2778 2759 3221 2814 immortalitatem
3263 2778 3275 2813 :
3325 2771 3445 2815 tunc
3503 2761 3591 2817 fiet
3638 2776 3819 2821 sermo

2232 2848 2319 2916 qui
2368 2849 2591 2917 scriptus
2636 2858 2716 2902 est
2745 2890 2757 2910 .
2808 2850 3068 2919 Absorpta
3111 2861 3191 2905 est
3234 2865 3377 2905 mors
3418 2850 3471 2905 in
3513 2852 3814 2909 victoriam.

2238 2937 2331 2992 Ubi
2378 2948 2495 2999 est.
2548 2955 2729 3000 mors.
2770 2941 2982 2995 aculeus
3009 2943 3170 2997 tuus?
3219 2943 3443 3009 ιὼίιιεῑ,
3470 2960 3649 3009 mors,
3679 2961 3815 3000 cono

2236 3032 2400 3082 tenlio
2450 3042 2533 3084 tua
2572 3051 2590 3083 ι
2645 3030 2845 3104 (lCor.
2895 3049 2988 3096 xv,
3029 3034 3279 3103 55-55)?
3314 3034 3413 3089 Ubi
3456 3036 3594 3089 enim
3642 3036 3817 3093 adhuc

2234 3120 2525 3175 mortalitas
2553 3123 2591 3187 ¹,
2647 3124 2911 3192 quomodo
2966 3133 3048 3179 est
3099 3126 3252 3195 plena
3300 3126 3436 3195 pax?
3493 3128 3694 3181 Etenim
3745 3128 3818 3183 de

2234 3221 2405 3267 morte
2434 3213 2577 3267 venit
2606 3214 2859 3269 lassitudo
2885 3216 2983 3270 ista
3006 3259 3021 3281 ,
3054 3232 3209 3286 quam
3238 3217 3532 3271 invenimus
3563 3219 3612 3272 in
3636 3219 3816 3272 omni-

2234 3301 2333 3357 bus
2363 3303 2737 3359 refectionibus
2767 3306 2980 3360 nostris.
3015 3308 3088 3361 De
3114 3317 3284 3363 morte
3309 3319 3389 3363 est
3413 3350 3426 3372 ,
3456 3310 3578 3379 quia
3609 3325 3811 3380 corpus

2235 3397 2456 3451 mortale
2480 3407 2789 3467 portamus;
2814 3399 2955 3469 quod
2984 3400 3197 3469 quidem
3226 3412 3492 3455 mortuum
3520 3401 3649 3456 dicit
3670 3407 3787 3473 Apo

2234 3489 2403 3542 stolus
2433 3496 2488 3543 et
2510 3498 2633 3544 ante
2662 3490 2852 3543 animae
2883 3490 3257 3545 resolutionem
3291 3511 3305 3546 :
3346 3493 3538 3561 Corpus
3572 3494 3811 3562 quidem,

2235 3578 2401 3646 inquit
2424 3617 2439 3643 ,
2468 3589 2718 3632 mortuum
2744 3588 2816 3632 est
2838 3589 3040 3651 prOpter
3065 3592 3320 3648 peccatum
3343 3581 3520 3647 (Rom.
3548 3599 3637 3637 Vill
3660 3626 3674 3647 ,
3696 3584 3814 3653 10).

2233 3666 2363 3722 Nam
2394 3668 2438 3722 si
2470 3671 2894 3737 perseveraveris
2918 3673 2967 3723 in
2990 3686 3054 3725 eo
3078 3685 3182 3739 quo
3209 3681 3258 3725 te
3283 3671 3454 3726 reﬁcis
3479 3715 3494 3740 ,
3518 3674 3674 3727 etiam
3699 3690 3817 3727 mo-

2234 3761 2406 3814 rieris.
2442 3760 2731 3815 Persevera
2759 3762 2810 3814 in
2842 3762 3063 3816 multum
3092 3762 3454 3817 manducando
3480 3782 3493 3830 ;
3518 3765 3628 3835 ipsa
3651 3779 3738 3819 res
3764 3774 3817 3820 te

2234 3852 2560 3906 interﬁciet:
2621 3868 2902 3921 persevera
2950 3854 3003 3907 in
3048 3855 3266 3908 multum
3306 3854 3630 3925 jt-junando;
3690 3856 3817 3910 inde

2235 3943 2478 3998 morieris
2507 3962 2519 3997 :
2555 3943 2682 3999 sede
2711 3959 2922 4013 semper
2945 3984 2959 4009 ,
3010 3954 3067 3999 ut
3109 3945 3245 3999 nolis
3285 3960 3537 4015 surgere;
3570 3947 3814 4001 morieris

2234 4033 2356 4089 inde
2386 4052 2399 4087 :
2430 4034 2639 4088 ambula
2667 4050 2878 4104 semper
2901 4076 2915 4100 ,
2946 4044 3002 4089 ut
3034 4036 3171 4089 nolis
3212 4037 3523 4105 quiescere;
3571 4039 3814 4093 morieris

2237 4126 2359 4180 inde
2405 4143 2417 4178 :
2472 4126 2627 4196 vigila
2673 4140 2922 4195 semper,
2970 4135 3026 4179 ut
3069 4126 3207 4180 nolis
3257 4126 3523 4191 dormire;
3572 4126 3815 4181 morieris

2236 4215 2399 4270 inde:
2448 4215 2619 4269 dormi
2669 4230 2918 4285 semper,
2967 4223 3024 4270 ut
3076 4216 3213 4271 nolis
3262 4216 3515 4286 vigilare;
3572 4217 3815 4272 morieris

2236 4308 2377 4363 inde.
2422 4307 2645 4374 Quando
2693 4323 2820 4378 ergo
2862 4308 3109 4376 absorpta
3154 4306 3312 4363 fuerit
3358 4324 3502 4362 mors
3550 4308 3599 4361 in
3644 4311 3816 4363 victo-

2236 4401 2366 4455 riam
2394 4442 2408 4466 ,
2441 4417 2545 4455 non
2573 4412 2731 4456 erunt
2766 4402 2902 4464 ista;
2945 4411 2999 4456 et
3031 4403 3134 4457 erit
3174 4417 3273 4471 pax
3316 4402 3466 4471 plena
3504 4412 3556 4456 et
3594 4413 3814 4459 mterna.

2235 4493 2448 4546 Erimus
2470 4492 2523 4546 in
2551 4492 2776 4561 quadam
2802 4492 3017 4547 civitate
3048 4510 3060 4547 :
3093 4492 3282 4548 fratres
3305 4534 3321 4560 ,
3366 4493 3576 4563 quando
3618 4494 3686 4548 de
3726 4494 3816 4549 illa

2235 4584 2421 4654 loquor
2444 4626 2460 4652 ,
2494 4584 2643 4638 linire
2671 4584 2791 4639 nolo
2812 4626 2827 4650 ,
2856 4592 2911 4640 et
2937 4585 3161 4638 maxime
3186 4584 3396 4653 quando
3422 4584 3671 4638 scandala
3698 4600 3818 4638 crc-

2234 4675 2501 4729 brvscunt.
2533 4676 2661 4742 Quis
2694 4690 2797 4728 non
2827 4674 3093 4728 desideret
3122 4674 3263 4727 illuni
3291 4674 3554 4729 civitatem
3584 4676 3627 4738 ί,
3676 4674 3819 4730 unde

2233 4766 2436 4819 amicus
2463 4781 2567 4818 non
2597 4764 2742 4828 exit,
2766 4778 2873 4834 quo
2896 4763 3139 4817 inimicus
3168 4780 3270 4817 non
3303 4765 3462 4817 intrat
3487 4805 3502 4830 ,
3529 4764 3613 4818 ubi
3641 4764 3819 4818 nullus

2236 4865 2466 4910 tentatur
2494 4864 2612 4921 est,
2644 4855 2821 4909 nullus
2842 4854 3124 4909 seditiosus
3148 4895 3163 4920 ,
3194 4854 3367 4909 nullus
3392 4853 3632 4909 dividens
3654 4870 3822 4923 popu-

2236 4946 2342 5001 lum
2375 4946 2469 5002 Dei
2497 4986 2512 5012 ,
2545 4947 2719 5000 nullus
2748 4945 2967 5014 fatigans
2995 4945 3284 4999 Ecclesium
3310 4945 3361 4999 in
3384 4945 3675 4998 ministerio
3701 4944 3813 4999 dia-

2234 5039 2338 5093 boli
2366 5055 2379 5104 ;
2414 5037 2623 5108 quando
2654 5038 2766 5105 ipso
2795 5036 3040 5105 princeps
3061 5036 3293 5103 ipsorum
3321 5035 3545 5089 mittitur
3566 5036 3615 5087 in
3644 5036 3819 5104 ignem

2234 5139 2490 5184 aeternum
2516 5169 2532 5196 ,
2561 5137 2615 5182 et
2642 5127 2691 5181 bi
2716 5142 2838 5182 cum
2872 5128 2961 5180 illo
2990 5126 3310 5196 quicumque
3335 5126 3407 5179 illi
3439 5128 3783 5181 consrntiunt
3803 5169 3818 5189 ,

2232 5232 2284 5277 et
2315 5222 2565 5277 recedere
2594 5220 2661 5274 ab
2690 5235 2754 5273 eo
2784 5218 3013 5273 nolunt?
3043 5218 3155 5272 Erit
3193 5232 3321 5287 ergo
3369 5232 3467 5284 pax
3510 5225 3725 5285 purgata
3766 5217 3819 5269 in

2233 5315 2351 5369 filiis
2372 5314 2488 5380 Dei,
2519 5313 2764 5367 omnibus
2792 5309 3087 5364 amantibus
3112 5324 3190 5375 se,
3220 5308 3520 5363 videntibus
3548 5322 3605 5361 se
3637 5308 3823 5376 plenos

2234 5408 2342 5463 Deo
2361 5420 2507 5472 ,cum
2530 5404 2629 5460 erit
2650 5405 2783 5458 Deus
2801 5403 2974 5457 omnia
2996 5404 3047 5455 in
3080 5401 3324 5455 omnibus
3349 5400 3368 5470 (
3393 5398 3543 5453 lCor.
3566 5414 3660 5463 xv,
3683 5398 3755 5453 28
3776 5399 3821 5470 ).

2229 5499 2521 5555 Commune
2540 5496 2895 5567 spectaculum
2923 5494 3232 5551 habebimus
3247 5493 3414 5548 Deum
3439 5508 3453 5558 ;
3484 5507 3825 5548 communem

2296 5748 2310 5776 ι
2350 5742 2569 5804 Plerique
2588 5746 2714 5798 Mss,
2730 5750 2875 5804 mors.

2295 5810 2312 5837 ²
2346 5807 2418 5855 sic
2442 5793 2542 5854 ιὼς
2564 5809 2669 5851 Mss.
2694 5793 2866 5852 Ceteri
2890 5811 2997 5849 cum
3019 5797 3156 5862 add,
3179 5793 3316 5849 illam
3340 5808 3523 5861 parem.
