4132 6448
388 361 528 414 m7?

378 471 781 541 possessionem
823 471 1136 527 habebimus
1176 471 1383 538 Deum;
1417 484 1754 526 communem
1788 485 1971 541 pacem

379 559 705 617 habebimus
735 562 923 619 Deum.
948 561 1211 633 Quidquid
1238 562 1380 618 enim
1407 570 1489 617 est
1512 560 1653 631 quod
1682 562 1835 617 nobis
1858 577 1976 617 mo-

376 650 464 705 do
493 652 619 717 dat,
652 653 767 721 ipse
792 653 946 708 nobis
974 652 1076 708 erit
1106 668 1201 721 pro
1230 652 1478 708 omnibus
1506 666 1623 722 quae
1651 651 1744 707 dat
1773 670 1786 706 :
1816 652 1928 722 ipsa
1960 653 1976 685 ¹

377 742 496 795 erit
526 743 751 810 perlecta
783 752 837 797 et
862 742 1016 813 plena
1048 758 1171 812 pax.
1215 741 1362 797 Hanc
1404 742 1635 812 loquitur
1673 742 1727 797 in
1768 742 1977 812 plebem

378 844 582 897 suam;
624 832 759 887 hanc
802 832 1015 888 volebat
1055 830 1243 887 audire
1286 832 1375 888 ille
1416 833 1505 902 qui
1548 834 1665 887 ait:
1700 850 1720 885 ι
1754 831 1977 887 Audiam

379 922 520 992 quid
567 924 806 994 loquetur
858 925 912 979 in
969 940 1055 980 me
1104 924 1359 979 Dominus
1400 925 1579 989 Deus;
1623 925 1871 994 quoniam
1900 925 1979 979 ιο.

380 1027 591 1087 quctur
634 1032 816 1088 pacem
867 1018 920 1072 in
985 1016 1189 1087 plebem
1240 1031 1388 1071 suam
1415 1058 1430 1081 ,
1472 1027 1521 1071 et
1569 1032 1729 1087 super
1769 1026 1981 1071 sanctos

378 1124 523 1164 suos
552 1152 569 1178 ,
625 1120 679 1166 et
736 1111 787 1164 in
835 1126 930 1165 eos
985 1110 1074 1180 qui
1128 1118 1443 1165 convertunt
1487 1125 1581 1165 cor
1618 1110 1684 1165 ad
1728 1110 1922 1180 ipsum.
1956 1128 1974 1162 ι

384 1203 489 1257 Eia
515 1246 531 1266 ,
566 1203 750 1258 fratres
773 1244 788 1268 ,
811 1204 971 1256 vultis
993 1212 1045 1256 ut
1070 1202 1135 1256 ad
1158 1217 1252 1257 vos
1275 1203 1533 1272 pertineat
1558 1203 1657 1257 ista
1691 1218 1794 1272 pax
1823 1217 1980 1271 quam

382 1294 629 1363 lnquitur
659 1294 833 1348 Deus?
854 1292 1161 1349 Convertite
1186 1308 1281 1348 cor
1304 1292 1369 1347 ad
1396 1294 1567 1363 ipsum
1594 1309 1607 1359 ;
1635 1308 1742 1347 non
1764 1292 1829 1347 ad
1856 1308 1941 1348 me
1961 1334 1976 1358 ,

383 1396 485 1439 aut
512 1385 579 1440 ad
605 1385 750 1439 illum
774 1427 789 1451 ,
820 1393 912 1438 aut
937 1384 1002 1439 ad
1042 1399 1360 1454 quemquam
1409 1384 1700 1439 hominem.
1732 1382 1981 1453 Quisquis

386 1479 540 1531 enim
569 1476 728 1531 homo
758 1477 986 1532 voluerit
1027 1485 1339 1532 convertere
1383 1476 1448 1530 ad
1497 1491 1556 1531 se
1599 1476 1761 1531 corda
1807 1476 1981 1531 homi-

388 1585 524 1622 num
550 1611 563 1629 ,
591 1569 731 1623 cadit
751 1585 870 1623 cum
899 1568 1048 1639 ipsis.
1075 1567 1210 1635 Quid
1232 1576 1315 1623 est
1346 1568 1534 1623 melius
1558 1609 1573 1633 ,
1598 1577 1655 1622 ut
1674 1567 1834 1623 cadas
1858 1583 1979 1623 cum

389 1662 491 1715 illo
518 1661 583 1715 ad
609 1677 765 1731 quem
788 1661 1117 1715 converteris
1140 1701 1156 1725 ,
1178 1676 1245 1714 an
1271 1668 1327 1715 ut
1350 1668 1458 1715 stes
1478 1674 1595 1714 cum
1623 1660 1713 1714 illo
1732 1674 1851 1715 cum
1877 1676 1982 1731 quo

387 1754 765 1808 converteris?
793 1752 1052 1808 Gaudium
1081 1760 1321 1807 nostrum
1346 1793 1362 1818 ,
1397 1766 1497 1821 pax
1523 1761 1702 1805 nostra
1729 1791 1744 1817 ,
1773 1752 1983 1822 requies

389 1855 619 1910 nostra,
678 1844 797 1897 linis
846 1843 1082 1897 omnium
1129 1842 1533 1905 molestiarum,
1586 1856 1692 1896 non
1747 1850 1830 1896 est
1878 1841 1979 1896 nisi

390 1935 542 1990 Deus
570 1953 583 1988 :
612 1935 751 1989 beati
777 1935 864 2004 qui
891 1942 1182 1988 convertunt
1206 1949 1295 1987 car
1321 1933 1389 1987 ad
1413 1934 1599 2003 ipsum.

472 2026 559 2081 11.
586 2022 734 2097 [vers.
764 2022 874 2096 l0.]
914 2023 1257 2077 Verumtamen
1283 2040 1439 2094 prope
1463 2024 1685 2078 timentes
1707 2039 1820 2078 eum
1844 2022 1984 2077 salu-

390 2129 506 2172 (me
542 2117 718 2188 ipsius.
753 2116 919 2171 Erant
951 2114 1165 2185 quidam
1198 2116 1285 2184 qui
1322 2114 1432 2185 jam
1477 2113 1736 2168 timebant
1772 2128 1891 2168 eum
1928 2114 1980 2169 in

387 2220 556 2280 gente
590 2208 914 2264 Judieorum.
956 2208 1057 2263 Per
1086 2222 1271 2261 omnes
1303 2215 1470 2260 terras
1501 2206 1692 2276 ubique
1719 2204 1856 2260 idola
1886 2220 1981 2261 co-

390 2304 675 2367 lebantur;
724 2301 984 2355 dmmonia
1034 2299 1380 2363 timebantur,
1429 2313 1531 2353 non
1581 2299 1766 2354 Deus:
1800 2299 1851 2353 in
1895 2300 1982 2355 illa

168 2368 357 2494 ολ,έρ
386 2404 556 2465 gente
585 2392 867 2448 timebatur
896 2392 1054 2447 Deus.
1096 2390 1201 2446 Sed
1246 2400 1461 2460 propter
1493 2390 1617 2461 quid
1660 2390 1983 2445 timebatur?

34 2477 310 2581 ,μένλῷ
342 2477 357 2497 ⁸
388 2486 455 2541 1η
489 2486 661 2575 γειειί
692 2485 1031 2581 Testamento
1060 2484 1362 2581 timebatur,
1397 2498 1462 2538 ne
1488 2482 1637 2539 daret
1668 2484 1785 2581 illos
1818 2485 1871 2539 in
1897 2499 1985 2537 ca-

68 2577 189 2657 μι-
210 2572 361 2657 ’χ
374 2572 691 2657 Magn
711 2620 726 2643 ,
758 2592 825 2631 ne
855 2576 1065 2631 tolleret
1095 2575 1195 2629 illis
1224 2584 1449 2639 terram,
1479 2590 1545 2628 ne
1570 2573 1827 2644 grandine
1854 2588 1984 2629 con-

68 2595 169 2657 :Lli'
414 2595 691 2631 )tIvItatem
711 2620 726 2643 ,
758 2595 825 2631 ne
855 2595 1065 2631 loueret
1095 2595 1195 2629 IIIIS
1225 2595 1449 2639 terram,
1479 2595 1545 2628 ne
1570 2595 1827 2644 granuine
1854 2595 1983 2629 (Σοη-

33 2646 63 2684 ’”
77 2602 361 2738 /
374 2595 1101 2739 m4
1117 2682 1185 2722 ne
1213 2666 1411 2721 faceret
1435 2666 1645 2720 steriles
1670 2680 1865 2719 uxores
1889 2681 1983 2720 eo-

394 2709 650 2724 ...ηυωυ
681 2709 805 2723 ..νυν
833 2709 1065 2739 γυνη...
1117 2709 1185 2722 ..ν
1213 2709 1411 2721 mw.-.
1435 2709 1644 2720 μνη.--
1672 2709 1865 2719 “me-
1891 2709 1952 2720 ,ν

392 2777 547 2825 rum,
590 2776 655 2815 ue
692 2759 925 2814 auferret
964 2759 1033 2813 ab
1051 2709 1630 2825 mnos—ipsorum.
1674 2756 1799 2811 Hice
1840 2756 1983 2811 enim

390 2854 629 2908 carnalia
658 2853 913 2924 promissa
944 2852 1035 2907 Dei
1062 2851 1312 2906 tenebant
1336 2849 1509 2904 adhuc
1540 2863 1727 2918 parvas
1752 2847 1981 2914 animas,

390 2955 451 2999 et
482 2939 1313 3013 prmeus
1346 2957 1358 2992 :
1387 2939 1482 2995 sed
1512 2953 1674 3010 prope
1704 2939 1806 2993 illis
1834 2947 1980 3004 erat,

388 3037 487 3104 qui
520 3034 597 3089 vel
628 3021 1190 3105 pmptcmim
1220 3032 1491 3086 timebant.
1523 3028 1742 3085 Terram
1774 3029 1985 3099 petebat

396 3127 641 3197 Paganus
670 3141 700 3179 a
730 3125 980 3189 diabolo;
1020 3134 1213 3179 terram
1256 3122 1466 3191 petebat
1503 3121 1718 3176 Judaaus
1757 3136 1786 3173 a
1827 3120 1937 3175 Deo
1967 3138 1981 3175 :

392 3233 562 3272 unum
602 3225 716 3271 erat
748 3216 888 3286 quod
919 3197 1198 3285 petebant;
1229 3212 1323 3269 sed
1349 3227 1452 3266 non
1482 3226 1618 3267 unus
1646 3226 1675 3266 a
1705 3226 1812 3282 quo
1839 3219 1986 3282 pete-

396 3308 549 3363 bant.
584 3307 818 3362 Petendo
850 3306 948 3360 iste
982 3305 1121 3376 quod
1161 3305 1401 3375 Paganus
1440 3303 1679 3373 petebat,
1711 3303 1983 3359 discerne-

396 3398 557 3454 batur
584 3408 756 3453 tamen
786 3413 816 3453 a
847 3398 1086 3468 Pagano,
1115 3397 1235 3468 quia
1264 3396 1330 3451 ab
1360 3396 1449 3450 illo
1492 3398 1586 3450 ista
1619 3399 1863 3465 petebat,
1894 3396 1986 3466 qui

396 3493 580 3547 omnia
609 3492 824 3547 fecerat.
854 3491 916 3546 Et
947 3506 1112 3562 prope
1138 3490 1241 3544 illis
1267 3501 1377 3544 erat
1410 3489 1580 3553 Deus,
1608 3489 1698 3560 qui
1728 3487 1986 3545 Gentibus

401 3584 557 3652 longe
582 3591 726 3647 erat;
760 3589 935 3636 tamen
968 3582 1202 3650 respexit
1228 3590 1282 3635 et
1310 3595 1403 3635 cos
1428 3580 1517 3649 qui
1548 3580 1703 3649 longe
1729 3586 1901 3646 erant,
1933 3588 1988 3636 et

404 3691 498 3730 eos
522 3676 607 3745 qui
636 3689 799 3743 prope
828 3681 1001 3739 erant,
1031 3673 1168 3727 sicut
1192 3671 1319 3726 dicit
1347 3671 1668 3739 Apostolus:
1700 3669 1765 3724 Et
1790 3671 1988 3725 veniens

404 3766 756 3837 erangelizavit
786 3781 956 3834 pacem
982 3763 1118 3817 vobis
1142 3762 1226 3833 qui
1253 3762 1404 3816 eratis
1433 3763 1580 3832 longe
1599 3803 1611 3823 ,
1640 3770 1683 3815 et
1714 3778 1886 3832 pacem
1911 3762 1988 3817 Itis

402 3860 489 3927 qui
522 3875 671 3926 prope
696 3855 907 3927 (Ep/tes.
936 3872 994 3922 tt,
1027 3856 1136 3926 17).
1164 3855 1306 3923 Quos
1338 3854 1465 3908 dixit
1496 3856 1582 3924 qui
1614 3866 1765 3909 erant
1791 3855 1988 3925 prope?

403 3947 650 4015 Judacos,
692 3947 813 4018 quia
854 3962 1014 4000 unum
1054 3946 1219 4001 Deum
1254 3944 1516 4001 colebant.
1550 3945 1697 4011 Quos
1733 3945 1867 3999 dixit
1900 3946 1986 4015 qui

238 4074 313 4128 LV
404 4049 559 4097 erant
584 4040 775 4111 longe?
799 4038 1017 4104 Gentes,
1046 4039 1166 4109 quia
1194 4038 1506 4092 dimiserant
1532 4052 1652 4091 eum
1678 4053 1707 4091 a
1733 4052 1838 4105 quo
1866 4036 1988 4091 facti

105 4108 358 4231 ,ἓν-(ιγ
404 4140 592 4197 erant,
621 4108 949 4187 et'colebant
987 4108 1076 4184 illa
1110 4146 1227 4200 quae
1268 4130 1366 4200 ipsi
1409 4130 1661 4183 feceranl-
1703 4127 1819 4181 Νοη
1850 4131 1989 4182 cui!"

66 4203 714 4299 ‘LYQ‘V'V/rcgionibus
748 4225 905 4296 longe
938 4234 1019 4293 est
1058 4223 1281 4298 quisque
1309 4236 1337 4275 a
1376 4221 1518 4289 ﬂeo,
1557 4218 1649 4275 sed
1691 4218 1989 4274 aﬂ‘ectibus.

408 4321 572 4374 Amas
603 4318 797 4382 Deum,
840 4332 1004 4387 prope
1042 4331 1134 4381 es;
1163 4313 1321 4369 odisti
1359 4312 1523 4369 Deum
1544 4354 1559 4380 ,
1588 4311 1744 4382 longe
1768 4326 1847 4367 es.
1874 4310 1993 4367 Uno

408 4411 529 4465 luco
567 4419 712 4463 stans
732 4449 746 4474 ,
780 4417 833 4461 et
871 4423 1035 4477 prope
1062 4421 1150 4473 es,
1181 4413 1235 4461 et
1268 4404 1426 4475 longe
1461 4418 1539 4459 es.
1570 4404 1739 4473 Ergo,
1772 4401 1991 4469 fratres,

410 4503 648 4571 reSpexit
683 4500 781 4553 ista
826 4498 1088 4568 Propheta
1132 4514 1145 4552 :
1181 4512 1482 4567 quanquam
1524 4496 1823 4564 generalem
1865 4494 1998 4547 vidit

410 4591 829 4648 misericordiam
858 4590 951 4646 Dei
982 4604 1142 4658 super
1171 4602 1385 4649 omnes;
1423 4596 1597 4639 tamen
1637 4584 1832 4653 aliquid
1870 4598 1995 4652 spe—

408 4684 546 4738 ciale
581 4691 636 4737 et
680 4681 950 4751 proprium
980 4679 1113 4733 vidit
1148 4678 1199 4731 in
1234 4685 1392 4746 gente
1427 4675 1606 4729 Judzcn
1629 4716 1642 4740 ,
1675 4684 1727 4729 et
1756 4674 1860 4739 ait,
1898 4672 1995 4728 Ve-

409 4784 707 4827 rumtamen.
735 4773 954 4826 Audiam
978 4769 1100 4841 quid
1124 4770 1348 4837 loquetur
1376 4768 1426 4820 in
1455 4784 1529 4819 me
1560 4766 1801 4818 Dominus
1828 4763 1998 4831 Deus;

408 4867 647 4938 quoniam
672 4866 899 4935 loquetur
919 4878 1092 4933 pacem
1112 4862 1162 4913 in
1184 4858 1375 4929 plebem
1394 4873 1539 4910 suam
1559 4874 1575 4909 :
1592 4866 1641 4909 et
1666 4855 1813 4925 plebs
1834 4853 2000 4922 ipsius

409 4975 519 5014 non
547 4958 729 5014 Judzea
758 4956 869 5011 sola
895 4956 1033 5021 erit,
1063 4952 1155 5007 sed
1187 4951 1253 5005 de
1291 4950 1537 5004 omnibus
1573 4946 1820 5019 gentibus
1846 4946 2000 5001 colli-

408 5065 600 5124 getur;
622 5053 739 5120 quia
762 5066 911 5119 super
935 5056 1132 5101 sanctos
1156 5060 1272 5098 suos
1294 5044 1520 5113 loquetur
1545 5056 1736 5110 pacem,
1768 5048 1814 5092 et
1838 5038 1891 5091 in
1918 5053 2000 5093 eos

409 5145 499 5213 qui
525 5148 813 5196 convertunt
842 5155 927 5192 cor
953 5138 1018 5191 ad
1056 5137 1251 5205 ipsum,
1286 5142 1338 5187 et
1365 5147 1551 5186 omnes
1576 5130 1663 5199 qui
1695 5127 2000 5184 conversari

411 5243 541 5289 sunt
564 5249 656 5287 cor
684 5231 751 5286 ad
790 5231 960 5300 ipsum
982 5230 1003 5260 '
1033 5226 1100 5282 de
1139 5225 1281 5280 omni
1310 5223 1439 5278 orbe
1470 5230 1752 5277 terrarum.
1790 5218 2002 5271 Verum-

411 5339 582 5381 tamen
620 5342 775 5396 prope
812 5330 1036 5377 timentes
1071 5335 1183 5373 eum
1213 5317 1437 5372 salutare
1464 5315 1622 5386 ipsius
1641 5354 1653 5373 ,
1686 5321 1736 5365 ut
1765 5310 2005 5365 inhabitet

413 5421 582 5492 gloria
607 5420 658 5471 in
689 5427 823 5472 terra
848 5423 1023 5469 nostra
1050 5430 1068 5467 :
1097 5411 1149 5466 id
1173 5418 1275 5477 est,
1306 5410 1358 5464 in
1384 5424 1446 5464 ea
1476 5417 1615 5463 terra
1644 5408 1694 5461 in
1722 5421 1824 5476 qua
1852 5412 2005 5458 natus

412 5521 534 5567 erat
562 5508 823 5578 Pr0pheta
841 5547 856 5574 ,
884 5505 1143 5560 inhabitet
1172 5500 1340 5574 gloria
1369 5499 1572 5569 major;
1601 5497 1724 5568 quia
1751 5494 1874 5551 inde
1898 5507 2008 5549 ete-

486 5689 500 5719 ι
537 5688 609 5735 sic
634 5694 738 5734 Mss.
766 5690 821 5733 At
844 5682 974 5739 mih,
1000 5680 1120 5743 ipse.
1544 5735 1553 5743 θ
1852 5730 1861 5740 _

483 5751 502 5781 ³
540 5748 765 5810 Plerique
785 5752 889 5795 Mss.
918 5736 1160 5800 omittunt,
1186 5746 1230 5790 et
1274 5751 1432 5789 omnes
1471 5736 1553 5800 qui
1589 5736 1876 5785 conversari.
1902 5736 2008 5781 sunt

416 5824 504 5862 cor
528 5810 591 5860 ad
616 5808 789 5871 ipsum.

1436 359 1830 414 ENAllllA'l'lO
1869 359 1933 414 lN
1974 358 2293 421 PSALMUM
2333 366 2615 423 LXXXIV.

3527 386 3663 443 l078

2087 474 2162 566 pit
2190 477 2465 545 przedicari
2490 482 2505 512 ⁸
2532 480 2795 538 Christus.
2824 483 2951 541 lude
2978 486 3221 558 Apostoli
3242 532 3256 556 ,
3285 500 3338 548 et
3365 493 3489 549 illuc
3517 498 3664 566 prius

2084 564 2230 621 missi
2258 584 2272 621 :
2300 568 2422 623 inde
2446 570 2756 642 Prophetas,
2789 574 2859 631 ibi
2886 572 3058 647 primo
3087 581 3370 651 templum,
3399 583 3468 645 ibi
3498 564 3665 642 sacri—

2087 652 2339 712 ficabatur
2366 659 2496 726 Deo,
2526 661 2596 716 ibi
2630 663 2970 736 Patriarchte,
3004 669 3075 725 ibi
3103 670 3219 742 ipse
3246 675 3404 729 etiam
3433 679 3575 733 venit
3599 680 3669 736 de

2085 746 2565 841 semineAbrahze,
2595 753 2665 809 ibi
2693 758 3055 816 manifestatus
3080 772 3162 818 est
3189 761 3451 832 Christus,
3480 769 3551 824 ibi
3576 786 3666 841 ap-

2087 840 2260 931 paruit
2281 839 2525 899 Christus
2551 862 2564 899 :
2595 845 2718 904 inde
2746 849 2887 904 enim
2914 852 3064 923 virgo
3091 853 3254 918 Maria
3272 897 3290 924 ,
3317 874 3434 928 qua:
3463 839 3673 931 peperit

2085 930 2377 987 Christum.
2413 934 2488 990 lbi
2526 936 2815 993 ambulavit
2862 941 3083 1010 pedibus
3122 947 3268 1013 suis,
3300 948 3371 1004 ibi
3407 930 3660 1009 mirabilis

2085 1020 2231 1077 fecit.
2259 1023 2538 1082 Postremo
2568 1036 2770 1085 tantum
2802 1032 3059 1088 honorem
3092 1036 3165 1089 illi
3192 1039 3335 1108 genti
3366 1040 3584 1111 detulit,
3614 1056 3666 1102 ut

2087 1130 2208 1170 cum
2235 1132 2358 1173 eum
2386 1120 2750 1191 interpellaret
2774 1126 3016 1194 qutedam
3046 1130 3236 1185 mulier
3259 1130 3557 1191 Chanantea
3585 1153 3672 1192 sa-
3702 1156 3713 1173 δ

2088 1206 2250 1262 lutem
2275 1225 2522 1279 quierens
2548 1212 2668 1268 lilia:
2696 1229 2806 1269 suze
2824 1256 2840 1282 ,
2867 1215 3059 1272 dixerit
3086 1219 3133 1274 ei
3164 1237 3178 1274 :
3210 1220 3331 1276 Non
3356 1240 3466 1279 sum
3490 1228 3672 1283 missus

2086 1300 2184 1353 nisi
2215 1301 2283 1353 ad
2316 1318 2428 1357 oves
2465 1320 2578 1374 quae
2617 1307 2872 1374 perierunt
2912 1309 3090 1365 domus
3128 1309 3290 1368 Israel
3319 1298 3543 1386 (Matth.
3577 1336 3669 1388 xv,

2085 1388 2198 1461 24).
2227 1391 2338 1447 Hoc
2362 1408 2490 1465 ergo
2518 1395 2702 1451 videns
2728 1398 3011 1469 Propheta,
3034 1402 3106 1456 ait
3131 1420 3144 1456 :
3177 1402 3528 1462 Verumtamen
3553 1426 3673 1478 pro-

2086 1499 2148 1551 pe
2185 1483 2410 1539 timentes
2446 1502 2560 1542 eum
2594 1488 2816 1543 salutare
2848 1490 3038 1562 ipsius,
3066 1504 3120 1547 ut
3152 1495 3394 1551 inhabitet
3430 1499 3593 1569 gloria
3621 1501 3673 1554 in

2087 1583 2219 1628 terra
2248 1586 2439 1633 nostra.

2158 1666 2225 1720 12
2270 1663 2418 1738 [vers.
2442 1671 2462 1723 1
2483 1670 2496 1722 Ι
2576 1670 2925 1728 Misericordia
2943 1686 2991 1729 et
3010 1678 3190 1732 veritas
3210 1690 3532 1736 occurrerunt
3555 1686 3667 1738 sibi.

2089 1754 2297 1812 Veritas
2324 1759 2375 1812 in
2408 1768 2546 1814 terra
2578 1772 2756 1817 nostra
2786 1779 2851 1820 ex
2880 1781 3104 1836 persona
3139 1769 3440 1827 Judaaorum
3460 1814 3475 1841 ,
3508 1776 3672 1831 mise-

2088 1845 2309 1902 ricordia
2332 1848 2383 1903 in
2407 1858 2543 1905 terra
2566 1852 2836 1911 Gentium.
2862 1856 3068 1914 Veritas
3091 1862 3231 1916 enim
3257 1863 3382 1918 ubi?
3406 1864 3501 1921 Ubi
3522 1878 3673 1924 erant

2087 1940 2293 2010 eloquia
2321 1941 2438 1997 Dei.
2470 1944 2832 2003 Misericordia
2868 1950 2990 2006 ubi?
3020 1951 3075 2007 in
3116 1953 3219 2009 illis
3245 1956 3334 2026 qui
3364 1957 3673 2015 dimiserant

2091 2030 2252 2085 Deum
2290 2046 2443 2088 suum
2464 2074 2479 2099 ,
2507 2047 2561 2091 et
2598 2049 2970 2097 converterant
2998 2058 3055 2098 se
3087 2044 3151 2098 ad
3192 2045 3475 2102 daemonia.
3508 2049 3673 2105 Num-

2088 2122 2210 2191 quid
2238 2133 2294 2180 et
2321 2125 2466 2195 ipsos
2495 2125 2775 2199 despexit?
2803 2132 3082 2201 Quomodo
3108 2136 3152 2191 si
3180 2138 3380 2196 diceret
3410 2158 3423 2195 :
3452 2140 3591 2197 Voca
3620 2154 3674 2199 et

2088 2214 2217 2270 istos
2254 2215 2409 2288 longe
2446 2218 2726 2290 fugitivos,
2756 2225 2847 2295 qui
2883 2227 3105 2283 multum
3131 2244 3161 2282 a
3192 2245 3276 2286 me
3304 2243 3668 2301 recesserunt;

2088 2320 2235 2372 voca,
2267 2307 2536 2366 inveniant
2564 2328 2647 2368 me
2675 2325 3000 2384 quaerentem
3030 2334 3106 2384 se,
3139 2321 3259 2391 quia
3289 2322 3390 2392 ipsi
3418 2325 3669 2381 uolebant

2096 2349 2235 2372 ...ν-η
2267 2349 2536 2366 ,ιυωι-ιιιη
2564 2349 2646 2368 mu
2675 2349 3000 2384 quwlcutcul
3030 2349 3106 2384 ac,
3139 2349 3259 2391 qum
3289 2349 3390 2392 ιμδι
3418 2349 3669 2381 ιιυιθυῑιιιι

2086 2413 2326 2466 quaerere
2359 2416 2463 2456 me.
2496 2403 2655 2473 Ergo,
2689 2404 3038 2462 Misericordia
3066 2420 3115 2464 et
3143 2412 3323 2467 veritas
3351 2349 3895 2502 οεευννεναηιᾴν

2086 2490 2219 2553 sibi;
2238 2492 2441 2560 justitia
2466 2504 2514 2547 et
2543 2511 2647 2564 pax
2678 2498 2916 2552 osculata:
2940 2510 3059 2554 sunt
3085 2518 3155 2555 se.
3187 2502 3289 2557 Fac
3318 2482 3765 2581 justitiam..le

2088 2577 2304 2663 habebis
2337 2597 2555 2651 pacem;
2589 2595 2644 2638 ut
2681 2588 2987 2642 osculentur
3022 2604 3080 2644 se
3114 2591 3316 2657 justitia
3357 2601 3411 2647 et
3451 2609 3571 2663 pax.
3613 2564 3731 2663 Si

2086 2662 2227 2715 enim
2271 2678 2377 2717 non
2421 2666 2681 2722 amaveris
2716 2668 2972 2738 justitiam
2994 2712 3011 2737 ,
3047 2687 3230 2741 pacem
3268 2690 3371 2729 non
3402 2662 3622 2732 habebis
3654 2696 3669 2729 :

2086 2762 2266 2808 amant
2292 2757 2431 2808 enim
2463 2772 2522 2812 se
2549 2758 2658 2813 duo
2688 2759 2807 2825 ista,
2832 2761 3033 2829 justitia
3062 2773 3116 2820 et
3142 2780 3264 2834 pax,
3289 2774 3344 2823 et
3366 2769 3673 2825 osculantur

2086 2860 2176 2911 se;
2205 2854 2264 2899 ut
2290 2846 2376 2915 qui
2405 2846 2590 2903 fecerit
2621 2849 2880 2919 justitiam
2900 2895 2915 2919 ,
2949 2854 3185 2911 inveniat
3216 2872 3396 2927 pacem
3426 2858 3672 2917 osculan:

2090 2945 2193 2991 tem
2230 2936 2505 3006 justitiam.
2542 2940 2668 2995 Dus:
2707 2944 2891 2997 amica:
2930 2957 3083 3011 sunt;
3115 2956 3170 3002 tu
3200 2946 3337 3004 forte
3362 2964 3523 3004 unam
3552 2952 3669 3016 vis,

2088 3036 2141 3082 ct
2163 3027 2382 3082 alteram
2412 3044 2517 3084 non
2546 3029 2671 3086 facis
2700 3049 2712 3084 :
2742 3048 2897 3088 nemo
2921 3043 3003 3089 est
3026 3036 3164 3091 enim
3189 3038 3279 3108 qui
3304 3053 3406 3093 non
3438 3040 3548 3096 vult
3572 3056 3675 3111 pa.

2086 3133 2237 3185 cem;
2265 3119 2360 3176 sed
2387 3135 2491 3176 non
2521 3136 2711 3178 omnes
2737 3124 2917 3178 volunt
2942 3126 3149 3194 operari
3189 3126 3469 3196 justitiam.
3500 3130 3684 3189 luter-s

2088 3224 2213 3280 roga
2256 3224 2445 3266 omnes
2483 3213 2724 3269 homines
2758 3231 2771 3267 :
2808 3215 2898 3268 Vis
2938 3218 3160 3285 pacem?
3188 3214 3307 3275 Uno
3338 3236 3433 3276 ore
3460 3221 3553 3276 tibi
3584 3239 3670 3277 rc-

2088 3302 2313 3372 spondet
2340 3312 2507 3360 totum
2540 3321 2709 3376 genus
2738 3307 3021 3362 humanum
3055 3328 3068 3362 :
3098 3310 3237 3381 Opto
3256 3354 3271 3380 ,
3297 3313 3486 3384 cupio,
3517 3315 3639 3370 volo
3653 3352 3687 3381 ρ

2088 3408 2229 3448 amo.
2259 3396 2391 3449 Ama
2418 3405 2475 3452 et
2496 3397 2788 3467 justitiam;
2819 3400 2940 3469 quia
2968 3400 3087 3455 dua:
3110 3402 3295 3459 amicae
3321 3413 3447 3460 sunt
3469 3405 3685 3476 justitia

2089 3495 2144 3542 et
2163 3502 2299 3558 pax;
2321 3488 2449 3558 ipsae
2475 3502 2534 3544 se
2559 3490 2862 3545 osculantur
2886 3508 2898 3545 :
2926 3492 2969 3546 si
2990 3493 3219 3549 amicam.
3241 3497 3384 3564 pacis
3404 3512 3508 3551 non
3528 3512 3683 3552 ama-i

2088 3579 2250 3643 veris,
2280 3596 2384 3635 non
2417 3588 2467 3635 te
2493 3582 2689 3636 amabit
2720 3582 2832 3651 ipsa
2865 3598 2984 3653 pax,
3018 3600 3117 3641 nec
3145 3587 3323 3643 veniet
3347 3587 3412 3641 ad
3441 3596 3512 3643 te.
3535 3588 3675 3656 Quid

2090 3672 2231 3728 enim
2272 3688 2520 3744 magnum
2558 3682 2640 3729 est
2675 3672 2979 3731 desiderare
3023 3677 3243 3746 pacem?
3281 3677 3464 3747 Quivis
3502 3679 3686 3735 malus.

2091 3763 2360 3820 desiderat
2394 3779 2599 3835 pacem.
2629 3764 2776 3820 Bona
2802 3766 2944 3821 enim
2971 3781 3058 3821 res
3082 3775 3166 3822 est
3201 3783 3320 3837 pax.
3348 3768 3453 3825 Sed
3470 3768 3561 3825 {fac
3583 3768 3672 3840 ju-

2093 3855 2321 3922 stitiam;
2350 3855 2472 3927 quia
2504 3855 2708 3926 justitia
2743 3863 2798 3911 et
2836 3872 2938 3926 pax
2975 3872 3041 3912 se
3070 3859 3403 3923 osculantur,
3434 3876 3536 3916 non
3564 3862 3682 3916 liti.-

2093 3954 2238 4015 gaut.
2267 3946 2344 4001 'l‘u
2369 3962 2534 4016 quare
2557 3947 2870 4017 litigascum
2894 3947 3134 4015 justitia?
3163 3950 3297 4003 Ecce
3321 3951 3522 4019 justitia
3547 3951 3686 4008 dicit

2097 4038 2209 4101 tibi,
2238 4037 2313 4092 Ne
2340 4037 2559 4101 fureris;
2589 4047 2643 4092 et
2671 4052 2774 4091 non
2806 4037 2954 4093 audis
2982 4053 2997 4091 :
3026 4038 3103 4095 Ne
3129 4039 3429 4108 adulteres;
3459 4057 3564 4098 non
3595 4044 3687 4099 vis.

2096 4128 2278 4183 audire
2302 4145 2315 4181 :
2339 4128 2451 4182 Non
2475 4128 2636 4182 facias
2660 4129 2809 4184 alteri
2831 4130 2970 4200 quod
2997 4140 3051 4185 tu
3078 4131 3183 4201 pali
3210 4147 3312 4185 non
3338 4132 3439 4197 vis,
3468 4149 3571 4189 non
3597 4134 3681 4190 di-

2097 4235 2186 4277 eas
2210 4220 2361 4275 alteri
2389 4219 2527 4290 quod
2557 4228 2614 4276 et
2640 4220 2731 4277 tibi
2753 4222 2856 4277 dici
2888 4238 2991 4277 non
3012 4224 3110 4279 vis.
3139 4224 3387 4282 inimicus
3411 4243 3469 4281 es
3494 4228 3681 4282 amica:

2100 4329 2252 4381 IIICIP,
2280 4312 2408 4369 dicit
2432 4312 2523 4367 tibi
2554 4329 2684 4384 pax;
2715 4314 2839 4384 quid
2870 4329 2956 4370 me
2979 4316 3211 4385 quieris?
3240 4317 3425 4372 Amica
3454 4333 3569 4372 sum
3596 4319 3686 4387 ju.

2100 4407 2276 4473 stitiae,
2303 4421 2688 4477 quemcumque
2717 4406 2968 4461 invenero
2995 4408 3266 4463 inimicum
3301 4410 3485 4465 amicte
3523 4425 3685 4477 mete,

2103 4515 2205 4552 non
2236 4498 2301 4551 ad
2329 4497 2473 4551 illum
2503 4496 2717 4552 accedo.
2750 4496 2842 4551 Vis
2870 4512 2997 4568 ergo
3025 4498 3208 4553 venire
3232 4498 3296 4553 ad
3327 4499 3550 4568 pacem?
3577 4499 3691 4555 Fac

2097 4588 2375 4658 justitiam.
2398 4584 2521 4643 ldeo
2540 4586 2675 4639 alius
2695 4586 2928 4654 psalmus
2948 4586 3074 4641 dicit
3094 4587 3184 4641 tibi
3210 4605 3222 4641 :
3245 4586 3455 4641 Declina
3473 4604 3505 4641 a
3524 4588 3691 4654 malo,

2103 4691 2148 4734 et
2178 4683 2259 4751 [ac
2297 4679 2477 4732 bonum
2511 4678 2647 4748 (hoc
2676 4687 2758 4733 est
2786 4693 2965 4733 amare
2989 4677 3318 4752 justitiam);
3349 4688 3403 4736 et
3429 4694 3547 4734 cum
3575 4680 3691 4749 jam

2105 4770 2453 4826 declinaveris
2480 4785 2509 4823 a
2541 4769 2700 4833 malo,
2729 4777 2781 4823 et
2807 4766 2998 4824 feceris
3026 4768 3220 4824 bonum
3242 4811 3256 4834 ,
3283 4785 3450 4839 quaere
3475 4785 3646 4839 pacem
3667 4810 3682 4834 ,

2107 4873 2151 4917 et
2173 4878 2465 4935 persequere
2489 4877 2597 4915 eam
2625 4858 2796 4929 (Psal.
2820 4876 3004 4924 χχχιιι,
3034 4860 3142 4930 15).
3168 4859 3283 4913 Jam
3307 4860 3447 4914 enim
3471 4875 3573 4912 non
3595 4859 3686 4914 ditt

2108 4956 2248 5010 illam
2274 4968 2480 5023 quaeres
2500 4992 2519 5019 ,,
2544 4951 2666 5022 quia
2692 4960 2746 5005 et
2773 4950 2885 5020 ipsa
2912 4960 3153 5009 occurret
3183 4950 3271 5005 tibi
3290 4991 3310 5016 ,
3340 4961 3394 5005 ut
3420 4950 3691 5009 osculetur:

2104 5044 2382 5114 justitiam.

2182 5137 2267 5189 15.
2302 5134 2452 5206 [vers.
2483 5131 2596 5204 12.]
2637 5130 2828 5185 Veritas
2852 5130 2913 5183 de
2938 5140 3068 5182 terra
3092 5138 3202 5182 orta
3227 5139 3321 5195 est,
3343 5139 3388 5183 et
3405 5130 3606 5201 justitia
3632 5134 3695 5185 de

2108 5226 2231 5281 caelo
2275 5223 2551 5296 prospexit.
2591 5221 2789 5275 Veritas
2825 5220 2888 5273 de
2925 5229 3058 5273 terra
3084 5230 3193 5274 orta
3218 5230 3288 5275 est
3317 5238 3334 5275 :
3360 5222 3607 5277 Christus
3631 5224 3696 5277 de

2112 5318 2306 5373 femina
2336 5324 2491 5370 natus
2516 5320 2614 5367 est.
2653 5310 2845 5365 Veritas
2871 5314 2933 5364 de
2958 5319 3092 5364 terra
3126 5320 3235 5366 orta
3263 5323 3335 5366 est
3363 5329 3380 5366 :
3408 5313 3573 5368 Filius
3607 5315 3695 5367 Dei

2113 5410 2180 5465 de
2204 5422 2365 5462 carne
2391 5402 2665 5475 processit.
2693 5401 2828 5470 Quid
2854 5411 2937 5456 est
2961 5402 3197 5457 veritas?
3226 5402 3392 5458 Filius
3418 5404 3529 5459 Dei.
3563 5404 3698 5471 Quid

2114 5508 2195 5555 est
2224 5496 2402 5552 terra?
2430 5493 2585 5549 Caro.
2617 5493 2888 5563 Interroga
2928 5494 3069 5549 unde
3105 5504 3261 5550 natus
3300 5503 3382 5549 est
3418 5495 3663 5549 Christus
3683 5537 3699 5560 ,

2117 5600 2171 5645 et
2197 5587 2343 5642 vides
2370 5586 2489 5656 quia
2517 5585 2697 5639 veritas
2724 5584 2787 5639 de
2813 5594 2946 5639 terra
2972 5593 3084 5639 orta
3109 5594 3200 5640 est.
3229 5584 3333 5640 Sed
3366 5585 3480 5641 haec
3505 5585 3703 5643 veritas

2180 5724 2196 5753 ¹
2222 5723 2305 5833 sic
2327 5719 2541 5769 melioris
2564 5726 2689 5769 nota:
2716 5727 2817 5768 Mss.
2847 5717 3162 5779 Alii.quidam,
3181 5715 3473 5781 prop/icturi.
3498 5726 3554 5770 At
3570 5718 3701 5779 Editi,
3720 5771 3732 5777 _.

2180 5797 2221 5833 (ι’
2256 5796 2403 5833 imre.

2118 5796 2403 5845 pra'airare.
