4132 6506
413 743 473 804 ὢν

462 792 516 878 ι’

472 356 477 360 ’
541 361 678 419 1079

537 495 656 550 qua:
684 485 799 532 orta
823 483 908 532 est
929 474 998 530 de
1028 481 1188 535 terra.
1220 477 1332 528 erat
1359 479 1483 526 ante
1510 477 1727 534 terram,
1755 474 1810 522 et
1836 482 1933 538 per
1957 467 2124 536 ipsam

540 571 736 627 factum
775 577 858 624 est
895 568 1091 624 caelum
1133 576 1185 620 et
1209 573 1388 628 terra;
1429 561 1521 616 sed
1563 569 1619 615 ut
1650 559 1854 630 justitia
1893 557 1961 614 de
1993 557 2132 612 caelo

278 617 443 754 /,
516 664 903 754 )prospiceret,
935 659 987 714 id
1018 668 1129 722 est,
1162 665 1216 710 nt
1241 654 1657 725 justilicarcntur
1683 650 1929 706 homines
1952 648 2130 704 divina

271 779 397 883 »ιθ

332 887 533 1074 ἐν

496 731 728 827 ﬁgi-alia,
755 753 950 808 veritas
975 759 1094 806 nata
1119 757 1202 803 est
1226 747 1292 801 de
1319 746 1479 800 Maria
1501 745 1725 814 virgine;
1754 751 1811 798 ut
1834 748 2016 812 posset
2037 754 2132 812 pro

537 849 642 904 illis
665 838 1642 920 justiﬁeaWaet-iﬁcium,
1669 835 1990 892 sacriﬁcium
2014 848 2133 904 pas-

535 939 725 1026 sionisl
753 935 1069 993 sacriﬁcium
1097 933 1292 989 crucis.
1320 933 1385 988 Et
1408 931 1548 988 unde
1571 929 1790 986 oﬁ'erret
1811 928 2130 984 sacriﬁcium

537 1019 1264 1102 promisi
1288 1021 1626 1079 moreretur?
1651 1019 1794 1077 unde
1817 1028 1993 1076 autem
2016 1033 2135 1075 mo-

534 1131 766 1187 reretur,
794 1120 893 1176 nisi
920 1135 952 1175 a
980 1119 1133 1176 nobis
1170 1120 1438 1188 acciperet
1465 1116 1551 1172 ubi
1582 1115 1915 1172 moreretur?
1942 1113 1998 1169 ld
2027 1121 2127 1180 est,

535 1217 635 1272 nisi
665 1232 696 1271 a
722 1213 878 1270 nobis
903 1220 1140 1269 sumeret
1165 1225 1380 1266 carnem
1409 1208 1708 1274 mortalem,
1731 1206 1974 1262 Christus
1997 1205 2132 1260 mori

537 1323 641 1364 non
675 1314 893 1377 posset;
917 1303 1040 1375 quia
1067 1298 1302 1358 Verbum
1345 1316 1448 1356 non
1478 1299 1721 1364 moritur,
1747 1297 1998 1354 divinitas
2023 1311 2130 1351 non

535 1398 796 1463 moritur,
824 1395 1007 1452 Virtus
1045 1403 1100 1450 et
1133 1392 1401 1464 Sapientia
1447 1389 1539 1446 Dei
1578 1405 1684 1445 non
1712 1389 1956 1445 moritur.
1983 1387 2131 1456 Quo-

535 1489 698 1544 modo
724 1488 940 1544 oﬁ‘erret
964 1484 1283 1542 sacriﬁcium
1308 1479 1576 1538 victimam
1603 1481 1888 1536 salutarem
1908 1521 1926 1549 ,
1954 1479 2130 1535 sinon

536 1579 876 1636 moreretur?
903 1577 1170 1650 quomodo
1205 1584 1380 1630 autem
1421 1583 1754 1639 moreretur,
1786 1569 1886 1628 nisi
1915 1585 2130 1626 carnem

541 1673 822 1730 indueret?
850 1671 1119 1744 quomodo
1145 1684 1362 1726 carnem
1402 1668 1677 1733 indueret,
1710 1667 1809 1720 nisi
1840 1665 2036 1720 veritas
2063 1664 2133 1721 de

540 1775 682 1823 terra
705 1765 974 1822 oriretur?
1007 1761 1202 1819 Veritas
1229 1761 1291 1816 de
1319 1772 1451 1817 terra
1477 1771 1587 1815 orta
1621 1768 1727 1826 est,
1759 1768 1810 1814 et
1839 1757 2044 1830 justitia
2071 1757 2134 1812 de

539 1859 664 1917 owlo
695 1859 972 1929 prospexit.

613 1954 704 2009 M.
733 1952 1023 2008 Possumus
1053 1949 1178 2004 hinc
1204 1947 1382 2004 dicere
1411 1947 1634 2003 alterum
1663 1959 1896 2001 sensum.
1937 1941 2134 1998 Veritas

541 2045 606 2101 de
648 2053 781 2099 terra
821 2051 931 2096 orta
970 2050 1042 2096 est
1071 2056 1088 2096 :
1116 2038 1382 2096 confessio
1419 2037 1486 2093 ab
1525 2037 1758 2092 homine.
1795 2035 1963 2091 Homo
1991 2035 2131 2089 enim

542 2143 790 2207 peccator
814 2149 954 2190 eras.
983 2132 1027 2189 Ο
1055 2142 1193 2189 terra
1214 2174 1229 2198 ,
1261 2132 1348 2203 qni
1376 2130 1590 2202 quando
1619 2130 1881 2200 peccasti,
1909 2128 2130 2194 audisti,

542 2223 702 2284 Terra
731 2244 803 2294 es,
836 2226 960 2281 etin
987 2236 1173 2282 terram
1203 2225 1296 2280 ibis
1327 2222 1478 2297 (Gen.
1510 2239 1587 2287 ιιι,
1623 2223 1732 2295 l9),
1762 2224 1966 2278 oriatur
1988 2222 2056 2280 de
2084 2232 2135 2279 te

544 2320 774 2390 veritas,
801 2328 863 2376 ut
899 2317 1149 2390 respiciat
1183 2317 1252 2374 de
1286 2319 1423 2374 coelo
1459 2317 1685 2388 iustitia.
1717 2315 1999 2385 Quomodo
2024 2331 2053 2371 a
2084 2324 2136 2372 te

543 2413 715 2468 oritur
750 2410 947 2468 veritas
967 2452 983 2476 ,
1010 2425 1132 2466 cum
1173 2416 1228 2464 tu
1265 2418 1514 2479 peccator
1548 2408 1620 2462 sis
1641 2447 1656 2473 ,
1688 2422 1808 2462 cum
1840 2415 1895 2461 tu
1925 2405 2136 2476 iniquus

541 2505 656 2562 sis?
681 2503 948 2562 Conﬁtere
973 2511 1187 2575 peccata
1214 2509 1324 2570 tua,
1351 2509 1408 2558 et
1432 2501 1635 2556 orietur
1658 2498 1725 2555 de
1755 2509 1807 2554 te
1833 2498 2048 2554 veritas.
2077 2498 2132 2554 Si

541 2598 686 2655 enim
715 2611 836 2653 cum
863 2594 938 2651 sis
966 2594 1196 2666 iniquus,
1225 2593 1357 2649 dicis
1388 2601 1442 2648 te
1476 2592 1699 2663 justum,
1731 2589 1999 2662 quomodo
2026 2603 2054 2643 a
2084 2598 2136 2645 te

542 2689 741 2746 veritas
768 2688 1038 2746 oriretur?
1061 2687 1116 2744 Si
1155 2695 1332 2742 autem
1375 2700 1495 2740 cum
1539 2685 1613 2739 sis
1648 2685 1892 2755 iniquus,
1921 2682 2054 2738 dicis
2084 2691 2136 2738 te

543 2782 819 2853 iniquum;
847 2779 1026 2836 veritas
1054 2779 1118 2834 de
1142 2789 1274 2833 terra
1303 2787 1414 2832 orta
1452 2785 1544 2832 est.
1582 2775 1801 2832 Intende
1840 2775 1986 2830 illum
2026 2773 2134 2830 Pu-

543 2871 811 2929 blieanum
851 2871 1006 2941 longe
1040 2885 1068 2924 a
1098 2869 1368 2924 Pharisrco
1408 2868 1461 2923 in
1501 2867 1699 2936 templo
1737 2876 1976 2922 orantem
1998 2908 2014 2932 ,
2045 2865 2134 2937 qui

546 2979 718 3034 neque
745 2962 929 3018 oculos
953 2960 1020 3017 ad
1046 2961 1238 3018 coelum
1265 2958 1498 3015 audebat
1524 2958 1722 3024 levare,
1753 2956 1848 3013 sed
1873 2956 2136 3028 percutie-

545 3055 638 3110 bat
677 3061 864 3124 pectus
888 3067 1064 3117 suum,
1096 3049 1307 3116 dicens,
1339 3047 1580 3114 Domine,
1613 3047 1864 3120 propitius
1883 3056 1986 3102 esto
2010 3047 2136 3101 mihi

543 3145 794 3220 peccatori
819 3161 838 3200 :
861 3159 986 3201 ecce
1010 3143 1192 3199 ueritas
1218 3143 1281 3197 de
1305 3152 1437 3196 terra
1465 3149 1576 3196 orta
1599 3150 1692 3208 est,
1720 3139 1840 3212 quia
1866 3138 2135 3196 confessio

544 3248 885 3311 peccatorum
907 3236 976 3292 ab
999 3234 1215 3292 homine
1243 3234 1374 3290 facta
1404 3241 1506 3290 est.
1536 3231 1676 3302 Quid
1704 3246 1832 3304 ergo
1859 3231 2136 3302 sequitur?

544 3329 705 3384 Amen
732 3329 844 3383 dico
872 3327 1006 3383 vobis
1025 3369 1040 3393 ,
1069 3327 1187 3399 quia
1213 3325 1466 3380 descendit
1483 3325 1798 3397 justi/femus
1827 3323 2136 3380 Publicanus

544 3422 634 3476 ille
654 3421 816 3492 magis
841 3435 990 3490 quant
1019 3419 1106 3473 ille
1131 3417 1426 3473 Phoristeus
1449 3434 1467 3471 :
1487 3419 1604 3488 quia
1629 3421 1790 3471 omnis
1814 3418 1900 3489 qui
1922 3434 1974 3472 se
1997 3417 2138 3472 exal-

547 3519 652 3576 tat,
684 3509 1065 3573 humiliabitur;
1086 3518 1132 3563 et
1159 3509 1242 3579 qui
1265 3525 1316 3562 se
1345 3508 1576 3562 Itumiliat
1595 3549 1611 3576 ,
1640 3507 1943 3562 excitabitur
1971 3507 2132 3580 (Luc.

545 3618 696 3668 xvm,
728 3598 812 3667 l3,
845 3601 956 3673 li).
989 3599 1116 3654 Orta
1139 3608 1211 3655 est
1237 3601 1418 3655 ueritas
1442 3600 1506 3654 de
1531 3609 1684 3666 terra,
1717 3599 1770 3654 in
1799 3598 2136 3656 confessione

545 3702 920 3766 peccatorum;
946 3703 991 3748 et
1007 3693 1208 3765 justitia
1231 3692 1293 3746 de
1314 3693 1437 3746 caelo
1463 3692 1737 3764 prospexit,
1767 3700 1825 3747 ut
1847 3691 2138 3749 descende-

545 3793 630 3840 ret
661 3782 979 3854 justiﬁcatus
1018 3783 1336 3838 Publicanus
1371 3782 1462 3838 ille
1491 3783 1659 3854 magis
1685 3797 1842 3854 quam
1873 3782 1962 3838 ille
1991 3781 2135 3838 Pha-

544 3875 756 3932 risaaus.
804 3872 934 3928 Nam
985 3882 1042 3929 ut
1087 3873 1341 3930 noveritis
1387 3873 1511 3943 quia
1553 3872 1750 3928 veritas
1793 3870 2025 3943 pertinet
2068 3872 2134 3928 ad

544 3965 932 4023 confessionem
959 3973 1317 4033 peccatorum,
1340 3962 1415 4018 ait
1434 3962 1665 4018 Joannes
1686 3961 2009 4033 evangelista
2035 3977 2048 4016 :
2074 3961 2135 4017 Si

545 4057 824 4113 dixerimus
845 4057 964 4128 quia
993 4064 1252 4126 peccatum
1279 4071 1380 4110 non
1410 4053 1674 4116 habemus,
1702 4069 1793 4108 uos
1820 4053 1958 4125 ipsos
1981 4053 2134 4108 sedu-

547 4149 726 4216 eimus,
759 4159 803 4202 et
828 4148 1010 4202 veritas
1039 4147 1091 4201 in
1119 4146 1261 4202 nobis
1287 4155 1503 4202 nonest.
1535 4144 1813 4213 Quomodo
1841 4160 1968 4216 ergo
1993 4145 2133 4200 veri-

546 4249 630 4297 tas
653 4240 722 4296 de
747 4249 885 4296 terra
912 4239 1102 4304 oritur,
1124 4247 1183 4294 ut
1204 4238 1407 4309 justitia
1432 4237 1497 4293 de
1521 4239 1658 4293 coelo
1683 4237 1987 4307 prospiciat,
2011 4236 2133 4292 audi

547 4333 696 4391 illum
725 4339 1034 4404 sequentem
1064 4339 1119 4386 et
1143 4330 1405 4386 dicentem
1435 4347 1449 4383 :
1483 4329 1543 4384 Si
1568 4329 1899 4398 conﬁteantur
1932 4335 2135 4399 peccata

546 4433 720 4479 nostra
738 4463 752 4491 ,
779 4423 944 4493 ﬁdelis
972 4431 1045 4477 est
1071 4431 1118 4476 et
1143 4423 1316 4494 justus
1335 4461 1349 4486 ,
1377 4429 1431 4474 ut
1459 4421 1676 4474 remittat
1715 4419 1856 4474 nobis
1895 4428 2097 4490 peccata
2115 4458 2130 4487 ,

546 4522 596 4571 et
621 4523 799 4588 purget
824 4530 915 4570 nos
945 4511 1008 4568 ab
1036 4513 1174 4568 omni
1197 4512 1459 4584 iniquitate
1484 4512 1542 4580 (ι
1568 4511 1724 4566 Joan.
1757 4527 1792 4578 ι,
1823 4511 1878 4580 8,
1905 4510 1998 4584 9).
2037 4510 2134 4566 Ve-

547 4607 674 4663 ritas
695 4621 823 4677 ergo
847 4606 910 4661 de
934 4615 1064 4660 terra
1088 4614 1198 4660 orta
1221 4615 1313 4670 est,
1341 4613 1385 4658 et
1401 4601 1604 4675 justitia
1623 4604 1686 4658 de
1704 4605 1828 4658 cocto
1854 4601 2130 4674 prospexit.

548 4704 679 4773 Quae
690 4699 890 4776 iustitia
915 4700 976 4756 de
996 4700 1120 4755 caelo
1146 4698 1402 4770 prospexit
1419 4698 1444 4752 !
1462 4696 1732 4768 Tanquam
1757 4697 1846 4752 Dei
1869 4697 2093 4752 dicentis
2116 4715 2130 4752 :

547 4796 838 4852 Parcamus
866 4793 991 4848 huic
1020 4791 1256 4858 homini,
1285 4790 1407 4862 quia
1443 4790 1557 4861 ipse
1586 4789 1685 4844 sibi
1725 4805 1829 4844 non
1860 4789 2130 4860 pepercit;

547 4887 904 4958 ignoscamus,
935 4884 1054 4954 quia
1087 4883 1199 4952 ipse
1227 4881 1483 4952 agnoscit.
1511 4879 1810 4936 Conversus
1835 4889 1916 4935 est
1940 4879 2006 4935 ad
2033 4895 2133 4948 pu-

547 4976 797 5034 niendum
841 4983 1112 5046 peccatum
1153 4987 1343 5038 suum;
1373 4980 1655 5027 convertar
1681 4977 1736 5026 et
1771 4985 1871 5042 ego
1905 4970 1972 5026 ad
2010 4985 2132 5026 eum

547 5067 900 5123 liberandum.
957 5063 1152 5120 Veritas
1189 5063 1253 5118 de
1299 5072 1434 5118 terra
1470 5071 1581 5117 orta
1616 5071 1716 5128 est,
1754 5070 1801 5116 et
1833 5061 2039 5131 justitia
2071 5060 2136 5116 de

545 5161 672 5217 caelo
700 5161 976 5232 prospeait.

623 5250 712 5307 15.
742 5249 894 5324 [υεη.
919 5248 1031 5324 15.]
1055 5249 1260 5304 Etenim
1285 5245 1534 5304 Dominus
1560 5247 1700 5302 dabit
1739 5247 2056 5314 suavitatem,
2086 5254 2136 5300 et

551 5354 685 5399 terra
715 5349 890 5398 nostra
927 5340 1068 5396 dabit
1097 5343 1319 5412 fructum
1344 5357 1511 5396 suum.
1542 5338 1691 5396 Unus
1717 5353 1904 5394 versus
1931 5345 2131 5402 restat,

546 5443 674 5506 peto
697 5434 814 5491 sine
837 5433 996 5490 taedio
1024 5433 1093 5489 sit
1120 5432 1261 5504 quod
1287 5433 1524 5488 dicturus
1548 5446 1686 5486 sum.
1719 5429 1990 5485 Attendite
2019 5444 2134 5484 rem

550 5527 938 5592 necessariam,
990 5524 1180 5581 fratres
1220 5525 1361 5589 mei;
1389 5522 1673 5588 attendite,
1704 5521 1991 5591 percipite,
2038 5535 2131 5574 au-

549 5617 687 5677 ferte
709 5619 731 5652 ¹
760 5617 1031 5674 vobiscum
1054 5655 1069 5684 ,
1096 5625 1149 5672 et
1176 5629 1282 5670 non
1311 5615 1382 5671 sit
1408 5615 1564 5670 inane
1603 5627 1784 5668 semen
1814 5611 1908 5666 Dei
1939 5611 1990 5666 in
2017 5623 2136 5666 cor-

616 5733 633 5765 ι
667 5732 744 5782 sic
763 5737 872 5781 uss.
891 5736 948 5780 At
967 5729 1102 5792 Eadd,
1123 5727 1307 5792 oﬂ‘erri.

611 5795 634 5824 ³
665 5793 802 5856 Μὰ..
825 5795 961 5855 ferte.
1002 5785 1190 5854 Aliquot
1223 5797 1352 5851 Mss,
1392 5787 1576 5851 auferte
1605 5799 1622 5837 :
1647 5785 1852 5837 fortasse
1886 5797 1990 5849 pro,
2025 5797 2137 5835 con-

552 5857 684 5920 ferte.

1779 352 1837 406 S.
1881 351 2244 407 AL'GL‘S‘HN'I
2288 349 2584 407 EPISCOI’I

3695 376 3717 428 1
3728 373 3830 430 080

2237 467 2394 524 dibus
2419 471 2628 526 vestris.
2668 472 2864 530 Veritas
2882 515 2898 544 ,
2950 477 3140 548 inquit,
3168 481 3230 535 de
3259 489 3391 538 terra
3421 487 3531 540 orta
3558 497 3670 551 est,
3705 503 3832 545 con-

2238 560 2397 617 fessio
2422 574 2757 633 peccatorum
2788 568 2856 622 ab
2880 569 3128 637 homine;
3152 582 3198 626 et
3213 574 3419 642 justitia
3446 577 3510 630 de
3543 578 3682 633 σιειο
3706 596 3828 650 pro-

2235 654 2418 722 spexit,
2453 653 2503 708 id
2531 665 2632 724 est,
2662 671 2691 712 a
2722 659 2943 716 Domino
2973 661 3082 718 Deo
3111 663 3231 720 data
3261 673 3341 720 est
3361 665 3680 737 justiﬁcatio
3705 686 3832 726 con-

2237 747 2440 815 fitenti,
2470 757 2526 803 ut
2567 748 2680 818 ipse
2727 745 2981 822 agnoscat
3011 754 3206 826 impius
3254 758 3400 828 pium
3449 773 3510 815 se
3550 760 3673 816 ﬁeri
3727 778 3830 820 non

2235 849 2414 908 posse,
2439 841 2540 898 nisi
2565 842 2656 899 ille
2680 843 2867 900 fecerit
2887 848 2973 902 cui
2993 847 3276 904 conﬁtetur
3293 893 3308 917 ,
3336 851 3608 909 credendo
3631 855 3690 909 in
3711 871 3830 912 eum

2234 933 2322 1002 qui
2346 933 2598 1003 justiﬁcat
2618 935 2835 1008 impium
2863 938 3040 1009 (Rom.
3073 955 3146 1008 tv,
3176 941 3252 1013 5).
3305 941 3416 998 Tua
3447 959 3578 1015 ergo
3608 959 3828 1016 peccata

2234 1029 2387 1095 potes
2414 1025 2643 1094 habere;
2672 1027 2901 1085 fructum
2930 1031 3128 1087 bonum
3157 1049 3261 1088 non
3292 1034 3512 1092 habebis
3535 1080 3547 1099 ,
3585 1039 3694 1093 nisi
3739 1039 3830 1097 ille

2234 1115 2444 1172 dederit
2470 1118 2554 1174 cui
2578 1121 2868 1177 conﬁteris.
2923 1121 3048 1179 ideo
3073 1139 3193 1180 cmn
3233 1124 3487 1193 dixissct,
3529 1127 3732 1184 Veritas
3767 1132 3829 1186 de

2236 1217 2369 1263 terra
2394 1220 2505 1265 orta
2529 1220 2630 1277 est,
2663 1223 2708 1267 et
2743 1215 2943 1284 justitia
2975 1215 3040 1270 de
3058 1217 3182 1271 cutio
3227 1221 3530 1288 prospexit;
3559 1231 3820 1292 tanquam

2233 1299 2504 1358 diceretur
2543 1303 2590 1358 ei
2611 1341 2626 1370 ,
2659 1304 2794 1372 Quid
2823 1314 2906 1361 est
2932 1307 3072 1378 quod
3102 1307 3317 1378 dixisti,
3348 1309 3561 1365 Iustitia
3591 1314 3661 1367 de
3705 1316 3826 1368 ccelo

2237 1392 2534 1463 prospexit?
2561 1393 2782 1464 Etenim,
2824 1398 3015 1469 inquit,
3043 1399 3292 1456 Dominus
3318 1401 3456 1457 dabit
3486 1406 3825 1475 suavitatem,

2236 1494 2283 1539 et
2307 1497 2439 1540 terra
2463 1497 2636 1544 nostra
2665 1489 2805 1544 dabit
2829 1492 3052 1561 fructum
3078 1510 3244 1548 suum.
3275 1493 3383 1551 Nos
3411 1511 3540 1567 ergo
3571 1500 3827 1569 respicia-

2237 1592 2355 1632 mus
2403 1594 2531 1644 nos;
2583 1589 2638 1636 et
2665 1581 2708 1636 si
2742 1582 2869 1636 nihil
2898 1584 2947 1637 in
2980 1585 3135 1640 nobis
3162 1585 3522 1643 invenerimus
3551 1591 3658 1644 nisi
3709 1607 3828 1660 pec.

2235 1678 2350 1724 cata
2376 1709 2392 1736 ,
2433 1670 2703 1729 oderimus
2734 1684 2981 1744 peccata,
3035 1687 3089 1731 et
3130 1675 3498 1735 desideremus
3533 1681 3824 1751 justitiam.

2235 1759 2368 1815 Cum
2407 1762 2548 1817 enim
2601 1765 2923 1834 coeperimus
2975 1765 3150 1822 odisse
3191 1779 3440 1838 peccata,
3493 1770 3608 1840 jam
3655 1771 3826 1842 ipsum

2235 1853 2415 1908 odium
2461 1866 2797 1924 peccatorum
2849 1858 3050 1914 similes
3094 1874 3196 1914 uos
3251 1861 3432 1932 incipit
3457 1861 3641 1918 facere
3682 1863 3824 1931 Deo;

2235 1945 2356 2014 quia
2380 1945 2481 2001 hoc
2499 1945 2710 2002 odimus
2733 1947 2875 2018 quod
2901 1949 3014 2004 odit
3039 1960 3092 2005 et
3125 1951 3285 2006 Deus.
3319 1950 3450 2007 Cum
3481 1968 3615 2026 ergo
3640 1966 3825 2026 cmpe-

2238 2036 2313 2091 ris
2337 2036 2514 2092 odisse
2541 2047 2755 2108 peccata
2781 2048 2837 2094 et
2877 2040 3116 2096 conﬁteri
3166 2041 3274 2098 Deo
3295 2085 3308 2110 ,
3343 2058 3463 2098 cum
3506 2055 3560 2101 te
3590 2045 3824 2101 delecta-

2239 2129 2412 2185 tiones
2438 2129 2634 2186 illicita:
2663 2132 2875 2198 rapiunt
2902 2142 2955 2189 et
3006 2133 3208 2189 ducunt
3235 2135 3302 2189 ad
3345 2151 3406 2191 ea
3450 2153 3574 2207 quae
3603 2137 3698 2192 tibi
3726 2153 3826 2193 non

2240 2230 2500 2292 prosunt,
2548 2222 2839 2293 ingetnisce
2864 2225 2927 2278 ad
2960 2223 3126 2280 Deum
3154 2244 3168 2281 :
3200 2235 3256 2282 et
3282 2227 3543 2283 conﬁtens
3573 2229 3652 2284 illi
3704 2243 3824 2298 pec-

2236 2324 2352 2370 cata
2383 2323 2469 2370 tua
2494 2357 2509 2383 ,
2537 2317 2830 2372 merebcris
2853 2317 2920 2372 ab
2949 2317 3037 2373 illo
3075 2318 3482 2377 delectationem
3503 2363 3520 2389 ,
3567 2331 3624 2377 et
3655 2323 3825 2378 suavi-

2238 2413 2399 2461 tatem
2423 2406 2641 2476 justitia:
2671 2405 2928 2464 facienda:
2953 2409 3100 2465 dabit
3128 2410 3253 2479 tibi,
3286 2420 3343 2467 ut
3389 2411 3613 2484 incipiat
3663 2422 3715 2469 te
3737 2413 3825 2470 de.

2238 2496 2436 2553 lectare
2478 2497 2682 2568 justitia
2704 2541 2719 2565 ,
2748 2514 2906 2570 quem
2937 2499 3107 2570 primo
3135 2500 3434 2559 delectabat
3455 2503 3743 2574 iniquitas;
3774 2512 3826 2560 ut

2235 2587 2328 2658 qui
2358 2588 2530 2658 primo
2557 2589 2824 2660 gaudebas
2851 2592 2904 2646 in
2927 2592 3184 2649 ebrietate
3203 2635 3218 2660 ,
3270 2593 3501 2667 gaudeas
3531 2596 3590 2651 in
3623 2596 3825 2653 sobrie-

2239 2687 2346 2735 tate
2367 2695 2382 2746 ;
2405 2686 2460 2735 et
2483 2685 2571 2751 qui
2597 2682 2768 2751 primo
2787 2682 3054 2753 gaudebas
3079 2685 3148 2741 de
3177 2684 3329 2741 furtis
3354 2726 3370 2754 ,
3402 2695 3459 2743 ut
3481 2688 3708 2745 tolleres
3733 2689 3822 2744 ho-

2237 2772 2364 2828 mini
2393 2774 2534 2843 quod
2563 2789 2668 2830 non
2697 2774 2930 2832 habebas
2955 2818 2971 2846 ,
3000 2792 3209 2847 quaeras
3236 2777 3441 2836 donare
3468 2797 3579 2837 non
3612 2781 3820 2838 habenti

2237 2865 2378 2934 quod
2406 2864 2672 2932 habebas;
2719 2875 2774 2922 et
2817 2883 2973 2938 quem
2999 2869 3301 2926 delectabat
3334 2887 3526 2943 rapere
3551 2917 3566 2942 ,
3600 2874 3820 2930 delectet

2236 2954 2466 3022 donare;
2499 2972 2656 3026 quem
2697 2957 2992 3014 delectabat
3037 2968 3312 3031 spectare,
3362 2963 3596 3020 delectet
3641 2980 3816 3030 orare;

2237 3063 2397 3123 quem
2422 3051 2757 3108 delectabant
2779 3054 2986 3110 cantica
3004 3056 3277 3126 nugatoria
3298 3064 3354 3113 et
3376 3057 3698 3124 adulterina,
3728 3058 3819 3114 de-

2237 3145 2398 3202 lectet
2425 3145 2677 3217 hymnum
2722 3147 2900 3204 dicere
2947 3148 3093 3214 Deo;
3123 3164 3339 3206 currere
3386 3151 3453 3206 ad
3503 3153 3816 3218 ecclesiam,

2237 3237 2327 3308 qui
2355 3238 2526 3309 primo
2550 3237 2802 3294 currebas
2844 3239 2912 3294 ad
2953 3239 3238 3296 theatrum.
3285 3240 3438 3298 Unde
3465 3252 3590 3297 nata
3616 3251 3699 3298 est
3725 3243 3816 3296 ista

2237 3329 2492 3395 suavitas,
2521 3329 2622 3384 nisi
2650 3330 2771 3402 quia
2803 3329 3049 3386 Dominus
3086 3332 3225 3387 dabit
3261 3334 3582 3398 suavitatem,
3616 3344 3662 3388 et
3691 3342 3816 3387 terra

2238 3431 2411 3475 nostra
2431 3421 2569 3475 dabit
2608 3423 2826 3492 fructum
2849 3423 3034 3478 suum?
3085 3422 3224 3480 Ecce
3265 3424 3409 3479 enim
3460 3424 3641 3480 videte
3685 3422 3816 3495 quod

2237 3512 2358 3569 dico
2388 3531 2401 3567 :
2434 3528 2560 3570 ecce
2589 3514 2748 3570 locuti
2797 3529 2981 3570 sumus
3018 3514 3168 3570 vobis
3193 3515 3412 3571 verbum
3457 3516 3594 3583 Dei,
3640 3531 3814 3571 semen

2238 3609 2530 3680 sparsimus
2553 3607 2758 3665 devotis
2784 3608 3067 3674 cordibus,
3117 3617 3368 3679 tanquam
3409 3610 3616 3666 sulcata
3668 3609 3816 3664 inve-

2240 3700 2450 3755 nientes
2477 3709 2690 3770 pectora
2715 3709 2888 3754 vestra
2920 3709 3095 3754 aratro
3116 3699 3506 3768 confessionis;
3540 3700 3816 3757 devotione

2237 3803 2294 3848 et
2344 3791 2639 3848 intentione
2667 3792 2978 3863 suscepistis
3003 3808 3221 3859 semen,
3268 3793 3496 3865 cogitate
3544 3794 3613 3850 de
3660 3791 3813 3849 verbo

2237 3883 2378 3956 quod
2399 3884 2652 3953 audistis,
2687 3893 2932 3956 tanquam
2961 3885 3142 3952 glebas
3179 3885 3513 3956 frangentes,
3544 3901 3614 3942 ne
3640 3897 3815 3941 semen

2237 3978 2447 4048 rapiant
2473 3975 2734 4044 volatilia,
2769 3985 2827 4032 ut
2852 3977 3018 4047 possit
3067 3977 3136 4032 ibi
3162 3979 3464 4049 germinare
3492 3977 3636 4050 quod
3658 3977 3812 4034 semi-

2237 4078 2418 4126 natum
2473 4079 2555 4127 est
2582 4087 2597 4136 ;
2627 4081 2682 4127 et
2684 4070 2981 4144 Meus
3008 4069 3233 4140 pluerit,
3263 4071 3398 4144 qtp'd
3419 4069 3813 4144 prodeuuod

2237 4165 2565 4232 seminatur?
2607 4147 3185 4226 HoWnus
3225 4147 3742 4232 dabWterT,
3771 4178 3810 4217 et

2228 4228 2379 4311 ἦ.πῖ
2397 4263 2568 4310 nostra
2605 4255 2744 4308 dabit
2769 4257 2992 4328 fructum
3011 4269 3182 4308 suum.
3210 4253 3302 4310 Ille
3330 4256 3472 4310 enim
3494 4228 3810 4311 visitationi-

2236 4345 2340 4403 bus
2365 4347 2476 4402 suis
2508 4347 2549 4413 ί,
2581 4345 2634 4401 in
2660 4346 2770 4401 otio
2793 4387 2809 4414 ,
2839 4345 2891 4400 in
2920 4347 3153 4418 negotio,
3198 4347 3250 4401 in
3272 4346 3453 4415 domo,
3481 4349 3534 4404 in
3563 4350 3730 4415 lecto,
3763 4346 3811 4399 in

2236 4439 2514 4505 convivio,
2561 4439 2613 4493 in
2643 4439 3018 4506 collocatione,
3073 4439 3125 4495 in
3162 4439 3594 4498 deambulatione
3644 4439 3813 4494 visitet

2237 4529 2398 4586 corda
2425 4539 2597 4586 vestra
2618 4571 2633 4597 ,
2663 4529 2753 4585 ubi
2783 4545 2880 4584 nos
2900 4546 3004 4585 non
3031 4545 3237 4587 sumus.
3271 4530 3460 4586 Veniat
3484 4533 3658 4588 imber
3687 4527 3808 4595 Dei,

2236 4630 2294 4679 et
2314 4623 2593 4680 fructiﬁcet
2621 4622 2764 4695 quod
2787 4623 2858 4680 ibi
2880 4623 3198 4679 seminatum
3244 4631 3360 4690 est;
3391 4633 3445 4681 et
3465 4625 3553 4681 ubi
3595 4640 3700 4679 non
3729 4636 3810 4678 su-

2238 4729 2358 4771 mus
2404 4730 2530 4780 nos,
2580 4723 2636 4770 et
2681 4714 2854 4771 securi
2883 4715 3240 4786 quiescimus,
3288 4723 3380 4770 aut
3407 4715 3549 4772 aliud
3583 4715 3806 4786 agimus,

2239 4807 2380 4863 Deus
2404 4806 2493 4862 det
2523 4806 2906 4862 incrementum
2934 4807 3226 4862 seminibus
3267 4823 3386 4878 quae
3406 4809 3730 4878 sparsimus,
3757 4812 3809 4857 ut

2237 4897 2574 4954 attendentes
2603 4905 2786 4968 postea
2810 4896 2982 4954 bonos
3024 4913 3205 4954 mores
3251 4909 3491 4966 vestros,
3541 4903 3698 4956 etiam
3748 4893 3808 4949 de

2238 4988 2409 5046 fructu
2455 4989 2814 5060 gaudeamus:
2847 4989 3099 5056 Quoniam
3147 4991 3398 5046 Dominus
3427 4993 3565 5047 dabit
3591 4989 3804 5046 suavita-

2237 5091 2356 5147 tem,
2386 5091 2434 5135 et
2460 5092 2598 5135 terra
2619 5091 2789 5136 nostra
2818 5083 2955 5136 dabit
2981 5086 3204 5153 fructum
3223 5099 3391 5138 suum.

2311 5173 2397 5231 16.
2427 5173 2576 5249 [vers.
2607 5173 2720 5248 14.]
2747 5172 2955 5228 Iustitia
2981 5184 3099 5229 ante
3117 5191 3228 5229 eum
3249 5175 3475 5246 prteibit,
3503 5185 3549 5230 et
3593 5179 3735 5245 ponet
3759 5168 3807 5220 in

2237 5268 2318 5322 via
2346 5283 2546 5339 gressus
2559 5283 2694 5322 suos.
2722 5263 2932 5320 Iustitia
2952 5265 3036 5319 illa
3058 5275 3144 5320 est
3164 5279 3281 5335 qum
3303 5276 3386 5320 est
3409 5265 3458 5320 in
3487 5261 3806 5321 confessione

2242 5369 2578 5432 peccatorum
2611 5357 2846 5414 :veritas
2874 5357 3017 5411 enim
3051 5358 3162 5426 ipsa
3189 5366 3290 5418 est.
3335 5355 3515 5431 Justus
3542 5357 3680 5412 enim
3721 5349 3804 5404 de-

2239 5452 2336 5518 bes
2357 5466 2475 5507 esse
2500 5452 2552 5505 iu
2576 5458 2659 5516 te,
2699 5457 2758 5502 ut
2781 5448 2968 5518 punias
2998 5456 3052 5502 te
3078 5464 3093 5500 :
3123 5450 3236 5517 ipsa
3265 5456 3349 5502 est
3386 5448 3552 5517 prima
3584 5437 3803 5500 hominis

2238 5534 2584 5614 im
2607 5538 2795 5610 punias
2822 5549 2875 5595 te
2901 5539 3098 5594 malum
3120 5579 3136 5606 ,
3183 5547 3240 5594 et
3284 5538 3442 5594 faciat
3469 5549 3518 5595 te
3547 5540 3682 5594 Deus
3709 5534 3796 5588 b0-

2242 5649 2390 5690 num.
2415 5633 2548 5701 Quia
2575 5647 2704 5702 ergo
2730 5630 2842 5703 ipsa
2869 5640 2952 5687 est
2977 5630 3149 5702 prima
3179 5629 3410 5688 hominis
3432 5631 3634 5703 iustitia
3655 5669 3671 5694 ,
3700 5625 3801 5692 ipsa

2243 5728 2302 5783 ﬁt
2327 5727 2410 5782 via
2441 5727 2584 5792 Deo,
2614 5734 2670 5780 ut
2689 5724 2868 5780 veniat
2891 5724 2958 5778 ad
2998 5732 3052 5779 te
3081 5723 3224 5778 Deus
3253 5741 3269 5778 :
3302 5723 3374 5779 ibi
3420 5725 3492 5780 illi
3523 5724 3599 5779 fac
3646 5719 3771 5775 viam

2309 5845 2325 5876 ί
2362 5841 2548 5904 Aliquot
2569 5848 2694 5900 Mss,
2710 5835 3132 5905 jttsti/icatt'onibus
3149 5835 3262 5890 suis.

3821 5222 4000 5342 (te

3842 5307 3971 5418 Et?
