4132 6448
356 418 383 472 ί
394 416 501 473 081

352 531 413 585 in
441 526 772 586 confessione
807 532 1164 595 peccatorum.
1198 520 1320 575 Ideo
1349 530 1400 575 et
1441 520 1674 574 Joannes
1701 533 1820 573 cum
1846 516 1939 570 ba-

353 622 583 691 ptizaret
607 619 657 671 in
689 632 829 686 aqua
863 610 1190 685 pteniteutiue
1215 655 1230 678 ,
1281 621 1335 667 et
1359 610 1518 666 vellet
1542 609 1608 665 ad
1650 625 1708 665 se
1761 608 1948 662 venire

350 714 678 783 praenitentes
700 708 773 763 de
792 708 902 761 suis
932 705 1197 772 prioribus
1220 702 1393 768 factis,
1428 702 1531 757 hoc
1551 701 1764 756 dicebat
1794 717 1806 755 :
1833 698 1945 753 Pa-

345 816 471 860 rate
484 806 614 857 viam
637 801 878 865 Domino,
908 808 1072 853 rectas
1096 796 1247 869 facite
1266 796 1469 851 semitas
1490 796 1599 866 ejus
1624 793 1832 865 (Matth.
1867 809 1944 859 ιιι,

348 896 442 966 3).
472 894 722 951 Placebas
746 893 837 947 tibi
862 893 913 946 in
940 891 1173 960 peccatis
1205 889 1342 955 luis,
1376 904 1408 941 o
1434 887 1594 942 homo
1620 903 1634 953 ;
1669 885 1948 955 displiceat

344 992 457 1047 tibi
481 989 621 1060 quod
649 1003 767 1043 eras
788 1029 802 1052 ,
837 994 893 1039 ut
917 984 1092 1055 possis
1127 998 1247 1037 esse
1272 981 1412 1052 quod
1441 995 1544 1035 non
1584 994 1724 1035 eras.
1759 977 1949 1032 Parate

343 1085 493 1139 viam
524 1081 777 1137 Domino:
824 1077 1086 1149 praecedat
1118 1076 1218 1130 ista
1260 1073 1461 1144 iustitia
1485 1115 1500 1137 ,
1553 1083 1608 1127 ιιι
1642 1070 1948 1126 conﬁtearis

344 1182 577 1245 peccata
612 1191 625 1226 :
654 1170 830 1226 veniet
851 1170 938 1224 ille
985 1177 1038 1222 et
1066 1166 1299 1221 visitabit
1338 1174 1389 1219 te
1411 1207 1425 1229 ,
1450 1164 1569 1234 quia
1620 1171 1770 1233 ponet
1796 1163 1845 1215 in
1868 1162 1947 1215 via

344 1283 561 1337 gressus
585 1278 733 1327 suos;
773 1270 856 1316 est
882 1259 1023 1315 enim
1050 1259 1159 1328 jam
1192 1256 1277 1312 ubi
1321 1265 1481 1327 ponat
1522 1268 1738 1325 gressus
1783 1267 1941 1318 suos,

344 1366 443 1413 est
471 1355 559 1410 ubi
598 1353 662 1408 ad
698 1362 750 1408 te
794 1352 989 1406 veniat.
1039 1352 1177 1404 Ante
1219 1357 1396 1402 autem
1428 1362 1585 1417 quam
1613 1344 1947 1400 coxiﬁtereris

345 1458 610 1521 peccata,
643 1446 1021 1501 intercluseras
1045 1443 1110 1498 ad
1136 1452 1185 1498 te
1212 1442 1352 1495 viam
1395 1441 1522 1505 Dei;
1558 1456 1661 1493 non
1700 1446 1815 1493 erat
1844 1454 1945 1509 qua

347 1541 426 1595 ad
460 1550 509 1596 te
536 1539 761 1594 veniret.
802 1535 1073 1591 Conﬁtere
1121 1534 1281 1587 vitam
1305 1574 1319 1598 ,
1371 1540 1426 1586 et
1454 1530 1631 1599 aperis
1659 1530 1835 1593 viam;
1892 1538 1946 1582 et

348 1632 538 1688 veniet
563 1631 802 1686 Christus
825 1670 839 1693 ,
874 1636 922 1681 et
950 1635 1099 1698 ponet
1120 1626 1172 1678 in
1201 1625 1279 1678 via
1304 1639 1503 1696 gressus
1525 1638 1661 1687 suos,
1688 1630 1744 1675 ut
1784 1630 1834 1675 te
1860 1621 1943 1674 in-

349 1726 559 1781 formet
583 1722 816 1793 vestigiis
844 1721 977 1775 suis.

360 1845 1927 1875 __________.___.____.__———-—————

632 1964 635 1967 λ
719 1935 795 1996 1N
845 1928 1223 1994 PSALMUM
1264 1924 1563 1988 LXXXV

946 2051 1033 2107 EN
1040 2047 1357 2105 ABRATIO.

998 2182 1168 2224 εειιιιο
1208 2165 1307 2235 (a).

442 2298 491 2350 l.
525 2292 733 2349 Nullum
763 2287 935 2358 majus
960 2286 1157 2339 donum
1190 2288 1440 2353 praestare
1471 2286 1652 2350 posset
1673 2276 1813 2332 Deus
1839 2275 1943 2330 ho-

355 2390 597 2445 minibus
617 2428 631 2449 ,
661 2399 818 2455 quam
851 2390 904 2435 ut
933 2378 1164 2433 Verbum
1208 2390 1363 2430 suum
1410 2388 1505 2444 per
1540 2370 1681 2443 quod
1707 2369 1944 2425 condidit

351 2481 541 2536 omnia
560 2521 576 2545 ,
603 2477 804 2532 iaceret
832 2472 935 2528 illis
963 2478 1121 2540 caput
1141 2511 1155 2534 ,
1185 2476 1237 2522 et
1264 2465 1382 2521 illos
1412 2465 1460 2519 ei
1492 2473 1741 2534 tanquam
1766 2477 1940 2516 mem-

348 2576 457 2629 bra
482 2575 785 2641 coaptaret;
817 2573 875 2621 ut
900 2573 1040 2618 esset
1064 2560 1231 2615 Filius
1275 2558 1369 2613 Dei
1409 2565 1464 2612 et
1500 2554 1637 2609 ﬁlius
1667 2553 1899 2609 hominis
1920 2592 1935 2619 ,

352 2682 502 2724 unus
534 2664 671 2719 Deus
697 2676 819 2717 cum
861 2658 1019 2712 Patre
1040 2698 1053 2722 ,
1088 2669 1223 2707 unus
1251 2651 1412 2705 homo
1441 2664 1562 2704 cum
1592 2645 1896 2702 hominibus
1922 2662 1934 2697 :

347 2769 416 2815 ut
444 2767 498 2814 et
524 2753 736 2827 quando
765 2750 1032 2820 loquimur
1071 2744 1137 2801 ad
1170 2745 1335 2799 Deum
1389 2741 1773 2809 deprecantes,
1830 2751 1937 2790 non

346 2848 479 2906 inde
504 2848 696 2905 Filium
725 2853 1063 2912 separemus;
1114 2845 1168 2891 et
1191 2832 1402 2905 quando
1449 2839 1696 2902 precatur
1743 2842 1937 2897 corpus

344 2940 513 3006 Filii,
542 2955 647 2994 non
673 2953 703 2990 a
734 2952 793 2989 se
819 2940 1031 3003 separet
1049 2934 1209 2999 caput
1232 2939 1384 2981 suum
1410 2941 1424 2990 ;
1454 2922 1627 2991 sitque
1651 2920 1764 2989 ipse
1796 2933 1934 2973 unus

351 3035 592 3090 salvator
617 3027 857 3100 corporis
900 3024 980 3079 sui
1012 3021 1265 3077 Dominus
1291 3025 1473 3073 noster
1498 3015 1650 3070 Jesus
1680 3011 1929 3066 Christus

346 3123 520 3179 Filius
541 3120 634 3176 Dei
660 3162 676 3186 ,
728 3116 817 3188 qui
845 3122 899 3170 et
924 3123 1038 3168 oret
1082 3125 1175 3181 pro
1203 3105 1386 3172 nobis,
1434 3115 1487 3161 et
1515 3112 1631 3159 oret
1657 3102 1710 3156 in
1739 3100 1893 3155 nobis
1915 3142 1928 3165 ,

340 3227 407 3272 et
430 3224 610 3271 oretur
641 3229 673 3267 a
704 3208 878 3265 nobis.
905 3208 1034 3262 Orat
1063 3220 1155 3274 pro
1181 3201 1356 3264 nobis,
1380 3210 1436 3252 ut
1462 3196 1712 3253 sacerdos
1731 3202 1931 3259 uoster;

341 3318 469 3365 orat
491 3307 542 3361 in
564 3302 754 3370 nobis,
787 3310 845 3354 ut
874 3306 1032 3367 caput
1073 3304 1312 3349 nostrttm
1338 3332 1352 3358 ,
1383 3298 1565 3344 oratur
1591 3303 1619 3341 a
1662 3286 1839 3348 nobis,
1874 3292 1931 3337 ut

344 3402 492 3455 Deus
516 3406 718 3453 noster.
770 3393 1135 3463 Aguoscamus
1180 3399 1309 3456 ergo
1360 3391 1415 3438 et
1450 3382 1501 3435 in
1530 3380 1621 3434 illo
1648 3391 1804 3433 voces
1835 3390 1932 3430 no.

341 3503 520 3555 stras,
551 3498 605 3543 et
647 3499 809 3540 voces
830 3482 944 3552 ejus
975 3481 1028 3535 in
1058 3479 1231 3534 nobis.
1275 3475 1457 3546 Neque
1486 3488 1604 3527 cum
1631 3469 1824 3541 aliquid
1853 3468 1933 3522 di~

339 3583 487 3639 citur
510 3581 576 3635 de
606 3576 830 3633 Domino
851 3574 976 3630 Jesu
1001 3571 1242 3636 Christo,
1272 3567 1501 3622 maxime
1532 3565 1582 3619 in
1608 3562 1886 3635 prophetia
1912 3602 1928 3629 ,

340 3672 489 3745 quod
514 3670 774 3743 pertineat
802 3665 948 3721 velut
974 3663 1040 3717 ad
1083 3660 1367 3732 quamdam
1397 3655 1756 3711 humilitatem
1788 3653 1929 3707 indi.

341 3743 504 3836 gnam
528 3764 668 3827 Deo,
696 3758 1002 3815 dubitemus
1028 3768 1145 3809 eam
1173 3752 1248 3807 illi
1280 3750 1513 3804 tribuere
1534 3790 1548 3815 ,
1577 3746 1663 3817 qui
1690 3760 1795 3799 non
1832 3743 1931 3798 du-

338 3853 535 3911 bitavit
560 3868 619 3908 se
640 3850 793 3907 nobis
820 3847 1131 3917 adiungere.
1163 3843 1225 3897 Ei
1246 3842 1441 3912 quippe
1470 3839 1636 3895 servit
1678 3836 1928 3892 universa

337 3954 611 4011 creatura,
635 3942 756 4013 quia
785 3955 879 4011 per
909 3939 1079 4008 ipsum
1105 3935 1243 3989 facta
1270 3939 1353 3988 est
1382 3931 1627 3986 universa
1664 3937 1925 3983 creatura.

341 4038 415 4093 Et
442 4044 724 4107 propterea
742 4074 756 4097 ,
784 4046 903 4087 cum
942 4029 1056 4098 ejus
1084 4025 1462 4080 sublimitatem
1491 4020 1928 4088 divinitatemquc

342 4128 623 4184 intuemur
646 4166 661 4189 ,
693 4120 904 4194 quando
934 4118 1173 4173 audimus
1198 4159 1212 4183 ,
1264 4114 1333 4169 In
1379 4112 1626 4183 principio
1656 4118 1763 4164 erat
1803 4108 1927 4164 Ver-

337 4222 463 4278 bum
484 4263 499 4289 ,
526 4229 571 4275 et
607 4217 824 4273 Verbum
849 4222 953 4268 erat
976 4210 1114 4283 apud
1141 4209 1333 4273 Deum,
1381 4216 1430 4262 et
1472 4205 1606 4259 Deus
1655 4212 1762 4257 erat
1797 4200 1925 4256 Ver-

338 4314 483 4369 bum.
515 4310 627 4365 Hoc
683 4307 872 4363 eratin
914 4301 1162 4375 principio
1202 4299 1338 4371 apud
1388 4298 1571 4352 Deum.
1625 4293 1809 4349 Omnia
1837 4308 1928 4364 per

337 4404 513 4474 ipsum
559 4406 695 4474 facta
724 4407 838 4454 sunt
862 4440 876 4463 ,
921 4406 964 4449 ct
993 4395 1100 4450 sine
1129 4394 1237 4462 ipso
1259 4392 1446 4461 factum
1473 4398 1544 4443 est
1585 4387 1713 4441 nihil
1744 4384 1921 4455 (Joan.

337 4491 577 4562 1,1-3);
627 4490 896 4544 intuentes
923 4484 1060 4539 lianc
1108 4491 1161 4538 et
1190 4476 1827 4551 supereminentissimam
1872 4482 1927 4529 et

336 4581 691 4640 excedentem
724 4577 900 4633 omnia
932 4583 1295 4630 creaturarum
1320 4569 1564 4625 sublimia
1590 4567 1922 4622 divinitatem

342 4674 466 4729 Filii
493 4672 623 4738 Dei,
668 4669 916 4724 audimus
955 4667 1114 4722 etiam
1145 4665 1196 4718 in
1228 4663 1401 4733 aliqua
1433 4668 1582 4730 parte
1608 4658 1922 4728 Scriptura-

338 4780 463 4822 rum
487 4763 629 4817 velut
649 4771 977 4833 gementem,
1011 4765 1252 4811 orantem
1278 4794 1292 4821 ,
1316 4753 1690 4817 conﬁtentem;
1721 4759 1777 4805 et
1822 4749 1923 4804 du-

340 4857 577 4912 bitamus
601 4853 652 4908 ei
681 4852 912 4906 tribuere
936 4849 1097 4903 verba
1131 4846 1243 4901 haec
1266 4888 1280 4912 ,
1331 4860 1397 4901 ex
1446 4858 1511 4897 co
1538 4841 1679 4913 quod
1723 4839 1924 4911 cogita-

341 4948 419 5003 tio
448 4954 631 5000 nostra
655 4943 722 4998 de
753 4941 949 4996 recenti
977 4939 1094 5009 ejus
1117 4935 1565 5005 contemplatione
1587 4948 1705 5004 quae
1726 4939 1842 4987 erat
1870 4931 1921 4986 in

338 5038 643 5101 divinitate,
673 5032 924 5106 pigrescit
948 5030 1275 5086 descendere
1301 5029 1364 5083 ad
1391 5027 1506 5097 ejus
1535 5024 1921 5090 humilitatem;

338 5142 397 5187 et
436 5141 684 5200 tanquam
714 5126 870 5182 iaciat
899 5125 972 5179 illi
1000 5122 1245 5193 injuriam
1268 5160 1284 5187 ,
1317 5120 1360 5173 si
1387 5118 1503 5189 ejus
1522 5118 1685 5173 verba
1731 5118 1783 5170 in
1825 5118 1923 5170 Ito-

342 5225 489 5280 mine
513 5228 795 5293 agnoscat,
828 5216 893 5272 ad
920 5231 1075 5287 quem
1105 5213 1265 5269 verba
1286 5210 1551 5281 dirigebat
1595 5224 1714 5263 cum
1760 5208 1923 5261 Deum

339 5315 723 5385 deprecaretur
745 5351 759 5375 ,
808 5310 976 5362 lueret
1004 5306 1314 5376 plerumque
1334 5343 1348 5367 ,
1384 5310 1439 5355 et
1465 5311 1688 5355 conatur
1716 5308 1924 5353 mutare

342 5404 691 5469 sententiam;
718 5410 772 5455 et
794 5414 898 5454 non
916 5398 966 5453 ei
994 5395 1290 5451 occurritiu
1316 5393 1613 5462 Scriptura,
1656 5390 1754 5444 nisi
1783 5388 1925 5459 quod

342 5496 407 5551 ad
436 5496 605 5566 ipsum
636 5497 911 5555 recurrat,
941 5496 996 5543 et
1025 5487 1089 5542 ab
1128 5486 1220 5541 illo
1244 5484 1458 5539 deviare
1479 5498 1584 5537 non
1616 5481 1773 5535 sinat.
1822 5480 1925 5534 Ex-

342 5587 667 5658 pergiscatur
691 5597 857 5654 ergo,
885 5589 939 5636 et
962 5578 1175 5649 evigilet
1212 5577 1264 5631 in
1318 5573 1423 5630 ﬁde
1473 5588 1603 5639 sua;
1650 5583 1704 5627 et
1751 5571 1927 5629 videat

342 5677 459 5749 quia
500 5677 589 5733 ille
616 5690 779 5747 quem
811 5668 1272 5739 contemplabatur
1300 5666 1455 5738 paulo
1483 5673 1607 5721 ante
1648 5664 1700 5719 in
1753 5663 1924 5719 forma

390 5838 461 5901 (α)
486 5837 548 5886 Ad
564 5831 837 5901 plebemin
862 5826 1115 5901 pervigilio
1136 5824 1473 5887 solemnitatis,
1498 5822 1621 5875 forte
1636 5830 1678 5872 δ.
1695 5822 1926 5885 Cypriani,

329 5909 377 5955 et
395 5889 526 5967 apud
560 5889 909 5957 Carthaginem
940 5889 1140 5938 habitus.

1397 405 1791 461 ENAliliA'I’lO
1830 404 1895 458 IN
1937 404 2256 463 PSALMUM
2300 411 2562 467 LXXXV.

3512 425 3644 478 HK?

2067 519 2194 588 Dei,
2229 522 2451 578 formam
2501 525 2641 580 serti
2689 528 2925 597 accepit,
2978 529 3031 582 in
3072 528 3423 586 similitudine
3469 532 3643 588 homi-

2061 629 2186 667 ntnn
2220 613 2413 679 iactus,
2443 623 2497 670 et
2523 614 2704 670 habitu
2744 619 2987 672 inventus
3019 629 3075 673 ut
3107 619 3294 685 homo,
3345 621 3643 678 humiliavit

2059 719 2118 761 se
2145 708 2312 761 iactus
2333 706 2586 763 obediens
2605 724 2771 778 usque
2788 710 2853 765 ad
2874 720 3100 767 mortem
3124 712 3381 784 (Philipp.
3406 731 3463 781 ιι,
3492 716 3633 781 5—3);

2058 808 2113 856 et
2146 800 2309 855 verba
2342 801 2532 855 Psalmi
2562 802 2726 856 voluit
2754 818 2874 858 esse
2901 819 2994 858 sua
3018 846 3033 869 ,
3087 804 3142 859 in
3172 821 3331 861 cruce
3358 807 3594 876 pendens
3619 850 3631 872 ,

2057 903 2111 949 et
2136 893 2318 948 dicens
2346 912 2359 947 :
2396 893 2529 948 Deus
2551 911 2721 958 meus,
2752 893 2889 950 Deus
2910 912 3081 962 meus,
3108 898 3287 967 utquid
3329 915 3407 952 me
3450 898 3633 954 dereli-

2056 987 2206 1057 quisti
2227 983 2395 1059 (Psal.
2425 1002 2535 1052 xxi,
2566 985 2622 1056 2)
2644 987 2667 1039 ?
2691 987 2885 1040 Oratur
2912 1001 3043 1057 ergo
3068 988 3122 1041 in
3149 987 3313 1042 forma
3348 989 3477 1054 Dei,
3521 1001 3639 1044 orat

2056 1078 2108 1132 in
2136 1076 2304 1131 forma
2326 1077 2466 1131 servi
2496 1094 2511 1129 :
2545 1076 2615 1131 ibi
2636 1076 2891 1146 Creator,
2923 1076 3009 1131 hic
3029 1087 3238 1134 creatus
3264 1083 3301 1143 ¹,
3330 1091 3630 1136 creaturam

2056 1170 2359 1224 mutandam
2388 1184 2492 1225 non
2539 1178 2773 1225 mutatus
2792 1184 3069 1225 assumens
3088 1212 3102 1236 ,
3150 1181 3203 1226 et
3229 1187 3408 1226 secum
3438 1190 3534 1227 nos
3564 1173 3636 1229 l‘a-

2052 1263 2200 1317 ciens
2240 1279 2400 1317 unum
2429 1262 2720 1329 hominem,
2753 1271 2914 1334 caput
2938 1273 2991 1318 et
3011 1278 3223 1335 corpus.
3256 1264 3482 1320 Oramus
3504 1282 3632 1337 ergo

2052 1355 2119 1410 ad
2146 1356 2327 1419 illum,
2359 1372 2454 1427 per
2474 1356 2622 1411 illum
2645 1398 2660 1423 ,
2691 1356 2744 1410 in
2774 1356 2866 1411 illo
2898 1375 2909 1410 :
2940 1367 2994 1411 et
3023 1357 3249 1413 dicimus
3278 1373 3397 1414 cum
3427 1360 3515 1414 illo
3537 1401 3550 1422 ,
3577 1370 3631 1414 et

2052 1447 2180 1501 dicit
2202 1447 2512 1511 uobiscum;
2538 1446 2767 1502 dicimus
2796 1447 2848 1502 in
2878 1448 2969 1503 illo
2990 1490 3004 1514 ,
3035 1448 3163 1503 dicit
3188 1449 3240 1503 in
3264 1450 3420 1504 nobis
3447 1451 3631 1520 psalmi

2053 1539 2211 1610 hujus
2238 1540 2537 1594 orationem
2560 1579 2574 1603 ,
2603 1540 2690 1610 qui
2718 1540 3037 1603 intitulatur,
3073 1538 3252 1594 Oratio
3278 1540 3468 1595 David.
3500 1541 3633 1609 Quia

2054 1633 2309 1688 Dominus
2334 1641 2516 1688 noster
2540 1632 2831 1688 secundum
2861 1648 3074 1688 carnem
3108 1632 3247 1687 ﬁlius
3283 1633 3447 1688 David
3483 1653 3498 1689 :
3541 1650 3631 1690 se-

2049 1725 2280 1780 cundum
2311 1740 2440 1781 vero
2464 1725 2796 1780 divinitatem
2831 1725 3085 1779 Dominus
3113 1724 3274 1780 David
3298 1768 3312 1792 ,
3340 1733 3393 1780 et
3420 1735 3632 1780 creator

2050 1816 2246 1882 David;
2275 1825 2329 1873 et
2354 1831 2456 1871 non
2487 1816 2661 1871 solum
2707 1826 2831 1871 ante
2883 1815 3044 1870 David
3067 1857 3081 1881 ,
3110 1815 3203 1870 sed
3226 1824 3279 1871 et
3306 1827 3430 1871 ante
3465 1816 3632 1872 Abra-

2050 1911 2195 1977 ham,
2219 1926 2285 1967 ex
2311 1926 2416 1982 quo
2435 1910 2628 1975 David;
2655 1911 2747 1965 sed
2778 1920 2829 1964 et
2859 1918 2983 1964 ante
3014 1910 3204 1976 Adam,
3229 1924 3296 1964 ex
3316 1924 3421 1979 quo
3446 1925 3632 1965 onmes

2051 2002 2332 2069 homines;
2364 2003 2460 2060 sed
2482 2012 2533 2057 et
2564 2012 2687 2057 ante
2708 2003 2901 2057 emlum
2925 2012 2977 2057 et
3004 2012 3221 2069 terram,
3246 2002 3296 2055 in
3326 2018 3433 2073 quo
3459 2003 3632 2057 omnis

2048 2105 2290 2150 creatura
2320 2104 2421 2149 est.
2445 2094 2613 2149 Nemo
2641 2110 2768 2164 ergo
2795 2110 2915 2149 cum
2945 2092 3097 2147 audit
3119 2093 3233 2149 haec
3258 2094 3442 2157 verba,
3465 2094 3627 2159 dicat,

2048 2186 2166 2242 Non
2190 2186 2433 2241 Christus
2463 2186 2626 2251 dicit;
2659 2196 2750 2239 aut
2778 2201 2963 2240 rursus
2993 2184 3164 2253 dicat,
3209 2184 3323 2241 Non
3352 2200 3450 2256 ego
3475 2185 3627 2240 dico:

2048 2277 2156 2333 imo
2178 2277 2221 2332 si
2247 2292 2305 2333 se
2332 2278 2383 2331 in
2413 2275 2612 2331 Christi
2641 2291 2864 2345 corpore
2907 2276 3179 2346 agnoscit,
3231 2285 3515 2348 utrumque
3542 2276 3626 2332 di-

2047 2381 2132 2428 cat
2152 2415 2167 2440 ,
2201 2379 2275 2435 et,
2302 2369 2546 2426 Christus
2567 2369 2722 2436 dicit,
2754 2379 2834 2436 et,
2867 2370 2977 2439 Ego
3005 2368 3145 2424 dico.
3175 2367 3295 2423 Noli
3325 2369 3523 2440 aliquid
3551 2369 3631 2424 di-

2047 2479 2170 2519 cere
2196 2462 2311 2518 sine
2337 2463 2455 2527 illo,
2488 2470 2541 2515 et
2568 2476 2671 2515 non
2722 2459 2850 2513 dicit
2898 2459 3096 2528 aliquid
3136 2460 3252 2513 sine
3282 2470 3332 2514 te
3357 2461 3400 2509 ².
3446 2458 3631 2515 Nonne

2047 2555 2305 2610 habemus
2327 2554 2379 2607 in
2420 2551 2746 2622 Evangelia?
2790 2550 2888 2607 Ubi
2940 2559 3087 2604 certe
3113 2549 3365 2619 scriptum
3397 2558 3517 2611 est,
3560 2549 3628 2603 In

2048 2647 2294 2719 principio
2320 2653 2427 2699 erat
2457 2643 2672 2698 Verbum
2695 2685 2709 2707 ,
2757 2653 2804 2696 et
2858 2641 3075 2696 Verbum
3122 2652 3229 2694 erat
3267 2642 3405 2712 apud
3438 2642 3625 2708 Deum,

2045 2748 2092 2793 et
2121 2737 2257 2792 Deus
2282 2745 2391 2790 erat
2423 2733 2656 2789 Verbum.
2689 2734 2875 2787 Omnia
2901 2750 2990 2804 per
3009 2734 3175 2803 ipsum
3199 2732 3335 2802 facta
3358 2745 3511 2797 siml;
3556 2733 3625 2787 ibi

2042 2837 2189 2885 certe
2216 2827 2513 2890 habemus,
2562 2827 2628 2881 Et
2674 2825 3023 2881 contristatus
3067 2832 3151 2879 est
3200 2823 3361 2879 Jesus
3413 2823 3623 2895 (Matth.

2040 2938 2193 2987 xxvr,
2226 2919 2339 2990 '58),
2363 2927 2418 2975 et
2438 2917 2688 2988 fatigatus
2706 2926 2787 2972 est
2812 2916 2969 2971 Jesus
2991 2914 3171 2987 (Joan.
3213 2930 3283 2974 tv,
3315 2913 3391 2985 6),
3422 2927 3473 2969 et
3498 2914 3625 2969 dor-

2042 3016 2190 3069 mivit
2218 3015 2373 3069 Jesus
2405 3012 2615 3085 (Matth.
2644 3026 2757 3076 vtn,
2786 3009 2897 3083 24),
2930 3019 2982 3065 et
3008 3009 3231 3065 esurivit
3264 3007 3372 3081 (Id.
3398 3025 3467 3075 tv,
3490 3008 3546 3079 2)
3573 3019 3625 3063 et

2039 3106 2377 3163 sitivitJesus
2404 3104 2584 3176 (Ioan.
2614 3120 2687 3170 tv,
2715 3105 2745 3157 7
2773 3119 2786 3167 ;
2837 3112 2885 3156 et
2913 3118 3001 3156 XIX
3025 3144 3039 3169 ,
3081 3099 3175 3173 28)
3197 3142 3213 3167 ,
3245 3110 3298 3155 et
3317 3101 3487 3155 oravit
3507 3141 3522 3166 ,
3572 3109 3623 3156 et

2039 3198 2437 3272 pernoctavitin
2466 3196 2668 3251 orando
2694 3196 2869 3250 Jesus.
2900 3192 3259 3258 Pernoctabat,
3294 3193 3483 3263 inquit.
3527 3193 3623 3247 Je-

2036 3309 2122 3347 sua
2142 3289 2293 3362 (Luc.
2328 3305 2412 3355 vt,
2442 3286 2569 3359 19.),
2603 3296 2649 3340 et
2686 3286 2938 3356 perstabat
2969 3284 2991 3314 ³
3014 3285 3068 3337 in
3120 3283 3313 3338 orando
3333 3298 3351 3347 ;
3394 3293 3441 3337 et
3490 3284 3624 3354 globi

2034 3385 2293 3458 sanguinis
2314 3381 2638 3436 decurrebant
2655 3397 2742 3450 per
2760 3395 2943 3449 corpus
2968 3379 3076 3449 ejus
3097 3375 3206 3448 (Id.
3238 3391 3369 3441 xx",
3393 3376 3481 3440 45,
3504 3376 3619 3448 44).

2036 3476 2173 3544 Quid
2204 3472 2555 3544 ostendebat,
2598 3469 2810 3542 quando
2855 3484 2949 3539 per
2977 3482 3173 3538 corpus
3220 3467 3423 3522 orantis
3474 3466 3620 3544 globi
3647 3474 3700 3535 κ

2036 3484 2173 3544 Quid
2204 3484 2555 3536 ostendebat,
2598 3484 2810 3542 quando
2855 3484 2949 3539 per
2977 3484 3173 3538 corpus
3220 3484 3423 3522 orantis
3490 3484 3619 3521 'IODI

2036 3484 3619 3638 anguimquod

2035 3670 2115 3715 est

2103 3750 2155 3804 2.
2184 3749 2332 3822 [t-ers.
2363 3745 2438 3819 1.]
2466 3739 3159 3811 [Wa
3186 3751 3343 3807 tuam,
3370 3752 3414 3793 et
3435 3740 3619 3794 exaudi

2035 3860 2130 3897 me.
2155 3841 2247 3895 llle
2278 3857 2344 3895 ex
2371 3839 2539 3893 forma
2566 3837 2702 3891 servi
2726 3836 2885 3899 dicit;
2920 3844 2995 3898 tu,
3026 3848 3200 3899 serve,
3232 3833 3283 3886 in
3312 3831 3478 3886 forma
3512 3832 3615 3884 Do.

2034 3936 2162 3992 mini
2187 3935 2258 3989 tui
2286 3954 2298 3987 :
2332 3932 2553 3993 lnclina,
2585 3930 2801 3985 Domine
2828 3968 2843 3995 ,
2877 3944 3049 3981 aurem
3076 3937 3232 3979 tuam.
3265 3925 3489 3979 Inclinat
3518 3939 3613 3977 au-

2032 4044 2166 4096 rem,
2195 4028 2239 4082 si
2263 4037 2317 4082 tu
2358 4041 2463 4080 non
2502 4025 2673 4092 erigas
2702 4022 3001 4075 cervicem:
3033 4017 3312 4072 humiliato
3339 4015 3481 4071 enim
3521 4031 3616 4086 ap-

2034 4122 2382 4192 pr0pinquat;
2416 4116 2484 4171 ab
2531 4114 2764 4169 exaltato
2814 4113 2972 4182 longe
3002 4108 3256 4174 discedit,
3305 4107 3405 4161 nisi
3455 4122 3613 4177 quem

2032 4213 2145 4284 ipse
2174 4209 2508 4265 humiliatum
2538 4204 2874 4262 exaltaverit.
2904 4203 3127 4258 lnelinat
3169 4215 3298 4269 ergo
3327 4197 3468 4253 Deus
3515 4214 3612 4252 au-

2031 4318 2143 4360 rem
2178 4318 2327 4358 suam
2367 4299 2434 4355 ad
2464 4313 2583 4353 nos.
2627 4298 2720 4352 llle
2740 4295 2883 4352 enim
2931 4307 3145 4347 sursum
3177 4300 3260 4346 est
3280 4332 3296 4355 ,
3325 4304 3424 4344 nos
3453 4288 3613 4344 deor-

2029 4411 2149 4452 sum
2176 4413 2190 4461 ;
2215 4395 2306 4449 ille
2334 4393 2386 4448 in
2414 4389 2729 4454 altitudine,
2779 4401 2876 4442 nos
2917 4387 2969 4440 in
2993 4383 3316 4448 humilitate,
3370 4381 3464 4437 sed
3506 4396 3613 4436 non

2028 4487 2222 4543 relicti.
2255 4504 2273 4537 ι
2309 4483 2555 4541 Ostendit
2588 4503 2605 4534 ι
2655 4480 2799 4537 enim
2834 4498 2853 4531 ι
2888 4478 3228 4533 dilectionem
3280 4490 3432 4530 suam
3474 4476 3614 4529 Deus

2029 4580 2083 4635 in
2114 4577 2268 4634 nobis
2298 4594 2312 4629 :
2355 4575 2554 4632 etenim
2601 4589 2722 4629 cum
2763 4570 2936 4626 adhuc
2965 4577 3276 4639 peccatores
3322 4580 3572 4622 essemus
3596 4607 3611 4630 ,

2029 4670 2277 4726 Christus
2307 4682 2404 4738 pro
2445 4665 2598 4721 nobis
2644 4670 2887 4718 mortuus
2932 4669 3033 4714 est.
3063 4659 3161 4712 Vix
3210 4658 3353 4713 enim
3390 4674 3409 4707 ι
3444 4656 3611 4725 inquit

2035 4781 2052 4814 ι
2089 4776 2184 4832 pro
2202 4760 2346 4830 justo
2373 4757 2492 4828 quis
2519 4755 2744 4809 moritur
2769 4769 2782 4816 ;
2808 4766 2929 4806 nam
2957 4766 3055 4820 pro
3072 4751 3214 4803 bono
3237 4746 3461 4802 forsitan
3494 4746 3612 4816 quis

2028 4852 2221 4907 audeat
2243 4849 2379 4904 mori
2410 4863 2425 4901 :
2461 4845 2715 4900 Dominus
2741 4851 2918 4897 autem
2947 4850 3126 4895 noster
3144 4854 3242 4910 pro
3266 4838 3441 4908 impiis
3470 4854 3604 4891 mor-

2029 4950 2150 4997 tuus
2179 4951 2262 4996 est
2296 4959 2315 4992 ι
2345 4939 2521 5008 (Rom.
2556 4952 2607 5002 v,
2636 4933 2779 5005 6‘9).
2810 4931 2993 5002 Neque
3018 4931 3163 4985 enim
3210 4929 3399 4982 merita
3432 4934 3607 4980 nostra

2029 5040 2447 5106 praecesserant,
2479 5044 2575 5099 pro
2604 5027 2794 5098 quibus
2818 5025 2985 5080 Filius
3017 5023 3107 5077 Dei
3142 5028 3471 5083 moreretur;
3516 5018 3608 5071 sed

2030 5129 2197 5199 magis
2223 5126 2345 5196 quia
2374 5123 2515 5176 nulla
2545 5128 2701 5176 erant
2744 5118 2954 5182 merita,
3009 5128 3197 5183 magna
3237 5121 3353 5167 erat
3401 5111 3579 5166 mieri

2028 5220 2229 5277 cordia.
2261 5216 2428 5283 Quam
2462 5220 2607 5267 certa
2652 5225 2815 5279 ergo,
2863 5221 3020 5275 quam
3054 5206 3202 5259 ﬁrma
3257 5205 3612 5273 promissione

2029 5320 2207 5369 servat
2228 5307 2384 5379 justis
2403 5305 2568 5360 vitam
2599 5316 2747 5357 suam
2775 5341 2789 5364 ,
2821 5299 2910 5370 qui
2953 5298 3169 5352 donavit
3215 5297 3424 5367 injustis
3462 5311 3610 5349 mor-

2030 5412 2138 5457 tem
2162 5396 2356 5454 suam?
2385 5393 2609 5459 lnclina,
2642 5390 2879 5455 Domine,
2930 5405 3103 5443 aurem
3151 5398 3289 5442 tuam
3314 5430 3327 5451 ,
3363 5398 3407 5441 et
3429 5385 3613 5440 exaudi

2031 5508 2144 5560 me;
2173 5489 2409 5562 quoniam
2436 5500 2617 5557 egenus
2666 5492 2713 5538 et
2741 5482 2886 5549 inops
2914 5498 3004 5553 ego
3042 5498 3173 5535 sum.
3211 5480 3351 5549 Ergo
3391 5496 3493 5531 non
3527 5480 3603 5531 ιιι-

2096 5693 2113 5725 ι
2150 5698 2268 5747 Vox,
2292 5690 2503 5752 creatus,
2520 5685 2690 5752 aberat
2711 5696 2739 5732 a
2758 5684 2893 5752 Corb.
2920 5683 3111 5752 optimae
3135 5686 3261 5752 notae.
3285 5686 3363 5749 Ms.

2095 5736 2424 5819 {Sic—iussam.
2445 5736 2577 5819 εὸιιη
2616 5759 2707 5796 non
2732 5750 2879 5807 potest
2901 5736 3087 5807 aliquid
3112 5740 3277 5792 dicere
3311 5740 3410 5793 sine
3448 5736 3548 5802 illo,
3573 5746 3615 5789 rt

2037 5814 2152 5866 dicit
2175 5811 2359 5874 alimu'd
2383 5811 2484 5860 sine
2507 5815 2567 5858 te.

2105 5879 2123 5910 ³
2143 5868 2327 5926 Ferrar.
2354 5880 2456 5933 Ms,
2476 5868 2875 5935 prosterncbutur.
