4132 6462
307 967 472 1113 Α

366 1061 543 1184 φνεν,

402 1157 537 1235 twn

422 1150 593 1243 ψίλα)
665 1155 717 1208 5.
748 1154 858 1208 Nec
885 1154 962 1207 sic
989 1154 1295 1220 accipiatis,
1338 1153 1555 1217 fratres,
1586 1151 1725 1220 quod
1756 1151 1885 1217 dixi,
1918 1150 1997 1204 Ad
2027 1151 2167 1205 divi-

308 1232 373 1273 αδ

596 399 734 451 ιὶὶδὸ

590 514 751 567 clinat
793 528 977 570 aurem
1008 515 1072 570 ad
1103 514 1318 567 divitem
1349 526 1362 563 :
1394 508 1461 562 ad
1492 507 1705 574 inopem
1738 514 1791 559 et
1826 520 2049 574 egenum
2082 504 2162 556 in-

591 603 759 658 clinat
781 619 963 658 aurem
986 646 1000 669 ,
1031 604 1079 657 id
1107 611 1206 664 est,
1239 599 1306 652 ad
1336 598 1592 652 humilem
1624 604 1674 651 et
1701 595 1765 650 ad
1789 595 2130 650 conﬁtentem
2154 636 2169 659 ,

592 695 660 751 ad
688 696 1009 767 indigentem
1056 692 1461 747 misericordia:
1518 706 1621 745 non
1666 690 1730 743 ad
1779 697 2071 744 saturatum
2118 696 2174 742 et

596 790 937 844 extollentem
960 804 1019 842 se
1039 829 1051 851 ,
1075 796 1125 840 et
1149 786 1439 857 jactantem
1458 827 1470 847 ,
1503 785 1654 855 quasi
1686 784 1814 837 nihil
1842 783 1888 838 ei
1916 782 2054 837 desit
2072 824 2084 845 ,
2118 790 2174 838 et

593 879 882 944 dicentem,
916 877 1121 932 Gratias
1144 876 1250 941 tibi,
1277 878 1397 947 quia
1444 893 1544 929 non
1571 892 1683 929 sum
1711 876 1837 927 sicut
1864 873 2173 927 Publicanus

592 962 715 1024 iste.
735 971 890 1025 Dives
916 971 1055 1024 enim
1086 969 1382 1023 Pharisaeus
1404 967 1837 1035 jactabatmerita
1860 981 1952 1020 sua
1980 983 1993 1019 :
2022 967 2173 1035 inops

595 1061 910 1116 Publieanns
921 1060 1269 1115 conﬁtebatur
1287 1068 1496 1128 peccata
1512 1074 1605 1112 sua
1623 1058 1769 1128 (Luc.
1793 1072 1942 1122 xvnt,
1966 1056 2171 1129 11-15).

409 1227 704 1331 ξιμκδᾏθιιι
736 1258 838 1296 non
868 1244 1083 1297 inclinat
1113 1257 1295 1295 aurem
1323 1257 1493 1304 suam,
1526 1253 1773 1311 tanquam
1798 1256 1900 1294 non
1927 1241 2175 1296 exaudiat

362 1252 373 1256 '
409 1252 508 1331 {pr
619 1258 704 1295 etn
736 1258 838 1296 non
868 1252 1083 1297 inclinat
1113 1257 1295 1295 aurem
1323 1257 1493 1304 suam,
1526 1253 1773 1311 tanquam
1798 1256 1900 1294 non
1927 1252 2170 1296 exaudiat

361 1322 399 1408 Υ
392 1252 610 1480 /
597 1332 735 1387 Deus
757 1349 849 1388 eos
878 1335 966 1403 qui
996 1333 1187 1387 habent
1219 1349 1403 1386 aurum
1436 1340 1490 1386 ct
1518 1341 1816 1401 argentum,
1842 1341 1895 1386 et
1920 1331 2170 1387 familiam

596 1433 651 1478 et
677 1423 864 1477 fundos
890 1444 902 1477 :
926 1426 968 1478 si
997 1428 1074 1478 sic
1105 1424 1236 1479 forte
1269 1423 1378 1476 nati
1406 1433 1546 1480 sunt.
1580 1431 1671 1477 aut
1694 1439 1812 1477 eum
1846 1423 2055 1477 locutn‘
2084 1438 2170 1478 re-

596 1433 651 1478 et
677 1423 864 1477 fundos
890 1444 902 1477 :
926 1426 968 1478 si
997 1428 1074 1478 sic
1105 1424 1236 1479 forte
1269 1423 1378 1476 nati
1406 1433 1546 1485 sunt,
1580 1431 1671 1477 aut
1694 1439 1812 1477 eum
1846 1423 2055 1477 locutn‘
2084 1438 2170 1478 re-

595 1529 713 1567 rum
753 1513 1102 1568 humanarum
1148 1522 1358 1577 tenent;
1410 1520 1612 1565 tantum
1653 1513 1991 1566 meminerint
2032 1512 2171 1581 quod

595 1604 667 1657 ait
695 1603 1014 1672 Apostolus,
1047 1602 1279 1670 Prwcipe
1304 1602 1536 1655 divitibus
1573 1603 1723 1672 hujus
1750 1602 1926 1655 mundi
1952 1619 2051 1656 non
2079 1619 2169 1656 su-

596 1692 745 1763 perbe
768 1710 946 1764 sapere
984 1693 1037 1763 (l
1065 1692 1199 1746 Tim.
1234 1708 1317 1758 vt,
1358 1692 1469 1759 l7).
1505 1692 1602 1758 Qui
1630 1692 1767 1746 enim
1800 1709 1904 1746 non
1946 1692 2172 1761 superbe

592 1784 837 1852 sapiunt,
868 1785 918 1838 in
951 1784 1061 1838 Deo
1106 1798 1364 1853 pauperes
1392 1791 1545 1845 sunt;
1573 1792 1627 1837 et
1669 1784 1986 1852 pauperibus
2014 1792 2171 1853 atque

594 1874 837 1945 in0pibus
865 1883 918 1929 et
942 1875 1123 1943 egenis
1151 1875 1363 1928 inclinat
1394 1889 1577 1927 aurem
1603 1888 1774 1928 suam.
1802 1874 2004 1928 Norunt
2027 1875 2168 1927 enim

596 1978 747 2033 spem
769 1979 917 2018 suam
945 1980 1050 2019 non
1076 1979 1196 2020 esse
1222 1965 1272 2017 iu
1299 1980 1429 2017 auro
1451 1971 1503 2018 et
1528 1974 1769 2033 argento,
1794 1979 1967 2033 neque
1991 1964 2042 2017 in
2070 1964 2171 2019 illis

594 2054 753 2110 rebus
781 2056 970 2126 quibus
990 2055 1055 2109 ad
1080 2064 1285 2123 tempus
1305 2054 1672 2109 circumfluere
1689 2054 1949 2109 videntur.
1968 2054 2172 2110 Sufﬁcit

597 2157 652 2202 ut
678 2148 874 2202 divitiae
906 2163 1007 2202 non
1050 2148 1167 2202 illos
1196 2148 1449 2216 perdant;
1498 2157 1554 2200 ut
1594 2162 1698 2201 non
1738 2146 1913 2201 obsint
1940 2157 2023 2201 sat
2050 2156 2167 2203 est:

596 2255 716 2295 nam
746 2241 997 2309 prodesse
1026 2239 1153 2294 nihil
1186 2248 1426 2309 possunt.
1472 2239 1635 2293 Plane
1667 2239 1880 2308 prodest
1906 2254 2038 2307 opus
2068 2240 2171 2293 mi-

593 2332 896 2387 sericordia:
923 2341 976 2386 et
1006 2332 1056 2386 in
1104 2332 1263 2385 divite
1306 2341 1358 2386 et
1401 2332 1452 2385 iu
1497 2347 1767 2400 paupere:
1801 2332 1852 2384 in
1902 2331 2063 2386 divite
2103 2347 2170 2386 ex

593 2424 865 2479 voluntate
885 2432 937 2478 et
957 2438 1142 2493 Opere,
1176 2424 1225 2476 iu
1258 2438 1485 2492 paupere
1507 2439 1569 2477 ex
1592 2424 1705 2478 sola
1731 2424 2017 2479 voluntate.
2034 2424 2168 2478 Cum

593 2529 721 2583 ergo
753 2514 869 2567 talis
898 2523 979 2567 est
1019 2523 1365 2567 contemnens
1410 2514 1459 2566 in
1507 2530 1566 2568 se
1603 2512 1855 2584 quidquid
1904 2524 1987 2569 est
2030 2514 2171 2571 unde

592 2603 838 2673 superbia
881 2605 1017 2660 solet
1060 2604 1270 2670 inflari,
1322 2619 1520 2674 pauper
1560 2604 1653 2658 Dei
1695 2605 2055 2660 estzinclinat
2096 2607 2170 2661 illi

592 2709 774 2747 aurem
818 2709 1001 2757 suam,
1051 2697 1197 2748 novit
1240 2696 1379 2749 enim
1432 2695 1840 2751 contribulatum
1890 2711 1982 2751 cor
2031 2697 2166 2767 ejus.

592 2788 769 2850 Certe,
812 2786 1036 2851 fratres,
1070 2787 1154 2840 ille
1186 2802 1387 2857 pauper
1416 2798 1537 2841 ante
1574 2787 1788 2856 januam
1818 2788 1994 2843 divitis
2023 2790 2166 2844 ulce-

592 2892 745 2931 rosus
785 2878 874 2946 qui
910 2877 1120 2945 jacebat
1143 2919 1156 2942 ,
1201 2878 1268 2932 ab
1305 2878 1521 2947 Angelis
1556 2878 1760 2932 ablatus
1786 2889 1868 2933 est
1907 2881 1960 2933 in
1996 2881 2167 2935 sinum

594 2968 855 3031 Abrahae,
884 2968 961 3023 sic
990 2968 1244 3037 legimus,
1277 2968 1354 3022 sic
1382 2969 1646 3023 credimus
1670 2987 1682 3022 :
1706 2968 1854 3024 dives
1877 2980 2053 3025 autem
2082 2971 2169 3028 ille

591 3062 679 3130 qui
712 3060 1031 3116 induebatur
1059 3075 1287 3131 purpura
1320 3068 1373 3115 et
1402 3060 1561 3131 bysso
1581 3102 1597 3127 ,
1626 3069 1678 3114 et
1705 3060 2013 3129 epulabatur
2037 3078 2171 3131 quo-

596 3154 723 3209 tidie
758 3154 1062 3224 Splendide,
1110 3153 1315 3207 ablatus
1358 3160 1440 3207 est
1481 3153 1545 3206 ad
1591 3151 1788 3207 inferos
1812 3152 1877 3207 ad
1908 3162 2168 3209 tormenta

596 3244 745 3314 (Luc.
779 3262 870 3300 xvi
893 3284 911 3313 ,
960 3243 1165 3315 19-24).
1187 3243 1449 3314 Numquid
1476 3259 1601 3299 vere
1628 3243 1715 3298 ille
1756 3260 1953 3315 pauper
1978 3247 2169 3301 merito

592 3338 737 3392 illius
763 3337 953 3406 inopiae
981 3336 1187 3391 ablatus
1216 3345 1293 3390 est
1326 3336 1392 3390 ab
1421 3335 1673 3405 Angelis;
1705 3335 1852 3390 dives
1878 3344 2051 3390 autem
2083 3338 2169 3393 ille

596 3437 814 3496 peccato
843 3427 1142 3480 divitiarum
1181 3441 1395 3480 suarum
1426 3426 1490 3479 ad
1523 3434 1785 3480 tormenta
1816 3428 2006 3482 missus
2045 3428 2170 3483 est?

594 3519 651 3573 ιιι
685 3517 775 3573 illo
802 3533 1032 3588 paupere
1062 3517 1332 3571 humilitas
1370 3516 1680 3587 intelligitur
1709 3518 2084 3585 honoriﬁcata,
2115 3522 2168 3574 in

594 3611 688 3665 illo
715 3610 876 3665 divite
900 3610 1146 3679 superbia
1170 3608 1439 3663 damnata.
1463 3609 1703 3663 Breviter
1726 3610 1893 3679 probo
1917 3610 2038 3687 quia
2062 3625 2165 3664 nou

592 3702 811 3785 αξξ-Ἧι,
845 3700 1207 3785 sed_§up_elr_bia
1241 3701 1289 3753 in
1322 3699 1410 3752 illo
1437 3698 1597 3753 divite
1625 3699 1977 3785 cruciabatur.
2010 3700 2169 3755 Certe

593 3756 911 3864 Μύρα·
944 3763 1007 3847 in
1951 3792 2018 3847 de
2056 3794 2169 3862 ipso

592 3884 860 3939 Abraham
898 3884 1025 3939 dicit
1065 3883 1333 3953 Scriptura
1374 3882 1495 3953 quia
1523 3881 1743 3936 habebat
1774 3882 1858 3936 hic
1888 3883 2166 3951 plurimum

592 3978 707 4033 auri
733 3987 787 4032 et
810 3978 1035 4047 argenti,
1067 3986 1121 4031 et
1142 3976 1291 4032 dives
1317 3975 1412 4030 fuit
1438 3976 1487 4028 in
1519 3983 1658 4029 terra
1686 3972 1834 4046 (Gen.
1862 3990 1972 4041 χιιι,
2003 3973 2079 4045 2).
2110 3974 2165 4030 Si

591 4071 681 4141 qui
708 4070 854 4124 dives
884 4078 962 4124 est
984 4110 998 4134 ,
1045 4069 1108 4122 ad
1140 4077 1401 4123 tormenta
1443 4067 1675 4137 rapitur;
1704 4066 1970 4137 quomodo
1996 4068 2168 4122 Abra-

594 4161 716 4214 ham
764 4168 1106 4229 prmccsscrat
1146 4173 1459 4228 pauperem,
1512 4166 1567 4211 nt
1620 4157 1849 4211 ablatum
1899 4157 1950 4211 in
1995 4158 2168 4212 sinum

594 4268 747 4307 suum
778 4249 1111 4320 susciperet?
1140 4249 1243 4305 Sed
1277 4260 1389 4304 erat
1432 4248 1697 4303 Abraham
1739 4248 1789 4302 in
1818 4248 2015 4304 divitiis
2045 4267 2171 4319 pau-

595 4358 709 4412 per,
741 4341 978 4405 humilis,
1011 4351 1243 4396 tremcns
1268 4341 1443 4395 omnia
1469 4349 1752 4410 praecepta,
1780 4349 1835 4394 et
1858 4340 2166 4396 obaudiens.

595 4431 772 4503 Usque
800 4431 934 4488 adeo
963 4441 1138 4485 autem
1178 4448 1272 4500 pro
1304 4431 1471 4485 nihilo
1502 4430 1727 4484 habebat
1767 4430 1884 4484 illas
1923 4430 2130 4486 divitias
2152 4474 2167 4500 ,

596 4534 654 4580 ut
676 4524 853 4594 jussus
878 4539 906 4576 a
937 4523 1161 4577 Domino
1196 4524 1359 4577 ﬁlium
1386 4538 1540 4577 suum
1568 4520 1864 4576 immolaret
1891 4520 2008 4590 (Id.
2039 4538 2168 4591 χιιι,

596 4617 683 4689 10)
708 4659 723 4683 ,
769 4617 853 4671 cui
883 4616 1127 4671 servabat
1167 4615 1394 4670 divitias.
1425 4614 1620 4669 Discite
1656 4630 1780 4685 ergo
1817 4630 1937 4669 esse
1985 4615 2171 4685 inopes

595 4721 648 4764 et
679 4725 968 4779 pauperes;
1000 4710 1110 4763 sive
1139 4710 1225 4779 qui
1272 4708 1479 4763 habetis
1519 4706 1714 4776 aliquid
1745 4708 1795 4761 in
1823 4706 1924 4762 isto
1949 4710 2165 4777 szeculo,

594 4805 705 4859 sive
732 4804 819 4873 qui
861 4819 967 4856 non
1008 4802 1230 4856 habetis.
1273 4801 1403 4857 Nam
1444 4810 1499 4855 et
1543 4800 1809 4871 hominem
1866 4801 2166 4873 mendicum

594 4898 798 4955 invenis
826 4898 1242 4967 superbientem,
1273 4904 1327 4949 et
1354 4896 1623 4949 hominem
1653 4894 2169 4951 habentemdtvitias

595 4970 1194 5045 imm.
1226 4986 1445 5040 Resistit
1477 4985 1616 5039 Deus
1645 4985 1906 5053 superbis,
1936 4993 1991 5039 et
2020 4984 2170 5039 bolo-

596 5061 1230 5148 sem-oms
1255 5095 1268 5130 :
1295 5074 1579 5129 humilibus
1625 5085 1803 5127 autem
1832 5073 1922 5128 dat
1947 5074 2168 5144 gratiam

595 5168 799 5240 (Jacobi
843 5186 914 5231 tv,
964 5170 1042 5240 6),
1088 5179 1141 5224 et
1185 5167 1503 5223 habentibus
1549 5165 1778 5234 aliquam
1822 5164 2168 5221 substantiam

596 5260 752 5329 hujus
774 5260 950 5314 saeculi
973 5269 1027 5313 et
1049 5276 1153 5313 non
1181 5258 1521 5313 habentibus.
1551 5257 1773 5311 Interior
1799 5257 2064 5325 inspector
2089 5267 2171 5311 est

597 5352 770 5414 Deus;
802 5349 869 5403 ibi
895 5348 1173 5418 appendit,
1222 5350 1291 5403 ibi
1336 5349 1600 5402 examinat
1626 5365 1639 5401 :
1666 5356 1915 5401 stateram
1945 5346 2036 5401 Dei
2065 5363 2170 5401 non

596 5440 773 5503 vides;
822 5437 1070 5509 cogitatio
1115 5449 1202 5492 tua
1248 5438 1298 5492 in
1345 5439 1485 5492 illam
1533 5438 1758 5491 levatur.
1811 5434 1998 5490 Videte
2048 5437 2168 5505 quia

596 5529 843 5584 meritum
888 5527 1241 5583 exanditionis
1268 5543 1408 5593 sum,
1444 5527 1494 5581 id
1519 5534 1632 5593 est,
1664 5539 1770 5594 quo
1796 5524 2134 5579 exaudiretur
2153 5567 2167 5591 ,

594 5622 647 5679 in
676 5638 740 5677 co
771 5621 945 5690 posuit
982 5630 1042 5676 ut
1079 5620 1300 5687 diceret,
1343 5620 1595 5687 Quoniam
1624 5634 1806 5689 egenus
1841 5627 1886 5671 et
1910 5617 2055 5687 inops
2082 5634 2172 5686 ego

592 5732 724 5770 sum.
763 5714 997 5771 Observa
1033 5730 1100 5771 ne
1134 5729 1239 5770 non
1267 5715 1339 5768 sis
1368 5725 1567 5783 egenus
1591 5719 1644 5763 et
1670 5710 1822 5778 inops
1846 5726 1858 5762 :
1880 5710 1923 5763 si
1955 5723 2060 5767 non
2088 5708 2169 5763 fu-

658 5850 671 5881 ⁹
701 5850 771 5901 sic
794 5849 973 5915 aliqum
1126 5851 1235 5900 add.
1265 5860 1398 5910 vero,
1420 5854 1501 5897 aut
1528 5858 1635 5896 cum
1660 5842 1845 5895 lucrum

1825 390 1881 447 3.
1923 386 2287 446 AUGUS’I‘INI
2330 390 2628 447 EPISCOPI

3731 393 3856 452 1084

2284 506 2422 570 eris,
2454 521 2559 560 non
2585 505 2901 561 exaudiaris.
2935 506 3199 576 Quidquid
3224 516 3305 563 est
3333 507 3474 563 circa
3507 516 3556 564 te
3593 508 3676 564 vel
3720 510 3771 563 in
3811 520 3857 567 te

2280 594 2419 650 unde
2449 597 2619 663 possis
2646 612 2987 665 praisumere,
3016 597 3185 667 abjice
3212 612 3242 652 a
3268 606 3352 663 te;
3382 606 3490 653 tota
3514 603 3857 671 praesumptio

2281 696 2367 741 tua
2403 687 2539 742 Deus
2566 688 2636 742 sit
2663 705 2676 741 :
2708 688 2850 743 illius
2879 688 3121 759 indigens
3146 700 3285 757 esto,
3333 699 3390 745 ut
3420 691 3535 761 ipso
3565 692 3853 763 impleans.

2279 778 2541 849 Quidquid
2564 779 2704 835 enim
2732 780 2874 835 aliud
2906 780 3155 837 habueris
3181 783 3296 838 sine
3326 782 3463 852 ipso,
3496 782 3654 838 latius
3687 784 3857 842 inanis

2279 885 2357 925 es.

2350 963 2401 1016 4.
2432 961 2580 1034 [vers.
2607 964 2644 1018 2
2668 963 2689 1036 ]
2718 963 2922 1018 Custodi
2947 966 3169 1019 animam
3188 982 3370 1029 meam,
3396 968 3630 1040 quoniam
3654 978 3855 1025 sanctus

2278 1071 2410 1109 smn.
2445 1056 2555 1109 Hoc
2587 1071 2732 1122 vero,
2763 1057 2998 1127 quoniam
3041 1067 3242 1111 sanctus
3283 1076 3413 1121 sum,
3459 1061 3637 1115 nescio
3679 1071 3850 1116 utrum

2281 1148 2511 1216 potuerit
2538 1146 2672 1202 forte
2704 1150 2837 1202 alius
2862 1148 3076 1212 dicere,
3108 1150 3206 1204 nisi
3251 1149 3335 1205 ille
3375 1151 3462 1219 qui
3492 1151 3609 1205 sine
3639 1161 3853 1220 peccato

2279 1249 2391 1295 erat
2420 1240 2472 1293 in
2503 1239 2603 1294 hoc
2634 1239 2859 1303 tnumlo;
2909 1249 3241 1309 peccaturum
3290 1241 3525 1294 omnium
3569 1258 3670 1293 non
3712 1256 3857 1296 com-

2280 1332 2492 1398 missor,
2533 1332 2626 1387 sed
2676 1332 2945 1387 dimissor.
2980 1333 3332 1401 Agnoscimus
3373 1348 3559 1387 vocem
3590 1334 3814 1388 dicentis
3837 1377 3852 1401 ,

2282 1422 2529 1489 Quoniam
2555 1433 2761 1477 sanctus
2798 1440 2907 1476 sum
2927 1465 2942 1489 ,
2994 1424 3190 1478 custodi
3219 1425 3439 1477 animum
3469 1441 3627 1478 meam
3646 1442 3664 1479 :
3684 1426 3856 1496 utique

2279 1513 2331 1566 in
2359 1513 2445 1567 illa
2472 1512 2640 1567 forma
2665 1514 2824 1579 servi,
2849 1529 3008 1584 quam
3035 1524 3412 1584 assumpserat.
3443 1514 3515 1569 lbi
3543 1519 3683 1569 enim
3713 1530 3851 1583 caro,

2279 1603 2348 1657 ibi
2373 1614 2426 1658 et
2452 1605 2646 1659 anima.
2678 1605 2856 1674 Neque
2884 1606 3026 1661 enim
3052 1647 3066 1670 ,
3115 1615 3174 1660 ut
3202 1606 3438 1661 nonnulli
3481 1606 3734 1661 dixerunt
3764 1609 3851 1677 (a),

2278 1710 2404 1751 caro
2433 1698 2543 1751 sola
2574 1708 2687 1751 erat
2717 1706 2771 1753 et
2798 1697 3060 1763 Verbum;
3094 1697 3189 1752 sed
3218 1707 3271 1752 et
3298 1714 3453 1765 caro,
3484 1706 3540 1754 et
3566 1699 3744 1753 anima
3763 1742 3776 1764 ,
3806 1710 3855 1756 et

2279 1790 2508 1845 Verbum
2537 1808 2549 1844 :
2574 1800 2625 1845 et
2650 1800 2815 1845 totum
2840 1791 2941 1845 hoc
2962 1806 3096 1845 unus
3117 1790 3279 1845 Filius
3297 1790 3413 1855 Dei,
3437 1807 3574 1859 unus
3594 1790 3849 1858 Christus,

2278 1897 2412 1935 unus
2438 1881 2707 1947 Salvator;
2754 1883 2805 1937 in
2835 1882 3003 1937 forma
3035 1883 3124 1937 Dei
3157 1883 3372 1952 aequalis
3399 1882 3575 1948 Patri,
3605 1884 3657 1939 in
3691 1883 3849 1940 forma

2276 1974 2413 2028 servi
2429 1983 2587 2044 caput
2607 1974 2878 2028 Ecclesiae.
2899 1973 3060 2044 Ergo,
3082 1974 3331 2040 Quoniam
3356 1982 3559 2029 sanctus
3579 1992 3712 2045 sum,
3739 1991 3849 2032 cum

2276 2065 2453 2131 audio,
2500 2080 2680 2120 vocem
2724 2066 2838 2134 ejus
2866 2080 3132 2135 agnosco;
3164 2072 3217 2119 et
3260 2064 3344 2119 hic
3388 2062 3578 2135 separo
3607 2082 3778 2121 meam
3802 2069 3852 2122 ‘?

2276 2155 2433 2210 Certe
2460 2157 2880 2225 inseparabiliter
2904 2172 2934 2209 a
2962 2171 3187 2227 corpore
3213 2172 3311 2211 suo
3337 2158 3595 2228 loquitur,
3629 2176 3753 2215 eum
3780 2162 3850 2216 sic

2278 2247 2527 2317 loquitur.
2554 2247 2622 2301 Et
2642 2248 2848 2302 audebo
2870 2262 2967 2317 ego
2993 2247 3191 2311 dicere,
3212 2247 3463 2315 Quoniam
3486 2262 3693 2305 sanctus
3714 2253 3851 2306 sum?

2277 2340 2331 2394 Si
2375 2349 2588 2395 sanctus
2631 2350 2880 2411 tanquam
2921 2339 3286 2405 sanetiﬁcans,
3336 2350 3389 2396 et
3433 2343 3579 2397 nullo
3620 2344 3848 2399 sanctiﬁ-

2276 2442 2429 2486 cante
2476 2431 2748 2501 indigens;
2796 2431 3055 2501 superbus
3083 2440 3136 2486 et
3164 2430 3389 2486 mendax
3417 2449 3428 2485 :
3454 2433 3495 2486 si
3528 2442 3704 2488 autem
3735 2450 3847 2488 san-

2276 2530 2391 2576 elus
2437 2522 2829 2587 sanctiﬁcatus,
2883 2519 3173 2578 secundum
3223 2522 3272 2576 id
3322 2521 3459 2592 quod
3510 2523 3711 2578 dictum
3758 2535 3846 2591 est,

2279 2614 2460 2669 Sancti
2488 2623 2638 2669 estote
2663 2657 2677 2679 ,
2715 2616 2834 2684 quia
2863 2625 2910 2668 et
2933 2631 3022 2686 ego
3049 2623 3247 2670 sanctus
3272 2632 3382 2669 sum
3416 2614 3595 2685 (Leuit.
3629 2633 3739 2683 xu',
3769 2616 3846 2687 2);

2275 2707 2465 2762 audeat
2490 2718 2544 2763 et
2569 2724 2761 2775 corpus
2810 2708 3041 2771 Christi,
3083 2707 3275 2762 audeat
3314 2716 3367 2762 et
3410 2723 3547 2761 unus
3584 2708 3678 2763 ille
3704 2709 3848 2762 homo

2274 2799 2509 2853 clamans
2538 2815 2566 2852 a
2596 2798 2791 2853 ﬁnibus
2821 2808 2973 2852 terrm
2998 2796 3167 2867 (Psal.
3193 2814 3278 2863 Lx,
3299 2797 3377 2866 5),
3402 2814 3520 2852 cum
3544 2800 3718 2867 capite
3742 2816 3845 2865 suo,

2275 2902 2322 2945 et
2355 2892 2453 2946 sub
2479 2892 2651 2961 capite
2677 2906 2774 2945 suo
2799 2891 2996 2953 dicere,
3030 2891 3282 2958 Quoniam
3310 2901 3514 2946 sanctus
3532 2908 3669 2945 sum.
3693 2894 3847 2947 Acce-

2275 2981 2351 3050 pit
2399 2981 2538 3036 enim
2588 2982 2809 3051 gratiam
2858 2982 3184 3043 sanctitatis,
3230 2988 3450 3051 gratiam
3500 2982 3753 3052 Baptismi
3801 2992 3848 3038 et

2275 3073 2605 3129 remissionis
2647 3084 3006 3143 peccatorum.
3061 3072 3123 3126 Et
3163 3072 3271 3127 ha’c
3317 3073 3515 3143 quidem
3557 3075 3756 3144 fuistis,
3785 3075 3847 3129 ait

2273 3163 2579 3231 Apostolus,
2609 3178 2927 3218 enumerans
2956 3164 3118 3217 multa
3149 3172 3384 3233 peccata,
3413 3173 3468 3218 et
3498 3164 3627 3218 levia
3661 3174 3710 3219 et
3736 3179 3846 3235 gra-

2274 3255 2354 3307 via
2378 3296 2390 3314 ,
2436 3264 2489 3314 et
2529 3254 2715 3309 usitata
2756 3263 2810 3309 et
2850 3254 3120 3308 horribilia
3151 3272 3163 3307 :
3192 3253 3261 3306 Et
3290 3256 3395 3307 haec
3420 3252 3618 3324 quidem
3654 3254 3845 3324 fuistis;

2274 3348 2362 3399 sed
2385 3344 2543 3399 abluti
2569 3344 2686 3398 estis
2707 3386 2721 3409 ,
2750 3344 2839 3398 sed
2863 3344 3160 3413 sancti/irati
3187 3344 3301 3397 estis
3332 3342 3373 3411 (l
3405 3343 3521 3397 Cor.
3555 3358 3629 3408 v1,
3665 3341 3767 3413 il).
3797 3341 3844 3396 Si

2272 3452 2401 3506 ergo
2417 3436 2770 3491 sanctiﬁcatos
2789 3436 2936 3503 dicit,
2963 3435 3105 3491 dicat
3128 3443 3182 3490 et
3209 3434 3568 3504 unusquisque
3598 3432 3841 3497 ﬁdelium,

2275 3530 2494 3583 Sanctus
2513 3545 2645 3581 sum.
2673 3526 2786 3582 Non
2811 3536 2894 3583 est
2919 3528 3013 3581 ista
3036 3526 3281 3596 superbia
3310 3526 3453 3588 elati,
3478 3524 3572 3579 sed
3594 3524 3845 3580 confessio

2274 3635 2377 3674 non
2422 3620 2632 3689 ingrati.
2676 3618 2731 3674 Si
2774 3619 2915 3673 enim
2954 3618 3152 3672 dixeris
3178 3626 3229 3673 te
3257 3633 3324 3673 ex
3355 3626 3404 3673 te
3427 3632 3547 3673 esse
3576 3626 3840 3680 sanetum,

2274 3712 2533 3783 superbus
2555 3727 2615 3767 es
2639 3731 2651 3765 :
2675 3726 2878 3779 rursus,
2911 3711 3079 3767 ﬁdelis
3108 3712 3160 3765 in
3190 3710 3402 3767 Christo
3422 3752 3436 3778 ,
3484 3719 3540 3767 et
3564 3712 3842 3766 membrum

2272 3804 2468 3859 Christi
2490 3845 2505 3869 ,
2541 3804 2584 3858 si
2616 3812 2666 3859 te
2694 3803 2891 3859 dixeris
2919 3819 3025 3858 non
3052 3818 3172 3859 esse
3202 3812 3442 3858 sanctum
3467 3845 3483 3870 ,
3516 3804 3748 3875 ingratus
3772 3816 3840 3857 es.

2276 3897 2518 3965 Argnens
2556 3895 2699 3951 enim
2739 3894 3039 3965 superbiam
3084 3894 3388 3964 Aposmlus,
3441 3909 3545 3947 non
3587 3896 3698 3961 ait,
3740 3892 3842 3947 Non

2276 3985 2471 4051 habes;
2512 3985 2604 4040 sed
2650 3986 2753 4052 ait,
2788 3984 2926 4052 Quid
2962 3985 3095 4038 enim
3132 3984 3281 4037 habes
3316 3984 3451 4054 quod
3492 4000 3592 4037 non
3627 3980 3841 4053 accepisti

2277 4076 2384 4147 (Id.
2426 4092 2502 4141 tv,
2526 4077 2619 4147 7)?
2643 4075 2759 4131 Non
2798 4074 3129 4145 arguebaris,
3157 4074 3276 4144 quia
3320 4073 3533 4128 dicebas
3565 4082 3616 4128 te
3663 4072 3842 4127 habere

2275 4169 2414 4240 quod
2464 4170 2604 4223 non‘
2632 4168 2827 4234 habes;
2860 4167 2953 4223 sed
2983 4167 3103 4237 quia
3145 4182 3209 4221 ex
3253 4177 3304 4220 te
3345 4166 3435 4220 tibi
3482 4166 3701 4221 volebas
3736 4177 3841 4219 esse

2275 4261 2416 4331 quod
2442 4260 2625 4314 habes.
2657 4259 2765 4313 lmo
2793 4270 2846 4314 et
2873 4258 3069 4313 habere
3095 4266 3147 4313 te
3172 4273 3400 4328 agnosce
3418 4298 3431 4324 ,
3473 4266 3527 4312 et
3555 4274 3622 4313 ex
3650 4266 3699 4313 te
3724 4254 3839 4311 nihil

2278 4353 2495 4417 habere,
2525 4361 2582 4406 ut
2625 4367 2724 4405 nec
2753 4350 3011 4420 superbus
3040 4350 3133 4416 sis,
3180 4363 3280 4402 nec
3323 4349 3582 4419 ingratus.
3630 4347 3720 4401 Dic
3747 4346 3839 4399 Deo

2279 4456 2367 4501 tuo
2393 4464 2405 4499 :
2429 4445 2658 4500 Sanctus
2685 4459 2819 4509 sum,
2844 4443 2965 4513 quia
2992 4439 3332 4495 sanctiﬁcasti
3361 4455 3478 4504 me;
3508 4439 3628 4509 quia
3655 4433 3834 4505 accepi,

2276 4555 2384 4595 non
2409 4539 2529 4609 quia
2556 4535 2744 4601 habui;
2777 4535 2895 4605 quia
2922 4542 2976 4589 tu
3007 4532 3220 4597 dedisti,
3249 4547 3355 4586 non
3380 4531 3499 4600 quia
3530 4545 3629 4601 ego
3659 4527 3830 4584 merui.

2277 4630 2483 4686 Etenim
2515 4644 2584 4684 ex
2610 4628 2713 4682 alio
2744 4627 2909 4681 latere
2941 4626 3128 4694 incipis
3157 4623 3398 4693 injuriam
3432 4622 3604 4677 facere
3628 4620 3722 4692 ipsi
3748 4619 3837 4673 Do-

2276 4726 2421 4780 mino
2448 4731 2630 4778 nostro
2666 4721 2793 4777 Jesu
2819 4719 3055 4774 Christo.
3101 4717 3155 4772 Si
3190 4716 3332 4771 enim
3359 4714 3642 4769 Christiani
3671 4723 3839 4769 omnes

2275 4826 2330 4871 et
2355 4814 2541 4870 ﬁdeles
2566 4822 2619 4867 et
2659 4811 2905 4881 baptizati
2948 4810 2999 4863 in
3040 4807 3131 4863 illo
3160 4808 3331 4876 ipsum
3374 4806 3686 4869 induerunt,
3718 4802 3838 4857 sicut

2276 4908 2561 4977 Apostolus
2598 4904 2760 4969 dicit,
2813 4904 3064 4973 Quotquot
3101 4902 3154 4955 in
3194 4898 3393 4955 Christo
3435 4898 3672 4967 baptizati
3703 4894 3834 4953 estis,

2276 5001 2530 5055 Christum
2576 4997 2808 5051 induistis
2851 4994 3043 5065 (Galat.
3092 5008 3180 5059 ιιι,
3210 4993 3332 5063 27);
3382 4992 3426 5045 si
3457 4992 3687 5046 membra
3730 4990 3837 5040 sunt

2275 5089 2402 5144 facti
2438 5087 2677 5159 corporis
2716 5086 2868 5155 ejus,
2908 5093 2962 5138 et
3003 5084 3187 5138 dicunt
3229 5097 3288 5136 se
3334 5090 3514 5136 sancta
3559 5096 3662 5134 non
3704 5089 3833 5136 esse,

2276 5183 2433 5252 capiti
2476 5181 2575 5251 ipsi
2621 5178 2820 5233 faciunt
2868 5176 3149 5246 injuriam,
3195 5174 3347 5243 cujus
3394 5173 3627 5227 membra
3674 5171 3835 5223 sancta

2276 5290 2381 5329 non
2411 5271 2593 5328 sunt'.
2621 5271 2737 5327 Jam
2769 5270 2886 5323 vide
2916 5269 3002 5322 ubi
3033 5268 3134 5333 sis,
3179 5274 3235 5321 et
3266 5265 3333 5320 de
3362 5264 3535 5334 capite
3567 5273 3653 5317 tuo
3681 5254 3835 5327 digni-

2278 5374 2438 5419 tatem
2466 5378 2616 5433 cape.
2645 5361 2852 5415 Etenim
2880 5374 2998 5413 eras
3028 5357 3082 5411 iu
3122 5357 3355 5412 tenebris
3374 5399 3387 5421 ,
3419 5372 3553 5408 nunc
3577 5364 3731 5406 autem
3760 5344 3835 5398 lus

2279 5458 2330 5511 in
2360 5455 2594 5509 Domino.
2627 5450 2841 5515 Fuistis,
2871 5449 3061 5519 inquit,
3089 5448 3362 5519 aliquando
3397 5446 3608 5500 tenebra:
3636 5437 3831 5514 (Ephes-

2347 5654 2362 5683 ι
2390 5649 2714 5710 Regiusatss.,
2748 5657 2918 5710 separa
2932 5657 3007 5695 me
3023 5643 3083 5693 ab
3104 5641 3201 5710 ea?

2345 5715 2365 5743 ²
2386 5704 2635 5767 Ριιῆἱειιιθ,
2659 5704 2769 5759 non.
2785 5704 2926 5757 abest
2948 5720 2975 5755 a
2993 5708 3177 5767 nemig.
3202 5704 3365 5767 proba:
3390 5710 3515 5752 noue
3532 5709 3614 5750 Its.

2346 5775 2367 5805 ³
2387 5774 2460 5821 sic
2483 5779 2557 5820 Er.
2583 5779 2634 5821 et
2648 5768 2880 5819 meliores
2898 5776 3006 5818 Mss.
3033 5777 3085 5818 At
3106 5775 3236 5827 l.ov.,
3264 5771 3428 5816 sancta
3450 5772 3573 5815 sunt.

2345 5835 2417 5899 (ιι)
2445 5833 2800 5897 Apollinaristze.
