4132 6444
362 375 514 432 1085

363 502 427 545 v.
461 487 553 554 8);
592 487 687 543 sed
728 486 987 558 numquid
1039 486 1271 542 tenebrae
1313 486 1692 542 remansistis?
1736 486 1817 541 Ad
1862 487 1961 542 hoe

365 581 702 636 illuminator
725 579 872 635 venit
892 619 909 645 ,
950 588 1010 635 ut
1036 588 1091 634 et
1118 578 1351 633 tenebrae
1393 579 1743 634 remaneretis
1766 621 1781 646 ,
1813 595 1878 633 an
1909 588 1966 635 ut

364 675 429 727 in
475 675 567 729 illo
607 674 696 729 lux
734 673 973 730 lieretis?
1002 674 1141 744 Ergo
1167 673 1312 728 dicat
1337 683 1392 728 et
1420 674 1780 744 unusquisque
1821 673 1966 727 ebri-

362 766 612 831 stianos,
663 765 770 820 imo
816 764 962 819 dicat
1012 773 1180 820 totum
1232 780 1426 833 corpus
1481 763 1717 827 Christi,
1770 762 1966 817 clamet

364 856 576 926 ubique
601 856 805 923 patiens
835 855 1207 910 tribulationes
1230 897 1245 921 ,
1294 854 1538 909 diversas
1568 853 1887 908 tentationes
1913 860 1967 908 et

363 948 629 1004 scandala
656 948 1094 1010 innumerabilia;
1113 947 1275 1013 dicat,
1304 945 1514 1001 Custodi
1538 946 1760 999 animam
1780 961 1963 1011 meam,

362 1040 619 1109 quoniam
655 1048 860 1092 sanctus
906 1055 1019 1091 sum
1042 1054 1060 1091 :
1081 1039 1275 1092 salvum
1299 1039 1383 1106 {ac
1411 1053 1607 1091 servum
1637 1047 1798 1099 tuum,
1832 1035 1969 1090 Deus

366 1146 542 1193 mem,
572 1140 851 1200 sperantem
882 1130 933 1182 in
979 1139 1040 1182 te.
1077 1129 1215 1183 Ecce
1256 1130 1345 1184 ille
1390 1138 1605 1183 sanctus
1632 1143 1735 1182 non
1763 1136 1847 1183 est
1874 1143 1968 1182 su-

370 1220 601 1288 perbus,
633 1219 752 1288 quia
784 1228 966 1289 sperat
989 1219 1039 1272 in
1071 1219 1314 1273 Domino.

454 1309 508 1363 5.
542 1307 689 1380 [vers.
722 1307 803 1380 5.]
835 1307 1073 1363 Miserere
1101 1310 1218 1375 mei,
1262 1308 1510 1372 Domine,
1553 1311 1790 1380 quoniam
1818 1310 1887 1363 ad
1925 1320 1973 1364 te

372 1401 597 1455 clamavi
630 1410 734 1455 tota
761 1401 880 1456 die:
898 1416 1001 1456 non
1025 1418 1126 1456 una
1152 1401 1261 1456 die.
1286 1401 1413 1457 Tota
1437 1401 1537 1463 die.
1562 1402 1705 1456 omni
1732 1411 1973 1473 tempore

378 1491 623 1563 intellige
646 1512 661 1548 :
683 1509 750 1549 ex
777 1508 886 1565 quo
910 1508 1103 1563 corpus
1138 1493 1335 1549 Christi
1361 1495 1528 1563 gemit
1567 1494 1619 1548 in
1670 1496 1931 1564 pressuris
1954 1537 1970 1561 ,

377 1600 554 1656 usque
580 1585 631 1638 in
659 1586 816 1640 ﬁnem
844 1586 1021 1640 szeculi
1050 1600 1156 1655 quo
1179 1595 1451 1641 transeunt
1472 1602 1732 1655 pressurae
1753 1628 1767 1652 ,
1811 1588 1975 1657 gemit

378 1675 488 1731 iste
532 1677 722 1739 homo,
750 1684 805 1729 et
841 1676 1036 1729 clamat
1078 1676 1142 1729 ad
1176 1677 1372 1742 Deum;
1411 1686 1466 1731 et
1492 1677 1849 1747 unusquisque
1879 1693 1975 1734 no-

375 1775 555 1821 strum
585 1767 928 1835 proportione
957 1766 1117 1821 habet
1151 1766 1438 1822 clamorem
1470 1783 1623 1822 suum
1652 1768 1704 1822 in
1735 1776 1844 1823 toto
1872 1769 1974 1824 isto

376 1872 632 1927 corpore.
666 1858 918 1911 Clamasti
947 1868 1000 1911 tu
1040 1857 1227 1913 diebus
1255 1858 1387 1924 tuis,
1428 1868 1482 1912 et
1512 1860 1832 1913 transierunt
1860 1859 1975 1915 dies

378 1952 495 2016 tui;
525 1951 778 2006 successit
804 1950 897 2007 tibi
924 1951 1079 2018 alius,
1102 1961 1155 2006 et
1180 1952 1429 2006 clamavit
1457 1952 1645 2006 diebus
1671 1953 1814 2017 suis;
1844 1961 1899 2007 et
1918 1961 1972 2007 tu

380 2042 498 2104 hic,
531 2041 618 2096 ille
647 2041 737 2107 ibi,
770 2041 861 2097 ille
885 2040 1012 2096 alibi
1037 2059 1051 2096 :
1081 2057 1275 2111 corpus
1294 2041 1490 2098 Christi
1518 2051 1624 2097 tota
1646 2043 1733 2098 die
1754 2045 1971 2111 clamat,

378 2129 490 2188 sibi
536 2131 914 2188 decedentibus
954 2141 1009 2189 et
1050 2122 1462 2189 succedentibus
1505 2133 1778 2189 membris.
1827 2133 1977 2191 Unus

383 2220 552 2278 homo
580 2239 747 2294 usque
776 2224 828 2278 in
858 2223 1015 2279 linem
1043 2225 1221 2280 saeculi
1244 2224 1580 2280 extenditur:
1601 2225 1784 2281 eadem
1808 2240 1973 2281 mem-

384 2315 484 2369 bra
508 2309 702 2369 Christi
743 2314 1007 2380 clamant,
1039 2324 1093 2371 et
1120 2314 1363 2386 quzcdam
1392 2314 1629 2371 membra
1652 2317 1762 2385 jam
1792 2316 1845 2370 in
1884 2316 1976 2371 illo

382 2410 749 2479 requiescunt,
778 2406 1022 2480 quaedam
1066 2408 1227 2465 modo
1256 2409 1520 2476 clamant,
1569 2408 1811 2479 quaedam
1850 2425 1977 2465 vero

383 2516 511 2556 cum
543 2502 639 2570 ipsi
681 2518 779 2556 nos
807 2502 1222 2571 requieverimus
1265 2499 1605 2567 clamabunt,
1648 2508 1703 2555 et
1738 2509 1856 2569 post
1890 2500 1976 2556 illa

386 2592 491 2646 alia
530 2593 854 2646 clamabunt.
902 2592 1087 2647 Totius
1126 2593 1366 2663 corporis
1404 2593 1600 2648 Christi
1633 2594 1718 2649 hic
1755 2591 1977 2649 attendit

384 2700 598 2749 vocem,
629 2685 852 2739 dicentis
874 2702 888 2737 :
907 2685 986 2739 Ad
1016 2697 1062 2740 te
1089 2686 1302 2740 clamavi
1331 2695 1434 2740 tota
1477 2687 1576 2741 die.
1602 2685 1775 2756 Caput
1801 2695 1976 2742 autem

385 2784 632 2830 nostrum
679 2775 747 2830 ad
796 2775 1069 2831 dexteram
1116 2777 1288 2832 Patris
1338 2778 1638 2846 interpellat
1683 2792 1778 2847 pro
1820 2778 1975 2832 nobis

392 2866 568 2938 (Rom.
598 2883 718 2932 vm,
748 2866 840 2939 54)
867 2885 879 2917 :
903 2868 1007 2923 alia
1037 2868 1274 2923 membra
1303 2869 1517 2938 recipit,
1563 2868 1667 2924 alia
1703 2867 1968 2940 ﬂagellat,

387 2957 492 3010 alia
528 2957 772 3023 mundat,
812 2959 915 3012 alia
945 2959 1283 3024 consolatur,
1310 2959 1412 3013 alia
1454 2969 1620 3025 creat,
1663 2959 1765 3014 alia
1800 2970 1977 3028 vocat,

386 3049 493 3103 alia
510 3058 744 3115 revocat,
768 3050 871 3104 alia
897 3050 1130 3121 corrigit,
1151 3051 1256 3105 alia
1273 3051 1618 3123 redintegrat.

463 3139 517 3194 6.
546 3138 697 3213 [vers.
735 3140 816 3214 4.]
845 3141 1084 3196 Iucunda
1111 3143 1333 3196 animum
1371 3146 1497 3197 servi
1523 3145 1626 3209 tui;
1652 3145 1891 3215 quoniam
1913 3146 1981 3199 ad

391 3239 473 3299 te,
505 3229 740 3295 Domine,
766 3233 921 3286 levavi
958 3233 1178 3287 animant
1202 3250 1383 3287 meam.
1408 3233 1648 3290 Jucunda
1676 3251 1792 3291 eam
1811 3277 1829 3305 ,
1858 3237 1981 3309 quia

391 3320 561 3377 levavi
578 3323 643 3377 ad
658 3331 713 3377 te
731 3338 867 3377 eam.
891 3323 945 3379 In
965 3334 1104 3379 terra
1121 3325 1261 3380 enim
1278 3335 1413 3393 erat,
1432 3335 1486 3382 et
1504 3327 1554 3381 in
1574 3336 1712 3383 terra
1730 3329 1983 3384 amaritu-

392 3410 573 3471 dinem
610 3416 912 3471 sentiebat:
944 3433 1012 3473 ne
1058 3418 1110 3472 in
1151 3419 1506 3475 amaritudine
1547 3421 1974 3487 contabesceret,

394 3523 462 3564 ne
502 3525 716 3565 omnem
762 3519 865 3565 tute
893 3513 1077 3583 gratiae
1115 3515 1432 3570 suavitatem
1469 3517 1768 3584 amitteret,
1810 3519 1980 3574 levavi

395 3615 514 3656 eam
540 3601 609 3657 ad
640 3611 721 3667 te;
750 3603 984 3673 jucunda
1027 3620 1146 3660 eam
1188 3606 1328 3676 apud
1373 3614 1445 3662 te.
1476 3607 1633 3663 Solus
1659 3609 1801 3663 enim
1840 3618 1896 3664 tu
1922 3626 1981 3665 es

391 3692 700 3764 iucunditas
732 3714 746 3749 :
777 3698 1133 3754 amaritudine
1172 3699 1362 3770 plenus
1404 3708 1487 3755 est
1528 3700 1774 3756 mundus.
1823 3699 1982 3757 Certe

396 3794 542 3841 recte
569 3786 820 3841 admonet
858 3787 1096 3843 membra
1129 3803 1224 3844 sua
1258 3796 1318 3844 ut
1358 3804 1569 3844 sursum
1608 3804 1703 3844 cor
1732 3789 1978 3845 habeant.

396 3875 627 3930 Audiant
655 3892 804 3947 ergo,
846 3887 899 3931 et
929 3877 1152 3944 faciant;
1198 3880 1373 3934 levent
1400 3879 1466 3933 ad
1495 3879 1643 3934 illum
1674 3880 1815 3950 quod
1844 3883 1983 3937 male

397 3978 482 4023 eat
505 3969 557 4023 in
586 3978 743 4025 terra.
775 3970 847 4025 lbi
877 3972 1021 4025 enim
1052 3986 1156 4026 non
1187 3972 1439 4041 putrescit
1465 3986 1579 4035 cor,
1611 3972 1657 4026 si
1684 3973 1890 4028 levetur
1913 3974 1980 4028 ad

397 4059 566 4115 Deum
589 4062 628 4114 ⁸.
670 4061 1016 4117 Frumentum
1057 4063 1102 4117 si
1142 4062 1368 4119 haberes
1409 4064 1462 4116 in
1501 4061 1875 4130 inferioribus,
1915 4081 1984 4120 ne

400 4163 749 4222 putresceret,
782 4156 987 4211 levares
1014 4155 1081 4212 ad
1107 4157 1403 4227 superiora.
1434 4156 1728 4211 Frumento
1747 4166 1983 4214 mutares

398 4242 597 4310 locum,
626 4253 679 4299 et
706 4260 801 4299 eor
827 4246 1087 4315 permittis
1115 4246 1167 4300 in
1192 4256 1330 4301 terra
1357 4247 1698 4316 putrescere?
1725 4246 1986 4302 Frumen-

400 4343 511 4388 tum
553 4334 764 4389 levares
808 4335 863 4389 in
910 4336 1219 4407 superiora;
1262 4351 1356 4391 cor
1400 4337 1515 4393 leva
1565 4337 1620 4392 in
1664 4337 1881 4393 caelum.
1916 4337 1986 4393 Et

400 4423 563 4491 unde,
595 4426 790 4495 inquis,
816 4426 1187 4494 possum?Qui
1216 4425 1387 4491 funes,
1416 4442 1535 4497 qua:
1561 4427 1842 4495 machinas,
1865 4443 1986 4498 qua:

153 4506 383 4599 μβξςθδ
397 4514 558 4569 scala:
583 4529 718 4585 opus
745 4516 900 4572 sunt?
934 4515 1170 4581 Gradus,
1214 4516 1438 4571 allectus
1469 4525 1626 4582 sunt;
1666 4518 1767 4573 iter
1794 4525 1941 4572 tuum
1965 4559 1982 4585 ,

137 4603 351 4739 ay

1651 4578 1865 4599 Ψ

400 4605 771 4679 ξραμερι-ευρ
800 4615 902 4661 est.
944 4607 1186 4679 Amantio
1214 4608 1493 4679 ascendis,
1538 4608 1854 4679 negligendo
1893 4610 1989 4665 de-

398 4697 631 4752 Scendis.
664 4697 823 4753 Stans
850 4701 901 4753 in
932 4710 1105 4771 terra_,
1134 4700 1185 4771 in
1212 4700 1349 4771 caelo
1374 4714 1464 4764 es,
1504 4701 1548 4755 si
1576 4700 1981 4771 dﬂigaﬂgm.

399 4789 518 4844 Non
546 4790 688 4846 enim
717 4794 794 4846 sic
822 4791 1028 4847 levatur
1051 4808 1146 4846 cor
1166 4834 1181 4858 ,
1227 4792 1496 4861 quomodo
1522 4775 1726 4847 levatur
1752 4808 1945 4863 corpus
1968 4811 1983 4848 :

399 4896 595 4951 corpus
624 4893 681 4936 ut
707 4884 932 4947 levetur,
960 4884 1136 4938 locum
1163 4892 1362 4949 mutat;
1402 4899 1498 4938 eor
1522 4892 1579 4938 ut
1602 4884 1807 4939 levetur
1828 4924 1844 4950 ,
1889 4899 1985 4940 vo-

401 4977 657 5032 luntatem
684 4986 875 5032 mutat.
912 4978 1163 5045 Quoniam
1191 4977 1258 5031 ad
1301 4988 1379 5044 te,
1415 4976 1648 5045 Domine,
1681 4977 1842 5033 levavi
1869 4978 1987 5033 ani-

403 5087 536 5123 mam
563 5086 748 5124 meum.

470 5163 523 5218 7.
552 5161 700 5234 [vers.
730 5160 811 5234 5.]
836 5161 965 5229 Quia
993 5171 1068 5229 tu,
1086 5160 1321 5224 Domine,
1346 5161 1514 5214 suavis
1534 5176 1586 5213 es
1605 5175 1667 5213 ac
1687 5160 1839 5213 mitis.
1864 5158 1987 5216 Ideo

398 5255 651 5325 jucunda.
710 5254 985 5325 Tanquam
1037 5254 1195 5310 L'edio
1245 5254 1466 5309 allectus
1511 5269 1580 5309 ex
1629 5253 1987 5309 amaritudine

399 5360 731 5405 terrenorum
755 5350 1012 5405 indulcari
1039 5350 1225 5413 voluit,
1257 5358 1312 5404 et
1330 5347 1573 5418 quzesivit
1592 5345 1789 5401 fontem
1809 5346 1989 5403 dulce-

397 5442 576 5508 dinis,
625 5452 682 5499 et
720 5444 772 5497 in
816 5451 956 5497 terra
985 5458 1090 5497 non
1133 5442 1352 5496 invenit.
1390 5441 1733 5511 Quacumque
1757 5440 1899 5496 enim
1930 5455 1988 5495 se

398 5536 658 5603 vertebat,
688 5534 962 5602 scandala,
992 5536 1231 5599 timores,
1256 5532 1640 5598 tribulationes,
1668 5531 1989 5587 tentationes

399 5625 724 5682 inveniebat.
756 5626 811 5681 In
837 5642 944 5697 quo
975 5626 1189 5681 homine
1229 5623 1521 5680 securitas?
1548 5624 1617 5680 de
1643 5640 1751 5695 quo
1779 5632 1984 5680 certum

402 4671 711 4693 ~———-——

403 5782 498 5893 De!”
506 5780 693 5847 Aliquot
716 5790 847 5832 Mss:
880 5780 947 5831 tbi
987 5781 1111 5832 enim
1148 5778 1376 5846 putrescit
1395 5792 1493 5841 cor,
1520 5776 1565 5831 si
1594 5792 1687 5830 non
1720 5779 1897 5831 levetur
1920 5778 1987 5831 ad

501 5860 560 5893 Il!.

501 5860 560 5893 ΙΙΙ.

1429 373 1821 428 ENARRATIO
1862 373 1924 428 iN
1965 374 2282 436 PSALMUM
2324 383 2582 439 LXXXV.

3523 394 3658 450 1086

2076 495 2363 559 gaudium?
2402 498 2511 554 Nec
2539 500 2607 557 de
2633 516 2692 558 se
2720 502 2835 573 ipso
2864 508 3078 575 utique;
3121 516 3321 577 quanto
3356 515 3522 581 magis
3542 511 3558 542 ³
3588 511 3657 567 de

2072 584 2219 641 alio?
2240 589 2343 643 Aut
2369 590 2493 645 mali
2522 604 2665 660 sunt,
2698 603 2752 649 et
2789 609 3011 651 necesse
3038 607 3122 652 est
3145 614 3237 654 cos
3264 599 3405 669 pati,
3451 610 3505 655 et
3530 615 3656 671 spe-

2072 692 2195 733 rare
2221 680 2341 748 quia
2369 684 2559 738 mutari
2589 696 2840 753 possunt;
2870 697 2961 743 aut
3002 689 3126 745 boni
3156 702 3309 757 sunt,
3351 700 3407 748 et
3443 692 3521 747 sic
3565 708 3660 748 eos

2073 778 2284 838 oportet
2322 771 2575 842 diligere,
2611 785 2667 829 ut
2694 777 2974 833 timeamus
3002 780 3146 848 (quia
3177 792 3397 850 possunt
3438 785 3656 857 mutari)

2075 876 2144 916 ne
2183 863 2305 918 mali
2346 864 2454 919 sint
2478 884 2491 919 :
2515 867 2585 920 ibi
2629 869 2830 924 malitia
2872 887 3056 926 eorum
3087 872 3213 929 facit
3241 877 3654 931 amaritudinem

2075 953 2297 1020 animae;
2329 953 2413 1009 hic
2443 956 2744 1013 sollicitudo
2773 968 2826 1014 et
2855 961 3033 1026 timor,
3068 980 3133 1019 ne
3162 966 3370 1020 labatur
3399 968 3488 1037 qui
3524 968 3660 1024 bene

2074 1044 2329 1100 ambulat.
2363 1046 2711 1120 Quocumque
2736 1067 2865 1121 ergo
2893 1068 2952 1109 se
2971 1059 3317 1122 converterit,
3352 1060 3403 1114 in
3433 1063 3662 1117 terrenis

2076 1135 2235 1190 rebus
2286 1140 2695 1196 amaritudinem
2745 1141 2982 1210 invenit;
3041 1146 3180 1201 unde
3234 1148 3501 1207 dulcescat
3552 1166 3662 1208 non

2078 1228 2268 1297 habet,
2296 1233 2396 1288 nisi
2423 1234 2562 1290 levet
2599 1251 2657 1291 se
2682 1236 2749 1290 ad
2781 1236 2968 1293 Deum.
3001 1239 3249 1307 Quoniam
3286 1254 3338 1295 tu
3359 1286 3373 1309 ,
3415 1243 3659 1314 Domine,

2077 1323 2243 1377 suavis
2289 1334 2335 1377 et
2379 1327 2531 1381 mitis.
2575 1328 2710 1394 Quid
2741 1338 2825 1385 est
2853 1332 3026 1386 mitis!
3051 1333 3277 1389 Portaus
3320 1352 3438 1404 me,
3490 1338 3661 1395 donec

2079 1414 2324 1480 pi-rlicias
2350 1433 2456 1471 me.
2483 1418 2621 1473 Vere
2647 1421 2809 1484 enim,
2842 1420 3033 1478 fratres
3054 1425 3178 1487 mei,
3207 1425 3379 1480 dicam
3414 1438 3661 1499 tanquam

2078 1502 2241 1559 homo
2262 1506 2312 1560 in
2342 1506 2669 1578 hominibus,
2701 1520 2754 1565 et
2775 1527 2840 1567 ex
2870 1512 3173 1568 hominibus
3198 1535 3210 1569 :
3238 1517 3371 1572 lerat
3390 1520 3410 1550 ³
3438 1521 3662 1589 quisque

2078 1610 2174 1650 cor
2202 1611 2392 1663 suum,
2433 1609 2486 1653 et
2528 1598 2795 1657 intueatur
2840 1618 2899 1658 se
2942 1605 3056 1659 sine
3103 1606 3439 1675 adulatione,
3468 1620 3520 1665 et
3547 1612 3665 1676 sine

2080 1691 2403 1762 palpatione.
2460 1691 2603 1748 Nihil
2653 1703 2735 1750 est
2798 1698 2941 1751 enim
2994 1699 3208 1754 stultius
3256 1717 3412 1771 quam
3470 1711 3528 1757 ut
3581 1718 3667 1758 se—

2080 1783 2250 1852 ipsum
2272 1784 2494 1854 quisque
2518 1787 2695 1855 palpet
2718 1794 2878 1858 atque
2906 1789 3143 1845 seducat.
3166 1792 3416 1848 Attendat
3456 1809 3584 1865 ergo
3610 1804 3665 1849 et

2081 1874 2259 1929 videat
2285 1884 2479 1946 quanta
2505 1887 2733 1948 aguntur
2769 1880 2821 1934 in
2843 1882 3003 1937 corde
3043 1883 3303 1949 humano;
3323 1886 3669 1955 quemadmo-

2078 1963 2204 2019 dum
2240 1966 2368 2034 ipsaa
2397 1968 2707 2040 plerumque
2735 1972 3003 2026 orationes
3025 1974 3379 2044 impediantur
3404 1977 3552 2032 vanis
3576 1993 3668 2032 co-

2078 2057 2439 2126 gitationibus,
2468 2060 2537 2114 ita
2558 2070 2616 2115 ut
2637 2062 2719 2117 vix
2742 2072 2847 2119 stet
2870 2080 2965 2119 cor
2983 2066 3049 2120 ad
3078 2066 3242 2121 Deum
3268 2082 3419 2122 suum
3441 2084 3454 2121 :
3479 2076 3532 2123 et
3554 2069 3669 2123 vult

2078 2161 2137 2202 sc
2168 2158 2349 2205 tenere
2378 2160 2433 2205 ut
2461 2160 2584 2220 stet,
2616 2162 2671 2208 et
2710 2156 3102 2226 quodammodo
3130 2157 3261 2229 fugit
3286 2175 3314 2212 a
3346 2175 3420 2224 sc,
3457 2176 3553 2216 nec
3582 2162 3667 2215 in-

2079 2242 2223 2295 venit
2244 2243 2508 2298 cancellos
2533 2246 2723 2315 quibus
2749 2261 2806 2303 se
2826 2247 3076 2314 includat,
3096 2259 3185 2305 aut
3205 2250 3385 2305 obices
3411 2252 3668 2322 quosdam

2080 2334 2272 2403 quibus
2326 2335 2549 2391 retineat
2592 2338 2919 2395 avolationes
2954 2356 3076 2397 suas
3119 2349 3174 2398 et
3211 2358 3373 2413 vagos
3412 2343 3666 2414 quosdam

2082 2436 2279 2494 motus,
2312 2438 2365 2483 et
2392 2438 2496 2484 stet
2515 2427 2797 2499 jucundari
2825 2449 2853 2488 a
2886 2435 2995 2490 Deo
3023 2451 3140 2490 suo.
3171 2436 3266 2491 Vix
3297 2446 3378 2492 est
3401 2448 3456 2492 ut
3479 2453 3668 2493 occur-

2082 2531 2164 2575 rat
2192 2522 2313 2577 talis
2339 2524 2510 2578 oratio
2542 2526 2680 2582 inter
2709 2528 2903 2581 multas
2933 2528 3218 2582 orationes.
3264 2529 3470 2583 Diceret
3501 2546 3665 2585 unus-

2083 2613 2275 2683 quique
2302 2614 2398 2668 sibi
2426 2617 2756 2686 contingere,
2787 2627 2841 2672 et
2868 2617 3019 2673 alteri
3045 2634 3150 2673 non
3191 2621 3516 2691 contingere,
3566 2621 3666 2676 nisi

2082 2706 2440 2764 inveniremus
2474 2708 2525 2762 in
2555 2707 2840 2779 Scripturis
2870 2711 2956 2765 Dei
2982 2712 3144 2767 David
3170 2724 3407 2768 orantem
3439 2714 3668 2784 quodam

2084 2801 2134 2855 in
2185 2802 2321 2868 loco,
2363 2812 2416 2859 et
2451 2803 2716 2860 dicentem
2755 2818 2771 2856 :
2806 2802 3063 2868 Quoniam
3092 2805 3276 2867 inveni,
3307 2803 3541 2872 Domine,
3583 2821 3671 2860 cor

2082 2910 2269 2961 meum,
2300 2904 2354 2949 ut
2396 2912 2593 2950 orarem
2621 2896 2690 2949 ad
2710 2906 2756 2950 te
2799 2894 2865 2968 (Π
2893 2893 3019 2968 Reg.
3064 2910 3149 2958 vtt,
3197 2894 3309 2965 27).
3338 2895 3581 2950 invenire
3611 2912 3671 2951 se

2083 2985 2216 3041 dixit
2244 3002 2337 3042 cor
2365 3003 2540 3055 suum,
2582 2991 2729 3060 quasi
2758 2991 2954 3045 soleret
2979 2990 3046 3045 ab
3074 3006 3138 3045 eo
3160 2987 3359 3063 fugere,
3389 2999 3441 3048 et
3471 2990 3558 3047 ille
3581 3004 3668 3044 se-

2084 3077 2175 3147 qui
2204 3078 2352 3148 quasi
2375 3078 2668 3150 fugitivum,
2702 3092 2754 3135 et
2786 3097 2888 3136 non
2918 3097 3075 3151 posse
3101 3084 3574 3153 comprehendere,
3614 3096 3670 3142 et

2083 3168 2315 3225 clamare
2354 3170 2419 3224 ad
2472 3170 2660 3238 Deum,
2712 3173 2961 3239 Quoniam
3002 3191 3089 3228 cor
3114 3192 3276 3229 meum
3305 3176 3566 3245 dereliquit
3591 3196 3670 3233 me

2090 3259 2258 3333 (Psal.
2288 3279 2469 3327 xxxix,
2498 3263 2608 3337 15).
2633 3265 2829 3335 Itaque,
2860 3265 3050 3322 fratres
3071 3267 3195 3332 mei,
3218 3269 3496 3324 attendens
3526 3271 3668 3340 quod

2088 3355 2171 3410 hic
2182 3355 2274 3419 ait,
2292 3355 2475 3410 Suavis
2487 3373 2538 3410 es
2554 3368 2605 3409 tu
2622 3367 2666 3410 et
2684 3359 2814 3410 mitis
2832 3373 2852 3421 ;
2869 3358 3052 3413 videor
3073 3358 3199 3413 mihi
3222 3360 3401 3415 videre
3427 3361 3513 3416 hic
3526 3362 3667 3431 quod

2085 3448 2178 3515 ait,
2204 3450 2357 3503 mitis.
2387 3447 2628 3503 Iucunda
2651 3451 2871 3504 animum
2897 3453 3025 3505 servi
3053 3452 3147 3517 tui,
3176 3455 3409 3520 quoniam
3430 3455 3498 3507 ad
3522 3464 3568 3508 te
3591 3455 3668 3509 le-

2084 3544 2193 3598 vavi
2217 3545 2436 3599 animam
2467 3563 2626 3600 meam
2646 3563 2661 3610 ;
2678 3550 2913 3619 quoniam
2926 3558 2979 3601 tu
2996 3551 3160 3603 suavis
3173 3559 3218 3603 et
3240 3551 3370 3603 mitis
3390 3568 3440 3605 es
3456 3566 3473 3604 :
3487 3551 3671 3606 videor

2086 3635 2215 3689 mihi
2258 3637 2437 3693 videre
2466 3638 2529 3693 ad
2552 3639 2649 3693 hoc
2678 3640 2875 3694 dixi~se
2903 3641 3083 3695 mitem
3107 3642 3293 3707 Deum,
3322 3643 3441 3712 quia
3472 3645 3671 3714 patitur

2086 3730 2186 3785 ista
2216 3739 2417 3797 nostra,
2448 3740 2501 3785 et
2529 3742 2801 3802 exspectat
2826 3740 2999 3789 tamen
3027 3750 3056 3788 a
3084 3733 3236 3789 nobis
3266 3736 3581 3800 oratiOuem,
3614 3745 3672 3790 ut

2087 3821 2328 3891 perﬁciat
2353 3839 2481 3889 nos;
2510 3832 2564 3878 et
2610 3823 2821 3893 quando
2862 3825 2930 3879 illi
2958 3841 3074 3879 eam
3117 3825 3443 3893 dederimus,
3479 3826 3671 3896 accipit

2094 3922 2264 3983 grate,
2292 3925 2345 3969 et
2365 3913 2611 3980 exaudit;
2642 3932 2739 3971 nec
2764 3918 3003 3971 meminit
3029 3926 3201 3971 tantas
3233 3933 3363 3987 quas
3400 3920 3671 3977 incondite

2087 4004 2375 4071 fundimus,
2404 4014 2457 4060 et
2482 4008 2673 4075 accipit
2702 4023 2858 4061 unam
2887 4022 3043 4076 quam
3074 4008 3158 4062 vix
3190 4008 3511 4064 invenimus.
3540 4011 3672 4081 Quis

2086 4095 2227 4148 enim
2254 4105 2352 4159 est,
2392 4094 2582 4151 fratres
2610 4097 2735 4163 mei,
2763 4095 2941 4164 homo,
2965 4114 3083 4154 cum
3107 4116 3213 4171 quo
3229 4101 3271 4155 si
3293 4104 3516 4171 cmperit
3539 4106 3672 4159 ami-

2086 4202 2181 4241 cus
2206 4186 2322 4256 ejus
2348 4185 2597 4257 colloqui,
2620 4198 2676 4244 et
2698 4189 2960 4244 voluerit’
2983 4192 3071 4246 ille
3098 4195 3422 4263 respondere
3443 4196 3675 4253 collocu-

2089 4279 2215 4335 tioni
2246 4279 2381 4350 ejus,
2409 4289 2463 4334 et
2484 4281 2672 4336 viderit
2692 4297 2811 4337 eum
2840 4285 3003 4338 averti
3031 4300 3058 4339 a
3077 4301 3155 4348 se,
3188 4295 3240 4341 et
3269 4287 3409 4342 aliud
3437 4288 3578 4360 loqui
3606 4291 3673 4345 ad

2088 4371 2270 4437 alium,
2298 4373 2384 4442 qui
2417 4372 2517 4428 hoc
2547 4372 2723 4429 ferat?
2747 4376 2850 4429 Aut
2870 4376 2914 4429 si
2939 4376 3070 4431 forte
3092 4376 3671 4449 interpellesjudicem,

2088 4471 2142 4518 et
2165 4465 2463 4519 constituas
2493 4480 2613 4519 eum
2644 4465 2760 4520 loco
2790 4474 2847 4519 ut
2874 4474 2923 4521 te
2948 4465 3147 4534 audiat,
3176 4477 3229 4523 et
3255 4470 3430 4525 subito
3460 4487 3578 4525 eum
3607 4472 3673 4526 ad

2089 4572 2210 4611 eum
2240 4556 2496 4626 loqueris,
2526 4555 2762 4611 dimittas
2793 4573 2935 4622 eum,
2977 4567 3030 4613 et
3060 4559 3279 4629 incipias
3303 4559 3526 4617 fabulari
3556 4578 3673 4617 cum

2088 4647 2261 4702 amico
2306 4658 2428 4714 tuo;
2476 4647 2689 4717 quando
2735 4656 2785 4702 te
2814 4648 3039 4703 tulerat?
3091 4650 3155 4703 Et
3185 4650 3377 4705 tolerat
3426 4652 3564 4706 Deus
3600 4662 3677 4707 tut

2088 4738 2251 4796 corda
2283 4741 2630 4809 precantium,
2654 4748 2707 4794 et
2726 4738 2962 4794 diversas
2984 4755 3068 4794 res
3088 4741 3428 4811 cogitantium
3457 4744 3677 4796 :omitto

2089 4832 2268 4887 dicere
2294 4838 2346 4888 et
2368 4834 2571 4898 noxias,
2599 4832 2784 4887 omitto
2815 4832 2995 4887 dicere
3014 4832 3297 4903 aliquando
3322 4849 3600 4901 perversae
3625 4844 3678 4887 et

2090 4925 2331 4980 inimicas
2368 4925 2514 4990 Deo;
2556 4923 2700 4995 ipsas
2746 4924 3041 4994 superﬂuas
3087 4925 3317 4994 cogitare
3356 4924 3542 4993 injuria
3596 4934 3680 4978 est

2090 5018 2225 5087 ejus,
2250 5033 2369 5072 cum
2389 5032 2493 5087 quo
2520 5017 2663 5088 loqui
2688 5031 2947 5086 cmperas.
2974 5014 3155 5070 Oratio
3179 5023 3263 5069 tua
3292 5016 3490 5070 locutio
3512 5025 3591 5070 est
3609 5018 3676 5073 ad

2090 5112 2299 5166 Deum:
2329 5110 2542 5181 quando
2589 5110 2746 5180 legis,
2796 5110 2938 5164 Deus
2990 5108 3085 5163 tibi
3150 5108 3415 5179 loquitur;
3461 5107 3676 5179 quando

2090 5218 2233 5271 oras,
2268 5203 2379 5258 Deo
2418 5203 2668 5273 loqueris.
2716 5201 2819 5257 Sed
2859 5200 2983 5271 quid
3010 5199 3441 5270 ?desperandum
3475 5212 3557 5257 est
3603 5201 3671 5257 de

2088 5311 2283 5366 genere
2334 5293 2587 5360 humano,
2635 5301 2689 5347 et
2721 5292 3000 5346 dicendum
3032 5290 3142 5361 jam
3172 5289 3239 5346 ad
3282 5290 3674 5347 damnationem

2092 5387 2359 5458 pertinere
2381 5400 2592 5440 omnem
2616 5382 2884 5437 hominem
2916 5382 3001 5438 cui
3028 5384 3357 5453 subrepserit
3383 5381 3555 5451 aliqua
3580 5396 3677 5436 co-

2089 5480 2275 5550 gitatio
2318 5476 2512 5542 oranti,
2558 5484 2612 5530 et
2660 5475 3003 5546 interruperit
3043 5477 3334 5532 orationem
3371 5475 3575 5546 ipsius?
3615 5474 3675 5531 Si

2092 5575 2193 5627 hoc
2221 5568 2530 5634 dixerimus,
2558 5566 2767 5636 fratres,
2790 5582 2907 5639 qum
2933 5583 3053 5640 spes
3080 5575 3350 5623 remaneat
3369 5581 3473 5623 non
3500 5566 3674 5624 video.

2156 5714 2173 5745 ί
2200 5719 2328 5762 Unus
2349 5718 2468 5771 Reg.
2490 5716 2593 5767 ωδ..
2621 5708 2797 5759 minus.

2155 5777 2175 5805 ¹
2198 5775 2378 5823 Catian.
2397 5779 2503 5831 Ms.,
2527 5777 2732 5836 quaerat.

2172 5839 2190 5868 δ
2211 5838 2280 5885 sic
2306 5844 2405 5885 \tss.
2434 5843 2489 5885 At
2512 5831 2644 5892 ΡΜ..
2662 5831 2884 5883 noluerit.
