4132 6510
487 385 618 440 l087

482 500 648 553 Porro
675 497 796 569 quia
841 504 922 551 est
947 493 1116 564 aliqua
1150 506 1272 561 spes
1296 488 1359 542 ad
1390 488 1574 550 Deum,
1607 482 1728 552 quia
1755 494 1942 549 magna
1979 486 2057 532 est

480 588 596 659 ejus
625 586 1011 653 misericordia,
1040 586 1275 638 dit-amns
1301 579 1348 635 ei
1379 595 1394 634 :
1421 573 1662 631 Iucunda
1689 574 1912 626 animum
1935 571 2063 625 servi

484 679 576 745 tui,
615 679 853 746 quoniam
894 678 963 730 ad
1004 686 1067 735 te.
1099 673 1331 737 Domine,
1360 668 1514 723 levavi
1541 667 1762 721 animum
1786 681 1965 718 meum.
1997 663 2064 718 Et

481 769 749 841 quomodo
775 784 890 823 eam
920 765 1125 821 levavi?
1165 761 1444 831 Quomodo
1489 760 1657 830 potui,
1698 756 1967 826 quomodo
2009 764 2063 810 tu

483 862 624 918 vires
657 861 871 928 dedisti,
898 856 1167 929 quomodo
1199 871 1318 911 eam
1348 853 1634 924 fugientem
1659 845 2065 919 apprehendere

481 954 673 1008 valui‘.
703 953 771 1007 Et
810 951 1006 1008 excidit
1035 949 1150 1012 tibi,
1191 947 1312 1018 quia
1337 945 1775 1016 quotiescumque
1817 946 1941 993 ante
1979 951 2064 991 me

481 1044 674 1100 stetisti
721 1041 868 1116 (puta
900 1042 1064 1096 Deum
1109 1038 1331 1108 dicere),
1376 1043 1518 1092 tanta
1559 1048 1690 1088 vana
1717 1038 1772 1086 et
1796 1026 2063 1099 superﬂua

481 1135 746 1206 cogitasti,
774 1144 828 1188 et
855 1135 937 1186 vix
963 1133 1090 1186 mihi
1122 1131 1278 1185 fixam
1301 1139 1357 1184 et
1379 1127 1622 1182 stabilem
1653 1122 1949 1179 orationem
1976 1119 2062 1174 fu-

469 1212 607 1282 disti
639 1245 652 1279 :
687 1228 818 1294 Quia
846 1237 899 1278 tu
926 1225 1092 1279 suavis
1116 1241 1190 1290 es,
1231 1222 1466 1286 Domine,
1500 1234 1560 1272 ac
1585 1217 1720 1271 mitis
1744 1232 1763 1268 :
1791 1213 1934 1269 mitis
1981 1227 2059 1276 es,

484 1318 718 1373 tolerans
747 1334 851 1372 me.
884 1317 965 1372 Ex
994 1315 1306 1386 tegi-itudine
1329 1313 1540 1374 deﬂuo;
1583 1324 1730 1374 cura,
1771 1315 1825 1361 et
1872 1304 2060 1360 stabo:

483 1409 764 1477 confirma,
795 1418 849 1464 et
879 1410 1064 1462 iirmus
1091 1422 1203 1463 ero.
1233 1406 1412 1459 Donec
1435 1411 1613 1457 autem
1639 1400 1822 1466 facias,
1868 1396 2064 1452 toleras

484 1516 569 1556 me
601 1519 613 1555 :
645 1499 776 1565 Quia
802 1510 855 1553 tu
873 1498 1041 1554 suavis
1062 1513 1134 1565 es,
1155 1495 1390 1562 Domine,
1420 1503 1466 1547 et
1493 1493 1645 1546 mitis.

555 1594 611 1649 8.
654 1591 718 1646 Et
746 1592 959 1646 multum
987 1591 1288 1646 misericors.
1320 1587 1433 1643 Non
1473 1586 1612 1640 enim
1644 1584 1814 1639 solum
1851 1580 2060 1636 miseri-

483 1700 626 1750 cors,
659 1683 752 1739 sed
792 1684 1008 1736 multum
1030 1682 1313 1736 misericors
1344 1695 1362 1732 :
1394 1677 1626 1733 abundat
1650 1676 1792 1730 enim
1815 1673 2062 1742 iniquitas

485 1783 688 1842 nostra,
716 1773 952 1828 abundat
971 1780 1025 1827 et
1051 1768 1415 1826 misericordia
1438 1777 1543 1822 tua.
1572 1764 1644 1818 Et
1669 1764 1881 1818 multum
1911 1761 2059 1816 mise-

483 1868 641 1922 ricors
662 1883 713 1920 es
737 1865 965 1920 omnibus
991 1861 1334 1918 invocantibus
1371 1870 1436 1914 te.
1470 1860 1534 1914 Et
1555 1856 1679 1929 quid
1705 1864 1788 1912 est
1811 1853 1955 1925 quod
1983 1851 2064 1907 di-

483 1959 557 2012 cit
585 1957 766 2012 multis
789 1957 920 2012 locis
946 1954 1240 2026 Scriptura,
1266 1953 1390 2024 quia
1415 1948 1734 2017 invocabant,
1761 1957 1809 2002 et
1850 1962 1953 2000 non
1975 1961 2064 1999 ea:-

482 2051 693 2105 audiam
720 2066 805 2105 eos
831 2047 1016 2120 (Prov.
1039 2063 1074 2113 t,
1105 2047 1197 2116 ‘28)
1230 2047 1396 2119 (certe
1419 2043 1702 2098 misericors
1731 2039 1959 2095 omnibus
1984 2039 2064 2091 in-

484 2143 774 2200 vocantibus
793 2143 864 2213 te)
889 2159 905 2209 ;
924 2142 1024 2198 nisi
1050 2141 1172 2213 quia
1189 2138 1404 2212 quidam
1421 2139 1748 2202 invocantes,
1769 2150 1874 2188 non
1892 2133 2062 2202 ipsum

489 2237 778 2291 invocant?
822 2235 891 2290 de
920 2233 1114 2306 quibus
1149 2232 1366 2300 dicitur,
1394 2228 1560 2284 Deum
1585 2245 1687 2284 non
1715 2228 2066 2280 invocaverunt

455 2329 659 2399 ‘(PsaL
687 2345 776 2393 ιιι,
805 2326 883 2400 6).
915 2327 1184 2393 lnvocant,
1213 2324 1309 2382 sed
1337 2337 1443 2379 non
1467 2323 1654 2379 Deum.
1679 2320 1893 2374 lnvocas
1913 2313 2065 2387 quid-

488 2419 611 2490 quid
657 2434 838 2481 amas;
883 2419 1098 2473 invocas
1147 2413 1404 2488 quidquid
1450 2413 1503 2470 in
1553 2422 1607 2467 te
1647 2423 1825 2475 vocas,
1852 2412 2066 2462 invocas

487 2510 740 2582 quidquid
768 2511 847 2566 vis
874 2519 931 2565 ut
950 2511 1123 2564 veniat
1145 2508 1210 2563 ad
1243 2517 1312 2562 te.
1345 2506 1533 2569 Porro,
1559 2504 1602 2558 si
1633 2503 1800 2558 Deum
1825 2506 2068 2570 propter-

488 2619 550 2658 ea
611 2603 845 2666 invocas,
892 2611 950 2656 ut
982 2601 1162 2654 veniat
1199 2598 1264 2654 ad
1315 2608 1367 2653 te
1414 2594 1657 2668 pecunia,
1706 2601 1763 2646 ut
1793 2591 1974 2646 veniat
1999 2587 2063 2643 ad

489 2703 541 2748 te
569 2693 874 2759 hatredilas,
906 2701 962 2747 ut
985 2693 1162 2746 veniat
1185 2689 1251 2744 ad
1284 2699 1337 2746 te
1375 2685 1644 2742 smcularis
1667 2683 1928 2752 dignitas;
1978 2680 2066 2735 illa

489 2788 708 2842 invocas
733 2803 850 2856 qua:
880 2787 958 2839 vis
986 2793 1042 2839 ut
1078 2784 1290 2840 veniant
1312 2781 1378 2836 ad
1407 2791 1458 2836 te
1486 2799 1498 2834 :
1528 2779 1622 2835 sed
1649 2778 1811 2833 Deum
1859 2775 1952 2832 tibi
1975 2773 2066 2829 ad-

491 2877 716 2949 iutorem
743 2877 896 2948 ponis
918 2874 1262 2946 cupiditatum
1288 2916 1301 2938 ,
1334 2889 1436 2927 non
1467 2870 1831 2927 exauditorem
1855 2866 2066 2922 deside—

491 2969 713 3026 riorum.
747 2970 888 3024 Deus
927 2968 1118 3033 bonus,
1156 2967 1203 3020 si
1249 2965 1339 3020 det
1373 2963 1515 3034 quod
1556 2964 1655 3018 vis.
1682 2959 1840 3028 Quid,
1865 2959 1908 3014 si
1929 2957 2070 3013 male

493 3060 594 3125 vis,
624 3073 803 3114 nonne
831 3059 933 3113 erit
959 3057 1127 3127 magis
1173 3070 1275 3110 non
1305 3053 1481 3109 dando
1511 3050 1855 3108 misericors?
1882 3049 2067 3114 Porro,

492 3150 536 3209 si
590 3165 695 3206 non
746 3149 972 3215 dederit,
1016 3148 1125 3219 jam
1172 3145 1304 3200 nihil
1333 3143 1427 3199 tibi
1475 3143 1614 3198 Deus
1657 3149 1774 3205 est;
1820 3147 1874 3194 et
1899 3137 2067 3194 dicis:

493 3246 760 3314 Quantum
790 3243 992 3314 rogavi,
1020 3257 1177 3312 quam
1208 3253 1351 3308 saepe
1379 3236 1580 3308 rogavi,
1611 3242 1667 3289 et
1704 3247 1808 3287 non
1837 3245 1954 3288 sum
1981 3244 2074 3285 ex-

495 3336 738 3391 auditus!
773 3335 907 3403 Quid
936 3335 1077 3390 cnim
1119 3332 1380 3403 petebas?
1411 3329 1570 3384 Forte
1619 3334 1845 3381 mortem
1875 3321 2074 3378 inimici

497 3429 592 3483 tui.
622 3426 780 3496 Quid,
804 3427 848 3480 si
877 3435 930 3481 et
955 3426 1044 3479 ille
1075 3423 1288 3495 petebat
1315 3421 1496 3476 tuam?
1521 3419 1618 3487 Qui
1648 3425 1699 3472 te
1719 3415 1939 3479 creavit,
1962 3413 2076 3484 ipse

497 3532 552 3578 et
571 3521 718 3576 illum
739 3537 754 3585 ;
779 3519 940 3573 homo
960 3531 1038 3583 es,
1064 3516 1223 3570 homo
1243 3523 1326 3570 est
1347 3522 1396 3568 et
1417 3512 1508 3566 ille
1532 3529 1544 3564 :
1567 3511 1705 3564 Deus
1722 3515 1897 3562 autem
1913 3505 2074 3576 judex

497 3620 613 3677 est;
643 3611 790 3666 audit
813 3610 1020 3672 ambos,
1052 3616 1104 3662 et
1145 3622 1248 3660 non
1295 3603 1511 3661 exaudit
1548 3601 1754 3657 ambos.
1779 3597 1971 3654 Tristis
1995 3612 2072 3663 es,

498 3705 620 3774 quia
649 3718 752 3757 non
777 3717 836 3758 es
859 3699 1135 3756 exauditus
1161 3705 1345 3753 contra
1371 3695 1517 3750 illum
1543 3710 1558 3758 ;
1585 3691 1778 3763 gaude,
1809 3689 1930 3760 quia
1971 3704 2078 3743 non

498 3804 585 3852 est
611 3793 890 3849 exauditus
929 3801 1113 3846 contra
1160 3800 1229 3845 te.
1260 3788 1394 3858 Ego,
1421 3785 1615 3856 inquis,
1643 3799 1748 3838 non
1790 3783 1892 3836 hoc
1927 3789 2080 3851 pete-

500 3886 656 3952 bam;
687 3902 791 3941 non
825 3884 1025 3938 inimici
1056 3882 1159 3937 mei
1201 3881 1450 3953 petebam
1501 3885 1747 3941 mortem,
1791 3875 1884 3930 sed
1915 3873 2080 3928 vitam

503 3980 745 4052 petebam
801 3977 893 4032 filii
943 3976 1045 4031 mei
1083 3993 1093 4028 :
1126 3973 1252 4045 quid
1285 3971 1406 4026 mali
1455 3968 1741 4041 petebam?
1787 3965 1927 4020 Nihil
1959 3965 2080 4019 mali

503 4072 736 4142 petebas,
767 4072 904 4125 sicut
941 4078 996 4123 tu
1024 4067 1308 4124 sentiebas.
1341 4064 1471 4118 Nam
1512 4061 1658 4133 qttid,
1703 4059 1746 4113 si
1787 4059 1878 4114 ille
1904 4065 2084 4128 raptus

504 4173 604 4228 est,
635 4179 702 4219 ne
741 4163 939 4217 malitia
969 4169 1196 4215 mutaret
1237 4156 1556 4212 intellectum
1608 4153 1746 4207 illius
1800 4149 1954 4223 (Sap.
2008 4165 2084 4219 tv,

507 4256 633 4328 ll)?
662 4254 767 4311 Sed
797 4261 1061 4324 peccator,
1085 4250 1279 4320 inquis,
1307 4257 1453 4312 erat;
1479 4256 1531 4301 et
1555 4245 1675 4300 ideo
1697 4243 1936 4298 volebam
1963 4257 2086 4297 eum

508 4350 708 4415 vivere,
754 4357 809 4402 ut
853 4346 1230 4416 corrigeretur.
1281 4342 1361 4396 Τιι
1402 4339 1620 4394 volebas
1659 4352 1780 4392 eum
1803 4336 2001 4400 vivere,
2032 4341 2090 4388 ut

509 4443 700 4499 melior
724 4449 865 4496 esset
900 4457 912 4492 :
946 4436 1071 4508 quid
1103 4437 1148 4490 si
1175 4436 1314 4490 Deus
1343 4439 1583 4496 noverat,
1608 4430 1651 4485 si
1682 4429 1903 4491 viveret,
1937 4424 2089 4496 pejo-

511 4552 624 4592 rem
667 4531 938 4590 futurum?
984 4529 1136 4587 Unde
1163 4544 1290 4600 ergo
1321 4526 1455 4582 nosti
1497 4523 1623 4594 quid
1669 4523 1743 4578 illi
1793 4519 2088 4592 prodesset,

511 4627 647 4682 mori
677 4641 742 4680 an
775 4623 992 4678 vivere?
1017 4621 1070 4678 Si
1102 4634 1229 4690 ergo
1247 4632 1352 4673 non
1375 4616 1535 4681 nosti,
1569 4612 1684 4669 redi
1710 4611 1775 4666 ad
1797 4625 1892 4666 cor
1921 4618 2089 4674 tuum,

511 4717 718 4774 dimitte
764 4715 872 4769 Deo
900 4711 1178 4768 consilium
1217 4723 1392 4763 suum.
1427 4704 1564 4774 Quid
1610 4719 1757 4775 ergo,
1787 4701 1982 4773 inquis,
2011 4697 2093 4754 fa-

515 4808 689 4865 ciam?
717 4803 841 4876 quid
863 4802 1050 4860 orem?
1079 4799 1214 4868 Quid
1239 4798 1404 4854 ores?
1431 4794 1584 4865 Quod
1609 4803 1661 4850 te
1698 4791 1878 4848 docuit
1913 4788 2094 4845 Domi-

520 4913 642 4966 nus,
671 4896 811 4968 quod
837 4904 889 4951 te
919 4892 1098 4948 docuit
1136 4890 1368 4948 caelestis
1400 4889 1669 4959 magister.
1695 4884 1885 4940 Invoca
1925 4882 2094 4938 Deum

515 5001 764 5061 tanquam
795 4987 984 5052 Deum,
1008 5000 1124 5039 ama
1159 4984 1324 5038 Deum
1346 4990 1596 5050 tanquam
1626 4978 1792 5032 Deum
1826 4995 1839 5030 :
1872 4975 1962 5028 illo
1988 4987 2099 5028 me-

516 5083 618 5136 lius
660 5081 790 5135 nihil
841 5088 952 5144 est;
1000 5077 1171 5146 ipsum
1226 5071 1490 5136 desidera,
1542 5069 1711 5140 ipsum
1761 5063 2096 5133 concupisce.

519 5172 653 5228 Vide
679 5173 1010 5225 invocantem
1052 5168 1220 5222 Deum
1243 5165 1294 5219 in
1323 5162 1427 5218 alio
1457 5159 1699 5232 psalmo:
1735 5156 1902 5211 Unam
1932 5154 2050 5224 petii
2069 5169 2102 5205 a

525 5265 742 5319 Domino
770 5263 900 5316 hanc
925 5261 1197 5330 requiram.
1224 5255 1361 5325 Quid
1385 5262 1468 5310 est
1490 5250 1633 5322 quod
1667 5247 1834 5320 petit?
1862 5245 1929 5301 Ut
1955 5244 2100 5299 inha-

520 5356 671 5412 bitem
696 5355 749 5409 in
763 5353 912 5407 domo
936 5350 1143 5403 Domini
1163 5365 1251 5419 per
1273 5363 1442 5401 omnes
1467 5344 1574 5397 dies
1601 5342 1714 5395 vita:
1737 5354 1880 5393 mew.
1909 5333 2104 5406 thuid

523 5449 663 5506 hoc?
693 5446 758 5502 Ut
783 5441 1087 5512 contempler
1115 5439 1494 5494 delectationem
1518 5432 1727 5488 Domini
1754 5428 1920 5502 (Psal.
1953 5442 2103 5494 xxvi,

525 5541 604 5615 4).
643 5540 701 5597 Si
749 5551 880 5610 ergo
929 5541 1135 5588 amator
1164 5530 1259 5585 Dei
1297 5543 1416 5584 esse
1444 5527 1544 5591 vis,
1575 5518 1948 5578 sincerissimis
1990 5531 2104 5571 me-

526 5635 690 5692 dullis
716 5633 982 5702 castisque
1021 5623 1264 5698 suSpiriis
1301 5624 1472 5695 ipsum
1521 5619 1700 5690 dilige,
1756 5618 1930 5687 ipsum
1964 5626 2106 5678 ama,

526 5727 608 5783 illi
634 5727 818 5797 ﬂagra,
859 5723 935 5778 illi
973 5720 1114 5778 inhia
1147 5732 1254 5790 quo
1278 5713 1564 5787 jucundius
1593 5710 1722 5765 nihil
1752 5707 1978 5771 invenis,
2005 5716 2109 5772 quo

602 5866 618 5897 ³
645 5865 719 5915 sic
737 5870 844 5913 Mss.
872 5867 923 5912 At
946 5867 1038 5921 Er,
1065 5855 1229 5910 valuit.
1246 5862 1376 5915 l.ov.,
1404 5848 1606 5901 voluisti.

1719 368 1775 421 S.
1821 359 2178 419 AUGUS'I‘INI
2222 359 2516 416 EPISCOPI

3616 378 3749 434 1088

2173 475 2382 540 melius,
2429 491 2537 545 quo
2579 476 2772 544 ltetius,
2805 496 2912 550 quo
2937 481 3235 541 diuturnius
3282 488 3416 555 Quid
3448 495 3586 549 enim
3641 507 3750 554 tam

2169 565 2501 632 diuturmtm,
2522 584 2681 638 quam
2712 571 2761 625 id
2794 573 2934 642 quod
2960 585 3042 629 est
3067 579 3487 647 sempiternum?
3513 585 3628 641 Non
3680 591 3749 643 ti-

2169 674 2283 751 mes
2311 676 2377 715 ne
2404 661 2686 732 aliquando
2711 680 2741 718 a
2770 673 2821 749 te
2849 678 3048 736 pereat,
3077 671 3166 741 qui
3203 671 3328 729 facit
3367 692 3433 732 ne
3459 687 3512 733 ιιι
3535 696 3750 751 pereas.

2168 747 2225 804 Si
2261 765 2390 819 ergo
2442 762 2495 806 tu
2525 753 2738 810 invocas
2791 746 2956 813 Deum
2999 769 3244 833 tanquam
3285 766 3474 835 Deum,
3524 746 3756 830 securus

2169 849 2302 945 esto,
2327 845 2635 945 .exaudiris;
2663 849 2894 916 pertincs
2917 852 2980 906 ad
3013 854 3166 909 istum
3186 872 3417 928 versum,
3446 861 3512 918 Et
3532 865 3755 922 multum

2170 935 2450 989 misericors
2473 937 2702 993 omnibus
2729 941 3075 1000 invocantibus
3103 958 3168 1002 te.

2239 1024 2292 1079 9.
2321 1024 2436 1080 Noli
2461 1042 2588 1098 ergo
2609 1029 2787 1086 dicere
2817 1051 2829 1086 :
2865 1033 2994 1090 Illud
3027 1037 3153 1093 mihi
3196 1058 3301 1097 non
3323 1043 3487 1101 dedit.
3517 1048 3649 1105 Redi
3677 1053 3755 1106 ad

2168 1117 2547 1176 conscientiam
2576 1131 2750 1189 tuam;
2785 1125 2938 1194 libra,
2969 1130 3251 1203 interroga,
3283 1153 3500 1206 parcere
3525 1141 3595 1197 illi
3613 1145 3755 1198 nuli.

2168 1207 2223 1264 Si
2240 1225 2374 1306 vere
2399 1211 2561 1267 Deum
2595 1215 2869 1284 invocasti,
2894 1231 3071 1276 certus
3091 1237 3206 1280 esto
3231 1228 3349 1298 quia
3374 1229 3423 1284 id
3449 1229 3582 1288 forte
3604 1236 3760 1306 quod

2169 1300 2382 1357 volebas
2428 1307 2808 1375 temporaliter,
2843 1310 2962 1366 ideo
2994 1330 3100 1370 non
3137 1317 3302 1386 dedit,
3351 1323 3470 1392 quia
3503 1300 3756 1385 nou-tibi

2170 1393 2438 1461 proderat.
2488 1396 2801 1457 IEdiﬂcetur
2847 1406 2898 1458 in
2950 1405 3051 1464 hoc
3100 1425 3194 1465 cor
3231 1423 3487 1483 vestrum,
3534 1418 3753 1486 fratres,

2168 1497 2290 1586 cor.
2319 1486 2707 1586 christianum,
2759 1509 2854 1549 cor
2901 1497 3097 1566 fidele;
3142 1519 3208 1557 ne
3260 1504 3519 1576 incipiatis
3568 1513 3758 1570 tristes

2168 1569 2314 1676 facti,
2343 1577 2501 1632 veluti
2524 1579 2746 1638 fraudati
2773 1584 3051 1645 desideriis
3091 1596 3302 1662 vestris,
3335 1569 3410 1653 ire
3433 1599 3482 1654 in
3508 1601 3758 1674 indigna-

2170 1674 2365 1769 tionem
2391 1679 2573 1769 contra
2620 1675 2824 1732 Deum:
2858 1682 3053 1737 ctenim
3102 1701 3205 1740 non
3237 1691 3452 1760 expedit
3494 1694 3757 1752 adversus

2167 1759 2438 1815 stimulum
2491 1763 2769 1822 ealcitrare
2802 1769 2935 1839 (Act.
2976 1789 3048 1840 ix,
3074 1776 3152 1846 5).
3197 1778 3473 1839 Recurrite
3504 1785 3569 1840 ad
3597 1787 3753 1844 Scri-

2169 1854 2369 1946 pturas.
2394 1851 2687 1946 Exauditur
2707 1856 2969 1926 diabolus,
2999 1873 3052 1918 et
3082 1882 3184 1920 non
3210 1871 3493 1929 exauditur
3516 1877 3756 1946 Aposto-

2169 1939 2253 1998 lus
2300 1959 2314 1998 :
2356 1945 2482 2014 quid
2551 1947 2703 2003 vobis
2768 1951 3011 2009 videtur?
3071 1957 3348 2024 Quomodo
3392 1939 3756 2026 exaudiuntur

2169 2030 2482 2133 daemones?
2517 2038 2789 2133 Petierunt
2831 2059 2889 2101 se
2920 2046 2998 2102 ire
3042 2049 3093 2102 in
3114 2065 3325 2120 porcos,
3357 2065 3411 2111 et
3433 2072 3752 2118 concessum

2169 2131 2252 2178 est
2275 2124 2353 2180 eis
2375 2124 2584 2198 (Matth.
2619 2147 2728 2197 vin,
2771 2133 2860 2197 3i,
2897 2135 3010 2210 52).
3043 2139 3320 2209 Quomodo
3343 2149 3618 2204 exauditus
3665 2163 3756 2210 est

2171 2214 2456 2311 diabolus?
2486 2220 2642 2276 Petiit
2662 2223 2764 2280 Job
2807 2231 3136 2300 tentandum,
3160 2243 3213 2289 et
3235 2240 3437 2309 accepit
3457 2239 3629 2311 (labi,
3656 2247 3714 2300 Η

2171 2307 2334 2405 .12,-et
2360 2325 2420 2405 ιι,
2447 2311 2500 2375 5,
2531 2313 2606 2384 6).
2652 2315 2931 2383 Quomodo
2974 2339 3079 2378 non
3106 2288 3497 2388 exauditusr

2171 2399 2297 2454 lus?
2327 2419 2345 2452 ι
2381 2401 2435 2456 ln
2482 2407 2860 2478 magnitudine,
2895 2433 2912 2465 ι
2966 2416 3151 2486 inquit,
3185 2437 3204 2470 ι
3249 2399 3624 2481 revelationnin
3680 2445 3753 2484 ne

2170 2492 2414 2562 extollar,
2446 2495 2602 2552 datus
2621 2511 2699 2554 est
2728 2501 2854 2556 mihi
2886 2506 3128 2562 stimulus
3149 2513 3324 2566 carnis
3349 2531 3502 2581 mete,
3531 2519 3755 2588 angelus

2171 2589 2368 2638 satana:
2397 2587 2484 2655 qui
2512 2604 2598 2643 me
2617 2591 2913 2662 colaphizet
2941 2615 2951 2647 :
2979 2608 3193 2668 propter
3210 2602 3350 2671 quod
3371 2614 3452 2660 ter
3470 2587 3750 2664 Dominum

2171 2677 2350 2746 rogavi
2401 2689 2456 2734 ιιι
2501 2681 2734 2739 auferret
2757 2701 2878 2740 eum
2911 2703 2936 2739 τι
2965 2706 3070 2753 me,
3115 2701 3169 2747 et
3195 2693 3326 2751 dixit
3354 2697 3482 2752 mihi
3512 2701 3753 2758 :Suflicit

2175 2768 2266 2862 tibi
2295 2773 2462 2862 gratia
2506 2790 2651 2840 mea;
2687 2794 2804 2832 nam
2854 2781 3018 2837 virtus
3061 2785 3113 2839 in
3145 2786 3452 2847 infirmitate
3481 2793 3754 2862 perficitur

2177 2859 2242 2956 (_l|
2273 2861 2390 2916 Cor.
2422 2880 2513 2932 xu,
2565 2867 2707 2938 7-9).
2763 2871 3040 2930 Exaudivit
3067 2891 3188 2933 eum
3235 2897 3392 2951 quem
3433 2859 3752 2956 disponebat

2174 2951 2452 3019 damnare,
2479 2970 2533 3012 et
2556 2973 2660 3014 non
2682 2965 2947 3020 examlivit
2976 2984 3096 3023 cum
3127 2988 3282 3040 quem
3306 2951 3746 3035 volebatvsanare.

2175 3043 2306 3099 Nam
2334 3056 2386 3101 et
2413 3064 2556 3119 aeger
2582 3055 2710 3120 petit
2739 3057 2898 3111 multa
2922 3075 2952 3111 a
2976 3061 3201 3132 medico,
3232 3080 3337 3121 non
3365 3067 3453 3123 dat
3479 3070 3748 3127 medicus:

2178 3153 2286 3193 non
2306 3142 2522 3197 exaudit
2546 3145 2612 3200 ad
2635 3147 2978 3218 voluntatem,
3010 3167 3067 3208 ut
3093 3157 3341 3214 exaudiat
3364 3161 3430 3216 ad
3452 3164 3750 3219 sanitatem.

2182 3229 2325 3302 Ergo
2364 3233 2630 3322 medicum
2675 3248 2821 3295 tuum
2869 3259 3004 3311 pone
3035 3245 3201 3302 Deum
3224 3266 3238 3313 ;
3265 3260 3384 3320 pete
3407 3251 3476 3307 ab
3504 3253 3592 3309 illo
3613 3257 3754 3310 salu-

2181 3330 2311 3390 tem,
2341 3333 2397 3379 et
2421 3325 2568 3382 salus
2592 3337 2676 3384 tua
2711 3331 2821 3399 ipse
2837 3333 2938 3388 erit
2963 3353 2975 3386 :
3000 3351 3104 3391 non
3134 3340 3289 3406 quasi
3321 3341 3540 3398 salutem
3563 3345 3757 3399 extrin-

2179 3428 2354 3480 secus,
2395 3417 2489 3472 sed
2537 3428 2594 3474 ut
2629 3421 2772 3477 salus
2821 3423 2934 3493 ipse
2970 3426 3073 3491 sit;
3113 3444 3180 3482 ne
3214 3445 3396 3485 rursus
3424 3447 3570 3488 ames
3597 3435 3755 3488 aliam

2181 3505 2404 3593 salutem
2433 3519 2626 3578 praeter
2647 3511 2838 3581 ipsum,
2867 3516 2962 3570 sed
2990 3520 3255 3587 quomodo
3277 3520 3438 3579 habes
3458 3525 3508 3578 in
3535 3525 3757 3593 psalmo,

2181 3592 2280 3648 Dic
2309 3598 2492 3654 optima:
2532 3619 2672 3670 mete,
2702 3603 2858 3659 Salus
2887 3615 2974 3660 tua
2997 3623 3088 3678 ego
3116 3625 3226 3663 sum
3255 3609 3423 3681 (Psal.
3477 3592 3654 3682 xxnv,
3678 3615 3758 3686 ὃ).

2183 3688 2320 3754 Quid
2344 3691 2408 3744 ad
2428 3699 2498 3756 te,
2523 3694 2650 3763 quid
2673 3695 2760 3750 tibi
2783 3695 2942 3764 dicat,
2975 3706 3032 3754 ut
3059 3713 3119 3755 se
3141 3701 3233 3756 tibi
3250 3702 3376 3757 det?
3397 3703 3487 3758 Vis
3509 3713 3564 3758 nt
3583 3704 3672 3759 det
3702 3721 3762 3761 se

2187 3779 2276 3835 tibi
2296 3781 2318 3833 ?
2338 3781 2474 3848 Quid
2504 3785 2548 3838 si
2569 3785 2708 3854 quod
2727 3787 2804 3841 vis
2827 3787 3042 3854 habere,
3063 3805 3168 3846 non
3191 3793 3303 3848 vult
3325 3794 3438 3865 ipse
3465 3804 3520 3849 ut
3543 3795 3760 3863 habeas,

2187 3880 2244 3926 ut
2267 3888 2326 3927 se
2361 3873 2452 3928 tibi
2485 3875 2611 3930 det?
2635 3875 3015 3947 Impedimenta
3045 3892 3302 3950 removet,
3326 3891 3384 3939 nt
3407 3886 3565 3941 intret
3594 3887 3658 3941 ad
3687 3895 3761 3942 te.

2189 3966 2332 4021 Bona
2359 3968 2585 4038 cogitate
2628 3979 2682 4024 et
2717 3971 3070 4040 considerate,
3102 3973 3315 4042 fratres,
3346 3992 3464 4047 qua:
3493 3979 3582 4032 dat
3627 3979 3765 4035 Deus

2190 4061 2592 4129 peccatoribus;
2640 4072 2694 4118 et
2743 4065 2867 4119 hinc
2905 4065 3184 4137 intelligite
3220 4068 3344 4138 quid
3371 4079 3547 4124 servet
3598 4070 3768 4125 servis

2191 4152 2320 4207 suis.
2354 4153 2731 4210 Peecatoribus
2760 4157 3247 4226 blasphemantibus
3275 4177 3395 4216 eum
3422 4162 3656 4232 quotidie
3679 4163 3771 4216 dat

2192 4246 2385 4300 caelum
2413 4255 2468 4301 et
2503 4257 2717 4314 terram,
2746 4249 2837 4303 dat
2859 4250 3048 4318 fontes,
3079 4250 3303 4319 fructus,
3326 4253 3569 4317 salutem,
3613 4252 3766 4313 filius.

2192 4341 2391 4410 copias,
2411 4340 2704 4396 ubertatem
2735 4360 2748 4396 :
2778 4341 2892 4398 haec
2915 4344 3091 4398 omnia
3109 4343 3246 4399 bona
3273 4361 3377 4399 non
3393 4344 3483 4399 dat
3498 4343 3594 4399 nisi
3612 4345 3772 4398 Deus.

2193 4431 2294 4497 Qui
2346 4431 2467 4486 talia
2507 4433 2874 4502 peccatoribus
2910 4431 3020 4501 dat,
3060 4433 3185 4505 quid
3214 4450 3335 4490 eum
3367 4443 3523 4504 putas
3556 4449 3778 4490 servare

2197 4523 2440 4580 ﬂdclibus
2466 4525 2619 4580 suis?
2661 4525 2895 4581 Hoccine
2923 4525 2993 4581 de
3025 4525 3119 4580 illo
3157 4527 3495 4582 sentiendum
3524 4535 3624 4585 est.
3652 4527 3778 4596 quia

2197 4617 2286 4688 qui
2315 4617 2436 4672 talia
2462 4618 2615 4672 malis
2634 4617 2744 4684 dat,
2777 4617 2906 4672 nihil
2935 4625 3112 4674 servat
3137 4617 3328 4673 bonis?
3353 4617 3462 4672 lino
3503 4632 3628 4673 vero
3661 4631 3780 4671 ser-

2199 4720 2306 4778 vat,
2340 4727 2443 4766 non
2487 4719 2704 4777 terram,
2736 4711 2831 4766 sed
2857 4711 3071 4767 ca‘htm.
3100 4709 3267 4766 Vilius
3298 4711 3429 4764 forte
3470 4708 3666 4780 aliquid
3695 4708 3782 4763 di-

2200 4818 2286 4871 co,
2313 4819 2434 4857 eum
2461 4803 2581 4857 dico
2605 4803 2834 4866 coelum;
2865 4801 2959 4857 sed
2999 4803 3252 4872 seipsum,
3280 4801 3368 4871 qui
3400 4799 3524 4856 fecit
3560 4799 3781 4854 coelum.

2202 4893 2488 4950 Pulchrum
2535 4902 2619 4948 est
2663 4893 2878 4959 emtum,
2926 4891 3020 4948 sed
3063 4891 3334 4962 pulchrior
3375 4899 3457 4947 est
3501 4890 3785 4944 fabricator

2203 4990 2344 5045 caeli.
2374 4988 2478 5044 Sed
2519 4989 2672 5045 video
2719 4988 2936 5052 ctelum,
2973 4997 3026 5042 ct
3051 4989 3195 5042 illum
3229 5002 3334 5042 non
3359 4986 3533 5040 video.
3591 4984 3790 5039 Oculos

2207 5081 2347 5136 enim
2379 5079 2541 5135 habes
2566 5081 2633 5135 ad
2665 5080 2948 5135 videndum
2971 5079 3200 5144 emtum;
3233 5094 3326 5132 cor
3356 5077 3590 5132 nondum
3622 5075 3791 5130 habes

2207 5172 2275 5227 ad
2304 5171 2587 5227 videndum
2635 5171 3006 5227 fabricatorem
3051 5169 3170 5226 caeli
3206 5186 3219 5220 :
3249 5165 3367 5223 ideo
3393 5167 3537 5221 venit
3560 5166 3625 5219 de
3649 5165 3792 5219 coelo

2212 5266 2264 5320 in
2296 5274 2513 5328 terram,
2539 5272 2598 5318 ut
2623 5261 2842 5318 mundct
2866 5276 2979 5328 cor,
3009 5276 3114 5331 quo
3143 5259 3385 5314 videatur
3417 5257 3504 5328 qui
3531 5255 3651 5311 fecit
3680 5269 3795 5310 cm-

2212 5358 2320 5412 lum
2347 5365 2401 5411 et
2445 5365 2661 5411 terram.
2701 5354 2807 5410 Sed
2848 5353 3002 5421 plane
3025 5366 3144 5406 cum
3171 5347 3421 5420 patientia
3449 5347 3674 5402 salutem
3699 5359 3796 5399 ex-

2213 5456 2412 5520 specta.
2460 5447 2662 5514 Quibus
2693 5454 2745 5499 te
2788 5441 3191 5498 medicamentis
3233 5447 3418 5503 curet,
3464 5437 3556 5492 ille
3609 5435 3790 5498 novit;

2214 5543 2404 5615 quibus
2428 5538 2773 5605 sectionibus,
2802 5537 2992 5608 quibus
3030 5533 3345 5599 nstionibus,
3391 5529 3480 5586 ille
3523 5529 3686 5584 novit.
3713 5525 3797 5581 Τιι

2217 5635 2311 5691 tibi
2339 5632 2702 5705 aegritudinem
2728 5627 3045 5700 comparasti
3072 5623 3338 5696 peccando
3365 5640 3380 5675 :
3414 5621 3501 5676 ille
3521 5619 3664 5676 venit
3690 5633 3799 5673 non

2220 5727 2390 5780 solum
2411 5724 2613 5786 fovere,
2641 5723 2733 5779 sed
2762 5732 3013 5778 etsccarc
3036 5727 3091 5773 et
3110 5732 3281 5772 urere.
3307 5714 3420 5769 Non
3441 5713 3797 5781 videsquanta

2225 5818 2465 5878 homines
2489 5817 2754 5888 patiantur
2781 5813 2878 5869 sub
2904 5811 3228 5868 medicorum
3253 5806 3518 5873 omnibus,
3541 5817 3689 5874 spem
3717 5803 3801 5858 in-
