4132 6448
361 376 508 429 1089

346 504 559 546 certam
578 487 792 543 homine
814 484 1195 555 promittente?
1214 482 1516 547 Sanabcris,
1537 481 1664 536 dicit
1678 481 1947 544 medicus;

346 580 651 643 sanaberis,
679 578 726 634 si
752 592 995 633 secuere.
1021 576 1085 629 Et
1104 574 1265 628 homo
1290 573 1438 637 dicit,
1469 581 1523 626 et
1550 570 1749 627 homini
1779 571 1907 625 dicit
1935 586 1949 635 ;

348 688 463 729 nec
492 672 581 743 qui
608 670 739 724 dicit
764 676 943 723 certus
979 675 1078 727 est.
1113 681 1211 720 nec
1237 664 1327 735 qui
1354 663 1521 730 audit,
1548 663 1670 733 quia
1699 662 1789 716 ille
1825 660 1954 716 dicit

352 765 588 830 homini,
619 761 709 833 qui
740 775 845 815 non
876 759 1000 814 fecit
1029 756 1322 822 hominem,
1352 764 1407 809 ct
1449 769 1554 809 non
1594 752 1828 823 perfecte
1853 751 1955 806 scit

351 855 491 928 quid
518 864 703 923 agatur
731 853 785 907 in
826 850 1039 905 homine
1071 856 1163 903 :et
1190 858 1367 901 tamen
1405 844 1473 900 ad
1514 844 1672 900 verba
1725 842 1955 897 hominis

354 950 491 1020 plus
530 945 814 1002 nescientis
850 941 977 1013 quid
1006 949 1192 1012 agatur
1233 940 1285 993 in
1313 938 1529 993 homine
1557 937 1730 993 credit
1772 936 1954 1001 homo,

352 1040 547 1095 subdit
570 1037 829 1102 membra,
855 1033 1005 1105 ligari
1026 1048 1084 1089 se
1107 1032 1321 1103 patitur,
1355 1039 1445 1085 aut
1466 1032 1777 1100 plerumque
1795 1028 1955 1083 etiam

355 1148 475 1187 non
509 1132 697 1201 ligatus
718 1139 927 1186 secatur
952 1135 1043 1181 aut
1058 1127 1257 1189 uritur;
1287 1133 1343 1179 et
1368 1124 1553 1192 accipit
1578 1122 1711 1177 forte
1730 1120 1954 1175 salutem

360 1238 659 1293 paucorum
712 1220 950 1284 dierum,
1006 1218 1115 1288 jam
1164 1224 1381 1270 sanatus
1438 1214 1651 1284 quando
1704 1212 1959 1267 moriatur

362 1316 657 1384 ignorans;
690 1322 745 1367 et
770 1310 1015 1375 fortasse,
1046 1308 1171 1363 dum
1198 1316 1436 1372 curatur,
1468 1304 1724 1365 moritur;
1754 1312 1809 1357 et
1853 1302 1953 1357 for-

362 1415 514 1462 tasse
541 1404 713 1461 curari
735 1419 839 1458 non
865 1402 1083 1474 poterit.
1111 1400 1204 1455 Cui
1233 1409 1408 1455 autem
1440 1397 1682 1468 promisit
1700 1398 1837 1451 Deus
1862 1396 1959 1450 ali-

362 1499 519 1569 quid,
544 1507 597 1552 et
627 1496 849 1553 fefellit?

450 1591 537 1645 l0.
579 1589 728 1662 [υρη.
772 1586 852 1659 6.]
909 1586 1124 1641 Auribus
1166 1586 1338 1655 inﬁge,
1394 1582 1625 1645 Domine,
1680 1580 1961 1635 orationem

363 1698 555 1734 ineant.
580 1681 800 1750 Magnus
824 1678 1026 1732 orantis
1050 1675 1289 1730 affectus.
1320 1673 1538 1727 Auribus
1572 1672 1747 1743 inﬁge,
1774 1670 1956 1725 Domi-

367 1788 461 1838 ne,
491 1772 764 1824 orationem
783 1785 945 1822 meam
974 1784 993 1822 :
1026 1766 1073 1821 id
1098 1774 1198 1829 est,
1225 1780 1331 1820 non
1360 1772 1515 1819 exeat
1533 1763 1601 1818 de
1626 1763 1843 1817 auribus
1862 1763 1963 1817 tuis

367 1863 549 1916 oratio
594 1874 731 1926 mea,
763 1858 862 1929 fige
907 1857 1050 1911 illam
1077 1856 1149 1911 ibi
1191 1856 1243 1909 in
1275 1854 1491 1909 auribus
1519 1854 1643 1908 tuis.
1684 1853 1964 1922 Quomodo

368 1953 679 2023 parturivit,
714 1961 769 2006 ut
798 1951 982 2021 figeret
1002 1950 1297 2004 orationem
1337 1962 1487 2002 suam
1508 1947 1561 2001 in
1583 1947 1798 2001 auribus
1828 1946 1963 2001 Dei?

371 2044 714 2114 Respondeat
741 2044 898 2108 Deus,
924 2051 978 2097 et
999 2041 1139 2096 dicat
1164 2040 1350 2096 nobis:
1375 2039 1469 2095 Vis
1492 2039 1645 2109 figam
1669 2038 1963 2093 orationem

370 2146 523 2191 tuam
551 2136 599 2189 iu
631 2134 846 2189 auribus
867 2132 1041 2187 meis?
1066 2130 1194 2203 Fige
1220 2131 1270 2185 in
1292 2129 1453 2186 corde
1470 2140 1561 2184 tuo
1577 2128 1746 2199 legem
1768 2143 1961 2184 meam.

368 2225 594 2280 Auribus
621 2225 794 2295 iii/Ege,
843 2223 1078 2289 Domine,
1127 2223 1404 2277 orationem
1436 2236 1630 2286 meam;
1668 2230 1717 2275 et
1763 2221 1967 2277 intende

310 2329 329 2361 ί
369 2318 487 2371 reci
501 2317 743 2371 orationis
768 2332 911 2370 mea.

198 2406 385 2522 girl;
454 2411 540 2513 ll:
570 2408 720 2481 [rers.
746 2406 920 2522 ηιξ
940 2408 1022 2462 die
1050 2407 1386 2522 tribulationis
1412 2407 1773 2522 metejclamaoi
1800 2407 1869 2461 ad
1895 2416 1963 2511 te,

166 2517 186 2543 Χ

92 2554 200 2626 ,τ

160 2626 223 2683 λλ
372 2626 431 2646 ...
462 2626 543 2646 ..ιε
572 2626 907 2648 "nmmum...
931 2626 1049 2646 ,πω
1074 2626 1287 2646 "an..."
1314 2626 1379 2644 ιιι.
1406 2626 1469 2645 ιι.
1500 2626 1518 2645 ι
1540 2626 1661 2646 an...
1682 2626 1803 2647 ...ηυ
1824 2626 1967 2647 υηιυ-

50 2676 175 2743 ,σεβί
204 2666 461 2760 Kay/rat
492 2702 507 2739 :
537 2684 579 2738 Τ
583 2696 667 2738 ota
692 2686 773 2740 die
799 2685 1033 2752 clamavi,
1064 2693 1171 2738 tota
1195 2684 1280 2738 die
1308 2684 1589 2738 tribulatus
1613 2700 1751 2738 sum.
1782 2683 1967 2738 Nullus

118 2773 207 2825 \0”

322 2472 385 2531 ,4

262 2497 615 2571 ιγ’ᾳιιοιιεαυι
658 2501 913 2555 mudisti
959 2516 1053 2554 me.
1090 2498 1260 2554 Causa
1302 2508 1357 2551 ut
1384 2497 1668 2553 exaudires
1694 2514 1801 2567 me,
1841 2499 1964 2569 quia

372 2598 432 2646 in
462 2594 545 2646 die
572 2593 909 2648 tribulationis
930 2608 1052 2646 utea:
1074 2592 1289 2646 clamavi
1314 2591 1381 2644 ad
1406 2600 1469 2645 te.
1500 2591 1661 2646 Paulo
1682 2602 1805 2647 ante
1824 2592 1968 2647 dixe-

374 2790 511 2849 crgo
538 2775 1024 2849 christianus‘dicat
1045 2775 1406 2849 essedieurin
1434 2790 1553 2849 qﬂ
1566 2790 1669 2829 non
1700 2775 1769 2829 sit
1762 2775 1965 2849 ‘t_ribu-

377 2837 943 2931 lam,
974 2837 1965 2936 totumtota

374 2948 466 3014 Jie
499 2960 796 3015 tribulatur.
844 2959 980 3028 Quid
1007 2974 1172 3029 ergo,
1221 2958 1485 3013 tribulatio
1530 2966 1612 3013 est
1652 2967 1706 3012 et
1752 2958 1967 3027 quando

380 3053 520 3107 bene
561 3052 678 3107 est?
721 3050 916 3121 Utique
960 3050 1245 3105 tribulatio.
1292 3049 1441 3105 Unde
1480 3048 1794 3103 tribulatio?
1832 3049 1965 3116 Quia

374 3145 630 3215 quamdiu
674 3146 724 3198 in
754 3159 976 3216 corpore
1002 3158 1187 3198 sumus
1213 3184 1227 3208 ,
1260 3141 1657 3211 peregrinamur
1683 3156 1713 3195 a
1742 3140 1968 3195 Domino

379 3235 449 3306 (ll
475 3232 594 3290 Cor.
624 3251 676 3299 ι’,
704 3233 781 3306 6).
814 3233 1095 3301 Quodlibet
1127 3232 1210 3285 hic
1236 3230 1487 3294 abundet,
1521 3229 1755 3285 nondum
1783 3244 1966 3286 sumus

378 3327 433 3379 in
466 3327 551 3381 illa
579 3326 744 3395 patria
777 3341 884 3396 quo
912 3323 1085 3379 redire
1116 3322 1447 3377 festinamus.
1479 3320 1968 3407 CtWio

379 3417 553 3471 dulcis
578 3426 659 3471 est
680 3457 696 3481 ,
740 3432 843 3469 non
883 3424 1026 3469 amat
1071 3415 1291 3484 patriam
1324 3430 1338 3467 :
1367 3412 1411 3466 si
1442 3410 1611 3466 dulcis
1635 3419 1719 3466 est
1758 3412 1922 3481 patria
1948 3452 1964 3475 ,

379 3525 560 3563 amara
591 3518 673 3562 est
702 3508 1092 3579 peregrinatio;
1133 3506 1176 3574 si
1217 3520 1397 3576 angam
1428 3505 1811 3576 peregrinatio,
1859 3514 1964 3559 tota

379 3603 469 3657 die
505 3602 792 3655 tribulatio.
822 3600 1045 3668 Quando
1050 3606 1326 3668 £9Le5L
1322 3596 1634 3651 tribulatio?
1659 3595 1884 3665 Quando
1913 3597 1965 3651 in

384 3694 551 3763 patria
582 3692 882 3748 delectatio.
919 3690 1283 3745 Delectationes
1308 3688 1360 3742 in
1388 3688 1595 3742 dextera
1622 3698 1710 3742 tua
1735 3704 1887 3758 usque
1915 3690 1967 3743 in

384 3763 828 3852 ﬁlms
853 3799 929 3834 me
966 3781 1138 3835 [anilia
1164 3821 1178 3845 ,
1205 3780 1282 3834 ait
1306 3820 1321 3847 ,
1348 3796 1463 3833 cum
1506 3780 1645 3834 vultu
1676 3790 1761 3833 tuo
1790 3778 1963 3849 (Psal.

384 3890 456 3927 xv
482 3915 498 3939 ,
532 3875 653 3944 ll);
697 3885 749 3927 ut
790 3875 1092 3943 eontempler
1136 3874 1513 3927 delectationem
1566 3872 1766 3926 Domini
1795 3872 1963 3944 (Psal.

385 3982 531 4030 xm,
558 3968 636 4036 4).
665 3966 737 4021 lbi
764 3968 982 4020 transiet
1007 3966 1154 4020 lahor
1175 3975 1227 4019 et
1248 3966 1472 4034 gemitus
1503 3984 1514 4018 :
1546 3964 1616 4019 ibi
1645 3982 1747 4019 non
1775 3967 1964 4031 oratio,

383 4057 481 4114 sed
514 4058 777 4122 laudatio;
815 4058 883 4111 ibi
918 4058 1135 4111 Alleluia
1164 4098 1178 4120 ,
1222 4060 1391 4111 Amen
1429 4056 1539 4121 ibi,
1591 4071 1690 4110 vox
1734 4072 1966 4111 consona

382 4167 503 4204 cum
530 4151 781 4221 Angelis;
806 4150 874 4205 ibi
900 4150 1031 4204 visio
1052 4150 1165 4206 sine
1186 4148 1415 4212 defectu,
1440 4158 1491 4203 et
1515 4163 1667 4202 amur
1687 4149 1800 4203 sine
1825 4149 1969 4203 fasti-

381 4240 494 4293 dio.
521 4240 782 4307 Quamdiu
808 4256 935 4310 ergo
964 4256 1067 4293 non
1097 4241 1186 4301 ibi,
1220 4238 1409 4293 videtis
1434 4239 1555 4309 quia
1587 4253 1692 4293 neu
1726 4241 1776 4293 in
1804 4240 1965 4295 bene.

382 4330 491 4386 Sed
530 4331 803 4387 abundant
830 4332 1043 4387 omnia?
1086 4330 1371 4386 Abundent
1410 4331 1586 4384 omnia
1610 4374 1624 4396 ,
1661 4331 1778 4387 ride
1808 4332 1851 4385 si
1878 4348 1966 4387 sc-

384 4437 546 4476 curus
565 4437 625 4478 cs
652 4423 775 4493 quia
803 4439 907 4477 non
932 4432 1155 4491 pereunt
1171 4424 1369 4476 omnia.
1394 4421 1497 4478 Sed
1518 4422 1689 4478 habeo
1706 4423 1843 4493 quod
1862 4440 1965 4479 non

384 4514 645 4570 habebam
672 4532 687 4581 ;
718 4515 946 4571 accessit
976 4515 1195 4585 pecunia
1226 4530 1345 4584 qua:
1380 4530 1484 4569 non
1515 4523 1648 4569 erat.
1693 4515 1852 4571 Forte
1880 4532 1966 4573 ac-

383 4610 547 4664 cessit
573 4617 627 4663 et
655 4608 813 4663 timor
828 4607 917 4677 qui
936 4623 1038 4662 non
1058 4616 1173 4662 erat
1198 4624 1211 4672 ;
1242 4606 1375 4662 forte
1402 4615 1548 4662 tanto
1568 4608 1807 4662 securior
1825 4622 1963 4675 eras,

383 4710 586 4771 quanto
630 4700 934 4770 pauperior.
983 4700 1259 4755 Postremo
1303 4700 1410 4753 sint
1450 4698 1660 4770 capite,
1708 4700 1968 4757 redundet

384 4793 657 4848 affluentia
687 4792 842 4862 hujus
869 4792 1067 4857 smculi,
1093 4791 1249 4846 detur
1275 4791 1533 4845 securitas
1553 4791 1691 4860 quod
1718 4806 1819 4845 non
1850 4808 1967 4860 pcr-

383 4896 507 4939 eant
543 4904 555 4940 :
586 4884 729 4939 dicat
778 4885 918 4940 Deus
958 4883 1226 4953 desuper,
1273 4882 1529 4938 (Eternus
1572 4884 1626 4937 in
1689 4883 1771 4939 his
1820 4886 1965 4952 eris,

382 4988 581 5033 aeterna
611 4987 783 5031 tecum
814 4986 967 5031 erunt
996 4976 1115 5039 ista,
1149 4974 1242 5031 sed
1274 4990 1445 5030 meam
1477 4974 1663 5029 faciem
1692 4992 1794 5031 non
1824 4977 1969 5034 vidc-

384 5069 484 5125 bis.
531 5068 699 5124 Nemo
734 5084 947 5123 carnem
975 5068 1251 5133 consolat;
1283 5069 1523 5139 spiritum
1548 5071 1806 5125 consulite
1836 5089 1847 5123 :
1879 5088 1965 5127 re-

381 5159 642 5229 stioudcat
671 5160 823 5215 vobis
850 5175 943 5214 cor
972 5169 1242 5225 vestrum;
1285 5160 1602 5229 respondeat
1636 5175 1779 5230 spes,
1812 5163 1963 5231 fides,

380 5252 615 5306 Charitas
634 5294 649 5318 ,
692 5268 809 5323 qua:
836 5252 888 5305 in
916 5251 1065 5306 vobis
1093 5265 1211 5306 esse
1237 5253 1417 5320 carpit.
1452 5252 1658 5321 Ergone
1682 5253 1725 5307 si
1754 5254 1963 5322 accipe-

380 5357 559 5398 remus
585 5344 924 5398 securitatem
967 5358 1063 5396 nos
1107 5343 1157 5397 in
1186 5342 1454 5398 affluentia
1500 5344 1758 5398 bonorum
1799 5360 1965 5401 sarcu-

382 5435 571 5490 larium
600 5450 816 5505 semper
836 5438 1055 5500 futuros,
1085 5444 1139 5490 ct
1164 5436 1364 5490 diceret
1384 5435 1536 5491 nobis
1561 5438 1721 5503 Deus,
1751 5437 1965 5494 Faciem

380 5544 552 5583 meam
585 5544 691 5585 non
726 5528 1000 5593 videbitis,
1032 5529 1385 5599 gauderemus
1414 5530 1465 5584 in
1504 5529 1608 5584 illis
1636 5530 1822 5585 bonis?
1850 5532 1962 5587 Eli-

378 5631 526 5692 gcret
551 5623 689 5678 forte
714 5621 906 5691 aliquis
926 5622 1174 5692 gaudere,
1202 5631 1257 5676 et
1282 5622 1460 5678 dicere
1490 5641 1501 5676 :
1530 5623 1814 5678 Abundant
1838 5626 1963 5680 mihi

380 5714 513 5782 ista,
545 5714 687 5770 bene
729 5713 861 5767 mihi
900 5721 1017 5779 est,
1064 5713 1195 5768 nihil
1236 5714 1461 5784 amplius
1488 5730 1686 5783 qumro.
1720 5715 1963 5770 Nondum

376 5809 533 5879 erepit
562 5822 686 5863 esse
717 5814 925 5859 amator
953 5805 1076 5871 Dei;
1110 5804 1341 5860 nondum
1367 5809 1527 5875 cmpit
1552 5807 1820 5876 suspirare
1851 5816 1966 5862 tan-

1428 364 1823 421 ENARRATIO
1862 362 1925 419 ΙΝ
1967 361 2282 422 PSALMUM
2326 368 2563 424 LXXXV

3488 368 3627 425 1090

2061 495 2218 551 quam
2252 485 2581 554 peregrinus.
2623 484 2770 539 Absit
2791 524 2804 548 ,
2834 484 2972 538 absit
3004 503 3017 537 :
3048 483 3297 539 recedant
3332 485 3507 538 omnia
3550 502 3639 541 se-

2058 574 2334 641 ductoria,
2379 578 2629 633 recedant
2665 580 3023 635 blandimenta
3075 580 3239 646 falsa;
3282 579 3533 635 recedant
3576 596 3641 637 ea

2057 681 2178 736 qua:
2207 668 2361 723 nobis
2383 668 2619 738 quotidie
2637 668 2839 737 dicunt,
2865 669 2965 726 Ubi
2995 680 3078 726 est
3105 672 3243 728 Deus
3272 672 3435 726 tuus?
3458 672 3643 727 Effun-

2057 758 2249 814 damus
2272 773 2434 831 super
2455 775 2552 815 nos
2574 760 2805 815 animam
2828 770 3085 830 nostram,
3108 762 3457 818 confiteamur
3479 763 3533 819 in
3564 764 3644 818 la-

2059 850 2278 921 crymis,
2306 866 2580 921 gemamus
2603 852 2655 906 in
2676 853 3121 923 confessionibus,
3148 855 3199 909 in
3222 856 3449 912 miseriis
3470 857 3644 927 suspi-

2060 954 2243 995 remus
2269 939 2443 1010 (Psal.
2472 957 2557 997 xu
2580 983 2595 1008 ,
2642 943 2704 997 ‘ll
2735 983 2749 1008 ,
2776 944 2845 1009 4,
2873 944 2953 1015 5).
2993 945 3255 1016 Quidquid
3298 948 3450 1002 nobis
3493 948 3649 1003 adest

2062 1040 2255 1102 prater
2278 1034 2440 1088 Deum
2467 1044 2728 1101 nostrum,
2754 1050 2859 1090 non
2879 1045 2962 1091 est
2983 1037 3138 1093 dulce
3162 1057 3173 1092 :
3201 1040 3443 1095 nolumus
3462 1042 3643 1095 omnia

2062 1137 2180 1190 qua:
2207 1122 2386 1190 dedit,
2425 1125 2468 1179 si
2510 1140 2616 1179 non
2647 1125 2737 1179 dat.
2766 1128 2997 1196 seipsum
3028 1130 3118 1198 qui
3144 1131 3321 1183 omnia
3349 1132 3512 1185 dedit.
3543 1134 3643 1185 Au-

2062 1213 2200 1267 ribus
2225 1214 2397 1284 inﬁge,
2429 1214 2673 1283 Domine,
2710 1218 2987 1271 orationem
3018 1234 3207 1283 nteant,
3243 1230 3288 1273 et
3314 1221 3513 1276 intende
3540 1225 3648 1277 reri

2064 1306 2306 1358 orationis
2331 1321 2471 1360 uteie.
2506 1305 2572 1359 In
2608 1308 2688 1361 die
2715 1308 3052 1363 tribulationis
3083 1326 3207 1364 metu
3235 1310 3447 1364 clamavi
3472 1313 3539 1364 ad
3564 1322 3641 1377 te,

2063 1398 2300 1464 quoniam
2330 1399 2584 1453 exaudisti
2609 1416 2706 1453 me.

2138 1488 2226 1545 l2.
2273 1489 2421 1563 [vers.
2451 1490 2527 1563 8.]
2564 1491 2683 1546 Non
2712 1503 2784 1547 est
2812 1494 2993 1548 similis
3038 1494 3126 1547 tibi
3154 1496 3206 1549 in
3234 1495 3331 1549 diis
3351 1538 3365 1561 ,
3413 1497 3642 1554 Domine.

2067 1581 2133 1636 Et
2172 1581 2297 1652 quid
2334 1582 2511 1638 dixit?
2554 1583 2675 1638 Non
2705 1596 2774 1639 est
2800 1586 2981 1639 similis
3010 1587 3099 1640 tibi
3134 1587 3188 1641 in
3232 1588 3364 1653 diis,
3414 1588 3650 1645 Domine.

2068 1671 2296 1743 Fingant
2322 1674 2422 1729 sibi
2456 1673 2587 1729 deos
2617 1689 2750 1745 quos
2778 1676 2963 1730 volunt
3007 1676 3239 1748 Pagaui;
3272 1678 3535 1735 adducant
3578 1681 3654 1734 fa-

2068 1761 2194 1817 bros
2234 1766 2582 1834 argentarios,
2624 1765 2911 1833 aurifices,
2941 1768 3285 1837 expolitores,
3331 1770 3648 1841 sculptores,

2068 1853 2265 1912 faciant
2288 1856 2438 1912 deos.
2485 1859 2682 1925 Quales
2718 1858 2884 1914 deos?
2913 1859 3108 1915 Oculos
3136 1861 3426 1930 habentes,
3455 1872 3511 1918 et
3546 1879 3651 1919 non

2071 1945 2505 2017 videntes(l’sal.
2532 1964 2678 2011 cxnt,
2712 1949 2803 2019 5);
2860 1958 2913 2004 et
2962 1959 3150 2005 uetera
3193 1967 3310 2021 quae
3352 1953 3479 2007 dicit
3522 1956 3655 2024 psal-

2069 2051 2189 2091 mus
2214 2047 2622 2110 consequenter.
2663 2038 2770 2095 Sed
2815 2040 2913 2094 ista
2956 2055 3059 2095 non
3099 2042 3344 2105 colimus,
3389 2044 3494 2109 ait;
3547 2060 3652 2099 non

2068 2128 2328 2195 colimus,
2388 2130 2502 2186 lucc
2549 2132 2697 2201 signa
2751 2141 2892 2187 sunt.
2948 2132 3015 2187 Et
3059 2133 3184 2205 quid
3229 2136 3441 2191 colitis?
3495 2139 3650 2193 Aliud

2068 2218 2264 2290 aliquid
2295 2219 2445 2290 pejus
2477 2238 2489 2273 :
2527 2220 2780 2287 Quoniam
2823 2222 2896 2275 dii
2940 2220 3175 2279 Gentium
3208 2224 3651 2294 da:monia(Psal.

2070 2322 2190 2376 xcv,
2229 2308 2307 2381 5).
2356 2311 2424 2365 Et
2468 2312 2634 2381 quid?
2664 2311 2775 2368 Nec
2818 2313 3115 2378 diemonia,
3175 2315 3463 2385 inquiunt,
3516 2321 3651 2374 coli-

2070 2415 2209 2454 mus.
2252 2401 2413 2457 Plane
2439 2401 2569 2456 nihil
2605 2403 2749 2458 aliud
2777 2403 2981 2459 habetis
3003 2406 3054 2460 in
3080 2406 3312 2475 templis,
3356 2409 3483 2463 nihil
3510 2410 3653 2465 aliud

2071 2493 2257 2563 implet
2303 2503 2451 2550 vates
2511 2505 2721 2551 vestros
2768 2512 2925 2567 quam
2976 2498 3317 2554 daemonium.
3369 2500 3473 2555 Sed
3531 2502 3653 2571 quid

2069 2583 2282 2640 dicitis?
2301 2587 2535 2656 Angelos
2558 2588 2804 2652 colimus,
2829 2589 3057 2657 Angelos
3080 2589 3339 2644 habemus
3359 2591 3515 2647 deos.
3536 2594 3650 2648 Non

2072 2675 2223 2744 plane
2266 2677 2434 2730 nostis
2464 2678 2716 2747 Angelos.
2763 2679 2950 2748 Angeli
2992 2680 3134 2733 enim
3174 2695 3337 2735 unum
3372 2682 3536 2738 Deum
3566 2699 3656 2738 co—

2072 2767 2205 2834 lunt,
2232 2781 2333 2823 nec
2358 2766 2536 2824 favent
2564 2768 2865 2823 hominibus
2885 2771 2974 2841 qui
2996 2771 3181 2825 volunt
3202 2772 3382 2828 colere
3401 2775 3654 2845 Angelos,

2069 2866 2124 2915 et
2158 2874 2264 2913 non
2312 2859 2497 2914 Deum.
2549 2860 2680 2915 Nam
2725 2862 3021 2917 invenimus
3060 2863 3351 2920 honoratos
3393 2867 3648 2937 Angelos,

2072 2952 2417 3023 prohibentes
2460 2952 2709 3009 homines
2761 2970 2825 3009 ne
2869 2969 2928 3009 se
2972 2955 3293 3023 adorarent,
3336 2959 3431 3012 sed
3473 2974 3656 3013 verum

2072 3044 2239 3099 Deum
2268 3044 2451 3115 (Apoc.
2484 3060 2598 3102 XIX.
2630 3044 2739 3115 10).
2771 3045 2875 3099 Sed
2907 3047 3139 3116 Angelos
3167 3047 3377 3113 dicant,
3416 3048 3660 3105 homines

2070 3135 2269 3203 dicant,
2298 3136 2423 3206 quia
2447 3135 2645 3191 dictum
2671 3146 2786 3203 est,
2820 3136 2931 3208 Ego
2953 3138 3080 3204 dixi,
3110 3138 3195 3192 Dii
3221 3141 3359 3203 estis,
3382 3151 3431 3194 et
3454 3143 3550 3209 filii
3577 3143 3658 3195 Al-

2070 3229 2251 3283 tissimi
2270 3245 2442 3282 omnes
2473 3227 2638 3299 (Psal.
2673 3246 2857 3295 LXXXI,
2890 3232 2948 3299 6)
2979 3249 2991 3285 :
3026 3230 3146 3284 Non
3176 3241 3245 3285 est
3272 3234 3449 3287 similis
3478 3234 3566 3287 tibi
3605 3236 3656 3288 in

2071 3321 2189 3385 diis,
2224 3322 2452 3375 Domine.
2481 3321 2769 3389 Quodlibet
2793 3323 2934 3377 aliud
2974 3326 3170 3393 cogitet
3206 3325 3397 3393 homo,
3438 3344 3542 3381 non
3575 3340 3658 3383 est

2070 3413 2245 3467 simile
2281 3413 2422 3483 quod
2456 3414 2650 3469 factum
2691 3424 2774 3469 est
2812 3416 2881 3469 illi
2911 3417 2999 3485 qui
3042 3416 3186 3471 fecit.
3238 3419 3470 3488 Excepto
3513 3422 3654 3487 Deo,

2072 3503 2325 3575 quidquid
2348 3504 2492 3559 aliud
2513 3513 2595 3561 est
2625 3510 2677 3559 in
2706 3516 2890 3561 natura
2914 3522 3113 3572 rerum,
3145 3508 3338 3564 factum
3365 3519 3447 3564 est
3469 3526 3498 3564 a
3526 3510 3653 3565 Deo.

2071 3596 2336 3664 Quantum
2367 3596 2588 3652 interest
2617 3597 2756 3653 inter
2792 3613 2915 3653 eum
2943 3599 3030 3669 qui
3059 3599 3182 3654 fecit
3205 3641 3220 3665 ,
3262 3611 3317 3655 et
3346 3601 3473 3657 illud
3513 3604 3656 3673 quod
3649 3591 3881 3773 /

2075 3689 2268 3741 factum
2297 3697 2420 3754 est,
2446 3688 2566 3758 quis
2590 3688 2747 3759 digne
2773 3690 3004 3760 cogitet?
3030 3690 3134 3746 Iste
3162 3707 3291 3762 ergo
3313 3693 3448 3748 dixit
3473 3735 3487 3759 ,
3536 3694 3655 3748 Non
3771 3753 3797 3773 κ
3859 3769 3866 3773 _

2075 3689 2268 3741 factum
2297 3697 2420 3754 est,
2446 3688 2566 3758 quis
2590 3688 2747 3759 digne
2773 3690 3004 3760 cogitet?
3030 3690 3134 3746 Iste
3162 3707 3291 3762 ergo
3313 3693 3448 3748 dixit
3473 3735 3487 3759 ,
3536 3694 3655 3762 Non

2072 3788 2142 3831 est
2164 3779 2343 3833 similis
2380 3780 2467 3833 tibi
2505 3780 2559 3834 in
2596 3781 2695 3834 diis
2719 3821 2733 3845 ,
2778 3780 2993 3835 Domine
3021 3798 3039 3835 :
3062 3796 3314 3852 quantum
3364 3794 3542 3841 autem
3588 3788 3657 3840 sit
3680 3792 3725 3863 ἢν

2072 3963 2166 4018 dat
2189 3964 2433 4019 Charitas
2458 3974 2632 4020 vestra
2666 3985 2677 4019 :
2714 3968 2852 4039 Deus
2882 3968 3161 4022 ineffaliilis
3187 3980 3301 4034 est;
3336 3969 3651 4059 di-

2072 4058 2242 4110 cimus
2271 4056 2392 4142 quid
2424 4074 2529 4111 non
2558 4059 2659 4121 sit,
2688 4074 2843 4143 quam
2877 4059 3000 4129 quid
3033 4060 3122 4113 sit.
3153 4056 3375 4115 Terram
3410 4056 3648 4134 aigilas;

2073 4163 2176 4201 non
2202 4157 2284 4202 est
2312 4147 2409 4202 hoc
2438 4149 2578 4203 Deus
2608 4166 2619 4201 :
2651 4166 2795 4204 mare
2824 4147 3053 4221 Egitas;
3085 4170 3187 4208 non
3224 4165 3304 4209 est
3334 4158 3433 4211 hoc
3468 4158 3604 4212 Deus
3637 4180 3648 4213 :

2073 4238 2248 4291 omnia
2278 4253 2392 4308 qum
2417 4248 2540 4293 sunt
2566 4240 2617 4293 in
2662 4249 2798 4294 terra
2824 4284 2839 4307 ,
2884 4241 3127 4297 homines
3150 4253 3203 4299 et
3228 4247 3504 4313 animalia;
3548 4267 3650 4304 non

2070 4340 2151 4384 est
2184 4330 2282 4385 hoc
2316 4332 2454 4385 Deus
2486 4349 2498 4384 :
2532 4333 2708 4387 omnia
2738 4350 2858 4402 qtae
2896 4349 3020 4389 sunt
3047 4337 3099 4391 in
3128 4338 3296 4401 mari,
3328 4356 3446 4410 qua:
3472 4343 3653 4396 volant

2073 4438 2167 4492 per
2207 4439 2419 4487 aerem;
2469 4440 2572 4479 non
2616 4434 2700 4481 est
2743 4427 2845 4481 hoc
2896 4428 3037 4482 Deus
3069 4448 3080 4483 :
3114 4432 3367 4499 quidquid
3414 4435 3551 4489 lucet
3599 4437 3649 4489 in

2071 4517 2207 4570 cado
2231 4558 2245 4583 ,
2278 4518 2444 4571 stella:
2465 4559 2478 4583 ,
2506 4519 2587 4572 sol
2612 4526 2666 4573 ct
2692 4518 2812 4573 luna
2840 4537 2853 4584 ;
2885 4536 2988 4574 non
3018 4530 3099 4577 est
3125 4522 3227 4577 hoc
3268 4524 3403 4579 Deus
3437 4545 3450 4579 :
3484 4530 3650 4596 ipsum

2072 4608 2303 4672 omium;
2336 4624 2438 4663 non
2467 4619 2547 4663 est
2572 4609 2672 4664 hoc
2701 4610 2837 4666 Deus
2871 4629 2883 4665 :
2914 4614 3148 4684 Angelos
3176 4617 3368 4685 cogita,
3396 4618 3649 4687 Virtutes,

2073 4698 2385 4763 Potestatcs,
2431 4700 2793 4772 Archangelos
2817 4745 2830 4767 ,
2862 4704 3126 4773 Thronos,
3166 4706 3356 4775 Sedes,
3397 4710 3647 4766 Domina-

2075 4789 2279 4854 tiones;
2309 4805 2415 4843 non
2456 4801 2535 4844 est
2579 4791 2678 4845 hoc
2708 4793 2866 4848 Deus.
2904 4796 2968 4850 Et
3006 4797 3132 4867 quid
3159 4801 3280 4853 est?
3326 4800 3434 4854 Hoc
3478 4805 3648 4857 solum

2074 4884 2217 4952 potui
2257 4883 2435 4938 dicere
2460 4925 2475 4948 ,
2519 4884 2643 4953 quid
2685 4902 2789 4941 non
2821 4889 2907 4941 sit.
2935 4889 3141 4956 Qumris
3185 4893 3308 4962 quid
3352 4894 3458 4947 sit?
3495 4895 3649 4960 Quod

2072 4973 2258 5027 oculos
2284 4988 2388 5027 non
2418 4974 2566 5040 \‘idit,
2598 4991 2692 5031 nec
2719 4980 2861 5032 auris
2886 4981 3105 5045 audivit,
3138 4997 3234 5037 nec
3270 4984 3321 5037 in
3349 4998 3441 5037 cor
3473 4985 3649 5040 homi-

2073 5066 2155 5119 nis
2181 5064 2420 5119 ascendit
2446 5065 2485 5136 (Ι
2512 5065 2631 5121 Cor.
2657 5083 2713 5132 ιι,
2741 5068 2816 5139 9).
2849 5069 2982 5136 Quid
3009 5072 3201 5140 qumris
3230 5082 3286 5127 ut
3314 5076 3567 5130 ascendat
3597 5078 3647 5131 iu

2074 5157 2303 5227 linguam
2330 5198 2345 5222 ,
2376 5158 2516 5225 quod
2549 5160 2599 5213 in
2630 5175 2725 5213 cor
2770 5175 2873 5215 non
2918 5163 3201 5219 ascendit?
3233 5166 3353 5221 Non
3378 5179 3451 5223 est
3474 5172 3653 5227 similis

2073 5249 2159 5302 tibi
2184 5250 2235 5301 in
2268 5248 2393 5315 diis,
2424 5248 2669 5315 Domine;
2697 5262 2742 5304 et
2772 5268 2870 5305 non
2901 5265 2971 5307 est
3001 5258 3275 5312 svcundum
3301 5277 3455 5331 opera
3483 5274 3587 5318 tua.

2142 5340 2228 5394 l5.
2262 5339 2410 5412 [rem
2450 5340 2525 5413 9.]
2558 5341 2744 5397 Omnes
2767 5354 2934 5414 gentes
2959 5356 3195 5420 quotquot
3220 5353 3410 5421 fecisti,
3435 5356 3648 5421 venient,

2071 5442 2117 5487 et
2142 5434 2421 5487 adorabunt
2450 5451 2619 5488 coram
2648 5446 2695 5490 te
2716 5477 2731 5499 ,
2764 5436 2996 5493 Domine.
3028 5442 3375 5499 Annuntiavit
3412 5447 3427 5477 ¹
3470 5448 3648 5500 Eccle-

2070 5524 2226 5587 sium,
2264 5526 2449 5578 Omnes
2476 5536 2644 5596 gentes
2672 5537 2907 5599 quotquot
2939 5533 3115 5601 fecisti.
3145 5532 3200 5587 Si
3226 5544 3305 5589 est
3334 5549 3464 5605 gens
3490 5552 3647 5607 quam

2072 5631 2177 5670 non
2221 5616 2343 5670 fecit
2370 5616 2537 5680 Deus,
2570 5633 2675 5674 non
2707 5620 2951 5676 adorabit
2989 5638 3110 5677 eum
3147 5643 3159 5678 :
3192 5627 3334 5680 nulla
3359 5637 3441 5681 est
3470 5639 3648 5685 autem

2070 5720 2199 5775 gens
2223 5720 2379 5774 quam
2404 5722 2507 5761 non
2539 5707 2661 5763 fecit
2688 5710 2823 5765 Deus
2848 5728 2861 5775 ;
2890 5713 3009 5781 quia
3043 5715 3237 5769 fontem
3266 5720 3501 5774 omnium
3525 5737 3648 5793 gen-

2138 5818 2151 5847 ι
2181 5818 2251 5866 sic
2271 5823 2381 5867 Mss.
2408 5820 2517 5869 ΗΜ.
2546 5835 2681 5881 vero,
2724 5821 3021 5875 annuntiant.

3728 3753 3797 3813 .2,”

2071 3872 2345 3928 dissimilis
2367 3874 2524 3941 Deus,
2550 3891 2658 3930 non
2680 3876 2833 3942 dixit,
2857 3878 2977 3946 quia
2998 3878 3101 3932 dici
3133 3896 3235 3933 non
3262 3890 3454 3948 potest.
3479 3883 3655 3936 lnten-
3679 3845 3792 3940 3ἥὶ

3798 3769 3938 3892 ,μὲ
