4132 6454
532 334 656 391 1091

524 458 654 511 tium
683 453 854 510 Adam
888 462 942 508 et
970 453 1134 508 Evam
1164 450 1289 507 fecit
1313 450 1471 515 Deus,
1500 449 1623 506 inde
1650 460 1953 521 propagatae
1979 460 2105 506 sunt

520 562 708 602 omnes
733 554 939 617 gentes.
967 546 1165 600 Omnes
1190 558 1316 612 ergo
1341 551 1529 613 gentes
1556 542 1695 596 Deus
1721 542 1847 597 fecit
1873 562 1886 597 :
1916 544 2102 598 Omnes

521 653 648 709 ergo
667 646 833 708 gentes
851 645 1092 708 quotquot
1116 634 1298 704 fecisti,
1327 633 1540 697 venient,
1564 642 1610 686 et
1632 633 1913 687 adorabunt
1934 651 2103 688 coram

520 741 598 796 te,
642 728 877 781 Domine.
918 725 1141 793 Quando
1178 723 1383 779 dictum
1409 724 1529 778 est?
1554 725 1775 792 Quando
1816 741 1994 780 coram
2038 741 2102 781 co

518 837 626 876 non
641 820 932 875 adorahant
949 818 1046 872 nisi
1070 818 1221 888 pauci
1243 817 1410 871 sancti
1436 817 1485 869 in
1508 832 1612 870 uno
1635 817 1829 886 papulo
1850 817 2100 872 Hebraeo-

516 927 656 977 rum,
690 920 815 965 tunc
845 909 1043 964 dictum
1070 918 1151 963 est
1176 907 1311 973 hoc;
1340 917 1395 962 et
1420 907 1581 961 modo
1607 907 1817 963 videtur
1842 907 1986 977 quod
2015 908 2098 963 di-

512 1012 654 1056 ctum
685 1009 808 1056 est:
841 999 1025 1053 Omnes
1052 1008 1220 1069 gentes
1261 1006 1503 1067 quotquot
1540 996 1740 1065 fecisti,
1782 998 1975 1051 venient
1998 1038 2011 1062 ,
2052 1006 2099 1051 et

511 1093 795 1147 adorabunt
820 1108 989 1146 coram
1011 1101 1077 1156 te,
1111 1089 1344 1144 Domine.
1382 1089 1606 1154 Quando
1626 1088 1939 1144 dicebantur
1960 1089 2095 1156 haec,

512 1202 618 1240 non
648 1184 965 1240 videbantur
988 1224 1003 1247 ,
1035 1193 1087 1237 et
1125 1180 1514 1243 credebantur;
1556 1181 1768 1249 quando
1806 1181 2055 1236 videnlur
2078 1223 2094 1247 ,

508 1291 677 1346 quare
718 1273 1017 1344 negantur?
1063 1272 1247 1326 Omnes
1285 1281 1455 1342 gentes
1500 1280 1739 1341 quotquot
1783 1273 1966 1342 fecisti,
2010 1289 2092 1326 ve-

512 1369 669 1433 nient,
701 1377 746 1421 et
774 1366 1055 1421 adorabunt
1084 1381 1253 1418 coram
1279 1373 1326 1418 te
1348 1404 1361 1427 ,
1394 1361 1626 1427 Domine,
1665 1373 1713 1417 et
1740 1363 2095 1434 gloriﬁcabunt

510 1477 691 1515 nomen
718 1470 878 1513 tuum.

582 1552 667 1605 14.
698 1548 847 1622 [vers.
874 1548 984 1621 10.]
1015 1548 1265 1614 Quoniam
1296 1564 1507 1619 magnus
1533 1564 1584 1601 es
1605 1557 1681 1614 tu,
1709 1557 1755 1602 et
1777 1548 1967 1619 faciens
1998 1549 2095 1602 mi-

506 1642 720 1705 rabilia;
750 1651 801 1693 tu
834 1657 887 1694 es
919 1639 1054 1693 Deus
1090 1639 1228 1693 solus
1254 1655 1487 1709 magnus.
1519 1637 1688 1693 Nemo
1716 1654 1774 1694 se
1798 1639 1940 1694 dicat
1977 1654 2091 1695 ma-

506 1750 687 1804 gnum.
720 1732 903 1787 Futnri
943 1739 1096 1786 erant
1123 1731 1213 1800 qui
1244 1746 1303 1785 se
1341 1730 1583 1785 dicerent
1611 1745 1831 1800 magnos
1865 1739 2090 1786 :contra

507 1827 605 1882 hos
629 1826 844 1890 dicitur,
877 1823 957 1878 Tu
990 1840 1039 1878 es
1065 1822 1207 1877 Deus
1230 1823 1366 1878 solus
1391 1839 1623 1894 magnus.
1652 1822 1784 1877 Nam
1811 1822 1938 1893 quid
1974 1839 2090 1877 ma-

504 1933 665 1988 gnum
695 1917 888 1971 dicitur
918 1916 1046 1979 Deo,
1075 1914 1197 1984 quia
1226 1914 1338 1984 ipse
1366 1923 1449 1968 est
1488 1914 1633 1969 solus
1666 1913 1803 1969 Deus
1831 1915 2090 1985 magnus?

505 2010 636 2077 Quis
661 2009 761 2064 hoc
790 2008 975 2072 nescit,
1003 2006 1125 2077 quia
1149 2007 1262 2075 ipse
1287 2016 1370 2061 est
1394 2007 1537 2061 Deus
1561 2008 1815 2077 magnus?
1841 2006 1944 2063 Sed
1965 2007 2089 2078 quia

502 2100 663 2155 futuri
691 2104 863 2163 erant,
892 2099 982 2169 qui
1020 2112 1078 2153 se
1109 2097 1349 2152 dicerent
1375 2113 1617 2168 magnos,
1659 2107 1713 2153 et
1740 2099 1903 2154 Deum
1944 2098 2086 2155 face-

504 2201 623 2247 rent
651 2206 903 2261 parvum;
944 2198 1132 2245 contra
1175 2190 1297 2244 illos
1337 2189 1567 2254 dicitur,
1609 2201 1661 2243 tu
1691 2208 1742 2246 es
1769 2192 1908 2246 solus
1947 2190 2087 2247 Deus

499 2298 710 2351 magnus
755 2281 962 2335 Etenim
985 2280 1127 2350 quod
1158 2290 1210 2334 tu
1238 2280 1390 2344 dicis,
1418 2281 1687 2350 impletur,
1713 2298 1818 2337 non
1847 2283 1987 2354 quod
2012 2284 2084 2338 illi

500 2374 679 2428 dicunt
708 2415 721 2435 ,
755 2373 928 2443 quise
954 2373 1135 2427 dicunt
1178 2388 1418 2443 magnos.
1456 2373 1591 2440 Quid
1634 2373 1769 2429 dixit
1812 2375 1950 2429 Deus
1990 2390 2086 2443 per

497 2464 750 2535 Spiritum
773 2481 925 2520 suum
946 2465 971 2517 ?
993 2464 1177 2519 Omnes
1201 2475 1372 2536 gentes
1398 2475 1637 2536 quotquot
1665 2467 1849 2536 fecisti,
1868 2467 2081 2536 venient,

494 2567 540 2610 et
569 2555 850 2610 adorabunt
870 2572 1037 2609 coram
1064 2566 1128 2616 te,
1158 2554 1392 2610 Domine.
1421 2556 1555 2624 Quid
1583 2557 1707 2611 dicit
1737 2559 1917 2613 nescio
1937 2560 2077 2629 quis,

494 2650 585 2720 qui
616 2665 673 2705 se
711 2649 840 2705 dicit
877 2648 1170 2718 magnum?
1202 2648 1354 2703 Absit
1385 2666 1398 2701 :
1432 2663 1536 2702 non
1562 2649 1817 2703 aduratur
1846 2650 1986 2705 Deus
2027 2651 2079 2704 in

493 2740 743 2795 omnibus
762 2740 1036 2811 gentibus;
1056 2739 1743 2810 pericruntomnesgentes,
1768 2741 1879 2795 sola
1904 2741 2079 2796 Africa

492 2832 764 2886 remansit.
792 2832 903 2886 Hoc
924 2842 977 2885 tn
998 2830 1253 2899 dicis,qui
1273 2839 1324 2886 te
1338 2830 1471 2884 dicis
1493 2846 1770 2901 magnum;
1793 2832 1934 2886 aliud
1948 2833 2081 2909 dicit

489 2926 580 2996 qui
595 2934 677 2979 est
691 2924 835 2979 solus
855 2924 992 2978 Deus
1016 2938 1255 2993 magnus.
1275 2921 1410 2991 Quid
1430 2922 1653 2993 dicitqui
1674 2932 1757 2978 est
1772 2924 1917 2977 solus
1940 2925 2078 2979 Deus

488 3017 735 3089 magnus?
760 3017 945 3071 Omnes
961 3024 1130 3085 gentes
1143 3022 1379 3084 quotquot
1396 3013 1576 3083 fecisti,
1599 3014 1814 3080 venient,
1833 3024 1880 3068 et
1899 3015 2079 3068 adora-

486 3110 609 3164 bunt
629 3125 800 3163 coram
820 3118 887 3173 te,
907 3106 1144 3161 Domine.
1160 3104 1327 3161 Video
1349 3105 1486 3175 quod
1505 3104 1637 3159 dixit
1650 3104 1797 3159 solus
1816 3105 1954 3160 Deus
1972 3121 2077 3159 ma-

484 3216 649 3270 gnus;
678 3208 849 3253 tat-eat
875 3196 1034 3252 homo
1061 3195 1196 3250 falso
1226 3210 1474 3265 magnus;
1510 3194 1629 3249 ideo
1670 3193 1932 3250 fallaciter
1961 3212 2075 3250 ma-

482 3307 638 3363 gnus,
662 3290 780 3360 quia
797 3289 1112 3359 dedignatur
1130 3301 1249 3342 esse
1272 3301 1483 3355 parvus.
1502 3287 1631 3355 Quis
1647 3301 1840 3357 parvus
1851 3302 1970 3343 esse
1988 3288 2073 3343 de-

482 3384 765 3455 dignatur?
790 3383 894 3437 lste
912 3382 1002 3451 qui
1027 3381 1128 3435 hoc
1151 3380 1295 3434 dicit.
1332 3380 1639 3448 Quicumque
1677 3379 1783 3433 ruit
1821 3381 1951 3434 inter
1984 3396 2070 3435 vos

481 3477 647 3546 major
670 3490 804 3538 csse,
849 3473 982 3527 dixit
1010 3471 1265 3525 Dominus
1289 3512 1303 3533 ,
1341 3471 1435 3524 erit
1472 3481 1627 3524 vester
1650 3487 1821 3524 servus
1853 3469 2065 3541 (Matth.

481 3582 555 3622 xx
580 3607 596 3631 ,
627 3565 743 3634 9.6).
775 3563 868 3619 llle
894 3563 939 3617 si
965 3576 1155 3619 servus
1182 3561 1342 3616 vellet
1380 3576 1501 3615 esse
1538 3560 1759 3615 fratrum
1803 3575 2022 3616 suorum
2046 3604 2062 3629 ,

479 3672 585 3712 non
629 3669 723 3710 eos
761 3662 1035 3723 separaret
1073 3667 1105 3706 a
1148 3660 1316 3708 matre
1359 3651 1593 3719 ipsorum
1625 3670 1638 3703 :
1665 3650 1757 3706 sed
1793 3666 1916 3707 cum
1951 3651 2067 3707 vult

478 3765 598 3805 esse
636 3762 901 3818 magnus,
940 3755 996 3801 et
1037 3761 1143 3800 non
1191 3742 1299 3798 vult
1346 3757 1469 3797 esse
1506 3742 1789 3797 salubriter
1828 3758 2060 3812 parvus;

481 3841 620 3895 Deus
653 3840 745 3909 qui
774 3838 1021 3908 superbis
1051 3835 1269 3901 resistit,
1305 3834 1590 3891 humilibus
1616 3842 1795 3891 autem
1822 3836 1914 3890 dat
1941 3850 2061 3906 gra-

476 3935 600 3988 tiam
631 3930 833 4003 (Jacobi
870 3946 921 3985 tv
944 3971 959 3996 ,
985 3930 1078 4000 6),
1118 3928 1239 4000 quia
1279 3928 1425 3983 solus
1451 3935 1533 3981 est
1573 3942 1793 3997 magnus
1815 3968 1830 3990 ,
1877 3928 2062 3997 implet

475 4023 655 4077 omnia
698 4038 815 4091 quze
844 4020 1122 4091 praedixit,
1165 4028 1218 4074 et
1252 4017 1569 4073 contradicit
1597 4018 2055 4074 maledicentibus.

474 4115 689 4169 Christo
724 4114 865 4167 enim
899 4113 1030 4166 tales
1068 4110 1421 4172 maledicum.
1453 4108 1542 4181 qui
1572 4109 1755 4165 dicunt
1783 4110 1906 4180 quia
1937 4126 2058 4181 per-

475 4207 531 4260 iit
579 4204 821 4259 Ecclesia
852 4203 919 4257 de
952 4212 1060 4256 toto
1104 4202 1232 4257 orbe
1274 4213 1532 4257 terrarum
1559 4241 1574 4267 ,
1619 4210 1674 4256 et
1709 4203 1968 4257 remansit
2000 4204 2054 4259 in

473 4298 584 4352 sola
613 4296 809 4350 Africa.
837 4295 891 4350 Si
913 4295 1117 4349 diceres
1142 4294 1241 4360 illi,
1268 4292 1466 4349 Perdes
1494 4294 1668 4347 villam
1700 4302 1843 4349 tuam
1871 4311 1886 4359 ;
1918 4294 2055 4351 forte

474 4404 581 4442 non
610 4403 640 4441 a
671 4396 722 4442 te
755 4394 1074 4455 temperaret
1104 4400 1315 4438 manum
1350 4400 1363 4436 :
1391 4392 1443 4438 et
1474 4384 1603 4438 dicit
1627 4383 1899 4441 Christum
1930 4401 2050 4456 per-

472 4481 675 4536 didisse
702 4479 1066 4535 haereditatem
1095 4494 1243 4533 suam
1279 4478 1605 4548 redemptam
1637 4480 1891 4550 sanguine
1917 4481 2049 4536 suo!

471 4574 639 4641 Quam
667 4584 843 4626 autem
873 4571 1027 4625 faciat
1050 4572 1293 4640 injuriam
1324 4570 1516 4637 videte,
1544 4569 1751 4626 l‘ratres.
1781 4570 2050 4641 Scriptura

469 4663 600 4719 dicit
627 4680 644 4717 :
677 4662 742 4717 In
768 4662 870 4717 lata
896 4672 1038 4733 gente
1057 4661 1220 4731 gloria
1244 4661 1410 4731 regis;
1437 4662 1489 4715 in
1518 4661 1848 4715 diminutione
1876 4662 2053 4731 populi

469 4754 703 4809 contritio
724 4753 965 4825 principis
986 4750 1167 4823 (Prov.
1187 4767 1298 4815 xw,
1325 4750 1439 4824 28).
1471 4752 1607 4823 Ergo
1636 4753 1773 4808 hanc
1801 4754 2049 4823 iujuriam

469 4845 596 4900 facis
625 4844 860 4911 Christo,
894 4854 949 4898 ut
975 4843 1121 4899 dicas
1143 4844 1395 4914 populum
1427 4843 1541 4914 ejus
1570 4844 1633 4897 ad
1669 4844 1819 4898 istam
1848 4846 2051 4916 exigui-

468 4948 629 4994 tatem
659 4937 998 4993 diminutum.
1034 4935 1156 4991 Ideo
1182 4943 1338 4990 natus
1366 4950 1446 5000 es,
1473 4935 1593 4991 ideo
1618 4936 1967 4991 christianum
1997 4946 2048 4993 te

464 5031 619 5097 dicis,
652 5042 708 5085 ut
734 5030 975 5086 invideas
1000 5028 1184 5101 gloriae
1220 5027 1455 5094 Christi,
1482 5028 1633 5098 cujus
1662 5028 1868 5098 signum
1900 5038 1951 5084 te
1993 5029 2045 5083 in

465 5124 640 5177 fronte
669 5133 880 5192 portare
910 5122 1125 5186 asseris,
1156 5130 1210 5177 et
1236 5119 1304 5175 de
1323 5120 1485 5176 corde
1507 5119 1824 5190 perdidisti?
1851 5118 1917 5173 In
1944 5121 2047 5175 tata

461 5228 609 5286 gente
631 5216 793 5286 gloria
818 5218 947 5287 regis
979 5233 995 5269 :
1023 5231 1253 5287 agnosce
1287 5231 1467 5286 regem
1498 5224 1642 5270 tuum
1667 5232 1681 5280 ;
1711 5215 1775 5269 da
1817 5215 1890 5270 illi
1930 5216 2047 5285 glo-

467 5308 623 5372 riam,
644 5305 710 5362 da
735 5307 809 5361 illi
831 5308 987 5360 latam
1008 5318 1239 5377 gentem.
1264 5307 1432 5375 Quam
1460 5307 1618 5361 latam
1647 5318 1857 5377 gentem
1879 5306 2041 5373 dabo,

461 5404 678 5475 inquis?
706 5402 824 5458 Noli
863 5420 927 5458 ex
959 5412 1049 5457 tuo
1074 5402 1235 5460 corde
1263 5402 1410 5464 dare,
1435 5411 1489 5457 et
1513 5410 1658 5457 recte
1685 5400 1857 5456 dabis.
1891 5400 2042 5455 Unde

459 5499 528 5551 do
553 5540 567 5562 ,
608 5497 858 5568 inquies?
887 5499 1019 5552 Ecce
1063 5496 1186 5551 hinc
1228 5495 1295 5551 da
1328 5514 1340 5550 :
1376 5495 1561 5549 Omnes
1591 5504 1759 5565 gentes
1801 5502 2041 5563 quotquot

459 5590 659 5655 fecisti,
686 5590 879 5643 venient
904 5630 918 5651 ,
963 5598 1009 5640 et
1038 5586 1317 5640 adorabunt
1349 5602 1521 5638 corum
1546 5595 1592 5638 te
1615 5625 1630 5650 ,
1672 5583 1906 5636 Domine.
1947 5582 2041 5637 Dic

460 5684 598 5747 hoc,
640 5682 893 5736 conﬁtere
926 5682 1025 5735 hoc
1048 5722 1063 5747 ,
1103 5688 1157 5733 et
1194 5677 1387 5733 dedisti
1430 5678 1588 5730 latam
1633 5686 1843 5743 gentem
1873 5694 1887 5729 :
1917 5676 2037 5744 quia

459 5788 646 5831 omnes
666 5782 848 5843 gentes
876 5774 928 5827 in
959 5786 1062 5826 uno
1091 5785 1228 5835 una;
1277 5770 1389 5839 ipsa
1428 5777 1510 5823 est
1537 5768 1730 5822 unitas.
1759 5767 2036 5837 Quomodo

1756 335 1813 391 S.
1854 335 2216 393 AUGUSTlNl
2260 339 2556 401 EPISCOPI

3664 356 3800 411 1032

2214 454 2354 509 enim
2386 457 2620 513 Ecclesia
2661 468 2714 513 et
2759 460 3015 516 E'clesize
3040 503 3056 528 ,
3096 462 3198 518 illa:
3239 462 3493 519 Ecclesia:
3536 480 3658 535 quae
3696 467 3800 521 Ec-

2212 547 2406 612 clesia;
2456 549 2533 603 sic
2580 550 3795 637 NW,

2213 639 2389 693 multa:
2425 651 2612 712 gentes
2636 658 2650 717 ἰ
2693 643 2850 697 modo
2902 660 3004 698 una
3044 660 3192 737 gens.
3255 645 3431 714 Quare
3472 662 3573 701 una
3613 650 3797 717 gens?

2211 731 2340 799 Quia
2369 748 2470 787 una
2506 734 2635 789 tides
2659 778 2674 799 ,
2720 736 2841 805 quia
2886 731 3162 807 "nam;
3181 781 3194 804 ,
3227 741 3349 810 quia
3378 755 3482 794 una
3511 741 3752 796 charitas
3776 781 3795 808 ,

2209 826 2331 895 quia
2358 843 2460 881 una
2487 832 2830 896 exspectatio.
2867 830 3143 886 Postremo
3171 847 3338 903 quare
3368 849 3473 887 non
3501 850 3604 888 una
3632 850 3795 905 gens,

2209 918 2252 971 si
2282 934 2382 972 una
2408 919 2606 986 patria?
2638 921 2808 974 Patria
2839 921 3071 976 cudeszis
3100 931 3183 977 est
3211 924 3227 954 ί
3248 965 3263 989 ,
3294 925 3462 992 patria
3488 924 3795 980 Jerusalem

2208 1019 2290 1063 est
2321 1027 2332 1061 :
2364 1011 2602 1081 qui~quis
2644 1013 2764 1066 inde
2793 1015 2924 1069 civis
2970 1032 3073 1069 non
3122 1026 3236 1080 est,
3280 1016 3344 1070 ad
3394 1018 3549 1072 istam
3574 1030 3797 1087 gentem

2206 1116 2310 1155 non
2344 1104 2603 1171 pertinet;
2636 1106 2875 1177 quisquis
2915 1116 3090 1163 autem
3132 1108 3253 1163 inde
3290 1110 3421 1163 civis
3450 1119 3569 1171 est,
3600 1111 3650 1164 in
3682 1126 3796 1165 una

2204 1200 2363 1261 gente
2390 1194 2479 1247 Dei
2510 1205 2610 1248 est.
2638 1196 2705 1250 Et
2730 1195 2844 1253 lucc
2867 1212 2998 1267 gens
3022 1197 3090 1252 ab
3117 1198 3323 1253 oriente
3353 1200 3403 1252 in
3430 1200 3790 1261 occidentem.

2203 1281 2273 1336 ab
2299 1284 2546 1353 aquilone
2587 1296 2642 1341 et
2683 1287 2816 1341 mari
2844 1287 3162 1343 distenditur
3204 1305 3297 1358 per
3338 1299 3565 1359 quatuor
3605 1302 3795 1359 partes

2205 1372 2365 1427 totius
2388 1375 2553 1430 orbis.
2579 1376 2689 1431 Hoc
2714 1377 2853 1433 Deus
2873 1379 3000 1434 dicit
3029 1398 3041 1434 :
3070 1380 3151 1435 Ab
3176 1382 3382 1436 oriente
3406 1392 3461 1436 et
3481 1382 3791 1446 occidente,

2201 1463 2270 1517 ab
2293 1466 2541 1532 aquilone
2567 1475 2622 1523 et
2648 1469 2781 1523 mari
2807 1469 2931 1525 date
2954 1471 3175 1539 gloriam
3206 1472 3332 1526 Deo.
3367 1471 3479 1527 Hoc
3516 1472 3792 1541 praedixit,

2204 1554 2303 1610 hoc
2332 1556 2592 1627 implevit,
2622 1560 2710 1629 qui
2740 1562 2885 1616 solus
2909 1572 2992 1618 est
3012 1578 3254 1633 magnus.
3282 1565 3499 1620 Desinat
3527 1580 3655 1636 ergo
3682 1566 3796 1621 hoc

2201 1645 2379 1703 dicere
2405 1660 2589 1704 contra
2618 1652 2789 1707 solum
2839 1669 3085 1724 magnum
3113 1697 3127 1720 ,
3159 1656 3248 1726 qui
3285 1656 3455 1711 noluit
3501 1672 3617 1713 esse
3660 1673 3795 1727 par-

2200 1755 2294 1792 vus
2329 1760 2341 1794 τ
2373 1744 2492 1811 quia
2523 1760 2624 1798 non
2658 1754 2878 1813 posxnnt
2903 1762 3021 1801 esse
3045 1747 3153 1801 duo
3180 1748 3379 1818 magni,
3411 1749 3550 1805 Deus
3591 1758 3643 1804 et
3676 1751 3795 1804 Do—

2199 1845 2371 1887 natus.

2268 1926 2356 1981 15.
2403 1926 2551 1999 [vers.
2599 1930 2710 2002 1L]
2740 1929 2920 1986 Deduc
2949 1948 3059 1999 me,
3086 1931 3305 1988 Domine
3325 1977 3339 1998 ,
3382 1935 3435 1989 in
3469 1935 3549 1990 via
3575 1943 3662 1987 tua
3681 1975 3697 2000 ,
3728 1945 3789 1989 et

2195 2019 2460 2074 ambulabo
2493 2023 2544 2074 in
2572 2024 2775 2077 veritate
2801 2034 2909 2081 tua.
2942 2026 3035 2080 Via
3070 2036 3155 2081 tua
3178 2069 3190 2089 ,
3230 2028 3427 2082 veritas
3460 2035 3549 2082 tua
3574 2068 3590 2092 ,
3620 2028 3723 2082 vita
3760 2031 3784 2063 ³

2196 2119 2282 2163 tua
2303 2153 2317 2177 ,
2348 2111 2607 2168 Christus.
2641 2115 2784 2185 Ergo
2819 2131 3014 2187 corpus
3054 2118 3119 2173 ad
3165 2120 3310 2173 illum
3335 2162 3351 2184 ,
3397 2131 3451 2174 et
3488 2135 3681 2191 corpus
3709 2122 3786 2176 de

2194 2201 2307 2257 illo.
2337 2203 2447 2275 Ego
2474 2223 2586 2260 sum
2611 2208 2692 2260 via
2714 2247 2728 2271 ,
2781 2217 2827 2262 et
2864 2210 3076 2272 veritas,
3110 2220 3157 2264 et
3181 2213 3281 2264 vita
3321 2211 3499 2282 (Joan.
3535 2228 3625 2266 xw
3645 2253 3663 2278 ,
3693 2212 3782 2283 6).

2190 2289 2367 2348 Derluc
2394 2313 2489 2363 me,
2522 2296 2757 2363 Domine,
2786 2300 2840 2354 in
2866 2302 2947 2354 via
2976 2311 3079 2355 tua.
3125 2302 3180 2356 ln
3213 2318 3316 2372 qua
3344 2304 3473 2357 via?
3497 2303 3561 2357 Et
3589 2304 3783 2358 ambu-

2192 2384 2305 2438 labo
2354 2386 2404 2440 in
2451 2390 2657 2443 veritate
2694 2399 2799 2444 tua.
2846 2392 3004 2447 Aliud
3047 2402 3160 2457 est,
3206 2406 3259 2447 ut
3303 2393 3461 2449 ducat
3488 2395 3553 2450 ad
3594 2396 3777 2461 viam;

2189 2475 2351 2539 aliud,
2381 2488 2437 2531 ut
2462 2478 2691 2535 deducat
2729 2483 2779 2535 in
2808 2483 2910 2537 via.
2943 2484 3072 2538 Vide
3100 2484 3367 2541 hominem
3400 2487 3598 2557 ubique
3628 2504 3774 2557 pau-

2190 2583 2369 2637 perem
2394 2613 2409 2635 ,
2444 2572 2637 2643 uhiqne
2664 2575 2928 2644 adjutorio
2962 2588 3229 2648 egentem.
3265 2580 3363 2646 Qui
3397 2591 3589 2649 praeter
3630 2582 3774 2636 viam

2187 2672 2330 2723 sunt,
2361 2662 2637 2719 christiani
2661 2682 2765 2720 non
2792 2677 2935 2733 sunt,
2959 2680 3049 2723 aut
3079 2670 3323 2725 catholici
3354 2671 3585 2725 nondum
3607 2682 3731 2727 sunt
3752 2716 3770 2735 ,

2184 2752 2515 2811 deducantur
2556 2758 2623 2813 ad
2667 2760 2801 2813 viam
2836 2762 2968 2816 :scd
3012 2778 3130 2815 Cum
3180 2764 3416 2832 perducti
3464 2764 3657 2820 fuerint
3697 2766 3771 2819 ad

2184 2847 2322 2899 viam
2350 2889 2364 2913 ,
2404 2857 2459 2903 et
2495 2850 2739 2905 catholici
2771 2852 2824 2907 in
2872 2852 3085 2907 Christo
3125 2853 3247 2908 farti
3278 2854 3508 2918 fuerint;
3552 2855 3617 2909 ab
3646 2856 3770 2923 ipso

2182 2936 2512 2995 deducantur
2543 2941 2592 2995 in
2622 2943 2732 3011 ipsa
2772 2944 2875 3008 via,
2905 2961 2972 2998 ne
3003 2945 3214 2999 cad.mt.
3256 2946 3411 3000 Certe
3433 2947 3542 3015 jam
3571 2945 3764 3000 ambu-

2181 3029 2291 3084 lant
2320 3031 2370 3085 iu
2404 3032 2504 3086 via.
2533 3032 2710 3087 Deduc
2737 3052 2832 3099 me,
2856 3034 3104 3097 Domine,
3136 3037 3185 3090 in
3219 3039 3295 3090 rio
3321 3047 3409 3090 tua
3438 3055 3455 3090 :
3482 3046 3629 3091 certe
3650 3036 3762 3105 jam

2180 3121 2231 3174 in
2261 3123 2342 3175 via
2372 3131 2458 3177 tua
2489 3139 2626 3190 sum,
2655 3125 2825 3181 deduc
2850 3142 2936 3180 me
2964 3128 3053 3180 ibi.
3095 3126 3155 3180 Et
3185 3127 3451 3182 ainbulabo
3481 3128 3532 3182 in
3556 3128 3764 3182 veritate

2178 3220 2263 3264 tua
2296 3228 2314 3265 :
2340 3221 2391 3266 te
2415 3213 2732 3279 deducente,
2764 3231 2868 3270 non
2897 3218 3122 3277 errabo;
3151 3218 3194 3270 si
3225 3217 3512 3282 dimiseris,
3544 3219 3757 3273 errabo.

2175 3302 2281 3358 Ora
2310 3319 2437 3375 ergo
2469 3308 2522 3360 ut
2561 3321 2665 3360 non
2704 3306 2928 3360 dimit'at
2954 3349 2968 3373 ,
2999 3308 3091 3362 sed
3123 3325 3289 3377 usque
3318 3310 3369 3363 in
3402 3310 3559 3364 tlnem
3587 3310 3757 3365 dedu-

2175 3401 2279 3447 cat.
2329 3393 2606 3462 Quomodo
2645 3397 2901 3452 deducit?
2941 3398 3164 3468 Semper
3209 3402 3497 3468 m0neltdn,
3545 3416 3761 3471 semper

2172 3484 2349 3540 dando
2381 3487 2471 3541 tibi
2517 3503 2728 3542 manum
2760 3505 2929 3544 suam.
2980 3490 3047 3545 Et
3093 3491 3369 3546 brachium
3417 3494 3625 3549 Domini
3668 3496 3755 3549 cui

2172 3578 2459 3633 revelatum
2489 3588 2571 3634 est
2608 3580 2761 3651 (Isai.
2792 3598 2877 3636 Llll
2906 3625 2919 3648 ,
2954 3583 3040 3652 l)?
3077 3583 3258 3638 Dando
3298 3586 3438 3639 enim
3482 3584 3752 3641 Christum

2171 3686 2345 3735 suum,
2377 3671 2465 3726 dat
2493 3688 2706 3727 manum
2734 3688 2916 3739 suam;
2945 3675 3121 3731 dando
3146 3692 3359 3732 manum
3382 3694 3564 3745 stram,
3594 3678 3752 3735 (311τί-

2170 3762 2309 3815 stum
2337 3778 2490 3817 suum
2522 3764 2628 3817 dat.
2665 3764 2742 3819 Ad
2769 3765 2907 3820 viam
2938 3766 3111 3832 ducit,
3138 3770 3477 3836 perducendo
3505 3770 3570 3825 ad
3599 3769 3754 3826 Chri-

2168 3863 2308 3906 sutm
2336 3869 2489 3907 suum
2512 3855 2597 3919 ;in
2622 3856 2702 3909 via
2720 3856 2949 3922 deducit,
2976 3858 3284 3913 deducendo
3302 3861 3353 3914 in
3371 3861 3582 3915 Christo
3605 3875 3705 3917 suo
3732 3880 3746 3915 :

2166 3942 2406 3999 Christus
2434 3955 2609 3999 autem
2650 3948 2862 4001 veritas.
2907 3947 3085 4001 Deduc
3113 3966 3189 4003 me
3214 3965 3341 4020 ergo
3360 3992 3375 4017 ,
3406 3949 3622 4005 Domine
3647 3995 3663 4020 ,
3696 3954 3752 4006 in

2164 4041 2243 4093 via
2274 4049 2361 4092 tua
2382 4082 2395 4105 ,
2426 4049 2473 4093 ct
2496 4040 2761 4094 auibuiubo
2786 4041 2838 4094 in
2866 4042 3071 4096 veritate
3096 4052 3182 4094 tua
3212 4058 3229 4096 :
3257 4043 3306 4096 in
3336 4044 3424 4098 illo
3456 4045 3633 4114 utique
3657 4047 3747 4115 qui

2162 4134 2255 4197 ait,
2290 4132 2399 4203 Ego
2426 4150 2536 4187 sum
2560 4135 2659 4195 via,
2690 4145 2735 4188 et
2766 4135 2966 4200 veritas,
2995 4146 3039 4187 et
3066 4136 3186 4188 vita.
3216 4135 3346 4190 Nam
3377 4138 3467 4206 qui
3500 4138 3550 4190 iu
3579 4139 3659 4192 via
3693 4150 3748 4193 et

2163 4226 2385 4280 veritate
2410 4226 2647 4285 deducis.
2677 4241 2782 4295 quo
2808 4227 2905 4280 nisi
2932 4227 2997 4280 ad
3022 4228 3179 4281 vitam
3206 4229 3486 4297 perducis?
3520 4230 3746 4285 Dedueis

2160 4333 2287 4388 ergo
2312 4318 2363 4371 in
2392 4319 2503 4383 illo,
2531 4318 2595 4371 ad
2628 4318 2793 4372 illum.
2827 4319 2998 4373 Deduc
3029 4337 3124 4385 me,
3172 4319 3403 4386 Domine,
3434 4322 3484 4374 in
3517 4323 3594 4375 ria
3619 4332 3705 4375 tua
3727 4367 3742 4385 ,

2163 4419 2209 4463 et
2237 4408 2502 4462 ambulabo
2528 4410 2578 4461 in
2607 4409 2811 4462 veritate
2831 4419 2936 4461 tua.

2234 4502 2321 4558 16,
2361 4501 2683 4557 Jucundetur
2726 4518 2814 4555 cor
2842 4518 3025 4565 meum,
3078 4513 3132 4556 ut
3162 4504 3334 4556 timeat
3363 4520 3541 4558 nomen
3576 4514 3740 4561 tuum.

2160 4597 2300 4667 Ergo
2323 4597 2478 4650 timor
2495 4596 2546 4650 in
2566 4595 2894 4664 jucunditatc
2918 4605 3017 4650 est.
3044 4597 3110 4650 Et
3129 4596 3398 4666 quomodo
3414 4598 3740 4665 jucunditas,
3758 4604 3774 4627 ν

2157 4688 2199 4741 si
2224 4687 2423 4741 timor?
2454 4686 2639 4740 Nonne
2668 4686 2825 4739 timor
2864 4700 3079 4741 amarus
3125 4687 3261 4741 solet
3289 4688 3452 4742 esse?
3500 4688 3609 4743 Erit
3635 4690 3743 4743 ali-

2157 4779 2369 4848 quando
2389 4776 2694 4847 juennditas
2722 4777 2837 4831 sine
2863 4777 3073 4841 timore,
3103 4777 3263 4832 modo
3285 4778 3589 4848 jucunditas
3615 4798 3740 4835 cum

2157 4870 2385 4925 timore:
2420 4869 2651 4923 nondum
2694 4878 2771 4923 est
2812 4869 2953 4923 enim
2983 4870 3135 4939 plena
3168 4871 3445 4937 securitas,
3492 4888 3587 4926 nec
3619 4890 3745 4942 pcr-

2157 4961 2636 5030 fectajueunditas.
2682 4961 2739 5015 Si
2784 4960 2925 5014 nulla
2960 4960 3285 5029 jucunditas,
3328 4962 3645 5028 defit-imus;
3692 4969 3740 5019 si

2157 5056 2307 5124 plena
2331 5055 2608 5119 securitas,
2641 5054 2779 5107 male
2803 5053 3149 5109 exsultamus.
3195 5054 3331 5124 Ergo
3359 5066 3413 5109 ct
3437 5056 3742 5125 jucundita-

2155 5156 2259 5201 tcm
2290 5155 2554 5216 aspergat,
2598 5154 2653 5199 et
2682 5145 2927 5199 timorem
2972 5145 3211 5210 incutiat,
3258 5156 3315 5199 ut
3360 5146 3428 5201 de
3453 5147 3741 5203 dulcedine.

2148 5236 2493 5307 jucunditatis
2545 5234 2801 5304 perducat
2865 5251 2964 5289 nos
3024 5235 3089 5287 ad
3150 5236 3331 5290 sedem
3388 5238 3737 5294 securitatis:

2151 5328 2327 5383 dando
2358 5330 2623 5393 timorem,
2655 5343 2759 5382 non
2786 5343 2885 5382 nos
2908 5327 3064 5382 faciat
3084 5329 3221 5382 male
3248 5330 3539 5397 exsultare,
3572 5342 3625 5386 et
3653 5348 3739 5387 re-

2150 5420 2341 5475 cedere
2371 5420 2437 5474 dc
2463 5420 2564 5471 via.
2618 5419 2740 5471 Ideo
2764 5418 2891 5473 dicit
2921 5420 3176 5489 psalmus,
3211 5419 3406 5475 Servite
3434 5421 3648 5475 Domino
3680 5424 3737 5477 in

2150 5515 2344 5578 timore,
2392 5519 2438 5565 ct
2458 5512 2704 5566 exsultate
2744 5513 2789 5565 ei
2817 5529 2932 5565 cum
2961 5522 3172 5568 tremore
3198 5512 3367 5584 (Psnl.
3397 5530 3455 5581 tl,
3490 5515 3576 5588 11)
3608 5533 3621 5571 :
3659 5516 3741 5578 sic

2212 5716 2227 5747 ¹
2254 5722 2369 5777 neg.
2394 5720 2498 5771 Ms,
2525 5713 2568 5764 si
2608 5727 2701 5763 una
2724 5715 2897 5777 punire
2919 5713 3123 5764 caelestis
3146 5713 3252 5770 est?

2210 5779 2229 5808 ²
2255 5776 2405 5825 Nostri
2430 5789 2603 5826 omnes
2624 5776 2751 5837 Mss,
2772 5776 2864 5832 riu.

3842 451 4001 559 tu“!

3853 558 3899 649 ς

3997 526 4018 555 ὶ

3899 557 3991 617 δέ

4129 5580 4132 5797 ι
