4132 6452
329 383 485 439 £035
1406 383 1799 439 ENARRATIO
1837 383 1901 438 1N
1944 381 2262 438 PSALMUM
2301 383 2561 440 LXXXV.

325 507 388 549 et
413 496 683 565 apostolus
714 494 910 550 Paulus
955 495 1101 559 dicit,
1145 494 1271 550 Cum
1299 496 1475 550 timore
1510 506 1556 550 et
1595 505 1810 550 tremore
1844 512 1926 550 ve-

6 580 744 679 Auﬂrarnipsorum
772 588 987 642 salutem
1024 588 1343 656 operamini;
1390 586 1526 642 Deus
1567 589 1697 640 enim
1744 587 1926 655 estqui

30 673 584 779 τ’,θοιῇῐξίιυρεηιιιιν
612 682 661 733 in
700 680 836 779 vobis
876 678 1134 779 SP/tilipp.
1164 678 1337 779 "212,
1366 680 1478 750 15).
1507 678 1773 779 (liuidquig
1799 695 1924 751 ergo

18 770 287 895 ,57
329 786 656 839 prosperum
683 770 845 835 venit,
874 770 1083 835 fratres,
1104 770 1269 839 magis
1291 770 1632 823 metuendum
1650 778 1734 824 est
1762 785 1774 821 :
1803 785 1924 839 quae

329 864 538 895 nalinl:c
563 878 810 895 numam...
864 862 1029 895 n-nnic
1058 863 1372 895 ιωιιιιιῖιηιοε
1401 870 1519 895 cum
1574 860 1725 895 Vnnil
1753 860 1924 895 Imaum-

329 872 468 930 puta

474 864 541 916 tis
563 878 834 934 ppgspcra,
864 862 1031 940 magis
1058 863 1376 917 tentationes
1401 870 1544 915 sunt.
1574 860 1730 915 Venit
1753 860 1925 916 haere-

3486 392 3614 448 109i

2031 511 2214 551 sumus
2259 498 2313 551 in
2356 512 2537 567 carne,
2587 507 2641 554 et
2684 500 2782 554 ista
2820 500 3182 557 mortalitate?
3235 502 3433 574 Corpus
3472 508 3615 562 enim

2031 598 2282 642 mortuum
2310 600 2400 655 est,
2454 592 2527 645 ait
2556 592 2854 661 Apostolus,
2910 607 3114 664 propter
3140 608 3401 666 peccatum
3436 597 3614 667 (Rom.

2031 692 2139 742 vm,
2168 679 2275 745 10).
2311 680 2449 751 Ergo
2491 692 2545 736 et
2596 683 2680 736 hic
2717 693 2839 739 sunt
2883 688 3115 752 mortui;
3173 697 3231 743 ut
3270 706 3374 744 non
3406 692 3616 746 mireris

2030 766 2150 838 quia
2179 769 2443 825 infernum
2471 771 2686 837 dicitur,
2714 777 2756 828 si
2789 778 3011 831 mortuis
3046 779 3298 833 abundat.
3329 780 3442 835 Non
3471 782 3613 837 enim

2029 858 2121 922 ait,
2148 857 2354 927 Corpus
2386 862 2698 916 moriturum
2731 876 2847 929 cst;
2881 868 2995 929 scd,
3027 868 3220 938 Corpus
3243 880 3496 924 mortuum
3521 881 3612 927 est.

322 953 503 1017 ditas,
559 954 701 1006 venit
755 952 906 1021 copia
961 967 1174 1016 rerum,
1226 951 1458 1005 abundat
1504 950 1924 1006 circumfluentia

326 1045 528 1097 nescio
558 1043 706 1111 cujus
730 1042 1028 1097 fclicitatis:
1065 1045 1380 1096 tentationes
1410 1052 1536 1095 sunt
1560 1043 1710 1107 istze;
1741 1052 1925 1097 cavete

325 1152 408 1189 ne
457 1151 551 1189 vos
582 1137 677 1189 ista
705 1144 1070 1203 corrumpant.
1116 1133 1379 1204 Quidquid
1408 1135 1566 1188 etiam
1612 1150 1923 1204 prosperum

324 1237 421 1280 est
476 1227 765 1281 secundum
814 1226 1084 1280 Christum
1137 1234 1189 1279 et
1255 1241 1559 1296 germanam
1612 1226 1921 1280 charitatem

324 1320 540 1373 Christi
569 1336 580 1371 :
635 1320 677 1374 si
728 1318 862 1374 forte
903 1317 1136 1373 lucratus
1159 1332 1220 1373 es
1259 1334 1477 1371 uxorem
1512 1328 1651 1374 tuam
1683 1335 1799 1388 qum
1832 1319 1925 1373 fuit

327 1412 390 1465 in
444 1419 591 1479 parte
647 1410 872 1474 Donati;
929 1410 973 1463 si
1018 1410 1151 1463 forte
1188 1409 1529 1463 crediderunt
1577 1412 1667 1464 filii
1720 1412 1791 1465 tui
1836 1412 1922 1481 qui

328 1502 557 1555 fuerunt
589 1501 774 1570 pagani
803 1517 816 1567 ;
845 1501 889 1554 si
922 1499 1057 1554 forte
1086 1500 1317 1553 lucratus
1340 1515 1399 1553 es
1420 1502 1646 1554 amicum
1668 1510 1812 1554 tuum
1835 1503 1922 1571 qni

331 1604 394 1649 te
429 1594 639 1649 volebat
665 1593 953 1647 scdncere‘
987 1592 1053 1646 ad
1076 1592 1302 1655 theatra,
1330 1600 1385 1647 et
1411 1604 1463 1645 tu
1492 1607 1612 1646 eum
1640 1592 1832 1647 duxisti
1858 1593 1923 1646 ad

327 1687 621 1741 ecclesiam
650 1703 664 1750 ;
698 1687 740 1738 si
766 1686 900 1739 forte
924 1682 1283 1737 contradictor
1313 1684 1492 1737 nescio
1533 1686 1650 1752 quis
1682 1684 1926 1738 inimicus

328 1786 467 1831 tuus
501 1787 552 1833 ct
588 1776 770 1831 mbide
797 1776 1044 1841 saeviens,
1091 1774 1329 1843 deposita
1358 1774 1446 1829 illa
1479 1775 1626 1830 rabie
1654 1774 1821 1831 factus
1845 1786 1926 1831 est

327 1870 511 1934 mitis,
534 1878 586 1923 et
606 1866 821 1939 agnovit
842 1868 1033 1933 Deum,
1066 1882 1161 1920 nec
1190 1866 1417 1919 oblatrat
1444 1865 1700 1921 adversus
1726 1876 1798 1933 te,
1831 1868 1924 1921 sed

325 1963 535 2015 clamat
585 1970 757 2015 tecum
807 1958 1065 2012 adversus
1095 1957 1292 2011 malunt
1325 1974 1337 2009 :
1391 1956 1489 2011 ista
1514 1956 1745 2026 jucunda
1777 1968 1922 2012 sunt.

330 2051 496 2106 Unde
525 2050 662 2104 enim
691 2049 1001 2119 gaudemus,
1033 2048 1074 2100 si
1103 2046 1171 2101 de
1202 2048 1282 2099 his
1324 2060 1428 2099 non
1454 2045 1788 2115 gaudemus?
1836 2057 1926 2101 aut

327 2159 460 2211 quae
511 2151 632 2196 sunt
688 2142 789 2195 alia
840 2139 1030 2210 gaudia
1081 2148 1285 2203 nostra,
1329 2136 1431 2191 nisi
1481 2136 1624 2191 ista?
1670 2137 1774 2192 Sed
1800 2138 1923 2208 quia

327 2233 615 2288 abundant
654 2240 708 2287 et
750 2231 1138 2295 tribulationes,
1184 2237 1237 2283 et
1266 2228 1602 2292 tentationes,
1634 2237 1685 2282 et
1715 2228 1924 2283 dissen-

327 2327 539 2388 SiOttBS,
572 2333 626 2378 et
648 2322 956 2389 schismata,
985 2330 1036 2374 et
1061 2328 1249 2374 caetera
1280 2319 1435 2380 tnala,
1465 2320 1579 2373 sine
1608 2319 1797 2388 quibus
1819 2334 1923 2374 non

331 2428 517 2486 potest
544 2432 661 2471 esse
687 2415 939 2468 sarculum
988 2414 1107 2477 hoc,
1154 2411 1325 2465 donec
1366 2418 1601 2464 transeat
1646 2411 1921 2480 iniquitas;

330 2507 629 2564 exsultatio
670 2505 757 2559 illa
791 2520 894 2558 non
923 2520 1019 2557 ttns
1044 2502 1199 2556 faciat
1225 2514 1463 2564 securos,
1514 2500 1607 2555 sed
1638 2500 1707 2554 ita
1729 2500 1923 2569 jucun-

333 2603 495 2657 detur
540 2617 635 2657 cor
689 2610 947 2662 nostrum,
1001 2606 1055 2650 ut
1098 2594 1281 2650 timeat
1326 2608 1519 2648 nomen
1574 2592 1805 2658 Domini,
1856 2609 1925 2647 ne

331 2693 553 2749 aliunde
574 2691 917 2763 jucundetur,
944 2687 1156 2743 aliunde
1184 2686 1419 2741 feriatur.
1443 2684 1792 2741 Securitatem
1819 2702 1921 2740 non

333 2749 657 2848 exspectetis
685 2784 741 2848 in
745 2778 1193 2848 peregrinatione
1226 2795 1237 2829 τ
1285 2749 1921 2848 quaom-

333 2801 438 2841 exs
473 2797 657 2839 ectetts
705 2798 741 2836 n
839 2797 895 2835 re
932 2797 1193 2834 rtnattone
1226 2797 1237 2829 τ
1285 2797 1497 2848 qttanao
1524 2797 1664 2831 utam
1699 2797 1785 2831 ntc
1825 2797 1921 2829 vo-

320 2797 1307 2940 Wporis’,
1338 2882 1445 2921 non
1470 2866 1729 2921 securitas
1754 2866 1926 2919 homi-

340 2968 452 3021 nis.
491 2965 810 3019 Jurundelur
835 2979 921 3016 cor
948 2978 1130 3027 nterim,
1154 2971 1206 3013 ut
1227 2960 1397 3012 timeat
1419 2974 1599 3011 nomen
1620 2966 1780 3010 tuum.

418 3061 502 3113 17.
554 3057 703 3132 [vera
750 3057 835 3115 li,
894 3052 999 3127 ll]
1045 3051 1331 3121 Con/ilebor
1372 3050 1479 3116 tibi,
1532 3047 1747 3103 Domine
1789 3047 1926 3102 Deus

339 3169 508 3217 meus,
536 3154 587 3204 iu
626 3160 730 3203 toto
760 3148 908 3202 corde
940 3163 1077 3213 uico,
1105 3156 1151 3199 et
1174 3142 1468 3214 gfori/icabo
1507 3158 1687 3196 nomen
1709 3151 1849 3195 tuum
1875 3142 1927 3196 in

336 3256 619 3306 (uernum;
664 3241 902 3313 quoniam
947 3235 1291 3291 misericordia
1335 3244 1420 3287 tua
1460 3251 1643 3304 magna
1672 3242 1746 3287 est
1776 3248 1928 3294 super

338 3356 443 3402 me,
473 3346 518 3389 et
547 3334 718 3388 emisti
738 3332 959 3386 animam
980 3346 1141 3383 meam
1166 3346 1228 3382 ex
1253 3329 1450 3397 inferno
1483 3327 1738 3393 inferiore.
1775 3326 1925 3391 Quod

338 3428 603 3491 dicimus,
649 3424 861 3488 fratres,
916 3422 1015 3475 hoc
1060 3420 1102 3474 si
1143 3433 1247 3473 non
1298 3418 1444 3470 vobis
1473 3428 1717 3486 tanquam
1748 3425 1927 3471 certus

340 3534 661 3591 exposuero,
707 3532 774 3571 ne
828 3512 1205 3569 succenseatis.
1256 3510 1428 3565 llonto
1475 3523 1591 3563 sum
1637 3508 1819 3573 enim,
1876 3516 1928 3561 ct

342 3620 598 3683 quantum
638 3606 950 3663 conceditur
1001 3603 1068 3659 de
1106 3601 1398 3671 Scripturis
1448 3598 1669 3661 sanctis,
1725 3606 1926 3651 tantum

341 3704 518 3758 audeo
542 3702 718 3756 dicere
748 3714 761 3751 :
792 3696 922 3752 nihil
949 3711 1011 3750 ex
1036 3710 1141 3748 me.
1179 3691 1444 3746 lnfernnm
1477 3704 1577 3744 nec
1607 3703 1707 3759 ego
1734 3704 1928 3758 exper-

344 3805 436 3851 tus
462 3808 575 3848 sum
601 3791 793 3854 adbnc,
824 3804 923 3844 nec
950 3805 1043 3842 vos
1068 3804 1080 3838 :
1118 3796 1173 3840 et
1213 3784 1455 3838 fortaSsis
1482 3784 1581 3837 alia
1616 3781 1699 3835 via
1725 3782 1845 3844 erit,
1877 3789 1947 3835 ρι’

344 3904 457 3944 non
488 3903 580 3957 per
608 3884 871 3939 infernum
895 3880 1014 3936 erit.
1047 3879 1252 3933 Incerta
1276 3886 1396 3929 sunt
1420 3876 1552 3928 haec.
1585 3874 1779 3926 Verum
1807 3873 1928 3942 quia

344 3979 478 4034 dicit
500 3976 788 4046 Scriptura,
816 3972 898 4027 cui
924 3967 1215 4026 contradici
1240 3982 1343 4021 non
1376 3973 1570 4035 potest,
1602 3964 1793 4016 Emisti
1814 3964 1929 4016 aui-

348 4087 485 4124 mam
508 4084 669 4122 meam
698 4083 761 4120 ea:
784 4066 981 4135 inferno
1008 4060 1248 4133 inferiore
1268 4075 1287 4124 ;
1306 4055 1644 4126 intelligimus
1684 4064 1929 4124 tanquam

346 4162 458 4215 duo
508 4158 711 4213 inferna
760 4169 899 4218 esse,
947 4151 1213 4221 superius,
1253 4157 1307 4204 et
1338 4144 1599 4200 inferius:
1632 4159 1750 4197 nam
1793 4142 1932 4196 unde

350 4253 615 4309 infernum
645 4248 884 4309 inferius,
935 4245 1036 4298 nisi
1068 4243 1188 4313 quia
1226 4249 1308 4295 est
1352 4238 1615 4293 infernum
1655 4234 1932 4304 superius?

351 4344 511 4399 Aliud
555 4357 656 4395 non
688 4339 956 4394 diceretur
994 4334 1277 4397 infernum,
1333 4328 1432 4383 nisi
1462 4328 1511 4381 in
1540 4326 1932 4396 comparatione

351 4438 497 4490 illius
534 4432 827 4503 superioris
881 4427 1066 4497 partis.
1103 4423 1323 4478 Videtur
1369 4435 1516 4491 ergo,
1562 4420 1769 4483 fratres,
1815 4432 1933 4472 esse

352 4528 609 4583 habitatio
637 4522 877 4596 quaedam
907 4517 1141 4576 caelestis
1165 4516 1490 4585 Angelorum
1519 4531 1532 4566 :
1574 4512 1645 4567 ibi
1677 4512 1780 4564 vita
1803 4510 1935 4563 incf—

354 4622 588 4676 fabilium
622 4617 955 4688 gaudiorum,
1000 4612 1068 4666 ibi
1098 4607 1470 4664 immortalitas
1507 4615 1562 4660 et
1586 4604 1931 4673 incorruptio,

355 4716 424 4770 ibi
446 4713 621 4767 omnia
644 4707 933 4765 secundum
962 4704 1051 4759 Dei
1075 4703 1273 4757 donum
1298 4710 1352 4755 et
1377 4699 1599 4769 gratiam
1627 4710 1936 4766 permanen-

356 4808 448 4860 tia.
477 4804 563 4858 ιιι..
592 4815 714 4872 pars
745 4813 921 4853 rerum
952 4810 1177 4864 superna
1205 4800 1307 4847 est.
1360 4790 1414 4844 Si
1444 4805 1569 4858 ergo
1600 4789 1685 4841 illa
1710 4802 1935 4855 superna

357 4905 468 4961 est;
515 4897 626 4949 haec
659 4906 889 4955 terrena,
919 4889 1004 4942 ubi
1033 4902 1158 4941 caro
1187 4894 1241 4939 et
1270 4884 1505 4954 sanguis,
1560 4882 1644 4935 tibi
1672 4881 1905 4950 corrupti

359 4988 554 5049 bilitas,
584 4984 669 5038 ubi
700 4981 948 5037 nativitas
972 4988 1026 5033 et
1055 4975 1363 5037 mortalitas,
1407 4973 1492 5026 ubi
1515 4971 1754 5025 decessio
1783 4980 1939 5039 atqu:

357 5079 644 5141 successio,
691 5076 780 5130 ubi
812 5072 1135 5127 innttzbilitas
1162 5078 1217 5122 et
1244 5065 1613 5129 inconstantia,
1670 5062 1755 5117 ubi
1787 5062 1941 5116 timo-

358 5185 466 5233 res,
489 5168 823 5237 cupiditates,
866 5163 1136 5223 horrores,
1178 5158 1375 5212 laetitia:
1403 5156 1637 5217 incertae,
1683 5166 1806 5221 spes
1835 5150 1939 5207 fra-

359 5261 500 5331 gilis,
548 5258 744 5314 caduca
793 5252 1122 5314 substantia;
1167 5257 1297 5319 puto
1342 5247 1460 5316 quia
1492 5244 1665 5298 omnis
1692 5243 1789 5297 ista
1820 5259 1940 5312 pars

360 5370 467 5409 non
498 5360 673 5423 potest
699 5346 994 5418 comparari
1025 5345 1095 5398 illi
1123 5343 1261 5398 coelo
1286 5340 1352 5395 de
1377 5355 1480 5409 quo
1506 5338 1759 5408 loquebar
1790 5336 1942 5406 paulo

361 5454 533 5499 ante:
579 5443 623 5497 si
655 5454 783 5511 ergo
830 5438 902 5492 illi
933 5436 1064 5506 parti
1105 5434 1219 5488 haec
1264 5446 1387 5501 pars
1433 5445 1533 5484 non
1581 5437 1940 5495 comparatur,

364 5537 452 5591 illa
482 5547 711 5602 superna
735 5539 837 5595 est,
891 5528 1006 5582 hzrc
1051 5523 1279 5579 inferna.
1338 5522 1401 5575 Et
1435 5532 1553 5590 post
1585 5528 1810 5575 mortem
1838 5533 1944 5587 quo

366 5627 512 5687 hinc,
557 5623 656 5678 nisi
706 5624 775 5676 sit
808 5620 1069 5676 infernum
1115 5615 1332 5669 inferius
1358 5612 1458 5667 hoc
1488 5612 1713 5675 inferno,
1757 5610 1945 5679 inquo

431 5781 450 5812 ί
478 5776 695 5828 Nonnulli
717 5782 845 5832 Mss,
867 5784 1029 5841 secum
1052 5770 1246 5822 ducere.

435 5844 457 5875 ι
487 5847 599 5888 fres
616 5845 743 5912 Mss.,
766 5834 945 5887 cordis.

2029 948 2216 1003 Adhuc
2238 949 2395 1006 habet
2416 952 2575 1006 vitam
2605 955 2781 1023 utique
2803 970 2997 1024 corpus
3026 968 3264 1013 nostrum
3290 977 3303 1025 ;
3346 969 3399 1014 ct
3436 973 3610 1016 tamen

2028 1052 2389 1109 Comparatum
2434 1046 2645 1113 corpori
2696 1046 2787 1111 illi,
2838 1048 2976 1116 quod
3031 1048 3262 1103 futurum
3315 1061 3397 1105 est
3441 1055 3613 1121 qualia

2029 1142 2149 1185 sunt
2177 1134 2497 1204 Angelorum
2548 1152 2790 1205 corpora,
2843 1140 3106 1194 invenitur
3154 1157 3344 1211 corpus
3386 1143 3616 1198 hominis

2029 1232 2316 1287 mortuum,
2341 1227 2581 1295 quamvis
2604 1228 2774 1282 adhuc
2802 1228 3002 1283 habens
3024 1232 3275 1286 animam.
3301 1235 3405 1288 Sed
3430 1251 3615 1289 rursus

2030 1314 2095 1367 ab
2120 1314 2221 1369 hoc
2250 1316 2477 1383 inferno,
2521 1318 2569 1372 id
2597 1329 2678 1373 est
2698 1320 2765 1373 ab
2796 1320 2894 1374 hac
2924 1332 3073 1391 parte
3114 1324 3327 1387 inferni,
3361 1336 3443 1380 est
3469 1328 3608 1381 aliud

2030 1404 2269 1471 inferius,
2314 1424 2419 1477 quo
2449 1419 2573 1463 eunt
2617 1412 2811 1464 mortui
2838 1428 2852 1475 ;
2886 1413 3023 1466 unde
3054 1414 3217 1468 voluit
3260 1417 3395 1469 Deus
3425 1432 3613 1473 eruere

2029 1499 2233 1552 animas
2284 1510 2515 1563 nostras,
2568 1502 2725 1555 etiam
2776 1502 2901 1556 illuc
2942 1505 3157 1558 mittens
3198 1504 3390 1561 Filium
3432 1524 3609 1563 suum.

2030 1587 2260 1653 Etenim,
2295 1588 2500 1654 fratres,
2535 1602 2752 1662 propter
2782 1595 2877 1648 ista
2920 1594 3026 1648 duo
3054 1596 3263 1650 inferna
3314 1601 3508 1654 missus
3531 1611 3615 1656 est

2029 1678 2195 1733 Filius
2217 1680 2333 1744 Dei,
2357 1684 2590 1751 undique
2614 1684 2864 1738 liberans.
2894 1686 2972 1739 Ad
2997 1687 3096 1741 hoc
3126 1688 3386 1744 infernum
3420 1691 3615 1747 missus

2029 1778 2110 1822 est
2135 1771 2424 1839 nascendo,
2456 1772 2523 1826 ad
2552 1773 2674 1827 illud
2701 1775 2996 1830 moriendo.
3045 1778 3331 1847 Propterea
3358 1796 3455 1834 vox
3497 1781 3614 1851 ejus

2030 1870 2112 1914 est
2142 1863 2192 1915 in
2220 1863 2310 1916 illo
2342 1864 2567 1932 psalmo,
2598 1880 2700 1919 non
2724 1882 2987 1936 quoquam
3033 1868 3247 1924 homine
3269 1872 3607 1939 conjiciente,

2030 1950 2123 2004 sed
2150 1954 2407 2021 Apostolo
2436 1963 2752 2021 exponente,
2786 1956 2873 2009 ubi
2907 1958 2976 2010 ait
3005 1974 3015 2008 :
3052 1958 3303 2024 Quoniam
3334 1978 3433 2015 non
3463 1962 3607 2017 dere-

2028 2043 2221 2111 linques
2246 2045 2466 2097 animam
2488 2062 2646 2098 meam
2669 2048 2719 2098 in
2742 2048 2941 2116 inferno
2971 2047 3136 2118 (Ρειιι.
3168 2066 3257 2117 xv,
3290 2053 3384 2111 10;
3410 2054 3523 2106 Act.
3552 2070 3609 2119 ιι,

2028 2134 2143 2203 27).
2183 2135 2322 2205 Ergo
2366 2145 2457 2189 aut
2488 2138 2649 2205 ipsius
2680 2154 2777 2191 vox
2806 2151 2887 2193 est
2916 2148 2969 2194 et
3014 2140 3119 2207 hic,
3166 2142 3357 2197 Eruiin
3387 2146 3611 2199 animam

2030 2242 2189 2279 meam
2218 2243 2283 2280 ea:
2316 2227 2514 2297 inferno
2546 2229 2782 2300 inferiore
2806 2246 2824 2283 :
2851 2239 2943 2283 aut
2970 2240 3147 2285 nostra
3180 2249 3279 2287 vox
3309 2250 3401 2303 per
3439 2236 3610 2304 ipsum

2027 2316 2294 2373 Christum
2325 2320 2604 2375 Dominum
2636 2332 2911 2387 nostrum;
2956 2325 3078 2393 quia
3111 2324 3228 2378 ideo
3258 2326 3345 2380 ille
3376 2329 3615 2395 pervenit

2028 2423 2195 2479 usque
2222 2410 2287 2463 ad
2317 2409 2602 2477 infernum,
2652 2427 2717 2465 ne
2748 2426 2846 2467 nos
2880 2428 3276 2469 remaneremus
3301 2417 3350 2468 in
3381 2416 3609 2472 inferno.

2100 2500 2189 2554 18.
2222 2500 2390 2554 Aliam
2420 2502 2578 2555 etiam
2604 2502 2906 2570 opinionem
2936 2503 3127 2557 dicam.
3180 2505 3442 2560 Fortassis
3468 2507 3607 2561 enim

2028 2592 2165 2658 apud
2195 2592 2336 2661 ipsos
2366 2591 2566 2647 inferos
2600 2600 2683 2647 est
2719 2594 2890 2662 aliqua
2920 2609 3041 2662 pars
3081 2594 3315 2655 inferior,
3363 2612 3467 2666 quo
3497 2605 3610 2650 tru-

2028 2682 2225 2737 duntur
2250 2684 2395 2753 impii
2419 2685 2506 2753 qni
2534 2684 2817 2753 plurimum
2844 2695 3214 2754 peccaverunt.
3240 2689 3446 2744 Etenim
3472 2692 3611 2760 apud

2030 2774 2227 2829 inferos
2272 2784 2446 2830 utrum
2478 2777 2530 2830 in
2560 2776 2691 2830 locis
2720 2777 3033 2846 quibusdam
3085 2794 3187 2832 non
3231 2778 3419 2835 fui-set
3444 2782 3613 2835 Abra-

2030 2865 2208 2932 ham‘,
2259 2881 2360 2920 non
2411 2868 2538 2921 satis
2580 2881 2861 2936 possumus
2899 2868 3139 2923 definire.
3182 2869 3423 2924 Nondum
3469 2872 3611 2925 enim

2031 2956 2284 3011 Dominus
2340 2967 2557 3012 venerat
2609 2958 2675 3012 ad
2726 2958 3024 3025 infernum,
3104 2969 3159 3013 ιιι
3226 2972 3437 3017 erueret
3492 2963 3613 3019 inde

2028 3046 2265 3100 omnium
2295 3056 2596 3101 sanctorum
2624 3048 3035 3118 prtecedentium
3083 3051 3304 3115 animas,
3357 3061 3410 3105 ct
3437 3062 3610 3109 tamen

2029 3136 2292 3191 Abraham
2324 3138 2375 3191 in
2402 3137 2578 3206 requie
2602 3138 2671 3193 ibi
2699 3147 2834 3194 erat.
2866 3140 2927 3193 Et
2954 3141 3164 3209 quidam
3191 3141 3339 3196 dives
3363 3157 3480 3197 cum
3506 3152 3613 3198 tor-

2028 3237 2280 3298 queretur
2303 3228 2443 3297 apud
2470 3228 2689 3294 inferos,
2716 3244 2837 3283 cum
2864 3229 3067 3283 videret
3098 3230 3384 3298 Abraham,
3419 3233 3612 3287 levavit

2029 3320 2227 3375 oculos.
2261 3320 2372 3374 Non
2404 3337 2522 3374 eum
2554 3332 2731 3391 posset
2762 3322 2947 3376 levatis
2974 3324 3141 3377 oculis
3170 3325 3370 3390 videre,
3399 3327 3496 3379 nisi
3523 3327 3612 3380 ille

2030 3423 2170 3467 esset
2220 3414 2483 3483 superius,
2531 3414 2616 3467 ille
2671 3414 2905 3468 inferius.
2968 3415 3031 3468 Et
3075 3415 3198 3483 quid
3249 3416 3296 3470 ei
3340 3417 3609 3486 resp0ndit

2032 3503 2317 3566 Abraham,
2370 3518 2490 3556 cum
2522 3502 2744 3567 diceret,
2797 3504 2984 3557 «Pater
3014 3504 3298 3568 Abraham,
3330 3506 3477 3559 mitte
3508 3506 3613 3560 La-

2031 3610 2233 3657 zarum,
2263 3604 2315 3648 ut
2336 3594 2591 3663 intinguat
2612 3594 2829 3663 digitum
2850 3609 3025 3657 suum,
3054 3595 3282 3649 ctstillet
3309 3596 3359 3647 in
3378 3596 3610 3665 linguam

2031 3700 2224 3751 meam,
2276 3685 2524 3755 quoniam
2554 3688 2764 3739 crucior
2803 3687 2853 3739 in
2883 3685 2982 3740 hac
3012 3685 3265 3741 ﬂamma?
3293 3687 3422 3751 Fili,
3462 3706 3481 3739 ι
3514 3689 3609 3750 ait,

2038 3795 2055 3827 ι
2092 3786 2357 3831 memento
2388 3777 2505 3847 quia
2534 3779 2774 3844 recepisti
2808 3777 2941 3832 bona
2971 3779 3021 3832 in
3065 3780 3169 3832 vita
3216 3787 3335 3844 tua;
3382 3779 3614 3835 Lazarus

2032 3878 2207 3922 autem
2238 3869 2373 3922 mala
2407 3887 2419 3922 :
2453 3886 2592 3924 nunc
2620 3880 2793 3923 autem
2826 3870 2910 3923 hic
2939 3872 3239 3940 requiescit,
3270 3879 3325 3924 tu
3356 3888 3481 3926 vero
3508 3882 3616 3925 tor-

2032 3959 2227 4026 qttet‘is.
2257 3958 2496 4027 Etsupcr
2524 3958 2656 4022 haec,
2685 3978 2704 4011 ι
2726 3960 2815 4020 ait,
2843 3978 2860 4008 ι
2889 3960 3024 4012 inter
3055 3975 3148 4013 nos
3174 3968 3227 4013 et
3243 3974 3335 4013 vos
3367 3974 3611 4029 magnum

2033 4048 2196 4102 chaos
2225 4049 2486 4101 firmatum
2531 4058 2648 4113 est;
2701 4058 2755 4101 ut
2788 4064 2884 4102 nnc
2913 4064 3007 4103 nos
3049 4050 3313 4119 possimus
3340 4052 3522 4105 venire
3546 4052 3612 4104 ad

2033 4154 2147 4204 vos,
2169 4154 2266 4194 nec
2290 4140 2409 4193 inde
2431 4141 2620 4209 aliquis
2640 4142 2822 4194 venire
2844 4140 2905 4193 ad
2936 4156 3030 4193 nos
3055 4161 3073 4193 ι
3101 4140 3247 4213 (Luc.
3273 4159 3379 4207 xvi,
3399 4143 3614 4213 22-26).

2036 4231 2176 4301 Ergo
2204 4230 2343 4286 inter
2370 4233 2465 4285 ista
2497 4232 2600 4284 duo
2640 4231 2865 4287 fortasse
2896 4233 3117 4299 inferna,
3176 4249 3398 4302 qu0rnm
3430 4236 3479 4289 in
3509 4252 3614 4290 uno

2036 4322 2346 4391 quieverunt
2373 4325 2562 4377 anima:
2580 4324 2864 4391 iustorum,
2895 4326 2945 4378 in
2973 4327 3141 4381 altero
3165 4337 3474 4395 torquentur
3498 4331 3617 4382 aui-

2039 4430 2137 4467 tll:l‘.
2169 4414 2470 4483 impiorum,
2523 4416 2803 4469 attendens
2824 4416 3037 4485 quidam
3065 4432 3222 4471 orans
3248 4417 3351 4476 hic,
3394 4418 3500 4488 jam
3536 4419 3618 4472 hic

2040 4506 2090 4558 in
2116 4520 2338 4572 corpore
2364 4504 2558 4558 Christi
2593 4506 2813 4573 positus,
2861 4516 2914 4560 et
2956 4522 3113 4560 orans
3146 4507 3194 4559 in
3238 4523 3369 4561 voce
3399 4509 3617 4577 Christi,

2038 4595 2239 4651 eruisse
2297 4597 2458 4650 Deum
2514 4596 2742 4649 animam
2794 4612 2939 4651 suam
2990 4597 3057 4650 ab
3109 4597 3316 4651 inferno
3371 4598 3620 4654 inferiore

2039 4686 2187 4749 dixit,
2245 4686 2369 4755 quia
2413 4686 2652 4740 liberavit
2700 4702 2759 4741 se
2805 4702 2833 4740 a
2879 4688 3069 4741 talilms
3106 4689 3335 4756 peccatis
3383 4704 3475 4756 per
3504 4705 3620 4758 quae

2041 4786 2220 4847 posset
2235 4776 2424 4831 deduci
2446 4777 2509 4829 ad
2535 4785 2795 4830 tormenta
2825 4777 3013 4831 inferni
3046 4778 3327 4831 inferioris.
3354 4780 3619 4843 Quemad-

2041 4870 2255 4923 modum
2288 4870 2331 4923 si
2361 4868 2597 4923 medicus
2624 4869 2796 4923 videat
2824 4870 2914 4923 tibi
2961 4871 3320 4924 imminentem
3350 4870 3621 4939 aegritudi-

2044 4977 2161 5015 nem
2191 4962 2325 5015 forte
2351 4976 2414 5014 ex
2445 4960 2623 5029 aliquo
2652 4961 2830 5015 labore
2849 5002 2863 5023 ,
2896 4970 2949 5013 et
2977 4960 3151 5023 dicat,
3182 4960 3347 5013 Parce
3376 4961 3500 5021 tibi,
3546 4960 3624 5013 sic

2043 5062 2094 5107 te
2122 5062 2305 5115 tracta,
2334 5052 2627 5121 requiesce,
2654 5050 2736 5105 his
2755 5051 2885 5104 cibis
2918 5060 3097 5114 utere;
3127 5065 3245 5102 nam
3276 5049 3318 5102 si
3345 5064 3449 5103 non
3482 5048 3621 5103 fece-

2044 5145 2137 5210 ris,
2182 5143 2462 5211 nigrotabis
2493 5158 2505 5193 :
2554 5152 2606 5194 ttt
2643 5151 2818 5195 autem
2852 5141 2893 5193 si
2924 5140 3109 5193 feceris
3137 5148 3189 5194 et
3219 5139 3393 5193 sztlvns
3435 5138 3621 5206 fueris,

2047 5244 2195 5291 recte
2223 5234 2356 5288 dicis
2386 5232 2613 5295 medico,
2641 5230 2899 5285 Liberasti
2929 5245 3012 5283 me
3042 5230 3107 5284 ab
3134 5230 3483 5299 aegritudine;
3521 5248 3624 5284 non

2048 5330 2098 5383 in
2130 5344 2230 5397 qua
2256 5327 2365 5397 jam
2398 5340 2535 5389 cras,
2567 5324 2659 5377 sed
2684 5324 2733 5377 in
2763 5338 2864 5391 qua
2892 5322 3097 5376 futurus
3122 5339 3261 5377 eras.
3292 5322 3481 5378 Nescio
3507 5324 3627 5393 quis

2050 5421 2249 5474 habens
2277 5432 2486 5472 causam
2528 5416 2826 5480 molestam,
2878 5415 3162 5469 mittendus
3208 5424 3325 5470 erat
3372 5416 3425 5469 in
3451 5430 3631 5469 carce-

2051 5527 2195 5573 rctn;
2229 5508 2373 5562 venit
2415 5507 2568 5570 alius,
2601 5505 2836 5560 defendit
2868 5521 2989 5560 eum
3024 5524 3037 5558 :
3081 5507 3277 5576 gratias
3317 5520 3477 5572 agens
3507 5506 3628 5572 quid

2050 5601 2219 5657 dicit?
2247 5599 2439 5654 Eruisti
2469 5597 2698 5651 animam
2729 5612 2899 5650 meant
2930 5598 2997 5651 de
3027 5612 3259 5650 carcere.
3288 5595 3629 5663 Suspendcn-

2098 5759 2135 5866 bl
2263 5753 2446 5818 aliquot
2467 5760 2573 5803 Mss.
2595 5759 2650 5803 At
2680 5752 2808 5813 Edd.,
2833 5750 2883 5802 in
2909 5751 3024 5801 facts
3049 5748 3333 5813 quibusdam
3350 5747 3629 5811 fuissetis”:

2130 5831 2153 5866 r
2203 5830 2315 5866 tum.

2060 5830 2315 5868 Aerarium.
