4132 6472
605 344 740 403 1095

602 459 700 514 dus
729 468 843 513 erat
865 456 1105 520 debitor;
1137 455 1366 508 solutum
1392 460 1473 507 est
1495 465 1590 522 pro
1616 464 1682 505 eo
1708 466 1720 503 :
1763 450 2019 504 liberatus
2047 447 2179 502 dici-

604 561 688 606 tur
715 551 782 605 de
802 546 1106 618 suspendio.
1147 546 1200 599 In
1233 545 1314 599 his
1338 543 1586 597 omnibus
1607 558 1710 596 non
1737 549 1922 606 erant;
1949 539 2044 596 sed
2063 539 2185 610 quia

603 642 796 697 talibus
839 639 1040 693 meritis
1085 636 1394 706 agebantur,
1442 642 1500 688 ut
1529 634 1627 687 nisi
1660 633 1976 688 subventum
2019 639 2183 699 esset,

605 734 674 787 ibi
706 740 920 794 essent;
964 728 1085 782 inde
1110 743 1167 782 se
1195 735 1339 782 recte
1367 725 1549 780 dicunt
1581 725 1816 790 liberari,
1861 738 1966 794 quo
1995 738 2090 794 per
2117 723 2184 778 li-

604 825 876 877 beratores
903 833 1027 874 suos
1050 833 1155 875 non
1179 826 1302 874 sunt
1327 817 1568 887 permissi
1603 815 1838 885 perduci.
1887 814 2048 883 Ergo,
2078 811 2178 866 fra-

607 925 733 978 tres,
789 913 900 966 sive
950 910 1097 976 illud,
1141 910 1251 964 sive
1281 909 1409 964 illud
1448 909 1552 973 sit;
1603 907 1688 961 hic
1728 921 1812 960 me
1837 913 2185 961 scrutatorem

609 1006 752 1060 verbi
782 1003 896 1070 Dei,
930 1019 1033 1057 non
1066 1002 1403 1057 temerarium
1430 999 1808 1054 afﬁrmatorem
1837 999 2077 1052 teneatis.
2124 993 2188 1048 Et

609 1095 783 1148 eruisti
809 1095 1028 1148 animant
1057 1109 1214 1145 meam
1240 1108 1303 1145 ex
1329 1093 1524 1160 inferno
1550 1088 1802 1161 inferiore.

680 1187 767 1242 19.
813 1185 961 1258 [vers.
994 1182 1104 1256 14.]
1134 1182 1288 1247 Deus,
1327 1189 1679 1251 prwtereuntes
1715 1178 1872 1248 legem
1899 1177 2188 1230 insurrexe-

606 1289 892 1346 rnntsnper
916 1293 1011 1329 me.
1057 1275 1203 1341 Quos
1239 1272 1368 1326 dicit
1407 1278 1788 1340 praetereuntes
1819 1267 2024 1338 legem?
2073 1266 2186 1320 Non

609 1369 870 1438 l'aganos,
893 1365 979 1433 qui
1002 1379 1106 1418 non
1132 1371 1453 1432 acceperunt
1477 1360 1666 1430 legem.
1694 1357 1860 1412 Nemo
1883 1357 2022 1412 enim
2056 1372 2188 1426 pra:-

611 1459 732 1513 terit
758 1455 898 1526 quod
930 1469 1033 1508 non
1073 1451 1276 1521 accepit
1307 1471 1321 1503 :
1351 1449 1481 1504 dicit
1507 1448 1789 1517 Apostolus
1817 1445 2054 1512 deﬁnite,
2092 1445 2190 1501 Ubi

609 1549 740 1602 enim
761 1547 842 1600 lea:
860 1562 959 1600 non
983 1554 1074 1609 est,
1097 1560 1186 1596 nec
1211 1540 1554 1611 pra'varicatio
1580 1539 1752 1611 (Rom.
1787 1555 1857 1604 tv,
1898 1539 2010 1606 15).
2043 1539 2188 1593 Prat-

611 1647 878 1692 tereuntes
929 1635 1122 1705 legem,
1182 1632 1612 1701 praevaricatores
1670 1628 1798 1698 legis
1841 1628 1988 1682 dicit.
2045 1627 2191 1697 Quos

609 1742 734 1798 ergo
777 1725 1137 1795 intelligimus,
1186 1722 1418 1777 fratres?
1461 1720 1516 1775 Si
1546 1721 1612 1774 al)
1643 1724 1756 1790 ipso
1785 1720 2006 1773 Domino
2046 1720 2188 1773 acci-

609 1824 816 1893 piamus
836 1821 971 1876 hanc
1001 1834 1205 1884 vocem,
1231 1825 1609 1887 praetereuntes
1638 1815 1804 1884 legem
1826 1813 1991 1868 Judaei
2015 1821 2186 1868 erant.

611 1912 999 1968 lnsurreaterunt
1026 1926 1178 1980 super
1216 1925 1292 1962 me
1319 1918 1669 1979 pra'tereuntes
1711 1909 1868 1976 legem
1900 1919 1920 1959 :
1949 1920 2050 1958 non
2077 1919 2188 1960 ser-

611 2013 869 2060 vaverunt
918 2004 1123 2073 legem,
1177 2008 1232 2056 et
1276 2007 1658 2054 accusaverunt
1701 1996 1992 2061 Christum,
2041 1995 2191 2065 quasi

612 2099 725 2169 ipse
755 2096 1049 2168 pra-teriret
1075 2095 1266 2164 legem.
1317 2091 1682 2146 Prwtereuntes
1717 2091 1872 2162 legem
1899 2090 2188 2142 insurrexe-

611 2203 728 2244 runt
757 2205 910 2260 super
935 2205 1032 2242 me.
1082 2187 1147 2240 Et
1176 2201 1360 2255 passus
1385 2194 1466 2238 est
1493 2183 1746 2238 Dominus
1775 2197 1892 2250 qua:
1925 2181 2187 2235 novimus.

616 2283 777 2337 Putas
798 2280 925 2334 nihil
955 2279 1057 2334 tale
1082 2279 1276 2347 patitur
1305 2275 1463 2330 modo
1488 2288 1681 2343 corpus
1706 2272 1858 2342 ejus?
1891 2271 2039 2326 Unde
2079 2271 2189 2325 ﬁeri

613 2371 818 2443 potest?
846 2370 907 2426 Si
927 2366 1340 2440 patremfamilias
1356 2363 1625 2418 Beelzebub
1647 2371 1974 2426 vocaverunt;
2004 2370 2191 2430 quanto

613 2464 774 2534 magis
800 2463 1092 2516 domesticos
1119 2462 1229 2531 ejus
1252 2459 1278 2512 .9
1304 2457 1424 2513 Non
1448 2465 1520 2511 est
1549 2454 1826 2524 discipulus
1849 2470 2002 2524 super
2031 2454 2193 2525 magi-

610 2561 787 2616 strum,
824 2567 912 2604 nec
937 2566 1104 2605 servus
1129 2564 1281 2616 super
1308 2547 1566 2600 dominum
1595 2561 1742 2600 suunt
1767 2542 1984 2614 (Matth.
2017 2560 2072 2610 x,
2100 2542 2188 2607 25.

609 2643 725 2713 24).
757 2642 956 2696 Patitur
983 2649 1034 2694 et
1059 2653 1254 2709 corpus
1282 2645 1661 2708 prsetereuntes
1691 2637 1901 2706 legem;
1931 2643 1984 2690 et
2013 2635 2188 2689 insur-

610 2748 739 2808 gunt
768 2753 926 2806 super
965 2749 1156 2803 corpus
1185 2731 1399 2788 Christi.
1451 2731 1841 2786 Prmtereuntcs
1886 2729 2058 2799 legem
2098 2729 2188 2799 qui

610 2828 770 2882 sunt?
818 2827 1078 2894 Numquid
1115 2825 1249 2879 forte
1275 2823 1444 2879 Judaei
1485 2821 1679 2876 audent
1720 2822 1993 2891 insurgere
2031 2835 2192 2890 super

610 2919 912 2976 Christum?
937 2917 1052 2972 Non
1083 2934 1096 2970 :
1124 2930 1244 2970 nam
1276 2929 1374 2970 nec
1397 2914 1493 2984 ipsi
1527 2912 1678 2967 nobis
1702 2912 1852 2966 valde
1874 2911 2073 2967 faciunt
2097 2913 2190 2967 tri-

611 3011 950 3066 bulationem.
992 3005 1234 3061 Nondum
1265 3005 1406 3060 enim
1436 3002 1795 3070 crediderunt,
1829 3001 2062 3056 tiondum
2103 3019 2188 3056 sa-

610 3101 773 3156 lutem
821 3105 1166 3170 agnoverunt.
1208 3096 1492 3165 insurgunt
1540 3107 1700 3163 super
1752 3108 1944 3163 corpus
1992 3092 2188 3150 Christi

610 3191 735 3246 mali
765 3188 1064 3253 Christiani,
1097 3187 1166 3242 de
1193 3186 1383 3258 quibus
1407 3183 1643 3258 quotidie
1673 3183 2065 3239 tribulationem
2094 3199 2188 3254 pa-

612 3282 738 3338 titur
759 3296 951 3349 corpus
978 3279 1196 3334 Christi.
1227 3277 1414 3332 Omnia
1440 3276 1745 3340 schismata,
1785 3289 1974 3331 omnes
2017 3274 2190 3331 hau-e-

609 3389 717 3438 ses,
753 3386 940 3426 omnes
989 3370 1129 3424 intus
1184 3370 1413 3440 pessime
1459 3369 1718 3434 viventes,
1768 3377 1823 3422 et
1860 3382 2034 3423 mores
2063 3382 2189 3422 suos

609 3465 748 3519 bene
772 3461 1066 3517 viventibus
1105 3461 1458 3530 imponentes,
1499 3467 1553 3514 et
1576 3459 1641 3513 ad
1671 3474 1765 3514 sua
1796 3458 2095 3526 trahentes,
2136 3469 2190 3514 et

615 3553 769 3609 malis
793 3551 1074 3622 colloquiis
1092 3550 1259 3606 bonos
1277 3565 1451 3605 mores
1465 3559 1866 3620 corrumpentes
1891 3550 1931 3620 (I
1949 3549 2067 3604 Cor.
2097 3567 2184 3618 xv,

613 3643 741 3714 35);
792 3642 888 3711 ipsi
913 3651 1264 3712 pratereuntes
1299 3641 1457 3712 legent
1498 3640 1872 3695 insurrexerunt
1909 3658 2060 3711 super
2089 3659 2185 3696 me.

611 3733 760 3788 Dicat
786 3734 958 3788 animis
981 3732 1156 3787 anima
1186 3733 1288 3802 pia,
1319 3731 1463 3786 dicat
1486 3733 1658 3787 omnis
1682 3733 1855 3786 anima
1877 3731 2184 3788 christiana.

610 3825 738 3890 Qua:
765 3823 866 3878 huc
895 3837 999 3878 non
1030 3823 1244 3894 patitur,
1287 3838 1390 3878 non
1427 3822 1588 3877 dicat.
1614 3823 1668 3879 Si
1696 3834 1871 3877 autem
1899 3823 2184 3880 christiana

607 3917 780 3972 anima
811 3927 911 3982 est,
945 3918 1093 3972 novit
1118 3916 1240 3986 quia
1279 3916 1416 3971 mala
1454 3916 1681 3985 patitur:
1711 3917 1752 3969 si
1783 3918 2020 3986 agnoscit
2049 3918 2098 3970 in
2131 3932 2188 3971 se

609 4011 906 4080 passionem
934 4024 1105 4076 suam,
1133 4019 1382 4079 agnoscat
1406 4007 1490 4063 hic
1518 4023 1699 4064 vocem
1730 4025 1877 4064 suam
1905 4026 1919 4074 ;
1945 4010 1987 4064 si
2010 4017 2184 4063 autem

609 4111 757 4155 extra
782 4101 1078 4170 passionem
1101 4110 1204 4164 est,
1233 4109 1445 4155 etextra
1470 4115 1648 4155 vocem
1672 4100 1772 4164 sit;
1802 4108 1857 4154 ut
1881 4111 2057 4155 autem
2080 4117 2184 4154 non

607 4193 678 4246 sit
726 4201 875 4246 extra
928 4191 1247 4261 passionem,
1295 4192 1526 4246 ambulet
1569 4207 1661 4260 per
1717 4193 1854 4245 viam
1906 4205 2182 4263 angustam

609 4283 820 4350 (Matth.
849 4298 940 4347 vn,
968 4281 1075 4350 14).
1104 4291 1156 4336 et
1187 4281 1399 4350 incipiat
1423 4281 1505 4348 pie
1537 4281 1713 4336 vivere
1741 4283 1790 4335 in
1823 4283 2056 4348 Christo,
2089 4298 2180 4336 ne-

606 4390 759 4428 cesse
780 4384 860 4428 est
881 4382 936 4427 ut
953 4373 1087 4426 hanc
1105 4373 1526 4442 persecutionem
1546 4373 1789 4441 patiatur.
1819 4371 2004 4426 Omnes
2019 4373 2182 4442 enim,

607 4467 778 4536 inquit
806 4465 1110 4536 Apostolus,
1132 4467 1216 4532 qui
1243 4466 1410 4518 volunt
1432 4466 1482 4517 in
1508 4463 1705 4519 Christo
1729 4466 1810 4534 pie
1829 4466 2003 4530 vivere,
2019 4482 2185 4534 perse-

605 4561 853 4615 cutionem
874 4559 1129 4628 patiuntur
1149 4557 1215 4630 (ll
1245 4557 1376 4610 Tim.
1406 4573 1480 4618 ιιι,
1511 4556 1622 4627 12).
1655 4556 1810 4621 Deus,
1834 4567 2184 4628 prmtereuntes

605 4652 761 4721 legem
792 4650 1165 4703 insurrexerunt
1191 4664 1340 4718 super
1376 4663 1493 4710 me;
1533 4657 1580 4700 et
1621 4664 1878 4718 synagoga
1913 4649 2183 4716 potentium

603 4740 936 4811 inquisierunt
960 4740 1182 4793 animum
1208 4755 1388 4793 meam.
1433 4737 1708 4810 Syuagoga
1735 4739 2024 4809 potentium
2056 4756 2184 4794 con-

603 4831 840 4902 gregatio
867 4840 948 4885 est
972 4831 1341 4900 superborum.
1390 4829 1665 4902 Synagqga
1688 4831 1976 4899 potentium
2008 4832 2180 4886 insur-

603 4924 741 4978 rexit
768 4939 929 4993 super
975 4932 1151 4992 caput,
1199 4922 1250 4977 id
1280 4932 1361 4976 est
1392 4921 1668 4976 Dominum
1717 4932 1953 4976 nostrum
1997 4921 2178 4978 Jesmn

601 5014 892 5082 Christum,
914 5015 1253 5070 clamantium
1277 5022 1330 5067 et
1349 5011 1630 5067 dicentium
1655 5027 1758 5067 uno
1773 5027 1886 5077 ore,
1910 5012 2178 5084 Cruci/ige,

601 5107 841 5176 cruci/ige
876 5105 1049 5174 (Joan.
1084 5121 1202 5171 xu,
1235 5103 1328 5176 6):
1377 5104 1444 5158 de
1463 5105 1652 5174 quibus
1680 5103 1875 5158 dictum
1902 5114 2003 5170 est,
2057 5105 2181 5160 Filii

602 5203 864 5256 hominum
889 5203 1057 5258 dentes
1077 5219 1246 5257 eorum
1271 5219 1412 5254 arma
1438 5210 1482 5254 et
1500 5201 1714 5270 sagittte,
1743 5211 1788 5254 et
1809 5201 1980 5270 lingua
2007 5216 2180 5254 eorum

599 5295 800 5368 gladius
837 5306 1012 5350 acutus
1038 5294 1208 5366 (Psal.
1245 5311 1348 5362 ut,
1381 5294 1456 5364 5).
1488 5294 1603 5348 Non
1647 5303 2038 5363 percusserunt,
2084 5292 2176 5347 sed

597 5392 962 5446 clamaverunt
993 5407 1006 5442 :
1065 5388 1343 5444 clamando
1371 5387 1643 5449 lerierunt,
1696 5383 1973 5438 clamando
2005 5385 2177 5440 cruci-

601 5485 849 5539 lixerunt.
866 5482 1121 5537 Voluntas
1143 5481 1482 5537 clamantium
1497 5478 1710 5549 impleta
1734 5487 1834 5538 est,
1848 5475 2059 5546 quando
2073 5476 2178 5530 Do-

596 5577 774 5632 minus
801 5576 1084 5631 cruciﬁxus
1109 5584 1228 5628 est:
1257 5573 1323 5626 Et
1360 5587 1614 5642 synagoga
1645 5571 1920 5638 potentium
1942 5568 2179 5637 inquisie-

596 5676 714 5720 runt
735 5667 954 5718 aninmm
971 5681 1150 5718 meam.
1180 5663 1244 5716 Et
1261 5678 1358 5714 non
1383 5669 1748 5730 proposuerunt
1767 5668 1811 5710 ti:
1831 5659 1882 5710 in
1907 5666 2172 5726 conspectu

591 5774 706 5814 suo.
753 5756 1030 5826 Quomodo
1055 5771 1158 5810 non
1190 5750 1616 5824 proposuerunt?
1655 5749 1769 5803 Non
1802 5749 2172 5803 intellexerunt

1841 337 1895 390 S.
1939 332 2301 389 AUGUSTINI
2343 333 2643 392 l-ZPISCOPI

3738 343 3858 402 1096

2297 446 2482 502 Deum.
2538 448 2748 505 Homini
2802 461 3125 520 parcerent:
3170 454 3235 509 ad
3275 453 3414 524 quod
3455 455 3760 521 videbant‘,
3799 461 3856 514 ad

2292 537 2395 593 hoc
2421 540 2771 596 ambularent.
2797 543 2926 598 Puta
2949 546 3068 614 quia
3092 546 3230 602 Deus
3247 562 3353 601 non
3378 557 3514 616 erat,
3547 549 3707 604 homo
3723 564 3852 606 erat:

2293 627 2414 683 ideo
2462 629 2782 688 occidendus
2835 635 2987 689 erat?
3049 637 3213 691 Parce
3259 637 3498 705 homini,
3546 647 3602 694 et
3648 654 3856 711 agnosce

2294 718 2482 775 Deum.

2360 811 2452 868 ΞΟ.
2493 809 2644 886 [νει-ε.
2689 814 2801 887 15.]
2841 814 2908 870 Et
2937 826 3027 884 tu,
3069 815 3289 873 Domine
3325 817 3496 886 Deus,
3538 821 3797 877 miseram
3821 836 3857 878 et

2293 903 2610 971 misericors,
2641 906 2941 978 longanimis
2965 917 3012 962 et
3046 910 3260 963 multum
3287 911 3598 976 misericors,
3630 923 3678 965 et
3703 930 3854 969 veras.

2291 992 2468 1061 Quare
2496 994 2801 1066 longanimis
2827 1007 2875 1051 et
2904 1000 3117 1053 multum
3145 1001 3425 1055 misericors
3445 1041 3460 1066 ,
3502 1011 3548 1055 et
3573 1003 3860 1061 miserator.’

2292 1083 2425 1150 Quia
2464 1084 2516 1138 in
2547 1100 2703 1140 cruce
2729 1087 2965 1157 pendens
2996 1088 3070 1142 ait
3100 1107 3114 1142 :
3157 1088 3333 1156 Pater,
3364 1090 3563 1160 ignosce
3594 1092 3728 1157 illis,
3755 1095 3858 1162 quia

2292 1177 2516 1230 nesciunt
2535 1177 2657 1246 quid
2683 1178 3048 1251 [αἰωρήμασι.
3072 1195 3218 1245 χχιιι,
3245 1181 3356 1249 51).
3385 1181 3552 1250 Quem
3581 1183 3748 1253 petit?
3768 1184 3859 1241 Pro

2291 1265 2482 1335 quibus
2511 1267 2680 1338 petit?
2705 1273 2822 1339 quis
2849 1270 3016 1339 petit?
3043 1271 3127 1324 ubi
3157 1271 3324 1340 petit?
3354 1271 3564 1327 Patrem
3595 1273 3752 1339 ﬁlius,
3774 1290 3858 1344 pro

2294 1355 2467 1424 impiis
2493 1357 2797 1421 cruciﬁxus,
2825 1359 2964 1414 inter
2991 1359 3132 1429 ipsas
3161 1360 3402 1430 injurias,
3433 1377 3538 1416 non
3565 1363 3856 1430 verborum,

2293 1446 2387 1501 sed
2417 1447 2601 1502 mortis
2629 1449 2808 1512 illata},
2842 1449 3078 1518 pendens
3106 1449 3156 1504 in
3185 1465 3378 1506 cruce:
3408 1458 3656 1522 tanquam
3681 1453 3744 1508 ad
3771 1453 3859 1510 hoc

2294 1551 2533 1598 extentas
2557 1557 2746 1597 manus
2772 1543 3030 1608 habuerit,
3058 1545 3214 1599 utsic
3242 1559 3337 1614 pro
3363 1544 3470 1600 illis
3491 1554 3687 1612 oraret,
3714 1555 3769 1600 ut
3790 1547 3858 1602 di-

2293 1634 2554 1704 rigeretur
2587 1636 2756 1690 oratio
2782 1636 2899 1705 ejus
2929 1647 3176 1707 tanquam
3208 1637 3476 1692 incensum
3507 1637 3558 1692 in
3588 1651 3856 1708 conspectu

2295 1727 2488 1792 Patris,
2516 1736 2570 1783 et
2598 1727 2824 1782 elevatio
2851 1743 3102 1781 manuum
3129 1729 3245 1798 ejus
3268 1729 3587 1785 sacriﬁcium
3616 1734 3855 1801 vesperti-

2295 1835 2420 1873 nmn
2456 1819 2624 1891 (Psal.
2652 1835 2773 1888 cn,
2800 1819 2880 1890 2).
2909 1820 3255 1892 Longauimis,
3278 1831 3322 1877 et
3342 1825 3554 1877 multum
3575 1825 3853 1892 misericors,

2294 1921 2340 1964 ει
2365 1926 2534 1966 verax.

2362 1998 2454 2054 2|.
2497 1998 2648 2072 [vers.
2680 1999 2794 2074 16.]
2831 1999 2887 2057 Si
2917 2016 3043 2074 ergo
3085 2011 3140 2056 tn
3166 2017 3350 2068 verax,
3381 2004 3574 2075 respice
3601 2005 3653 2059 in
3684 2021 3792 2072 me,
3820 2017 3857 2060 et

2294 2093 2526 2146 miserere
2553 2093 2684 2158 mei;
2713 2093 2780 2146 da
2807 2103 3098 2163 potestatem
3124 2110 3278 2165 puero
3303 2104 3410 2148 tuo.
3439 2095 3572 2162 Quia
3600 2113 3749 2151 verax
3766 2139 3778 2160 ,
3801 2098 3856 2150 da

2296 2194 2586 2254 potestatem
2613 2201 2767 2255 puero
2794 2195 2898 2240 tuo.
2935 2185 3191 2240 Transeat
3220 2194 3426 2256 tempus
3450 2186 3746 2256 patientiae,
3776 2203 3856 2242 ve-

2296 2275 2406 2330 niat
2441 2285 2652 2346 tempus
2682 2276 2890 2346 judicii.
2939 2276 3252 2344 Quomodo,
3295 2277 3362 2331 da
3389 2287 3685 2349 potestatem
3722 2295 3855 2350 puero

2296 2369 2421 2421 tuo?
2450 2367 2608 2422 Pater
2646 2384 2746 2422 non
2764 2369 2966 2438 judico!
2989 2385 3320 2440 quemquam;
3346 2369 3435 2424 sed
3459 2386 3609 2424 onme
3625 2371 3855 2441 judicium

2295 2459 2432 2513 dedit
2465 2458 2598 2514 Filio
2625 2458 2800 2530 (Joan.
2831 2476 2884 2525 v,
2911 2459 3028 2532 22).
3060 2459 3152 2515 llle
3181 2475 3482 2532 resurgens,
3522 2471 3578 2518 et
3606 2463 3656 2516 in
3685 2471 3854 2517 terram

2294 2550 2409 2619 ipsc
2438 2551 2611 2605 veniet
2631 2551 2995 2621 judicaturus;
3039 2551 3152 2620 ipse
3177 2551 3443 2607 videbitur
3471 2553 3724 2609 terribilis
3741 2595 3755 2618 ,
3782 2553 3854 2624 qui

2295 2641 2438 2696 visus
2457 2651 2540 2697 est
2562 2642 2996 2713 contemptibilis.
3026 2642 3418 2698 Demonstrabit
3444 2644 3752 2712 potentiam,
3779 2645 3852 2716 qui

2294 2731 2680 2787 demonstravit
2704 2733 3011 2802 patientiam
3042 2750 3056 2786 :
3094 2732 3149 2787 in
3175 2746 3334 2789 cruce
3364 2731 3616 2802 patientia
3644 2742 3784 2799 erat;
3811 2732 3854 2788 in

2290 2821 2490 2890 judicio
2516 2824 2748 2893 potentia
2773 2823 2894 2878 erit.
2921 2821 3212 2892 Apparebit
3233 2821 3374 2877 enim
3407 2821 3571 2877 homo
3593 2823 3852 2893 judicans.

2293 2911 2386 2967 sed
2417 2913 2468 2967 in
2504 2913 2741 2968 claritate
2769 2931 2782 2967 :
2823 2912 2946 2983 quia
2973 2913 3100 2967 sicut
3125 2929 3241 2967 eum
3269 2912 3460 2970 vidistis
3488 2913 3560 2967 ire
3579 2952 3598 2981 ,
3629 2914 3853 2970 dixerunt

2293 3003 2514 3074 Angeli,
2544 3004 2618 3058 sic
2641 3006 2797 3058 veniet
2827 3004 2959 3074 (Act.
2989 3020 3036 3070 ι,
3082 3005 3141 3060 11
3166 3005 3206 3076 ).
3236 3003 3426 3059 Forma
3457 3005 3569 3074 ipsa
3601 3006 3770 3062 veniet
3798 3003 3852 3057 ad

2288 3096 2579 3166 judicium;
2607 3096 2726 3151 ideo
2759 3095 3010 3152 videbunt
3030 3096 3174 3151 illum
3199 3105 3252 3150 et
3279 3096 3425 3165 impii
3454 3113 3468 3150 :
3498 3111 3623 3150 nam
3653 3096 3853 3152 formam

2293 3187 2388 3244 Dei
2418 3201 2522 3243 non
2563 3187 2835 3242 videbunt.
2876 3186 3020 3242 Beati
3055 3187 3196 3244 enim
3226 3187 3404 3241 mundi
3427 3188 3613 3254 corde,
3640 3186 3853 3259 quoniam

2291 3278 2390 3347 ipsi
2417 3275 2583 3331 Deum
2611 3277 2845 3331 videbunt
2878 3277 3088 3349 (Matth.
3118 3293 3169 3343 ν,
3199 3277 3276 3348 8).
3309 3276 3589 3348 Apparens
3619 3279 3669 3332 in
3699 3275 3852 3331 homi-

2291 3369 2374 3423 nis
2400 3369 2591 3436 l'orma,
2624 3369 2796 3434 dicet,
2827 3368 2907 3424 Ite
2933 3370 2983 3424 in
3013 3371 3178 3441 ignem
3206 3380 3483 3434 internum;
3513 3378 3570 3423 ut
3597 3369 3846 3440 impleatu.

2291 3461 2430 3530 quod
2461 3461 2594 3516 dixit
2622 3459 2812 3530 Isaias,
2849 3459 3081 3515 Tollatur
3107 3461 3291 3531 impius
3311 3502 3325 3526 ,
3359 3470 3412 3513 ut
3441 3476 3539 3513 non
3569 3460 3731 3513 videat
3756 3459 3848 3513 cla-

2292 3553 2489 3606 ritatem
2516 3552 2719 3606 Domini
2755 3551 2918 3625 (Isai.
2952 3567 3072 3606 κιιί
3092 3593 3108 3618 ,
3142 3552 3237 3614 10,
3263 3567 3364 3604 sec.
3396 3549 3533 3605 LXX
3555 3550 3600 3621 ).
3631 3551 3850 3604 Tollatnr

2293 3653 2350 3699 ut
2391 3659 2495 3698 non
2534 3643 2710 3698 videat
2752 3646 2972 3699 formam
3021 3643 3133 3698 Dei.
3179 3641 3424 3697 Formam
3465 3657 3594 3713 ergo
3622 3641 3851 3696 videbunt

2293 3733 2546 3790 hominis.
2597 3734 2696 3804 Qui
2738 3751 2852 3788 cum
2895 3736 2946 3788 in
2993 3738 3159 3805 forma
3207 3732 3299 3786 Dei
3339 3743 3463 3788 esset
3506 3733 3715 3803 wqualis
3762 3729 3850 3784 Deo

2296 3826 2550 3898 (Philipp.
2589 3843 2657 3892 lt,
2701 3827 2768 3896 6)
2808 3845 2821 3880 :
2864 3827 2965 3881 hoc
2995 3841 3098 3881 non
3127 3826 3380 3881 videbunt
3416 3825 3580 3896 impii.
3628 3825 3693 3880 lu
3731 3824 3852 3895 prin-

2292 3921 2421 3991 cipio
2450 3931 2556 3974 erat
2591 3919 2827 3986 Verbum,
2851 3931 2897 3974 et
2929 3918 3140 3973 Verbum
3167 3929 3274 3974 erat
3294 3919 3431 3990 apud
3452 3917 3634 3983 Deum,
3666 3929 3709 3972 et
3732 3915 3849 3969 Deus

2291 4024 2395 4066 erat
2435 4011 2645 4068 Verbum
2682 4011 2872 4086 (Joan.
2916 4029 2965 4076 ι,
2999 4012 3064 4083 1)
3107 4031 3118 4064 :
3153 4011 3252 4066 hoc
3282 4027 3387 4066 non
3418 4011 3675 4066 videbunt
3703 4008 3847 4078 impii.

2289 4103 2345 4159 Si
2371 4105 2513 4159 enim
2545 4105 2680 4160 Deus
2710 4105 2958 4172 Verbum,
2990 4115 3040 4158 et
3074 4106 3204 4158 beati
3233 4105 3406 4158 mundi
3434 4105 3604 4166 corde,
3636 4103 3850 4174 quoniam

2290 4197 2385 4266 ipsi
2407 4195 2571 4250 Deunt
2591 4197 2822 4250 videbunt
2842 4213 2860 4260 ;
2882 4195 3026 4265 impii
3047 4205 3221 4250 autem
3248 4195 3501 4249 immundi
3524 4207 3646 4249 sunt
3669 4193 3846 4250 corde:

2291 4289 2473 4360 procul
2503 4288 2663 4344 dubio
2696 4290 2860 4344 Deum
2905 4307 3007 4343 non
3039 4288 3312 4344 videbunt.
3353 4289 3418 4343 Et
3447 4290 3531 4344 ubi
3563 4299 3676 4353 est,
3716 4286 3849 4341 Vide--

2289 4381 2408 4436 bunt
2432 4382 2484 4434 in
2511 4395 2657 4450 quem
2685 4389 2997 4451 pupugerunt
3025 4379 3144 4451 (Id.
3178 4395 3263 4433 tux
3281 4420 3295 4445 ,
3329 4380 3432 4450 37)
3462 4397 3474 4433 :
3503 4379 3604 4434 nisi
3629 4379 3743 4449 quia
3767 4392 3848 4446 ap-

2289 4481 2439 4542 paret
2484 4471 2706 4527 l'ormam
2758 4472 2989 4527 hominis
3035 4486 3128 4527 eos
3164 4471 3403 4537 visuros,
3447 4472 3846 4542 utjudicenlur;

2289 4563 2512 4618 formam
2560 4564 2648 4618 Dei
2685 4580 2788 4618 non
2817 4565 3057 4626 visuros,
3105 4563 3205 4616 nisi
3245 4577 3338 4617 eos
3368 4563 3454 4632 qui
3484 4562 3548 4615 ad
3597 4564 3847 4616 dexteram

2288 4657 2708 4726 separabuntur?
2734 4656 2938 4710 Etenim
2964 4669 3082 4709 cum
3110 4655 3337 4724 separati
3369 4653 3562 4708 fuerint
3587 4655 3651 4708 ad
3681 4653 3844 4707 dexte-

2291 4764 2435 4812 ram,
2469 4747 2569 4801 hoc
2598 4747 2677 4801 eis
2717 4746 2923 4801 dicetur
2964 4765 2976 4798 :
3025 4744 3226 4808 Venite,
3255 4745 3498 4799 benedicti
3535 4744 3702 4799 Patris
3731 4743 3844 4802 mei;

2289 4841 2526 4909 percipite
2570 4855 2814 4907 regnum,
2857 4839 2991 4908 quod
3029 4838 3162 4891 vobis
3203 4846 3434 4906 paratum
3476 4846 3544 4891 est
3578 4837 3641 4889 ab
3677 4835 3847 4903 origine

2287 4933 2482 4984 mundi.
2523 4929 2702 5001 lmpiis
2729 4943 2856 4984 vero
2891 4928 2955 4982 ad
2997 4929 3264 4983 sinistram
3305 4928 3430 4998 quid
3448 4929 3470 4980 ’ἶ
3513 4926 3594 4982 Ite
3623 4928 3671 4980 in
3701 4932 3846 4996 ignem

2285 5034 2524 5078 veternum
2547 5065 2561 5087 ,
2593 5039 2736 5094 queat
2767 5022 2962 5089 pararit
3006 5019 3159 5074 Pater
3195 5037 3330 5072 meus
3367 5020 3564 5073 diabolo
3602 5028 3647 5072 et
3674 5014 3846 5085 angelis
3908 5078 3922 5099 ο

2285 5117 2414 5186 ejus.
2460 5115 2635 5169 Finito
2665 5123 2840 5166 autem
2876 5112 3110 5181 judicio,
3139 5110 3405 5182 quomodo
3444 5108 3736 5165 conclusit?
3770 5106 3843 5160 Sic

2284 5213 2422 5267 ibunt
2451 5213 2589 5281 impii
2616 5212 2665 5264 in
2692 5210 3050 5263 a-mbustionem
3076 5216 3312 5262 wtcrnam
3332 5223 3350 5271 ;
3368 5205 3500 5274 justi
3525 5215 3686 5257 autent
3712 5203 3756 5254 in
3784 5199 3844 5251 t-i-

2350 5385 2526 5452 *__Edd.,
2541 5390 2604 5452 ut
2625 5382 2806 5432 homini
2819 5385 3095 5452 parcerent,
3118 5385 3170 5452 ut
3193 5377 3340 5452 quod,
3365 5385 3459 5452 etc.
3489 5382 3543 5452 Al.
3565 5375 3840 5452 pleriqueIet

2283 5431 2676 5498 meliores,
2692 5431 2881 5493 Ηοηιῖηἱ
2914 5431 3166 5504 parcerent
3198 5431 3297 5490 ind
3321 5431 3466 5500 quod,
3493 5431 3586 5504 etc.
3611 5431 3765 5485 Modus
3782 5431 3842 5504 ιυς

2283 5509 2465 5573 quendi
2501 5506 2877 5573 estaugustino
2914 5498 3158 5573 l'amiliaris
3197 5509 3249 5552 et
3279 5498 3839 5573 .pertitlt'amiccquenggﬂ'

2286 5558 2434 5620 hosce
2457 5558 2714 5630 populares
2730 5573 3004 5630 1‘racta_tus;_
3027 5563 3116 5630 sed
3148 5566 3194 5612 in
3221 5558 3352 5630 prius
3371 5558 3514 5630 editis
3533 5558 3662 5606 libris
3683 5558 3839 5630 passim

2281 5623 2495 5682 vitiatus.
2516 5623 2591 5677 Sic
2612 5626 2749 5685 inira,
2770 5641 2819 5674 n.
2846 5627 2924 5682 23,
2961 5623 3044 5675 ubi
3084 5630 3190 5674 Mss.
3222 5623 3406 5674 habent
3432 5635 3444 5668 :
3470 5629 3592 5685 Tunc
3624 5623 3841 5685 relinque:

2283 5680 2380 5749 res,
2404 5699 2520 5749 etc,
2541 5689 2655 5738 add.
2681 5680 2940 5738 ferebant:
2964 5696 3086 5735 Tune
3109 5685 3398 5748 relinqueres
3419 5680 3654 5740 umbraut,
3671 5684 3716 5730 ut
3730 5682 3838 5729 εεκε

2285 5727 2335 5805 iii
2361 5727 2481 5813 iure,
2504 5727 2598 5801 ’etc.
