4132 6448
336 297 473 358 1097

328 426 432 469 tam
461 422 699 469 aeternam
728 410 939 489 (Matth.
967 426 1091 479 xxv,
1123 412 1211 479 '54,
1240 412 1329 480 ll,
1358 411 1471 487 46).
1499 414 1616 469 .lam
1651 429 1681 469 a
1705 415 1908 469 visione

326 511 515 567 forma:
556 508 781 565 hominis
822 517 1049 581 pergunt
1081 508 1151 563 illi
1185 507 1253 564 ad
1288 507 1549 564 visionem
1581 508 1763 564 forma:
1794 509 1908 564 Dei.

326 604 454 660 Hec
499 615 573 661 est
616 606 767 672 enim,
817 604 1007 676 inquit,
1051 606 1153 659 vita
1190 614 1397 672 (eterna,
1442 613 1495 658 ut
1536 614 1838 676 cognoscant
1867 614 1915 661 te

323 713 483 753 unum
520 713 688 753 verum
734 696 917 764 Deum,
968 706 1015 751 et
1060 714 1204 769 quem
1235 699 1411 752 misisti
1453 696 1631 753 Iesum
1661 699 1912 754 Christum

321 790 521 862 (Joan.
569 807 705 859 xvu,
748 792 816 864 5)
861 810 875 846 :
922 792 1193 861 subaudis,
1244 792 1311 847 Et
1338 793 1507 862 ipsum
1535 808 1695 847 unum
1723 809 1909 849 verum

319 882 529 948 Deum;
562 884 680 955 quia
708 885 865 940 Pater
888 892 943 941 et
969 885 1137 941 Filius
1165 902 1298 941 unus
1327 902 1482 942 verus
1515 887 1652 943 Deus
1684 905 1696 941 :
1727 896 1784 943 ut
1812 888 1911 945 iste

319 978 385 1032 sit
426 992 649 1047 sensus,
695 987 749 1034 te
791 987 846 1035 et
872 994 1029 1049 quem
1072 980 1261 1035 misisti
1300 979 1482 1036 Jesum
1514 978 1785 1037 Christum
1814 996 1909 1037 co-

319 1079 581 1141 gnoscant
610 1086 771 1125 unum
799 1086 983 1127 verum
1013 1072 1198 1127 Deum.
1230 1070 1345 1127 Non
1376 1073 1518 1129 enim
1556 1073 1628 1128 illi
1668 1073 1818 1129 ibunt
1842 1073 1909 1130 ad

318 1164 579 1219 visionem
604 1163 796 1233 Patris,
826 1174 881 1220 et
904 1180 1007 1220 non
1038 1165 1108 1220 ibi
1134 1164 1384 1221 videbunt
1403 1175 1457 1221 et
1477 1165 1692 1221 Filium.
1717 1166 1772 1222 Si
1800 1181 1907 1222 non

317 1264 461 1312 esset
488 1263 547 1311 et
576 1254 739 1311 Filius
767 1256 819 1311 in
851 1255 1023 1312 Patris
1053 1258 1135 1312 sui
1162 1258 1365 1314 visione
1385 1300 1400 1324 ,
1432 1273 1538 1313 non
1565 1258 1766 1314 diceret
1794 1259 1907 1328 ipse

318 1347 485 1405 Filius
515 1348 793 1421 discipulis
817 1350 926 1405 suis
946 1350 1067 1421 quia
1091 1349 1255 1406 Filius
1281 1352 1333 1406 in
1360 1351 1515 1407 Patre
1542 1360 1642 1418 est,
1672 1360 1727 1407 et
1752 1351 1907 1406 Pater

318 1446 371 1501 in
399 1444 559 1501 Filio.
596 1446 786 1501 Dicunt
815 1446 888 1500 illi
920 1446 1163 1517 discipuli
1192 1462 1205 1499 :
1242 1445 1459 1500 Ostende
1488 1445 1629 1501 nobis
1664 1446 1900 1517 Patrem,

318 1547 363 1593 et
406 1538 590 1609 sufﬁcit
638 1540 799 1594 nobis.
853 1538 938 1592 Ait
976 1539 1079 1593 illis
1121 1556 1139 1592 :
1185 1538 1346 1595 Tanto
1390 1549 1613 1610 tempore
1654 1541 1903 1597 vobiscum

317 1645 442 1692 sum,
471 1639 520 1684 et
546 1647 649 1683 non
679 1646 758 1684 me
783 1630 983 1685 nostis?
1014 1628 1274 1701 Philippe,
1301 1632 1385 1701 qui
1414 1648 1492 1686 me
1514 1631 1672 1699 vidit,
1705 1632 1829 1687 vidit
1858 1642 1904 1689 et

320 1720 542 1777 Patrem.
575 1721 781 1777 Videtis
818 1723 938 1792 quia
968 1723 1022 1778 in
1061 1723 1264 1778 visione
1300 1724 1500 1791 Patris,
1533 1734 1585 1780 et
1615 1725 1733 1781 Filii
1771 1727 1903 1783 visio

317 1824 426 1877 est;
458 1824 514 1869 et
542 1815 594 1869 in
623 1816 829 1870 visione
856 1813 1009 1880 Filii,
1048 1825 1100 1871 et
1126 1815 1298 1871 Patris
1324 1818 1458 1872 visio
1484 1827 1600 1874 est.‘
1622 1819 1742 1875 Ideo
1767 1836 1900 1876 con-

315 1917 601 1977 sequenter
626 1908 874 1979 subjecit,
908 1916 961 1965 et
985 1908 1095 1964 ait:
1127 1907 1346 1964 Nescitis
1361 1912 1491 1980 quia
1514 1929 1603 1984 ego
1628 1914 1681 1966 in
1708 1913 1897 1983 Patre,

316 2010 359 2056 et
387 2000 541 2055 Pater
568 2002 625 2056 in
656 2003 775 2056 me?
802 2003 852 2057 id
878 2012 978 2069 est,
1001 2012 1054 2058 et
1081 2019 1165 2059 me
1192 2005 1305 2059 viso
1333 2005 1541 2060 videtur
1567 2016 1619 2062 et
1643 2007 1817 2075 Pater,
1846 2019 1900 2065 et

317 2095 467 2152 Patre
509 2097 629 2152 viso
668 2097 878 2153 videtur
906 2107 958 2153 et
982 2097 1169 2153 Filius.
1205 2097 1379 2154 Patris
1417 2108 1470 2155 et
1505 2100 1621 2155 Filii
1662 2102 1900 2172 separari

314 2203 413 2243 non
439 2196 623 2259 potest
665 2189 799 2245 visio
835 2208 848 2245 :
880 2190 967 2245 ubi
1000 2205 1103 2244 non
1131 2200 1410 2261 separatur
1440 2196 1626 2247 natura
1670 2202 1725 2249 et
1769 2195 1899 2250 sub-

316 2282 500 2336 stantia
522 2323 537 2347 ,
589 2283 728 2337 visio
757 2282 993 2352 separari
1024 2298 1127 2338 non
1157 2292 1349 2355 potest.
1380 2284 1511 2341 Nam
1558 2296 1614 2341 ut
1644 2288 1898 2345 noveritis

314 2375 433 2430 illuc
473 2374 679 2431 debere
721 2376 1003 2446 prmparari
1035 2390 1129 2432 cor
1166 2376 1232 2431 ad
1260 2376 1541 2433 videndam
1570 2378 1897 2436 divinitatem

316 2467 480 2523 Patris
504 2477 561 2525 et
592 2467 714 2523 Filii
741 2478 793 2524 et
818 2466 1045 2539 Spiritus
1074 2470 1278 2535 sancti,
1321 2470 1374 2526 in
1404 2487 1560 2542 quam
1594 2488 1697 2527 non
1730 2474 1897 2528 visam

314 2560 599 2626 credimus,
636 2570 690 2615 et
721 2559 1007 2626 credendo,
1038 2577 1132 2616 cor
1158 2562 1299 2616 unde
1327 2562 1496 2619 videri
1527 2566 1697 2635 possit
1738 2582 1897 2622 mun-

315 2652 528 2721 damus;
565 2655 681 2724 ipse
711 2654 962 2709 Dominus
985 2655 1092 2710 alio
1119 2655 1238 2711 loco
1264 2655 1391 2712 dicit
1422 2675 1434 2711 :
1468 2657 1566 2723 Qui
1588 2659 1733 2712 habet
1755 2676 1897 2715 man-

315 2744 424 2797 data
449 2762 561 2799 mea
590 2754 636 2799 et
661 2757 824 2801 servat
848 2763 907 2802 ea
926 2789 939 2813 ,
967 2747 1054 2802 ille
1078 2756 1148 2801 est
1173 2750 1259 2819 qui
1284 2748 1450 2821 diligit
1477 2767 1556 2805 me
1578 2767 1595 2805 :
1620 2752 1706 2817 qui
1732 2762 1897 2808 autent

316 2838 467 2910 diligit
496 2855 608 2905 mc,
643 2839 881 2910 diligetur
902 2856 933 2893 a
964 2837 1120 2895 Patre
1147 2857 1287 2907 meo;
1316 2851 1362 2895 et
1386 2859 1475 2912 ego
1501 2844 1710 2915 diligam
1741 2862 1853 2899 eum
1878 2889 1892 2914 ,

316 2941 359 2984 et
385 2934 716 3003 manifestabo
742 2933 789 2986 ei
816 2934 1060 3003 nteipsum
1091 2932 1213 3006 (Id.
1248 2950 1356 3000 xw,
1381 2935 1413 2991 8
1433 2978 1447 2999 ,
1490 2936 1522 2992 9
1541 2980 1556 3004 ,
1610 2938 1675 2993 10
1694 2980 1708 3005 ,
1763 2938 1825 2993 2i
1852 2938 1893 3009 ).

316 3021 573 3093 Numquid
608 3040 715 3079 non
744 3040 864 3079 eum
898 3025 1143 3081 videbant
1173 3041 1292 3080 cum
1320 3027 1512 3097 quibus
1544 3028 1896 3098 loquebatur?

317 3112 380 3169 Et
405 3116 683 3182 videbant,
712 3126 766 3173 et
792 3132 895 3172 non
922 3117 1171 3173 videbant
1211 3135 1224 3172 :
1253 3118 1447 3189 aliquid
1488 3120 1767 3190 videbant,
1796 3122 1895 3178 ali-

317 3207 431 3276 quid
456 3207 783 3275 credebant;
811 3209 1058 3264 videbant
1082 3208 1371 3274 hominem,
1395 3210 1683 3266 credebant
1707 3213 1892 3269 Deum.

318 3297 371 3352 ln
400 3298 604 3370 judicio
633 3309 811 3355 autem
842 3299 1085 3355 eumdem
1128 3300 1409 3357 Dominum
1446 3312 1683 3358 nostrum
1714 3304 1895 3361 Jesum

318 3391 567 3447 videbunt
607 3391 873 3447 hominem
904 3408 1022 3448 cum
1056 3392 1265 3463 impiis;
1309 3402 1430 3463 post
1453 3394 1709 3465 judicium
1745 3396 1897 3453 vide-

317 3482 437 3539 bunt
465 3484 638 3540 Deum
669 3492 859 3553 przeter
884 3484 1093 3555 impios.
1117 3482 1200 3537 Da
1224 3492 1512 3554 potestatem
1542 3502 1695 3555 puero
1720 3496 1824 3541 tuo.

382 3577 466 3633 22.
506 3575 582 3633 Et
606 3578 801 3633 salvum
821 3581 905 3649 fac
930 3577 1091 3647 ﬁlium
1116 3577 1315 3631 ancilla:
1340 3586 1455 3632 tute.
1482 3578 1735 3633 Dominus
1761 3578 1900 3636 ﬁlius

321 3669 534 3725 ancillm.
569 3667 734 3739 Cujus
762 3668 1007 3724 ancillae?
1046 3666 1142 3724 Cui
1185 3669 1484 3725 nasciturus
1508 3670 1721 3741 quando
1761 3688 1900 3727 nun-

323 3762 469 3818 tiatus
493 3772 601 3830 est,
634 3761 909 3832 respondit
935 3768 991 3816 et
1019 3764 1091 3815 ait
1124 3779 1137 3817 :
1165 3758 1298 3816 Ecce
1325 3761 1513 3817 ancilla
1542 3761 1782 3829 Domini;
1812 3765 1901 3833 ﬁat

323 3855 437 3909 mihi
474 3855 753 3912 secundant
778 3854 977 3910 verbum
1001 3862 1142 3908 luunt
1182 3856 1200 3885 ‘
1237 3852 1409 3927 (Luc.
1443 3872 1492 3923 ι,
1524 3855 1656 3929 58).
1684 3856 1899 3913 Salvum

324 3947 439 4005 fecit
477 3950 674 4007 Filium
702 3949 905 4004 ancillae
935 3964 1066 4015 sure,
1111 3957 1167 4005 et
1213 3946 1403 4003 Filium
1449 3964 1602 4003 suum
1645 3967 1659 4003 :
1709 3948 1899 4005 Filium

323 4054 505 4110 suum,
551 4041 604 4097 in
636 4039 803 4096 forma
836 4040 959 4106 Dei;
992 4038 1182 4095 Filium
1223 4039 1431 4094 ancillae
1459 4052 1600 4105 sua),
1636 4040 1687 4094 in
1730 4039 1901 4096 forma

324 4136 474 4191 servi.
504 4135 583 4190 De
602 4134 790 4189 ancilla
814 4134 905 4189 Dei
934 4142 1087 4187 natus
1114 4141 1197 4187 est
1221 4146 1350 4203 ergo
1376 4131 1630 4186 Dominus
1655 4131 1706 4187 in
1732 4131 1900 4187 forma

325 4229 486 4295 servi;
518 4238 574 4283 et
599 4226 750 4291 dixit,
781 4226 991 4282 Salvum
1021 4226 1103 4295 fac
1129 4223 1294 4295 ﬁlium
1320 4224 1521 4278 ancilla:
1544 4231 1661 4278 tutu.
1692 4222 1759 4278 Et
1793 4222 1901 4279 sal-

324 4336 467 4381 vatus
490 4334 574 4382 est
602 4341 632 4380 a
662 4334 853 4387 morte,
886 4323 1021 4378 sicut
1050 4322 1247 4388 nostis,
1277 4322 1590 4377 resuscitala
1617 4335 1777 4376 carne
1805 4334 1901 4375 sua

326 4433 435 4489 qua:
473 4429 683 4473 mortua
718 4424 849 4471 erat.
892 4414 998 4471 Sed
1028 4423 1086 4469 ut
1126 4412 1348 4469 videatis
1375 4412 1495 4484 quia
1528 4413 1665 4467 Deus
1703 4421 1820 4479 est,
1849 4420 1903 4469 et

327 4524 424 4565 non
450 4526 479 4565 a
511 4510 666 4566 Patre
696 4510 772 4564 sic
800 4516 884 4565 est
911 4507 1193 4563 suscitatus
1214 4548 1229 4574 ,
1262 4514 1319 4560 ut
1347 4521 1377 4560 a
1407 4520 1465 4561 se
1490 4521 1597 4561 non
1625 4506 1694 4560 sit
1730 4506 1901 4561 susci-

330 4608 496 4669 tatus;
528 4603 649 4673 quia
683 4610 737 4656 et
765 4602 877 4670 ipse
902 4599 1173 4654 suscitavit
1207 4614 1421 4654 carnem
1450 4613 1622 4666 suam,
1657 4598 1819 4653 habes
1850 4599 1902 4655 in

330 4690 607 4761 Evangelio
651 4692 869 4759 dictum,
914 4690 1167 4745 Destruite
1208 4689 1448 4762 templum
1492 4692 1607 4758 hoc,
1649 4700 1694 4745 et
1738 4690 1903 4745 triduo

328 4787 572 4840 suscitabo
614 4785 743 4840 illud
785 4801 803 4838 :
848 4799 913 4839 ne
956 4792 1131 4840 autem
1175 4798 1272 4838 nos
1317 4782 1455 4837 aliud
1488 4783 1900 4852 suSpicaremur,

331 4875 659 4950 Evangelista
689 4885 902 4933 sccntus
930 4876 1036 4941 ait,
1072 4873 1182 4929 Hoc
1208 4884 1373 4928 autem
1398 4872 1590 4928 dicebat
1629 4872 1693 4926 de
1719 4874 1904 4943 templo

331 4974 542 5041 corporis
570 4974 648 5025 sui
679 4970 858 5044 (Joan.
887 4986 944 5035 tt,
976 4969 1062 5032 l9,
1091 4968 1154 5023 21
1184 4968 1229 5040 ).
1259 4967 1448 5023 Salvus
1473 4984 1600 5039 ergo
1628 4966 1796 5023 factus
1825 4976 1907 5023 est

335 5063 490 5121 Filius
509 5065 733 5121 ancilla'.
759 5064 905 5119 Dicit
926 5072 979 5119 et
999 5062 1359 5133 unusquisque
1379 5060 1697 5116 christianos
1717 5061 1767 5114 in
1789 5075 1908 5116 cor-

334 5172 453 5227 pore
489 5158 687 5213 Christi
730 5157 967 5229 positus,
1017 5154 1228 5210 Salvum
1264 5157 1345 5225 fac
1372 5153 1532 5223 ﬁlium
1560 5152 1761 5207 ancilla:
1785 5162 1907 5208 tute.

336 5248 484 5307 Forte
528 5266 631 5307 non
682 5259 859 5322 potest
884 5249 1100 5316 dicere,
1148 5246 1230 5302 Da
1260 5255 1552 5317 potestatem
1596 5262 1752 5317 puero
1782 5256 1907 5313 tuo;

338 5345 445 5413 quia
473 5345 559 5401 ille
586 5344 754 5401 Filius
777 5343 981 5416 accepit
1008 5349 1345 5415 potestatem.
1373 5339 1478 5397 Sed
1504 5356 1667 5412 quare
1695 5357 1800 5396 non
1828 5339 1909 5396 di-

338 5436 478 5492 citet
508 5438 645 5495 hoc?
673 5441 860 5493 Annon
888 5435 1056 5492 servis
1086 5422 1285 5490 dictum
1326 5444 1408 5490 est
1428 5476 1443 5501 ,
1488 5432 1735 5489 Sedebitis
1760 5451 1910 5507 super

340 5527 585 5585 duodecim
604 5529 746 5586 sedes
754 5529 1043 5597 judicantes
1060 5526 1322 5582 duodecim
1343 5526 1496 5579 tribus
1512 5524 1679 5580 Israel
1694 5526 1906 5598 (Matth.

340 5638 443 5691 χιχ,
468 5626 582 5696 28)?
607 5634 660 5680 et
684 5624 825 5679 servi
850 5623 1034 5677 dicunt
1061 5640 1074 5676 :
1109 5619 1327 5674 Nescitis
1346 5621 1463 5692 quia
1484 5620 1688 5690 angelos
1703 5620 1911 5690 judica-

342 5714 488 5773 bimus
530 5720 592 5790 (ι
624 5718 741 5774 Cor.
783 5734 865 5783 vt,
897 5716 1011 5788 5)?
1052 5714 1259 5785 Accipit
1300 5730 1426 5786 ergo
1466 5723 1520 5770 et
1548 5716 1909 5788 unusquisque

400 5833 417 5869 ⁸
437 5839 525 5886 Uss
545 5872 561 5897 ,
578 5831 663 5899 ﬁat
680 5832 797 5885 mihi
816 5834 939 5886 sicut
961 5834 1044 5885 vis.

567 5921 790 5987 Sacr.
835 5923 1113 5984 Aususr.
1148 5921 1257 5986 IV.

1405 295 1801 356 ENARRATIO
1840 297 1908 355 IN
1946 296 2264 361 PSALMUM
2302 303 2564 367 LXXXV.

3484 325 3619 385 £098

2026 428 2329 474 sanctorum
2359 430 2704 491 potestatem,
2738 434 2790 481 et
2815 435 2898 485 est
2919 432 3281 505 unusquisque
3305 447 3613 497 sanctorum

2021 506 2161 602 filius
2195 512 2408 602 ancilla:
2444 514 2579 585 ejus.
2617 517 2753 585 Quid
2794 520 2836 575 si
2866 520 2933 577 de
2977 538 3177 596 pagana
3220 537 3374 586 natus
3415 540 3530 602 est,
3561 542 3617 590 et

2020 598 2343 659 christianus
2373 604 2543 662 lactus
2572 611 2695 665 est?
2727 612 2863 667 illius
2890 629 3108 685 pagana:
3137 621 3406 689 quomodo
3438 598 3614 691 potest

2020 704 2139 747 esse
2185 692 2321 750 lilius
2365 698 2571 753 ancilla:
2612 701 2813 771 ipsius?
2854 704 2952 760 Est
2987 708 3199 777 quidem
3230 728 3446 784 pagana;
3476 718 3613 773 illius

2020 787 2322 856 carnaliter,
2354 792 2446 845 sed
2477 792 2612 850 [ilius
2645 795 2895 854 Ecclesia:
2921 801 3284 871 spiritualiter.
3319 807 3387 863 Et
3417 811 3609 866 salvum

2020 878 2103 947 fac
2131 878 2295 947 filium
2324 883 2525 939 ancillte
2552 894 2671 941 tute.

2087 969 2177 1025 25.
2220 970 2379 1044 [vers.
2423 977 2545 1051 47.]
2586 978 2696 1035 Fac
2733 1000 2923 1040 mecum
2952 973 3153 1059 signum
3180 992 3231 1047 in
3261 993 3411 1051 bona.
3458 997 3609 1066 Quod

2017 1069 2247 1133 signum,
2273 1069 2371 1123 nisi
2401 1074 2843 1132 resurrectionis?
2871 1079 3122 1138 Dominus
3144 1084 3307 1140 dicit:
3339 1086 3609 1146 Generatio

2017 1155 2124 1211 htec
2142 1175 2296 1228 prava
2318 1172 2363 1216 et
2379 1167 2663 1222 amaricans
2678 1170 2879 1241 signum
2898 1175 3101 1241 qucerit;
3119 1185 3162 1230 et
3183 1178 3381 1249 signum
3399 1198 3496 1237 non
3516 1185 3610 1237 da-

2014 1247 2145 1345 bitur
2160 1249 2224 1317 ei,
2241 1252 2337 1307 nisi
2351 1255 2551 1326 signum
2562 1258 2593 1311 .l
2602 1276 2713 1314 ana:
2730 1265 3006 1332 prophetaz.
3024 1264 3171 1321 Sicut
3189 1247 3319 1323 enim
3332 1269 3493 1327 Jonas
3510 1276 3608 1345 fuit

2012 1338 2065 1392 in
2083 1352 2249 1397 ventre
2262 1346 2355 1398 ceti
2373 1348 2531 1403 tribus
2544 1350 2718 1406 diebus
2734 1362 2778 1407 et
2793 1354 2951 1409 tribus
2966 1358 3289 1422 noctibus,sic
3304 1363 3394 1415 erit
3406 1373 3453 1418 et
3470 1338 3610 1433 ﬁlius

2013 1430 2227 1487 hominis
2256 1436 2307 1491 in
2335 1441 2487 1495 corde
2516 1450 2661 1498 teme
2689 1444 2897 1515 (Matth.
2916 1448 3095 1512 x1t,59
3114 1460 3161 1505 et
3182 1452 3290 1523 40).
3315 1430 3605 1525 Ergovcum

2011 1526 2183 1595 capite
2208 1541 2392 1585 nostro
2407 1532 2514 1600 jam
2543 1533 2738 1591 factum
2768 1546 2849 1593 est
2874 1539 3080 1611 signum
3109 1543 3159 1597 in
3183 1543 3324 1600 bono
3349 1565 3361 1599 :
3389 1548 3529 1603 dicat
3553 1559 3607 1605 et

2011 1622 2373 1692 unusquisque
2392 1636 2650 1694 nostrum,
2673 1628 2782 1684 Fac
2807 1648 2998 1686 mecum
3020 1635 3219 1706 signum
3235 1637 3286 1690 in
3304 1639 3431 1693 bono
3448 1660 3465 1704 ;
3481 1642 3604 1712 quia

2011 1710 2062 1764 in
2082 1713 2365 1768 novissima
2386 1716 2532 1785 tuba,
2558 1718 2608 1773 in
2628 1719 2856 1776 adventu
2880 1724 3109 1791 Domini,
3130 1737 3182 1781 et
3203 1731 3394 1783 mortui
3417 1710 3602 1786 res—ur-

2008 1813 2133 1873 gent
2164 1806 2473 1880 incorrupti,
2506 1822 2559 1868 et
2589 1828 2685 1869 nos
2723 1814 3127 1874 immutabitnur
3161 1819 3202 1890 (1
3231 1820 3348 1877 Cor.
3374 1840 3459 1882 xv.
3485 1825 3601 1896 59.).

2007 1898 2122 1953 Erit
2156 1900 2255 1957 hoc
2280 1904 2487 1974 signum
2520 1907 2571 1961 in
2595 1908 2756 1964 bono.
2791 1909 2901 1965 Fac
2929 1928 3121 1967 naccam
3146 1916 3347 1987 signum
3375 1918 3428 1972 in
3450 1920 3599 1990 bono,

2007 1999 2063 2043 ut
2091 1992 2290 2048 videant
2316 1996 2403 2065 qui
2429 2014 2507 2052 me
2532 1999 2765 2067 oderunt,
2796 2012 2842 2055 et
2872 2006 3274 2075 confundantur.
3319 2008 3376 2063 In
3400 2009 3601 2077 judicio

2006 2082 2399 2141 confundentur
2428 2090 2744 2158 perniciose,
2774 2093 2864 2163 qui
2894 2094 2911 2161 ε
2952 2096 3111 2150 modo
3136 2098 3322 2154 nolunt
3347 2100 3601 2157 confundi

2006 2175 2307 2233 salubriter.
2360 2179 2516 2236 Modo
2556 2197 2685 2254 ergo
2722 2184 3153 2255 confundantur;
3211 2203 3460 2247 accusent
3488 2194 3602 2250 vias

2005 2281 2128 2323 suas
2155 2270 2341 2338 malas,
2364 2282 2578 2329 teneant
2606 2277 2743 2331 viam
2761 2277 2954 2333 bonam
2983 2298 2995 2332 :
3028 2282 3147 2351 quia
3176 2298 3333 2338 nemo
3356 2294 3599 2343 nostrum

2006 2359 2133 2415 vivit
2161 2364 2275 2419 sine
2295 2365 2627 2433 confusione,
2662 2370 2763 2425 nisi
2788 2372 2808 2402 ¹
2844 2372 2989 2440 prius
3011 2374 3267 2431 confusus
3293 2379 3596 2436 reviviscat.

2004 2450 2215 2510 Praebet
2243 2456 2346 2511 illis
2374 2457 2516 2514 Deus
2545 2460 2706 2515 modo
2737 2460 2936 2517 aditum
2983 2465 3212 2521 salubris
3252 2470 3598 2541 cantusionis,

2004 2543 2049 2597 si
2080 2559 2184 2600 non
2216 2557 2559 2605 contemnant
2588 2551 2905 2608 medicinam
2935 2554 3287 2613 confessionis
3316 2561 3397 2615 :si
3419 2571 3597 2619 autem

2008 2636 2169 2691 modo
2213 2640 2401 2696 nolunt
2442 2641 2715 2709 confundi,
2769 2654 2891 2701 tunc
2929 2647 3341 2719 c0nfundcntur,
3386 2654 3598 2723 quando

2002 2726 2267 2784 deducent
2301 2745 2395 2785 eos
2436 2747 2501 2787 ex
2528 2733 2754 2789 adverso
2780 2735 3087 2807 iniquitates
3115 2754 3298 2795 eorum
3333 2741 3484 2813 (Sap.
3521 2760 3594 2814 tv,

2002 2818 2116 2888 ΞΟ).
2150 2821 2428 2889 Quomodo
2456 2824 2887 2882 confundentur?
2913 2828 3135 2895 Quando
3159 2830 3358 2899 dicent,
3388 2832 3459 2888 Hi
3482 2844 3599 2891 sunt

2002 2930 2125 2986 quos
2150 2915 2425 2986 aliquando
2454 2916 2718 2972 habuimus
2749 2919 2800 2973 in
2846 2920 3004 2973 risum
3039 2930 3084 2975 et
3120 2922 3173 2975 in
3216 2924 3599 2981 similitudinem

2002 3010 2314 3080 improperii.
2342 3009 2453 3065 Nos
2481 3012 2724 3066 insensati
2744 3014 2893 3066 vitam
2918 3031 3090 3069 eorum
3118 3018 3492 3075 (estimabamus
3519 3023 3599 3076 in-

2003 3102 2198 3156 saniam
2226 3119 2245 3155 :
2272 3103 2523 3173 quomodo
2550 3106 2825 3175 computati
2850 3117 2967 3159 sunt
2989 3107 3119 3161 inter
3139 3108 3273 3177 ﬁlios
3289 3108 3386 3165 Dei
3406 3112 3432 3166 l’
3460 3112 3598 3181 Quid

2002 3193 2145 3249 nobis
2170 3196 2360 3264 profuit
2382 3196 2658 3265 superbia?
2692 3195 2849 3251 Tunc
2875 3196 3052 3251 dicent
3082 3216 3094 3251 :
3128 3200 3288 3254 modo
3313 3202 3513 3271 dicant,
3541 3215 3598 3260 et

2003 3286 2285 3340 salubriter
2314 3285 2515 3341 dicunt.
2561 3286 2916 3342 Convertatur
2954 3290 3094 3344 enim
3137 3294 3499 3364 unusquisque
3524 3294 3595 3352 ad

2003 3376 2170 3432 Deum
2208 3376 2441 3441 humilis,
2475 3386 2529 3433 et
2558 3378 2717 3433 modo
2751 3378 2915 3447 dicat,
2955 3381 3089 3449 Quid
3118 3382 3247 3437 mihi
3275 3385 3471 3454 profuit
3501 3403 3596 3443 su-

2004 3469 2227 3538 perbia?
2255 3479 2309 3524 et
2345 3469 2526 3525 audiat
2573 3470 2640 3525 ab
2666 3472 2942 3540 Apostolo,
2992 3473 3157 3540 Quam
3200 3477 3334 3530 enim
3380 3479 3597 3549 gloriam

2005 3559 2248 3613 habuistis
2287 3560 2339 3613 in
2380 3560 2487 3628 his,
2527 3560 2580 3614 in
2606 3561 2785 3631 quibus
2820 3580 2954 3617 nunc
2980 3564 3269 3621 erubescitis
3308 3568 3482 3641 (Rom.
3516 3587 3589 3637 γι,

2003 3650 2134 3721 21)?
2175 3650 2377 3707 Videtis
2406 3667 2525 3709 esse
2559 3663 2613 3709 et
2658 3656 2817 3710 modo
2841 3656 3205 3715 confusionem
3244 3662 3510 3719 salubrem
3538 3664 3596 3721 in

2007 3743 2127 3798 loco
2160 3746 2526 3815 paenitentiae;
2580 3755 2705 3803 tunc
2749 3758 2925 3804 autem
2966 3765 3158 3817 seram,
3200 3752 3458 3821 inutilem,
3508 3759 3595 3813 in-

2006 3836 2354 3893 fructmisatn.
2388 3839 2525 3903 Quid
2559 3839 2699 3895 nobis
2730 3843 2918 3911 profuit
2937 3845 3173 3912 superbia
3197 3846 3222 3899 Ρ
3249 3858 3336 3899 aut
3366 3848 3489 3917 quid
3516 3850 3598 3904 di-

2006 3933 2241 3987 vitiarum
2277 3934 2530 4005 jactantia
2569 3934 2777 3987 contulit
2815 3934 3002 3988 nobis?
3052 3934 3379 3992 Transierunt
3423 3943 3595 3997 omnia

2006 4032 2245 4094 tanquam
2264 4023 2439 4077 umbra
2461 4024 2615 4097 (Sap.
2643 4025 2697 4091 5,
2724 4024 2868 4093 5-9).
2896 4024 3031 4092 Quid
3055 4027 3238 4082 enim?
3263 4030 3475 4099 quando
3506 4032 3595 4090 hic

2008 4115 2240 4183 vivebas,
2270 4130 2378 4169 non
2404 4114 2623 4170 videbas
2652 4116 2771 4185 quia
2801 4117 3130 4172 transiebant
3154 4120 3253 4173 ista
3272 4122 3448 4177 omnia
3478 4132 3597 4180 tan-

2007 4226 2163 4281 quam
2186 4209 2417 4265 umbra?
2446 4209 2595 4265 Tunc
2620 4210 2953 4282 relinqueres
2983 4212 3244 4281 umbram,
3285 4225 3338 4271 et
3364 4232 3511 4271 esses
3540 4220 3592 4274 in

2007 4305 2162 4371 luce;
2208 4321 2311 4359 non
2352 4316 2533 4374 postea
2592 4305 2818 4373 diceres,
2875 4305 3208 4363 Transierunt
3251 4314 3420 4365 omnia
3460 4314 3596 4370 velut

2007 4398 2204 4465 umbra,
2253 4397 2463 4469 quando
2489 4397 2556 4451 ab
2588 4398 2771 4452 umbra
2812 4398 2861 4452 in
2905 4400 3151 4457 tenebras
3181 4402 3350 4461 iturus
3373 4421 3451 4460 es.
3485 4406 3597 4462 Fac

2008 4506 2203 4544 mecum
2226 4492 2424 4559 signum
2454 4490 2504 4543 in
2545 4489 2695 4559 bono,
2738 4498 2790 4544 ut
2817 4491 3017 4547 videant
3039 4493 3126 4564 qui
3161 4511 3241 4550 me
3265 4498 3499 4567 oderunt,
3546 4508 3596 4556 et

2008 4579 2401 4651 confundantur.

2078 4673 2168 4728 2i.
2204 4675 2454 4739 Quoniam
2483 4681 2552 4741 tu,
2583 4674 2802 4731 Domine
2821 4719 2835 4743 ,
2867 4678 3109 4750 adjuvisti
3150 4698 3228 4735 me
3249 4722 3265 4749 ,
3292 4692 3338 4737 et
3359 4686 3591 4740 consola-

2011 4775 2090 4821 tus
2114 4783 2166 4821 es
2203 4783 2300 4821 me.
2339 4767 2593 4838 Adjuvisti
2617 4786 2696 4823 me
2720 4810 2735 4837 ,
2783 4771 2833 4825 in
2873 4775 3197 4843 certamine;
3229 4785 3277 4829 et
3306 4779 3595 4835 consolatus

2010 4873 2062 4910 es
2090 4873 2187 4923 me,
2218 4858 2269 4911 in
2303 4858 2531 4913 tristitia.
2562 4859 2728 4915 Nemo
2752 4862 2894 4917 enim
2924 4866 3345 4922 consolationem
3376 4871 3586 4939 qtnrrit,

2012 4950 2112 5003 nisi
2136 4948 2330 5018 quiest
2355 4950 2407 5004 in
2437 4950 2675 5006 miseria.
2720 4952 2833 5006 Non
2888 4956 3044 5009 vultis
3084 4957 3395 5011 consolari?
3428 4960 3597 5018 Dicite

2012 5044 2134 5112 quia
2187 5041 2372 5097 felices
2416 5043 2562 5099 estis.
2616 5044 2685 5100 Et
2722 5045 2955 5112 auditis,
2999 5046 3233 5118 Populus
3280 5066 3419 5107 meus
3466 5053 3598 5125 (jam

2012 5132 2349 5200 respoudetis
2374 5175 2391 5201 ,
2417 5143 2468 5190 et
2513 5134 2668 5189 audio
2696 5151 2935 5193 murmur
2961 5137 3096 5193 bene
3125 5141 3414 5197 tenentium
3447 5145 3594 5201 Scric

2014 5236 2215 5299 pturas.
2268 5228 2407 5281 Deus
2454 5227 2542 5295 qui
2584 5227 2684 5282 hoc
2728 5230 2943 5298 scripsit
2986 5230 3043 5285 in
3087 5232 3336 5289 cordibus
3382 5239 3598 5303 vestris,

2014 5320 2295 5376 conﬁrmet
2324 5318 2376 5373 in
2408 5318 2561 5375 factis
2585 5321 2799 5377 vestris.
2833 5322 3061 5393 Videtis,
3097 5326 3323 5393 fratres,
3352 5330 3473 5398 quia
3504 5332 3599 5400 qui

2013 5414 2164 5469 vobis
2193 5412 2414 5475 dicunt.
2448 5412 2653 5468 Felices
2698 5416 2854 5481 estis,
2882 5418 3142 5472 seducunt
3184 5420 3329 5485 vos),
3369 5418 3600 5491 Populus

2014 5522 2175 5567 meus,
2200 5504 2287 5575 qui
2313 5520 2396 5558 vos
2417 5505 2586 5575 felices
2615 5506 2821 5578 dicunt,
2845 5510 2898 5564 in
2931 5527 3150 5566 errorem
3173 5528 3257 5566 vos
3286 5512 3519 5580 mittunt,
3553 5523 3602 5568 et

2016 5599 2219 5652 turbant
2261 5598 2462 5653 semitas
2497 5601 2679 5671 pedum
2706 5611 2979 5657 vestrorum
3007 5600 3055 5674 (Ι
3064 5604 3162 5658 sai.
3189 5618 3262 5670 tu,
3291 5602 3397 5676 12).
3427 5602 3515 5661 Sic
3545 5614 3605 5663 et

2080 5774 2099 5809 ί
2126 5782 2247 5838 vox,
2270 5773 2369 5838 qui,
2391 5777 2531 5828 abest
2552 5789 2580 5829 a
2604 5782 2711 5831 Mss.

2080 5839 2103 5871 ²
2124 5837 2313 5904 Aliquot
2335 5846 2462 5904 Mss,
2480 5840 2601 5893 sine.

2756 5924 3266 6019 (Trente--ct'nq.)
