2066 3231
271 209 307 236 de
321 207 441 243 Epistola
461 206 555 235 Jacobi
564 206 699 242 apostoli:
715 205 804 233 Miseri
822 209 914 240 estote,
929 206 1025 240 inqult,
1040 209 1063 232 et

269 255 375 291 lugete;
387 254 454 283 riuis
464 258 542 282 mter
549 255 579 281 in
588 253 683 281 luctum
692 256 850 280 convertatur
860 252 963 289 (Jacobi
973 260 1008 285 tv,
1023 251 1062 288 9).

271 302 374 331 Videtis
397 309 457 338 qua
470 301 600 330 audistis:
617 299 724 336 quando
738 300 814 328 nobis
836 300 894 328 haec
912 299 1066 328 dicerentur

271 350 299 378 in
309 350 418 386 regione
432 348 583 377 securitatis
590 347 604 375 ἲ
613 346 711 383 Utique
723 349 799 383 regio
812 346 863 375 ista
876 346 1064 374 scandalorum

271 400 315 425 est
325 417 332 429 ,
345 400 374 424 et
387 396 561 424 tentationum
575 414 583 427 ,
595 398 625 421 et
637 393 756 421 omnium
770 393 900 421 malorum
912 414 920 427 ,
934 396 964 420 ut
975 399 1067 428 gema-

271 450 332 470 mus
347 442 407 476 hic,
420 446 447 469 et
464 448 615 469 mereamur
627 439 744 476 gaudere
758 440 813 473 ibi;
830 439 874 467 hic
887 439 1006 467 tribulari
1016 460 1023 472 ,
1040 443 1068 467 et

272 488 406 516 consolari
431 487 488 521 ibi,
503 491 532 515 et
550 487 640 515 dicere
659 496 666 514 :
694 486 821 520 Quoniam
844 486 958 514 exemisti
979 486 1067 513 oculos

271 541 340 560 meos
354 541 370 559 a
385 532 515 569 lacrytm's,
532 533 607 568 pedes
629 540 697 559 meos
720 536 736 559 α
757 531 843 559 fabius
854 532 881 565 ¹;
895 531 998 567 placebo
1009 531 1067 559 Do-

272 579 342 606 mino
354 579 381 606 in
394 579 497 615 regione
509 579 622 606 vivorum
635 577 721 614 (Ρκί.
734 585 813 611 cxtv,
828 577 855 609 8,
871 577 910 614 9).
927 578 979 605 Ista
992 577 1066 613 regio

270 630 439 653 mortuorum
452 630 503 653 est.
516 624 623 652 Transit
635 624 708 659 regio
720 629 896 655 mortuomm,
910 623 982 651 venit
992 624 1066 659 regio

271 672 404 699 vivorum.
420 670 449 698 In
463 671 571 706 regione
584 675 750 697 mortuorum
763 669 850 703 labor,
867 669 957 703 dolor,
974 670 1064 703 timor,

384 717 554 753 meum,
572 716 686 750 gemitus
697 736 705 749 ,
722 715 865 750 suspirium
880 724 887 742 :
903 715 947 743 hic
958 714 1014 742 falsi
1026 714 1066 742 fe-

468 759 571 797 Eiues;
588 763 647 797 quia
664 762 729 790 falsa
742 762 867 795 felicitas,
879 769 942 789 vera
959 762 1065 790 miseria

449 797 657 881 θὸίειξᾷξὴιοςῡίι
676 808 703 835 in
716 815 780 835 vera
803 814 863 835 esse
875 807 982 835 miseria
994 829 1002 841 ,
1016 807 1067 835 erit

449 837 523 881 ᾖ
535 849 624 881 ῒρἱελίθ
641 864 647 881 ;
664 858 691 881 et
708 858 799 881 tamen
819 861 890 881 nunc
908 854 970 881 auia
985 853 1067 881 miser

513 849 624 896 elft'ﬁtatc
641 864 647 882 :
664 858 691 882 el
708 858 799 882 tamen
819 861 890 882 nunc
908 854 970 889 quia
985 853 1067 881 miser

272 722 462 768 mw

893 146 923 175 S.
943 144 1129 175 AUGUS‘I‘INI
1142 145 1293 178 EPISCOPl

1842 157 1912 189 “00

1118 207 1286 235 necessitatis
1296 212 1324 236 et
1336 207 1527 237 misericordiae
1537 216 1594 238 non
1607 209 1697 239 erunt.
1713 212 1781 248 Quid
1793 213 1831 243 ibi
1845 217 1912 244 criti

1117 252 1189 287 quod
1204 253 1339 289 negotium
1352 259 1473 283 nostrum
1482 256 1495 282 τ
1507 263 1569 292 quae
1579 258 1648 286 actio
1660 260 1771 287 nostra?
1785 261 1826 289 An
1839 262 1912 291 nulla

1118 298 1198 333 actio,
1213 300 1275 335 quia
1288 300 1553 336 quieSYSedebimus
1566 310 1641 339 ergo,
1656 308 1684 332 et
1696 306 1873 343 torpebimus,
1887 314 1913 338 et

1119 342 1187 372 nihil
1200 346 1330 381 agemus?
1344 346 1373 375 Si
1386 347 1542 384 refrigescet
1553 356 1630 378 amor
1640 356 1742 386 noster,
1756 342 1912 390 refrigescet

1120 390 1192 437 actio
1207 396 1311 420 nostra.
1326 393 1410 422 Amor
1420 401 1485 430 ergo
1499 395 1605 430 quietus
1620 396 1647 424 in
1665 398 1741 426 vultu
1753 398 1819 434 Dei,
1834 407 1911 437 quem

1119 436 1200 464 modo
1214 437 1408 472 desideramus,
1422 440 1465 467 cui
1476 441 1653 476 suspiramus,
1665 449 1728 471 cum
1743 443 1775 472 ad
1790 452 1853 473 eum
1866 453 1911 475 ve-

1119 483 1248 518 nerimus,
1261 485 1397 520 quomodo
1414 493 1464 514 nos
1484 487 1632 516 accendet?
1646 488 1674 516 in
1696 497 1776 526 quem
1793 492 1910 521 nondum

1118 530 1206 558 visunt
1219 531 1259 559 sic
1272 532 1450 567 suspiramus,
1461 541 1522 561 cum
1536 534 1568 562 ad
1581 542 1642 563 eum
1658 537 1812 566 venerimus
1822 559 1830 573 ,
1844 546 1910 575 quo-

1118 577 1204 605 modo
1225 578 1404 606 illuminabit?
1424 580 1558 614 quomodo
1577 588 1626 609 nos
1651 582 1784 611 mutabit?
1796 585 1861 620 quid
1880 587 1912 615 de

1119 627 1197 655 nobis
1212 627 1309 656 faciet?
1331 629 1400 663 Quid
1420 638 1485 666 ergo
1510 639 1635 667 agemus,
1657 633 1774 663 fratres?
1791 635 1912 664 Psalmus

1119 673 1196 701 nobis
1210 673 1284 702 dicat
1300 684 1306 702 :
1327 675 1401 703 Beati
1419 678 1462 712 qui
1478 677 1592 707 habitant
1605 680 1632 707 in
1653 681 1728 709 domo
1749 687 1801 710 tua.
1817 683 1912 712 Unde?

1165 721 1258 768 secuta
1274 723 1425 751 saeculorum
1444 724 1582 753 laudabunt
1595 731 1619 754 te
1630 726 1716 763 (Psat.
1733 737 1840 758 Lxxxnt
1850 751 1858 764 ,
1873 730 1910 768 5).

1120 764 1183 793 Haec
1204 766 1254 794 erit
1267 768 1338 795 actio
1359 774 1465 803 nostra,
1478 771 1537 799 laus
1553 772 1608 800 Dei.
1634 773 1715 802 Amas
1728 776 1790 809 *,et
1812 764 1910 805 laudas.

1120 811 1232 840 Desines
1245 813 1355 842 laudare
1367 835 1374 846 .
1389 816 1412 843 si
1425 816 1533 845 desines
1547 825 1648 847 amare.
1666 820 1722 848 Non
1738 826 1828 849 autem
1841 822 1909 851 desi-

1119 864 1168 886 nes
1191 864 1300 893 amare,
1314 861 1376 895 quia
1395 861 1456 889 talis
1470 867 1511 890 est
1530 871 1609 899 quem
1629 865 1723 900 vides,
1738 868 1783 902 qui
1804 868 1876 896 nullo
1888 873 1911 897 te

197 882 207 920 Ι

194 920 217 1033 ἦ

1119 903 1236 932 oii‘endat
1248 904 1354 933 fastidio
1366 915 1372 933 :
1387 911 1415 935 et
1427 909 1506 936 satiat
1518 913 1555 943 te,
1569 915 1596 937 et
1607 918 1660 938 non
1674 916 1701 940 te
1711 913 1802 941 satiat.
1818 914 1910 944 Mirum

1120 955 1161 978 est
1173 950 1244 986 quod
1256 951 1327 979 dico.
1343 952 1372 980 Si
1386 952 1471 981 dicam
1483 955 1544 990 quia
1559 956 1637 983 satiat
1650 961 1687 991 te,
1698 958 1780 987 timeo
1794 966 1829 988 ne
1839 961 1910 996 quasi

1120 996 1231 1025 satiatus
1244 997 1311 1025 velis
1327 998 1489 1034 abscedam;
1504 1002 1640 1037 quomodo
1654 1003 1687 1031 de
1700 1005 1815 1039 prandio
1827 1027 1834 1039 ,
1849 1013 1911 1042 quo-

207 887 212 912 κ
224 887 272 917 φ
332 887 360 902 ον
395 904 400 909 .
538 887 567 907 .ι
611 894 621 903 η
777 901 782 906 .
918 887 925 889 -

207 914 211 942 ί
219 887 419 975 LL,efQomm
443 887 697 975 invaudldjpentcm,
710 900 782 928 Beat:
797 900 913 936 lugentes
920 899 1027 936 (Matth.
1039 908 1065 933 v,

207 946 289 975 l>ti
308 970 313 975 .
329 911 530 975 (ιςᾶαῖέθιιαρη
557 949 588 975 s!
609 934 678 975 nihil
695 953 748 974 tam
763 947 934 975 coniunctum
950 946 1065 974 miseria:

329 931 588 1002 υθῇαίέθῖίςρηὶεδῖ
609 934 678 1002 ψει
690 931 748 974 tam
763 931 934 981 coniunctum
950 931 1066 974 miseriae

218 993 281 1033 ξφ
293 993 633 1069 [immotus
645 997 779 1022 remotum
791 996 820 1021 et
837 993 999 1021 contrarium
1014 993 1066 1020 mi-

218 1005 348 1069 V-édl'li,
371 1039 455 1069 tam
507 1041 589 1068 atitud
620 1050 626 1067 :
642 1046 669 1068 tu
687 1040 754 1068 dicis
774 1040 947 1069 huentes.et
960 1043 987 1067 tu
1001 1039 1066 1067 dicis

260 1059 600 1107 "’“”“W"'““y

292 1084 382 1117 eattS!
403 1089 411 1116 Ι
598 1097 618 1114 ιιι

260 1059 614 1176 W

598 1089 673 1123 nquit
684 1109 692 1121 ,
707 1087 778 1124 quod
803 1087 863 1115 dico
879 1096 885 1114 :
902 1087 995 1115 beatos
1007 1086 1067 1114 dico

507 1124 606 1163 eam
620 1135 647 1163 In
662 1143 719 1171 spe.
728 1135 817 1170 Quare
832 1133 1010 1170 lugentesﬂn
1024 1140 1065 1162 re.

270 1183 375 1210 Etenim
390 1183 481 1217 lugent
496 1182 521 1209 in
534 1187 621 1209 morte
636 1182 696 1215 ista,
712 1181 738 1209 in
756 1181 970 1209 tribulationibus
982 1180 1040 1208 istis
1056 1200 1064 1214 ,

269 1228 298 1256 in
313 1228 525 1263 peregrinatione
543 1235 609 1260 sua;
624 1232 652 1255 et
665 1227 726 1263 quia
750 1231 898 1263 agnoscunt
917 1234 946 1255 se
962 1234 1022 1254 esse
1038 1227 1065 1254 in

268 1274 321 1302 ista
336 1274 459 1307 miseria,
473 1278 501 1302 et
513 1278 641 1309 gemunt,
657 1273 727 1301 beati
740 1278 812 1301 sunt.
827 1273 914 1308 Quare
932 1273 1023 1308 lugent
1035 1272 1066 1300 ’?

268 1319 446 1348 Contristatus
460 1324 501 1347 est
511 1319 604 1347 beatus
618 1319 769 1355 Cyprianus
783 1320 811 1347 in
826 1319 969 1354 passione;
985 1319 1065 1347 modo

267 1367 421 1394 consolatus
428 1371 469 1394 est
483 1367 509 1393 in
517 1374 627 1394 corona.
640 1365 718 1393 Modo
728 1370 754 1393 et
762 1366 915 1394 consolatus
925 1365 1011 1394 adhuc
1022 1365 1065 1393 tri-

267 1414 316 1441 stis
329 1418 379 1441 est.
391 1413 519 1441 Dominus
531 1413 603 1440 enim
612 1417 702 1440 noster
713 1411 791 1440 Jesus
800 1413 923 1441 Christus
933 1411 1020 1440 adhuc
1028 1412 1064 1440 in-

266 1459 390 1494 terpellat
400 1466 447 1494 pro
457 1459 534 1487 nobis
545 1458 633 1496 (Rom.
642 1466 697 1492 vin,
707 1459 755 1494 54)
764 1468 771 1485 :
781 1466 875 1487 omnes
880 1458 1009 1495 Martyres
1017 1459 1063 1495 qui

264 1513 326 1533 cum
343 1506 388 1533 illo
399 1510 479 1540 sunt,
492 1505 723 1541 interpellantpro
735 1505 822 1532 nobis.
842 1505 901 1532 Non
923 1509 1063 1533 transeunt

264 1551 493 1586 interpellationes
515 1551 646 1586 ipsorum,
656 1551 706 1579 nisi
721 1558 781 1578 cum
796 1551 932 1579 transierit
946 1551 1061 1586 gemitus

264 1602 357 1625 noster
371 1606 377 1624 :
391 1605 451 1625 cum
458 1602 547 1625 autem
557 1598 690 1625 transierit
700 1597 815 1632 gemitus
825 1602 924 1630 noster,
933 1598 1060 1626 omnesin

263 1650 315 1671 una
324 1651 398 1676 voce,
409 1644 434 1671 in
449 1652 502 1671 uno
511 1643 619 1679 populo,
629 1644 655 1671 in
671 1651 722 1671 una
733 1644 816 1678 patria
829 1643 1027 1671 consolabimur
1036 1644 1057 1678 ⁸,

264 1690 347 1718 millia
361 1691 472 1717 millium
487 1690 628 1725 conjuncta
649 1690 822 1725 psallentibus
836 1690 955 1725 Angelis,
969 1690 1059 1718 eboris

262 1737 412 1765 caelestium
425 1737 588 1765 Potestatum
604 1737 629 1764 in
644 1745 695 1764 una
709 1737 815 1765 civitate
827 1738 982 1766 viventium.
993 1738 1058 1773 Quis

261 1782 297 1810 ibi
310 1783 411 1817 gemit?
422 1782 480 1817 quis
495 1783 531 1810 ibi
545 1783 680 1817 suspirat?
694 1783 754 1818 quis
765 1782 801 1811 ibi
812 1783 934 1811 laborat?
947 1784 1006 1819 quis
1021 1784 1057 1811 ibi

261 1828 342 1863 eget?
354 1828 412 1862 quis
427 1827 462 1855 ibi
484 1827 615 1855 moritur?
641 1828 702 1863 quis
722 1828 758 1855 ibi
773 1829 967 1856 miseriordiam
989 1837 1056 1864 pra:-

260 1873 328 1901 bet?
342 1874 402 1909 quis
419 1874 517 1909 frangit
537 1881 632 1909 panem
652 1874 798 1909 esurienti,
812 1874 856 1902 ubi
878 1882 972 1904 omnes
986 1882 1055 1910 pane

259 1919 370 1954 iustitiae
384 1921 556 1955 saginantur?
568 1920 652 1948 Nemo
665 1920 711 1948 tibi
722 1920 797 1955 dicit,
813 1919 951 1956 Hospitem
964 1921 1053 1949 susei-

258 1973 314 2001 pe:
332 1967 486 2002 peregrinus
508 1967 543 1994 ibi
565 1974 643 1995 nemo
667 1967 839 2001 et-it;omnes
860 1968 886 1996 in
905 1969 989 2004 patria
1004 1975 1051 1996 sua

258 2011 360 2039 vivunt.
379 2012 464 2040 Nemo
483 2013 531 2041 tibi
543 2012 623 2048 dicit,
638 2013 775 2046 Concorda
796 2014 897 2042 amicos
921 2019 979 2044 tuos
999 2015 1053 2043 liti-

258 2064 373 2095 gantes:
397 2059 423 2087 in
446 2067 511 2094 pace
533 2061 695 2096 sempiterna
714 2061 761 2090 Dei
783 2062 855 2089 vultu
870 2061 1050 2097 perfruuntur.

257 2105 343 2134 Nemo
358 2106 405 2134 tibi
419 2106 493 2140 dicit,
510 2106 592 2135 Visita
606 2115 706 2143 aegrum
721 2118 727 2135 ε
743 2109 842 2136 sanitas
855 2110 1052 2138 immortalitas-

257 2159 310 2188 que
334 2158 481 2188 permanet.
505 2153 589 2182 Nemo
612 2154 659 2181 tibi
678 2154 760 2187 dicit,
778 2155 860 2190 sepeli
885 2160 1019 2184 mortuum
1042 2166 1049 2184 :

256 2205 352 2226 omnes
373 2200 400 2226 in
413 2200 465 2226 vita
490 2204 589 2227 interna
613 2204 700 2228 erunt.
716 2200 829 2228 CeSSant
843 2209 923 2237 opera
944 2202 1050 2230 miseri-

256 2244 366 2276 cordize.
378 2245 439 2280 quia
454 2245 560 2272 misaria
573 2253 624 2273 non
637 2246 780 2275 invenitur.
794 2247 827 2274 Et
837 2248 899 2283 quid
916 2248 951 2276 ibi
968 2248 1049 2277 facie-

255 2289 334 2317 mus?
346 2290 516 2318 Dormiemus
527 2290 659 2319 fortasse?
670 2291 697 2319 Si
708 2291 787 2319 modo
799 2300 945 2328 pugnamus
955 2298 1048 2322 contra

254 2343 316 2370 nos,
329 2336 451 2371 quamvis
464 2343 589 2371 geramus
600 2336 707 2365 domum
731 2339 817 2366 somni
830 2346 938 2367 carnem
951 2340 1028 2368 istam
1039 2362 1047 2375 ,

254 2387 282 2411 et
292 2383 433 2418 vigilamus
448 2383 474 2410 in
488 2383 529 2410 bis
543 2383 727 2418 luminaribus,
740 2390 767 2413 et
777 2386 932 2415 solemnitas
943 2387 992 2415 ista
1003 2387 1049 2416 dat

253 2430 333 2458 nobis
347 2429 466 2457 animum
480 2429 606 2466 vigilandi
619 2439 626 2462 :
641 2430 699 2459 dies
718 2431 763 2459 ille
777 2432 868 2467 quales
883 2434 986 2469 vigilias
1000 2441 1049 2462 no-

251 2475 296 2504 bis
318 2476 408 2504 dabit?
423 2476 494 2512 Ergo
510 2477 693 2513 vigilabimus,
709 2486 761 2506 non
783 2478 957 2509 dormiemus.
974 2482 1044 2515 Quid

252 2522 381 2556 agemus?
403 2522 491 2557 Opera
514 2523 705 2552 misericordia:
727 2524 778 2553 ista
800 2533 853 2554 non
872 2532 969 2562 erunt,
985 2529 1045 2564 quia

253 2568 326 2596 nulla
339 2568 445 2596 miseria
460 2570 520 2598 erit.
534 2570 615 2599 Forte
627 2578 708 2606 opera
722 2572 890 2602 necessitatis
903 2580 980 2602 erunt
995 2575 1045 2603 ista

251 2622 312 2650 quin
331 2614 373 2642 hic
390 2620 452 2642 sunt
467 2616 546 2643 modo
558 2638 565 2650 ,
583 2618 747 2652 seminandi,
764 2619 876 2653 arandi,
892 2621 1023 2657 ecquendi
1035 2644 1043 2657 ,

250 2661 379 2695 molendi,
396 2663 523 2690 texendi?
536 2663 606 2691 Nihil
622 2664 715 2693 horum
728 2687 735 2698 ,
749 2667 810 2701 quia
833 2668 978 2695 necessitas
990 2676 1044 2696 non

249 2709 311 2736 erit.
326 2709 369 2736 Sic
390 2717 442 2736 non
456 2715 532 2737 erunt
549 2717 630 2746 opera
646 2712 837 2741 misericordiae
850 2734 857 2745 ,
872 2714 933 2749 quia
949 2715 1044 2743 transit

248 2756 357 2784 miseria
375 2766 381 2784 :
398 2756 442 2784 ubi
466 2757 611 2784 necessitas
626 2766 679 2785 non
700 2758 750 2785 erit
766 2766 815 2786 nec
829 2759 947 2793 miseria,
962 2768 1042 2796 opera

281 2817 289 2830 ι
300 2813 370 2849 laid,
382 2813 486 2849 afuiua.
497 2817 524 2839 At
533 2817 597 2849 Mss,
610 2821 625 2839 a
636 2813 800 2846 labina.vlde,
823 2822 904 2847 supra,
926 2816 972 2841 col.
984 2817 1042 2849 390,

246 2846 347 2870 Enar.in
361 2845 419 2869 I‘sal
436 2852 519 2874 “xvi,
533 2853 556 2869 u.
570 2845 606 2870 i2.

279 2877 289 2910 ξ
302 2876 400 2910 Quidam
409 2875 463 2901 libri
476 2883 482 2901 :
495 2879 518 2910 et
525 2879 639 2910 λακκαῖα.-
646 2876 786 2910 scalisaut,
799 2883 873 2910 φωνάν
884 2878 962 2910 luqettl
974 2891 981 2905 :

279 2909 292 2925 ι
303 2903 418 2940 Verbum,
426 2903 610 2940 consolabimur,
618 2908 689 2934 abest
699 2909 730 2933 ab
739 2903 851 2935 omnibus
862 2913 914 2934 uss.

1034 2957 1076 2969 .h-

1119 1042 1200 1071 modo
1218 1043 1252 1072 de
1264 1051 1353 1073 caena.
1369 1046 1440 1082 Ergo
1458 1047 1523 1082 quid
1537 1048 1620 1077 dico?
1633 1049 1693 1078 Non
1708 1055 1734 1079 te
1752 1052 1834 1080 satiat
1844 1053 1856 1080 i
1868 1053 1909 1081 Ti-

1119 1097 1180 1117 meo
1201 1098 1295 1119 rursus
1316 1099 1353 1119 ue
1374 1092 1398 1120 si
1421 1092 1534 1127 dixero,
1549 1094 1607 1123 Non
1630 1100 1657 1123 te
1677 1097 1773 1132 satiat,
1790 1098 1910 1135 indigens

1119 1135 1249 1170 videaris;
1266 1142 1293 1166 et
1305 1138 1381 1174 quasi
1406 1139 1511 1168 inanior
1532 1141 1642 1176 existas,
1656 1147 1684 1171 et
1696 1144 1787 1172 minus
1800 1145 1827 1173 in
1841 1150 1866 1174 te
1879 1147 1910 1175 sit

1119 1182 1216 1218 aliquid
1237 1184 1308 1219 quod
1328 1184 1425 1213 debeat
1446 1185 1562 1221 impleri.
1581 1187 1649 1222 Quid
1669 1197 1733 1225 ergo
1743 1190 1831 1219 dicam
1845 1192 1909 1224 ,nisi

1118 1228 1188 1263 quod
1213 1229 1263 1257 dici
1279 1234 1376 1265 potest,
1391 1231 1501 1267 cogitari
1519 1233 1563 1260 vix
1588 1235 1697 1269 potest?
1722 1235 1755 1263 Et
1773 1238 1853 1265 satiat
1874 1243 1907 1273 te,

1118 1278 1145 1302 et
1159 1282 1212 1302 non
1223 1279 1249 1304 te
1260 1276 1356 1306 satiat:
1370 1277 1432 1312 quia
1446 1283 1588 1314 utrumque
1600 1280 1706 1309 invenio
1717 1282 1743 1309 in
1757 1282 1907 1319 Scriptura.

1117 1320 1182 1348 Nam
1194 1329 1254 1349 cum
1268 1321 1379 1356 diceret,
1392 1322 1464 1350 Beati
1475 1325 1623 1359 esurientes,
1638 1326 1697 1362 quia
1706 1327 1755 1363 ipsi
1763 1331 1909 1358 saturatam-

1116 1370 1157 1412 tur
1171 1366 1279 1402 (Matth.
1302 1376 1329 1402 v,
1347 1368 1377 1403 6)
1395 1378 1401 1396 :
1417 1373 1459 1397 est
1477 1377 1570 1398 rursus
1583 1371 1684 1400 dictum
1704 1373 1738 1401 de
1757 1374 1906 1412 Sapientia,

1118 1411 1170 1445 Qui
1190 1417 1214 1440 te
1232 1413 1386 1441 manducant
1396 1435 1403 1447 ,
1418 1416 1512 1443 iterum
1528 1417 1638 1445 esuriem
1652 1425 1663 1446 .‘
1682 1423 1705 1446 et
1715 1420 1758 1455 qui
1771 1425 1797 1448 te
1810 1421 1906 1457 bibunt,

1114 1458 1206 1485 iterant
1229 1460 1313 1487 sitient
1334 1459 1427 1496 (Eccli.
1440 1468 1506 1489 ntv
1518 1482 1526 1496 ,
1541 1462 1600 1500 29).
1615 1463 1672 1493 imo
1686 1473 1751 1494 vero
1763 1474 1818 1495 non
1828 1468 1905 1504 dixit,

1113 1504 1204 1551 iterum
1215 1514 1225 1538 ;
1238 1506 1285 1534 sed
1299 1507 1383 1541 dixit,
1395 1508 1500 1536 adhuc:
1512 1517 1590 1544 nam,
1605 1510 1705 1540 iterum
1727 1514 1820 1548 sitiet,
1835 1516 1906 1551 quasi

1113 1550 1200 1585 primo
1213 1552 1349 1587 saginatus
1370 1553 1522 1582 discesserit
1540 1561 1568 1584 et
1589 1557 1730 1593 digesserit
1752 1564 1780 1587 et
1801 1561 1906 1589 redierit

1113 1596 1215 1626 bibere.
1234 1598 1298 1626 Tale
1320 1603 1378 1634 est,
1394 1600 1446 1633 Qui
1463 1606 1487 1628 te
1502 1602 1691 1637 edunt,attlmc
1711 1606 1823 1634 esuriant
1842 1615 1851 1634 :
1871 1608 1905 1635 sic

1111 1650 1173 1671 cum
1193 1645 1292 1679 edunt,
1309 1647 1443 1680 esurient;
1458 1652 1486 1676 et
1500 1649 1545 1684 qui
1559 1654 1585 1678 te
1599 1650 1709 1685 bibunt,
1726 1652 1765 1680 sic
1775 1653 1904 1688 bibendo,

1112 1691 1214 1719 sitient.
1229 1691 1297 1726 Quid
1311 1698 1370 1727 est,
1386 1694 1502 1723 bibendo
1514 1696 1607 1724 sitire?
1620 1697 1761 1734 Nunquam
1776 1699 1903 1728 fastidire.

1111 1736 1140 1765 Si
1153 1745 1220 1773 ergo
1240 1738 1289 1766 ista
1311 1739 1452 1767 ineﬁ‘abilis
1476 1745 1503 1769 ‘et
1523 1742 1687 1778 setnpiterna
1707 1744 1824 1773 dulcedo
1837 1746 1902 1778 erit;

1110 1782 1192 1810 modo
1205 1783 1269 1818 quid
1285 1791 1302 1812 a
1322 1784 1399 1813 nobis
1411 1786 1497 1821 petit,
1512 1786 1609 1816 fratres
1620 1808 1628 1821 ,
1644 1789 1696 1816 nisi
1712 1789 1793 1818 tidem
1810 1798 1860 1820 non
1873 1791 1903 1819 ti-

1110 1833 1191 1862 ctam,
1205 1837 1280 1865 spem
1293 1829 1397 1859 firmam
1410 1851 1417 1864 ,
1433 1832 1590 1862 charitatem
1603 1841 1698 1870 puram
1707 1856 1715 1870 ,
1737 1842 1765 1865 et
1791 1837 1903 1865 ambulet

1108 1874 1190 1903 homo
1204 1876 1230 1904 in
1243 1877 1285 1905 via
1300 1885 1380 1913 quam
1395 1878 1523 1908 Dominus
1535 1880 1624 1916 dedit,
1638 1882 1707 1911 ferat
1719 1885 1896 1920 tentationes,

1107 1927 1135 1951 et
1145 1924 1275 1960 suscipiat
1287 1926 1485 1955 consolationes
1495 1927 1508 1954 τ

1108 1979 1899 1995 —-———_

1296 2020 1336 2050 IN
1357 2019 1548 2051 PSALMUM
1569 2021 1735 2054 LXXXVI

1401 2074 1613 2112 ENABRATIO.

1424 2146 1512 2168 sentio
1528 2140 1577 2176 (α).

1140 2197 1167 2224 1.
1183 2197 1305 2225 Psalmus
1318 2197 1365 2233 qui
1379 2196 1461 2225 modo
1479 2202 1601 2226 cantatus
1615 2203 1657 2227 est
1669 2220 1677 2233 ,
1691 2199 1779 2229 brevis
1795 2206 1837 2230 cst
1851 2209 1896 2229 uu-

1103 2250 1178 2271 mero
1191 2243 1344 2277 verborum,
1359 2251 1471 2279 magnus
1483 2244 1602 2280 pondere
1612 2247 1817 2275 sententiarum.
1832 2247 1894 2275 Nam

1104 2293 1175 2317 totus
1188 2289 1273 2317 lectus
1285 2295 1326 2318 est
1338 2310 1346 2323 ,
1361 2294 1388 2317 et
1401 2289 1497 2317 videtis
1518 2298 1597 2325 quam
1617 2292 1714 2327 exiguo
1734 2297 1852 2327 tempore
1863 2292 1894 2321 ad
1926 2302 1930 2307 ”

1102 2335 1245 2364 terminum
1259 2343 1343 2371 usque
1365 2335 1519 2371 perductus.
1534 2336 1581 2364 Hic
1592 2337 1669 2365 nobis
1679 2358 1686 2370 ,
1698 2343 1826 2373 quantum
1841 2338 1891 2366 Do-

1102 2382 1189 2410 minus
1202 2382 1303 2410 donare
1315 2382 1447 2418 dignatur,
1460 2390 1520 2411 cum
1533 2388 1621 2411 vestra
1636 2384 1772 2412 Charitate
1782 2390 1892 2413 tractan-

1101 2428 1161 2461 dus,
1178 2428 1258 2457 modo
1273 2433 1314 2456 est
1327 2429 1479 2464 propositus
1490 2437 1505 2456 a
1516 2429 1671 2458 beatissimo
1680 2437 1812 2466 praesente
1822 2436 1894 2467 patre

1101 2478 1194 2502 nostro
1215 2474 1263 2510 (b).
1286 2474 1435 2509 Repentina
1456 2475 1603 2510 propositio
1620 2483 1664 2504 me
1683 2482 1824 2512 gravaret,
1845 2476 1891 2504 nisi

2022 961 2028 1224 l

1994 1757 2027 2276 π

1100 2527 1144 2548 me
1155 2520 1281 2548 continuo
1293 2521 1303 2536 ²
1319 2520 1491 2555 proponentis
1511 2521 1597 2549 oratio
1622 2521 1783 2551 sublevaret.
1805 2523 1890 2551 lnten-
1925 2529 1945 2559 ει

1100 2565 1145 2594 dat
1163 2573 1228 2602 ergo
1251 2565 1374 2594 Charitas
1396 2571 1495 2594 vestra.
1520 2567 1623 2595 Civitas
1647 2568 1770 2603 quaedam
1794 2568 1821 2595 in
1843 2569 1890 2595 isto

1099 2612 1204 2648 psalmo
1216 2616 1322 2640 cantata
1341 2616 1368 2641 et
1388 2613 1572 2641 commendata
1593 2618 1634 2641 est
1648 2622 1654 2640 :
1670 2614 1746 2649 cujus
1761 2614 1833 2642 cives
1845 2621 1889 2641 su-

1098 2666 1169 2693 mus,
1183 2659 1209 2687 in
1224 2663 1351 2694 quantum
1366 2659 1503 2687 christiani
1524 2666 1617 2687 sumus
1629 2667 1636 2693 ;
1648 2663 1676 2687 et
1691 2659 1762 2688 unde
1775 2658 1887 2695 peregri-

1098 2713 1204 2741 namur,
1220 2705 1345 2741 quamdiu
1359 2705 1485 2733 mortaies
1497 2712 1610 2739 sumus;
1623 2711 1649 2734 et
1668 2706 1701 2734 ad
1713 2714 1790 2742 quam
1806 2704 1887 2734 tendi-

1130 2786 1217 2822 ξᾳοιιζ).
1230 2789 1308 2822 vetus
1313 2785 1390 2811 codex
1399 2792 1405 2810 :
1413 2792 1486 2822 sima,
1498 2788 1522 2811 et
1533 2784 1628 2811 laudas.

1130 2818 1140 2833 ²
1148 2818 1218 2842 Corb.
1230 2817 1278 2842 duo
1289 2820 1352 2847 Mss,
1366 2817 1485 2842 continua.

1129 2849 1165 2881 (a)
1180 2849 1212 2873 Ad
1231 2849 1329 2881 plebem
1349 2848 1414 2881 forte
1429 2848 1653 2881 Carthaginensem,
1673 2847 1769 2881 habitus
1780 2849 1884 2881 proximo

1096 2878 1137 2905 die
1149 2878 1203 2911 post
1215 2878 1353 2911 sitpositum
1364 2879 1482 2904 Psalmum
1493 2878 1584 2911 nixxv,
1596 2879 1629 2904 de
1641 2885 1689 2911 quo
1697 2878 1767 2911 infra,
1780 2878 1804 2904 ἐι.
1816 2878 1840 2904 9.

1127 2911 1163 2943 (b)
1177 2915 1246 2937 Forte
1259 2910 1355 2936 Aurelio
1368 2912 1480 2942 episcopo
1489 2910 1682 2944 Carthaginiensi.

1264 2990 1302 2999 :~~~~
1321 2992 1349 3000 ,ολ
