4132 6514
407 353 549 412 “0'5

411 461 570 519 Verbi
599 459 787 532 gratia,
816 471 936 513 cum
984 454 1182 511 Paulus
1223 450 1386 506 intrat
1425 461 1521 518 per
1545 446 1783 518 januam,
1812 460 1990 501 nonne

407 556 652 611 Christus
679 552 840 606 intrat
870 564 964 621 per
988 545 1240 619 ianuam?
1267 540 1481 610 Quare?
1516 539 1632 595 Non
1654 541 1775 610 quia
1799 538 1992 595 Paulus

407 647 683 711 Christus;
717 643 811 700 sed
857 641 978 712 quia
1017 641 1066 694 in
1119 637 1283 693 Paulo
1309 633 1569 700 Christus,
1597 644 1652 688 et
1694 648 1790 704 per
1831 630 1992 687 Chri-

407 747 545 792 stum
575 736 790 792 Paulus.
824 735 941 804 lpse
970 731 1102 786 dixit
1132 749 1145 784 :
1173 729 1254 782 An
1283 729 1677 800 experimentum
1706 727 1814 796 eius
1842 725 1993 780 vultis

407 831 651 898 accipere,
681 829 768 898 qui
806 827 859 880 in
889 841 966 878 me
995 823 1215 892 loquitur
1241 821 1468 877 Christus
1498 818 1574 892 (ll
1601 817 1719 874 Cor.
1754 833 1866 885 xm,
1898 815 1992 888 5)?

405 921 538 978 Cum
579 919 746 974 sancti
784 917 899 988 ejus
928 923 984 972 et
1008 915 1192 971 fideles
1231 914 1347 982 ejus
1377 913 1577 967 intrant
1620 925 1716 981 per
1752 910 1990 979 januam,

404 1032 581 1070 nonne
603 1012 848 1069 Christus
876 1009 1040 1065 intrat
1077 1023 1173 1078 per
1195 1005 1453 1077 januam?
1479 1002 1759 1073 Quomodo
1800 1001 1993 1072 proba-

404 1109 562 1165 mus?
589 1107 720 1177 Quia
751 1107 896 1176 ipsos
925 1112 1138 1159 sanctos
1184 1101 1299 1171 ejus
1327 1099 1745 1171 persequebatur
1779 1095 1989 1160 Saulus,

404 1202 640 1257 nondum
675 1199 888 1265 Paulus,
919 1195 1130 1268 quando
1159 1194 1208 1248 ei
1235 1191 1482 1247 clamavit
1518 1190 1586 1246 de
1608 1189 1782 1245 celo:
1812 1184 1989 1253 Saule,

404 1293 721 1363 Saule,quid
741 1309 818 1346 me
839 1290 1145 1364 persequeris
1163 1288 1296 1358 (Act.
1315 1302 1390 1350 ιιι,
1405 1284 1495 1357 4)⁶ἶ
1517 1284 1655 1354 Ergo
1677 1281 1990 1336 fundamen-

403 1398 515 1445 tum
533 1399 584 1442 et
600 1386 735 1454 lapis
751 1383 1019 1456 augularis
1037 1383 1148 1451 ipse
1164 1389 1266 1444 est,
1282 1379 1349 1433 ab
1365 1379 1470 1432 imo
1484 1389 1738 1447 surgens;
1759 1374 1801 1428 si
1819 1386 1993 1429 tamen

403 1481 473 1535 ab
494 1481 619 1534 imo.
660 1479 867 1534 Etenim
894 1477 1042 1545 origo
1072 1471 1397 1528 fundamenti
1438 1469 1597 1539 hujus
1632 1467 1992 1523 summitatem

407 1581 554 1628 tenet
582 1589 594 1625 :
625 1580 680 1626 et
713 1566 1158 1640 quemadmodum
1188 1564 1590 1619 fundamentum
1617 1572 1888 1629 corporea:
1913 1556 1993 1620 fa-

405 1664 570 1720 bricm
591 1665 641 1718 in
667 1663 772 1717 imo
789 1669 904 1726 est;
933 1659 1008 1713 sic
1035 1657 1435 1712 fundamentum
1463 1652 1755 1724 spiritualis
1780 1649 1993 1706 fabricae

403 1756 458 1811 in
484 1770 691 1811 sununo
717 1762 818 1810 est.
849 1751 904 1808 Si
933 1750 999 1805 ad
1027 1760 1221 1805 terram
1252 1747 1661 1812 :editicaremur,
1691 1743 1746 1797 in
1773 1744 1880 1798 imo
1904 1755 1997 1797 no-

402 1849 486 1906 bis
512 1846 818 1920 ponendum
850 1854 964 1900 erat
994 1841 1398 1896 fundamentum
1427 1857 1440 1894 :
1473 1835 1595 1907 quia
1641 1834 1875 1891 caelestis
1915 1831 1992 1887 fa-

401 1941 548 1996 brica
579 1939 764 2007 est,ad
793 1937 960 1993 caelos
992 1931 1267 2007 praecessit
1294 1931 1695 1986 fundamentum
1727 1936 1990 1982 nostrum.

401 2033 522 2104 ipse
551 2047 679 2104 ergo
710 2030 979 2102 angularis
1008 2028 1164 2098 lapis,
1198 2037 1515 2095 montesque
1563 2020 1826 2093 Apostoli,
1857 2019 1991 2074 Pro-

402 2127 579 2199 phetas
626 2125 824 2194 magni,
875 2129 1150 2193 portantes
1196 2119 1451 2175 fabricam
1499 2116 1746 2183 civitatis,
1796 2113 1997 2168 faciunt

401 2219 578 2274 vivum
610 2217 877 2287 quoddam
904 2213 1206 2269 aedificium.
1247 2212 1358 2266 lloc
1384 2209 1668 2266 aedilicium
1702 2206 1860 2262 modo
1885 2206 1995 2261 cla-

401 2320 514 2368 mat
537 2311 604 2365 de
628 2308 878 2364 cordibus
907 2305 1144 2362 vestris?
1188 2304 1290 2360 hoc
1339 2304 1447 2374 agit
1488 2302 1774 2358 artificiosa
1807 2314 1995 2356 manus

403 2407 500 2463 Dei
529 2407 688 2460 etiam
735 2419 834 2474 per
871 2402 1102 2472 linguam
1131 2409 1390 2466 nostram,
1420 2405 1479 2452 ut
1507 2397 1572 2452 ad
1618 2395 1758 2451 illius
1785 2391 1996 2448 {PdlﬁCli

400 2501 654 2558 fabricam
687 2494 1147 2568 conquadremini.
1188 2493 1305 2548 Non
1337 2492 1481 2548 enim
1519 2489 1714 2546 frustra
1743 2488 1900 2543 etiam
1928 2485 1996 2542 de

400 2593 557 2664 lignis
584 2591 855 2662 quadratis
889 2587 1148 2644 aedificata
1176 2593 1260 2640 est
1283 2599 1404 2639 arca
1449 2582 1560 2638 Noe
1605 2581 1754 2655 (Gen.
1783 2596 1856 2646 vr,
1904 2578 1992 2645 14,

401 2704 503 2743 see.
536 2685 738 2755 LXX),
769 2699 886 2754 qua:
934 2679 1283 2736 nihilominus
1329 2677 1549 2748 figuram
1601 2677 1839 2745 gestabat
1891 2671 1994 2727 Ec-

401 2777 602 2834 ClCSltD.
632 2775 768 2844 Quid
814 2783 896 2830 est
926 2773 1067 2828 enim
1097 2768 1386 2842 quadrari?
1431 2765 1703 2823 Attendite
1749 2763 1996 2820 similitu-

401 2870 580 2926 dinem
609 2866 854 2938 quadrati
884 2865 1072 2934 lapidis
1104 2880 1117 2916 :
1152 2862 1344 2916 similis
1372 2860 1532 2916 debet
1578 2874 1697 2915 esse
1744 2858 1996 2913 christia-

401 2977 526 3018 nus.
576 2960 632 3014 ln
661 2958 806 3012 omni
839 2955 1132 3012 tentatione
1178 2968 1271 3008 sua
1317 2951 1639 3006 christianus
1684 2966 1788 3004 non
1819 2949 1993 3011 cadit;

401 3053 503 3109 etsi
558 3049 867 3120 impellitur,
897 3056 950 3102 et
977 3045 1130 3117 quasi
1174 3043 1450 3110 vertitur‘,
1504 3058 1611 3097 non
1657 3040 1842 3096 cadit:
1875 3055 1996 3094 nam

403 3145 717 3217 quadratum
745 3141 974 3212 lapidem
1002 3152 1338 3210 quacumque
1364 3134 1610 3197 verteris,
1645 3142 1767 3188 stat.
1792 3131 1996 3188 Cadere

405 3237 505 3294 visi
530 3246 651 3290 sunt
671 3234 949 3306 Martyres,
979 3247 1099 3288 cum
1125 3237 1566 3302 percuterentur;
1597 3225 1690 3282 sed
1717 3225 1844 3296 quid
1865 3224 1999 3280 dixit

403 3330 645 3403 qumdam
683 3345 784 3383 vox
815 3326 1053 3382 Cantici?
1097 3324 1223 3379 Cum
1257 3322 1490 3378 ceciderit
1524 3323 1689 3393 iustus
1726 3337 1830 3375 nou
1870 3336 1996 3374 con-

405 3424 724 3488 turbabitur;
764 3421 1004 3493 quoniam
1047 3418 1297 3473 Dominus
1336 3417 1604 3485 con/irruat
1653 3431 1860 3469 manum
1886 3415 1998 3485 ejus

405 3519 583 3590 (Psat.
609 3533 789 3582 xxxvi,
817 3515 932 3586 24).
962 3513 1052 3569 Sic
1079 3527 1209 3582 ergo
1237 3510 1696 3581 conquadramini,
1721 3509 1784 3564 ad
1811 3522 1999 3564 omnes

405 3611 732 3669 tentationcs
759 3608 960 3680 parati;
991 3604 1245 3677 quidquid
1273 3603 1564 3676 impulerit,
1585 3616 1692 3658 non
1720 3616 1819 3657 vos
1847 3616 1998 3657 ever.

406 3714 504 3762 tat.
538 3704 779 3760 Stantem
812 3710 863 3756 te
892 3699 1131 3755 inveniat
1179 3697 1355 3752 omnis
1383 3709 1557 3751 casns.
1593 3694 1827 3765 Erigeris
1871 3707 2000 3764 ergo

407 3797 468 3852 in
498 3795 636 3850 hanc
661 3793 917 3849 fabricam
961 3790 1153 3845 affectu
1181 3792 1290 3859 pio,
1314 3786 1570 3856 religione
1600 3785 1829 3851 sincera,
1873 3783 1997 3853 ﬁde,

407 3903 525 3960 spe,
553 3886 848 3951 cbaritate;
897 3892 952 3939 et
994 3883 1167 3952 ipsum
1213 3878 1465 3934 aedificari
1509 3877 1782 3933 ambulare
1809 3883 1908 3932 est.
1943 3873 2001 3929 ln

409 3981 525 4038 istis
550 3977 854 4033 civitatibus
881 3975 982 4029 alia
1014 3982 1095 4028 est
1125 3971 1322 4026 fabrica
1352 3968 1721 4035 aedificiorum,
1749 3967 1838 4021 alii
1880 3974 2004 4022 sunt

407 4073 555 4127 cives
582 4070 940 4125 inhabitantes
984 4067 1036 4121 in
1067 4065 1262 4120 fabrica
1288 4081 1301 4117 :
1333 4063 1418 4117 illa
1445 4060 1631 4116 civitas
1665 4060 1868 4115 civibus
1892 4058 2002 4115 suis

411 4164 725 4230 aedificatur,
763 4163 862 4232 ipsi
894 4170 1017 4214 sunt
1046 4158 1252 4228 lapides
1282 4157 1372 4226 qui
1418 4164 1540 4211 sunt
1569 4157 1748 4221 cives;
1799 4153 2002 4224 lapides

413 4256 555 4311 enim
584 4253 690 4308 vivi
729 4260 874 4306 sunt.
919 4249 988 4302 Et
1033 4264 1138 4316 vos,
1169 4248 1358 4317 inquit,
1391 4255 1631 4316 tanquam
1676 4245 1871 4317 lapides
1906 4245 2004 4299 vivi

414 4346 736 4418 wdiﬁcamini
781 4344 834 4397 in
887 4342 1094 4395 domum
1145 4339 1459 4411 spiritualem
1511 4338 1567 4407 (ι
1615 4336 1758 4392 Petr.
1813 4352 1872 4404 ιι,
1920 4336 2000 4409 5).

412 4442 495 4496 Ad
547 4455 646 4495 nos
693 4438 895 4494 directa
946 4449 1048 4492 vox
1102 4441 1203 4490 est.
1260 4433 1399 4503 Ergo
1451 4445 1738 4502 sequamur
1781 4429 1849 4486 de
1903 4429 2004 4485 ista

413 4533 653 4588 civitate.

484 4625 539 4680 4.
584 4619 940 4676 Fundamenta
967 4620 1075 4690 ejus
1101 4618 1153 4671 in
1181 4615 1434 4671 montibus
1453 4617 1680 4670 sanctis:
1706 4614 1872 4687 diligit
1899 4611 2006 4670 Do-

413 4717 581 4772 minus
607 4703 948 4787 portasSion.
982 4709 1099 4765 Jam
1132 4709 1250 4764 ideo
1293 4709 1612 4779 praelocutus
1640 4723 1779 4773 sum,
1807 4721 1875 4764 ne
1903 4722 2001 4778 ptt-

413 4811 538 4866 tetis
579 4807 684 4861 alia
722 4819 842 4861 esse
883 4802 1244 4865 fundamenta,
1289 4800 1420 4854 alias
1449 4807 1648 4870 portas.
1680 4799 1854 4869 Quare
1882 4809 2006 4857 sunt

411 4900 756 4957 fundamenta
813 4894 1052 4968 Apostoli
1086 4902 1140 4948 et
1181 4891 1501 4962 Prophetm?
1529 4891 1661 4958 Quia
1691 4907 1878 4948 eorum
1904 4907 2003 4948 au-

411 4995 632 5052 ctoritas
685 4998 859 5064 portat
914 4987 1277 5044 infirmitatem
1337 4995 1596 5041 nostram.
1656 4985 1832 5054 Quare
1879 4995 2005 5043 sunt

411 5087 624 5161 portat?
672 5084 806 5151 Quia
858 5097 952 5153 per
997 5083 1141 5152 ipsos
1191 5080 1451 5134 intramus
1489 5077 1556 5133 ad
1602 5094 1824 5150 regnum
1871 5079 1999 5136 Dei:

415 5178 706 5252 prtedicant
732 5177 875 5232 enim
916 5176 1087 5230 nobis.
1131 5174 1198 5230 Et
1225 5187 1344 5229 cum
1395 5187 1491 5244 per
1539 5173 1682 5243 ipsos
1719 5172 2000 5241 intramus,

414 5291 512 5344 per
539 5272 806 5328 Christum
841 5272 1096 5325 intramus
1125 5287 1138 5322 :
1169 5268 1284 5339 ipse
1313 5277 1396 5324 est
1431 5269 1573 5324 enim
1598 5266 1780 5338 janua.
1827 5268 1893 5323 Et
1918 5268 2004 5324 di-

414 5374 608 5423 cuntur
636 5363 915 5421 duodecim
964 5370 1128 5434 portae
1171 5361 1470 5418 Jerusalem
1507 5362 1688 5435 (Apoc.
1741 5377 1852 5430 χχι,
1886 5362 2001 5434 12),

415 5471 470 5517 ει
496 5477 600 5516 una
628 5467 783 5532 porta
818 5456 1081 5525 Christus,
1122 5465 1177 5512 et
1207 5455 1486 5512 duodecim
1533 5465 1702 5526 porta:
1727 5455 2002 5522 Christus;

417 5555 540 5625 quia
567 5555 621 5610 iu
649 5549 932 5608 duodecim
967 5548 1135 5620 portis
1161 5547 1409 5605 Christus
1438 5565 1450 5603 :
1485 5557 1537 5604 et
1580 5548 1700 5603 ideo
1727 5548 2003 5604 duodena-

418 5649 530 5704 rius
573 5662 826 5703 numerus
874 5634 1268 5714 Apostolorum.
1302 5641 1703 5696 Sacrameutum
1752 5657 2003 5714 magnum

417 5741 576 5812 hujus
596 5738 907 5796 duodenarii
938 5736 1168 5792 numeri.
1192 5734 1460 5801 Sedcbitis,
1493 5733 1681 5806 inquit,
1705 5752 1858 5809 super
1884 5735 2006 5793 duo-

485 5858 503 5892 ί
529 5858 602 5908 Sic
623 5861 732 5909 uss.
757 5853 1012 5920 Edd.vero,
1031 5858 1074 5906 et
1099 5852 1254 5918 siqua
1278 5850 1484 5905 vertitur

1230 5973 1280 5995 *κ

1643 333 1702 391 S.
1741 331 2106 392 AUGUSTlNl
2143 329 2446 390 EPISCOPI

3540 326 3693 388 1101

2099 445 2260 500 decim
2289 445 2451 512 sedes,
2474 443 2764 515 judicanles
2795 440 3056 499 duodecim
3086 441 3244 499 tribus
3272 441 3438 499 Israel
3466 441 3696 517 (Matth.

2099 555 2210 608 nx,
2240 539 2354 611 28).
2387 539 2442 596 Si
2490 538 2770 594 duodecim
2818 539 2964 594 sellae
3009 539 3078 594 ibi
3127 549 3284 604 sunt;
3331 554 3438 594 non
3477 550 3557 594 est
3597 539 3696 594 ubi

2099 632 2282 689 sedeat
2313 632 2502 686 tertius
2529 631 2769 687 decimus
2802 631 2996 688 Paulus
3033 631 3323 702 apostolus,
3356 640 3410 688 et
3439 647 3539 687 non
3586 632 3700 687 erit

2098 724 2364 797 quomodo
2407 723 2607 794 judicet
2635 743 2648 779 :
2682 734 2735 780 et
2779 724 2891 796 ipse
2917 739 2974 779 se
3011 723 3368 795 judicaturum
3395 723 3545 793 dixit,
3579 740 3697 780 non

2099 816 2346 873 homines
2377 825 2603 882 tantum,
2636 816 2731 872 sed
2759 826 2813 871 et
2840 817 3081 888 angelos.
3113 817 3259 885 Quos
3295 818 3546 889 angelos,
3585 816 3698 872 nisi

2099 918 2368 980 apostatas
2393 909 2651 978 angelos?
2683 908 2923 976 Nescitis,
2943 910 3131 981 inquit,
3159 911 3280 982 quia
3305 911 3512 983 angelos
3529 909 3697 982 judi-

2099 1000 2322 1056 cabimus
2351 1001 2402 1074 (Ι
2427 1001 2544 1056 Car.
2570 1018 2645 1070 vr,
2670 1002 2767 1073 5)?
2797 1003 3164 1072 Responderet
3183 1019 3310 1075 ergo
3336 1004 3520 1059 turba:
3547 1002 3699 1073 Quid

2101 1105 2152 1153 te
2176 1097 2346 1165 jactas
2369 1097 2766 1167 judicaturum?
2798 1097 2897 1154 Ubi
2925 1097 3174 1154 sedehis?
3212 1098 3498 1154 Duodecim
3528 1098 3698 1155 sedes

2098 1187 2233 1244 dixit
2261 1190 2516 1245 Dominus
2546 1190 2826 1246 duodecim
2859 1190 3166 1260 Apostolis;
3222 1207 3357 1246 untts
3380 1191 3574 1247 cecidit
3601 1189 3702 1247 Ju-

2099 1281 2214 1349 das,
2245 1285 2296 1339 in
2325 1283 2501 1340 locum
2541 1283 2708 1355 ipsius
2736 1283 2984 1340 Matthias
3007 1285 3282 1341 ordinatus
3304 1295 3403 1351 est,
3435 1286 3701 1356 impletus

2099 1385 2181 1432 est
2226 1377 2587 1432 duodenarius
2636 1392 2894 1433 numerus
2945 1377 3149 1433 sedium
3196 1378 3336 1450 (Act.
3379 1394 3419 1447 ι,
3451 1376 3698 1452 15-26);

2101 1470 2274 1541 primo
2299 1470 2474 1526 locum
2515 1471 2692 1525 inveni
2735 1469 2825 1525 ubi
2870 1470 3080 1534 sedeas,
3110 1478 3163 1526 et
3191 1472 3268 1526 sic
3295 1479 3345 1525 te
3370 1472 3579 1527 minare
3600 1470 3698 1542 ju-

2100 1562 2418 1620 dicaturum.
2452 1563 2740 1619 Duodecim
2778 1579 2906 1635 ergo
2932 1563 3088 1620 sedes
3111 1565 3235 1636 quid
3266 1565 3366 1621 sibi
3393 1566 3581 1633 velint,
3609 1565 3699 1622 vi-

2099 1657 2346 1714 deamus.
2402 1658 2806 1714 Sacramentum
2852 1669 2935 1714 est
2981 1658 3255 1729 cujusdam
3292 1661 3697 1728 universitatis;

2100 1752 2221 1822 quia
2254 1767 2350 1822 per
2377 1761 2542 1806 tomm
2567 1752 2753 1807 orbem
2785 1761 3046 1806 terrarum
3079 1752 3254 1808 futura
3284 1763 3399 1810 erat
3423 1753 3698 1822 Ecclesia,

2100 1842 2242 1898 unde
2284 1853 2504 1898 vocatur
2548 1843 2650 1898 hoc
2692 1841 2972 1898 aedificium
3004 1843 3070 1898 ad
3104 1841 3300 1899 Christi
3330 1859 3651 1914 compagem
3680 1862 3696 1900 :

2101 1943 2154 1990 ct
2182 1933 2302 1990 ideo
2329 1935 2450 2004 quia
2483 1934 2716 2005 undique
2745 1934 2956 1990 venitur
2986 1934 3052 1990 ad
3081 1934 3445 2006 judicandum,
3484 1935 3702 1993 duode-

2101 2027 2206 2083 cim
2233 2025 2389 2081 sedes
2416 2035 2572 2093 sunt;
2622 2027 2758 2082 sicut
2784 2027 2906 2098 quia
2938 2027 3171 2098 undique
3210 2028 3434 2084 intratur
3462 2029 3514 2083 in
3545 2029 3698 2086 illam

2101 2117 2392 2185 civitatem,
2426 2118 2707 2174 duodecim
2737 2130 2904 2190 portae
2939 2129 3080 2175 sunt.
3106 2119 3224 2175 Non
3253 2120 3423 2175 solum
3455 2135 3590 2193 ergo
3622 2119 3701 2178 illi

2101 2210 2380 2267 duodecim
2410 2221 2463 2267 et
2488 2212 2763 2281 apostolus
2794 2212 3008 2280 Paulus,
3042 2212 3136 2269 sed
3181 2220 3441 2284 quotquot
3477 2213 3700 2292 judicaf

2103 2304 2210 2359 turi
2255 2313 2399 2367 sunt,
2449 2313 2664 2374 propter
2712 2303 3157 2374 significationem
3200 2306 3593 2376 universitatis,
3629 2305 3702 2364 ad

2102 2394 2258 2451 sedes
2285 2395 2564 2450 duodecim
2597 2395 2900 2464 pertinent;
2950 2395 3396 2467 quemadmodum
3428 2407 3702 2470 quotquot

2101 2489 2396 2556 intrabunt,
2418 2487 2483 2543 ad
2509 2487 2787 2543 duodecim
2814 2499 2998 2560 portas
3027 2491 3312 2559 pertinent.
3338 2489 3525 2546 Partes
3551 2491 3700 2546 enim

2102 2580 2284 2636 mundi
2315 2589 2543 2651 quatuor
2566 2590 2711 2647 sunt,
2739 2578 2950 2646 Oriens,
2978 2580 3259 2651 Occidens,
3290 2583 3481 2653 Aquilo
3510 2591 3570 2638 et
3596 2582 3703 2640 Me-

2103 2672 2286 2729 ridics.
2339 2674 2458 2729 Istae
2496 2684 2724 2742 quatuor
2769 2681 2945 2744 partes
2987 2673 3200 2730 assidue
3248 2674 3596 2730 nominantur
3644 2675 3701 2731 in

2102 2765 2410 2836 Scripturis.
2462 2765 2544 2820 Ab
2591 2764 2840 2820 omnibus
2891 2765 3004 2821 istis
3053 2775 3279 2836 quatuor
3316 2766 3511 2837 ventis.
3557 2767 3702 2824 sicut

2101 2857 2230 2912 dicit
2258 2857 2515 2911 Dominus
2546 2857 2597 2911 in
2633 2857 2918 2928 Evangelia
2962 2872 2993 2912 a
3023 2865 3249 2929 quatuor
3278 2859 3449 2914 ventis
3488 2873 3552 2915 se
3579 2858 3700 2915 col-

2101 2949 2362 3004 lecturum
2409 2949 2612 3004 electos
2659 2963 2785 3003 suos
2837 2948 3192 3021 (Mart-«xm,
3223 2949 3356 3021 27);
3402 2949 3470 3006 ab
3511 2931 3701 3006 omni?

2102 3040 2203 3095 bus
2235 3055 2363 3110 ergo
2393 3040 2507 3094 istis
2533 3050 2762 3110 quatuor
2790 3041 2961 3096 ventis
2989 3049 3210 3096 vocatur
3240 3041 3494 3099 Ecclesia.
3543 3041 3700 3112 Quo-

2102 3132 2264 3188 modo
2289 3131 2553 3186 vocatur?
2608 3131 2852 3202 Undique
2898 3133 2952 3188 in
2979 3133 3238 3191 Triuitate
3280 3143 3498 3191 vocatur
3523 3150 3542 3189 :
3589 3149 3702 3193 non

2102 3236 2322 3280 vocatur
2349 3225 2450 3279 nisi
2481 3224 2757 3294 Baptismo
2789 3225 2842 3280 in
2873 3224 3091 3282 nomine
3139 3226 3330 3294 Patris,
3362 3237 3417 3283 et
3467 3226 3616 3296 Filii,
3646 3234 3702 3284 et

2102 3317 2331 3388 Spiritus
2380 3318 2575 3373 sancti.
2621 3317 2859 3386 Quatuor
2897 3332 3027 3391 ergo
3073 3327 3153 3375 ter
3196 3318 3375 3386 ducta,
3407 3318 3700 3378 duodecim

2102 3409 2464 3466 inveniuntur.

2175 3503 2231 3559 5.
2272 3503 2486 3558 Pulsate
2515 3519 2645 3576 ergo
2674 3504 2869 3560 ati'ectu
2914 3504 2981 3561 ad
3031 3505 3127 3563 has
3179 3515 3382 3578 portas,
3415 3516 3470 3565 et
3499 3505 3702 3566 clamet

2104 3594 2158 3648 in
2188 3595 2341 3650 vobis
2367 3594 2611 3651 Christus
2635 3614 2648 3649 :
2690 3595 2897 3669 Aperite
2923 3597 3048 3652 mihi
3074 3608 3246 3670 portas
3271 3600 3490 3670 justitia:
3517 3600 3698 3674 (Psal.

2105 3701 2267 3754 cxvn,
2299 3687 2412 3760 l9).
2446 3687 2728 3744 Praecessit
2763 3690 2906 3744 enim
2937 3690 2988 3745 in
3017 3691 3222 3762 capite;
3249 3691 3492 3763 sequitur
3519 3695 3613 3750 se‘
3643 3694 3701 3750 in

2106 3795 2353 3850 corpore.
2388 3779 2577 3836 Videte
2621 3781 2750 3852 quid
2799 3782 2934 3838 dixit
2981 3783 3290 3854 Apostolus,
3322 3785 3444 3856 quia
3477 3787 3529 3842 in
3582 3787 3702 3859 ipso

2105 3870 2353 3928 Christus
2395 3875 2697 3944 patiebatur
2727 3895 2740 3931 :
2785 3875 2851 3931 Ut
2880 3876 3208 3949 adimpleam,
3242 3879 3429 3950 inquit,
3462 3895 3580 3952 quia
3608 3881 3701 3937 de-

2106 3977 2224 4022 sunt
2254 3985 2602 4039 pressurarum
2631 3967 2820 4026 Christi
2851 3971 2903 4024 in
2932 3987 3084 4026 carne
3112 3988 3223 4028 mea
3262 3971 3476 4045 (Coloss.
3510 3989 3551 4039 ι,
3575 3972 3697 4045 24).

2112 4057 2179 4114 Ut
2205 4061 2511 4131 adimpleam
2535 4077 2554 4116 :
2579 4060 2760 4131 Quid?
2791 4061 2919 4128 Quae
2939 4063 3136 4118 desunt.
3162 4065 3259 4121 Cui
3289 4064 3515 4122 desunt?
3539 4065 3702 4122 Pres-

2109 4167 2345 4207 surarum
2366 4152 2572 4209 Christi.
2615 4153 2684 4209 Et
2711 4153 2797 4208 ubi
2825 4154 3059 4211 desunt?
3086 4154 3154 4211 In
3188 4173 3338 4212 carne
3366 4174 3498 4212 mea.
3529 4157 3700 4216 Num-

2108 4247 2236 4319 quid
2263 4247 2460 4318 aliquid
2492 4263 2863 4318 pressurarum
2893 4248 3077 4306 deerat
3103 4252 3154 4306 in
3181 4251 3272 4307 illo
3291 4250 3528 4322 homine,
3550 4251 3698 4326 quod

2109 4339 2303 4396 factum
2333 4350 2415 4396 est
2441 4340 2674 4397 Verbum
2704 4342 2819 4410 Dei,
2845 4353 2969 4399 nato
2994 4345 3061 4400 de
3084 4344 3245 4399 Maria
3291 4345 3531 4416 virgine?
3566 4347 3701 4404 Pas--

2108 4449 2200 4491 sus
2227 4434 2368 4490 enim
2399 4443 2480 4490 est
2506 4435 2756 4507 quidquid
2785 4438 2890 4507 pati
2915 4437 3154 4504 deberet,
3185 4454 3250 4495 ex
3279 4454 3372 4495 sua
3401 4439 3694 4512 voluntate.

2109 4544 2217 4585 non
2257 4545 2323 4586 ex
2371 4531 2571 4602 peccati
2619 4533 2972 4601 necessitate;
3011 4542 3065 4590 et
3090 4533 3297 4590 videtur
3323 4535 3445 4608 quia
3483 4537 3696 4593 omnia:

2112 4623 2166 4678 in
2206 4637 2365 4679 cruce
2411 4622 2554 4678 enim
2603 4624 2806 4694 positus
2848 4626 3053 4697 accepit
3094 4636 3305 4684 acetum
3348 4629 3614 4698 ultimum,
3643 4638 3700 4687 et

2109 4717 2205 4784 ait,
2233 4715 2525 4786 Perfectum
2565 4727 2675 4782 est;
2720 4727 2766 4772 et
2793 4717 3033 4774 inclinato
3072 4721 3234 4791 capite
3262 4721 3424 4775 emisit
3461 4723 3698 4794 spiritum

2111 4807 2292 4880 (Joau.
2338 4824 2450 4876 XIX,
2497 4807 2613 4878 30).
2644 4807 2779 4875 Quid
2828 4819 2928 4878 est,
2974 4809 3264 4882 Perfectum
3308 4812 3424 4867 est?
3464 4813 3584 4869 Jam
3632 4814 3698 4871 de

2109 4916 2359 4956 mensura
2388 4901 2694 4971 passionum
2738 4900 2871 4956 nihil
2900 4902 3028 4957 mihi
3059 4903 3243 4970 deest;
3271 4905 3450 4960 omnia
3478 4921 3601 4978 qum
3629 4906 3698 4964 de

2109 5009 2197 5050 me
2245 4992 2495 5064 praedicta
2544 5001 2694 5060 sunt,
2746 4995 3009 5065 completa
3059 5007 3186 5053 sunt
3225 5015 3238 5052 :
3282 5005 3530 5070 tanquam
3577 5000 3697 5056 ideo

2110 5096 2447 5158 exspectaret
2475 5095 2532 5142 ut
2562 5087 2978 5160 complerentur.
3007 5088 3137 5158 Quis
3159 5099 3240 5147 est
3265 5092 3352 5162 qui
3381 5092 3459 5147 sic
3489 5091 3696 5163 profici-

2110 5189 2307 5247 scatur,
2339 5178 2606 5251 quomodo
2633 5178 2722 5236 ille
2751 5179 2818 5236 de
2860 5195 3088 5252 corpore
3133 5197 3380 5253 egressus
3427 5185 3546 5240 est?
3589 5182 3695 5240 Sed

2110 5273 2229 5345 quis
2258 5282 2340 5329 est
2363 5273 2451 5342 qui
2483 5273 2585 5329 hoc
2611 5273 2818 5344 potuit?
2854 5273 2954 5344 Qui
2984 5276 3156 5346 primo
3193 5275 3438 5332 dixerat:
3478 5295 3498 5329 ι
3535 5276 3696 5335 Pctc-

2111 5373 2304 5420 statem
2343 5365 2512 5421 habeo
2540 5365 2768 5436 ponendi
2802 5366 3031 5421 animam
3073 5382 3270 5434 meam,
3299 5377 3351 5423 et
3380 5377 3695 5439 potestatem

2111 5457 2285 5513 habeo
2327 5457 2516 5513 iterum
2549 5457 2792 5513 sumendi
2822 5473 2980 5514 eam:
3010 5473 3169 5515 nemo
3198 5459 3334 5516 tollit
3372 5476 3488 5516 eam
3517 5476 3546 5515 a
3574 5476 3690 5521 me:

2115 5549 2210 5606 sed
2236 5565 2336 5620 ego
2366 5565 2507 5619 pono
2535 5565 2698 5604 cama
2730 5565 2836 5617 me,
2872 5560 2928 5606 et
2971 5550 3164 5608 iterum
3194 5568 3348 5609 sumo
3377 5569 3494 5610 eam
3530 5573 3549 5607 ›
3585 5552 3691 5625 (Id.

2113 5660 2169 5712 Χ,
2203 5644 2289 5708 l7,
2338 5643 2450 5717 18).
2496 5644 2679 5700 Posuit
2721 5644 2932 5716 quando
2975 5645 3175 5715 voluit;
3221 5649 3449 5718 sumpsit
3485 5647 3695 5721 quando

2114 5737 2279 5796 voluit
2307 5754 2320 5791 ε
2354 5751 2511 5793 nemo
2539 5737 2775 5806 abstulit,
2808 5753 2968 5795 nemo
3009 5741 3253 5797 extorsit.
3298 5738 3441 5816 Ergo
3469 5741 3696 5818 impletas

2188 5854 2205 5888 ι
2231 5857 2306 5905 ει.
2333 5859 2384 5906 et
2407 5848 2525 5908 odit.
2550 5857 2737 5910 veneta
2752 5863 2851 5909 non
2865 5849 3068 5921 habent,
3083 5865 3153 5910 se.
3249 5863 3310 5910 ιι.
