4132 6460
455 384 589 441 1⁵07
1678 364 1735 421 S.
1778 359 2051 422 AUGUST

2183 354 2490 416 EPISCOPI
3600 351 3724 411 1108

452 495 718 553 fundavit.
748 490 1027 564 Quomodo
1048 490 1103 545 in
1130 500 1191 544 ea
1214 486 1383 542 factus
1407 490 1506 549 est,
1541 490 1594 538 et
1620 481 1736 552 ipse
1762 494 1882 535 eam
1913 478 2035 533 fun-

452 588 634 646 davit?
662 586 730 644 Ut
752 587 807 642 in
832 600 895 640 ea
923 582 1072 638 fieret
1092 580 1271 644 homo,
1290 578 1398 646 jam
1423 573 1634 649 fundata
1667 580 1800 631 erat.
1833 571 1922 626 Sic
1950 570 2033 624 in-

455 683 654 754 tellige,
682 681 727 736 si
749 688 916 753 potes.
938 675 1165 737 Etenim,
1189 670 1355 724 Mater
1376 668 1523 734 Sion,
1543 666 1671 729 dicet
1691 662 1841 730 ;sed,
1864 662 2033 727 homo,

455 776 623 835 Mater
643 774 792 840 Sion,
822 771 985 834 dicet;
1007 768 1154 821 homo
1184 772 1360 818 autem
1388 766 1551 834 factus
1602 768 1672 817 est
1710 759 1763 812 in
1799 774 1857 813 ea
1890 773 1906 810 :
1933 756 2039 821 ipse

455 880 633 927 autem
672 865 900 939 fundavit
946 877 1086 929 eam,
1118 874 1222 915 non
1256 857 1438 922 homo,
1476 854 1567 919 sed
1596 853 1901 911 Altissimus.
1952 849 2043 903 Sic

455 962 695 1019 fundavit
715 957 979 1014 civitatem
1006 955 1058 1009 in
1089 968 1194 1026 qua
1231 958 1539 1013 nasceretur
1558 990 1573 1015 ,
1602 944 1867 1019 quomodo
1893 958 2042 1000 crea-

453 1059 531 1113 vit
559 1066 801 1121 matrem,
826 1051 893 1108 de
919 1065 1021 1122 qua
1055 1055 1379 1103 nasceretur.
1405 1043 1538 1113 Quid
1565 1052 1647 1099 est
1675 1041 1795 1106 hoc,
1817 1036 2043 1093 fratres?

454 1148 650 1217 Quales
693 1144 1106 1217 promissiones,
1134 1146 1385 1211 quantam
1417 1151 1565 1206 spem
1609 1132 1881 1191 tenemus!
1908 1130 2045 1185 Ecce

456 1249 674 1311 propter
700 1254 798 1293 nos
828 1234 1130 1290 Altissimus
1159 1231 1245 1303 qui
1276 1227 1512 1297 fundavit
1535 1225 1825 1289 civitatem,
1855 1220 2043 1286 Mater,

458 1310 581 1387 dicit
606 1331 705 1402 ipsi
735 1328 971 1393 civitati;
1002 1333 1056 1381 et
1095 1323 1244 1376 homo
1274 1321 1325 1375 in
1354 1336 1411 1385 ea
1442 1322 1605 1389 [actus
1644 1323 1735 1380 est,
1777 1322 1822 1369 et
1848 1310 2048 1371 Altissi-

459 1442 569 1479 mus
599 1439 708 1477 eam
738 1419 965 1491 fraudavit
980 1460 984 1467 ν

531 1515 587 1570 8.
628 1513 774 1588 [vers
800 1510 879 1583 6.]
900 1509 1058 1577 Quasi
1086 1506 1370 1571 diceretur,
1397 1501 1549 1559 Unde
1576 1500 1674 1554 ista
1704 1497 1883 1554 scitis?
1913 1494 2049 1552 Can-

462 1608 691 1663 tavimns
725 1605 741 1636 ¹
772 1605 886 1658 hinc
937 1614 1145 1666 omnes,
1174 1607 1229 1653 et
1271 1605 1451 1653 cantat
1499 1594 1660 1648 homo
1705 1592 1757 1645 in
1802 1589 2049 1666 omnibus

459 1699 707 1759 Christus
731 1714 743 1751 :
774 1695 935 1750 homo
963 1664 1177 1764 propter
1200 1704 1316 1758 nos,
1338 1690 1479 1744 Deus
1499 1696 1622 1747 ante
1652 1700 1767 1743 nos.
1792 1681 1897 1739 Sed
1922 1664 2050 1754 quid

459 1808 709 1866 magnum
740 1799 863 1846 ante
902 1787 1037 1843 nos?
1064 1788 1203 1841 Ante
1233 1794 1429 1840 terram
1456 1791 1510 1838 et
1552 1780 1765 1846 etelnm,
1795 1786 1917 1834 ante
1945 1791 2048 1833 sae-

460 1886 602 1943 cula.
626 1885 723 1939 Hic
759 1897 885 1954 ergo
914 1878 1073 1935 homo
1103 1886 1320 1949 propter
1359 1890 1456 1930 nos
1501 1874 1667 1941 factus
1697 1872 1748 1925 in
1781 1885 1841 1925 ea
1864 1911 1879 1935 ,
1910 1867 2048 1924 idem

462 1981 577 2051 ipse
598 1976 904 2033 Altissimus
931 1971 1170 2028 fundavit
1199 1984 1338 2027 eam.
1364 1966 1519 2024 Unde
1546 1966 1645 2020 ista
1676 1960 1915 2021 scimus?
1940 1959 2051 2013 Do-

463 2072 630 2127 minus
650 2066 873 2124 narrabit
896 2068 917 2097 ’
943 2065 995 2119 in
1013 2063 1281 2134 Scriptura
1310 2058 1631 2131 populorum.
1670 2055 1781 2110 Hoc
1807 2053 1946 2107 enim
1969 2065 2054 2107 se-

463 2165 645 2236 quitur
674 2163 724 2216 in
746 2159 959 2216 Psalmo
989 2175 1001 2213 :
1034 2155 1199 2211 Mater
1243 2153 1404 2222 Sion,
1434 2152 1562 2205 dicet
1591 2150 1779 2214 homo;
1811 2156 1856 2201 et
1904 2146 2052 2199 homo

464 2259 629 2327 {actus
655 2263 723 2308 est
748 2253 799 2305 in
816 2268 894 2315 ea,
922 2258 967 2303 et
982 2251 1087 2321 ipse
1122 2246 1351 2320 {undavit
1384 2260 1493 2299 eam
1536 2241 1843 2296 Altissimus.
1880 2236 2057 2292 Darni-

465 2365 561 2402 nus
617 2343 840 2399 narrabit
887 2342 939 2395 in
979 2340 1250 2410 Scriptura
1297 2337 1603 2408 papulorum
1650 2340 1696 2403 et
1744 2330 2050 2402 principum.

465 2442 701 2509 Quorum
753 2432 1089 2506 principum?
1135 2431 1332 2485 Horum
1389 2426 1477 2501 qui
1517 2426 1637 2480 facti
1694 2432 1816 2478 sunt
1855 2422 1908 2476 in
1965 2435 2051 2477 ea.

465 2532 737 2602 Principes
760 2529 849 2600 qui
877 2526 995 2581 facti
1017 2533 1143 2581 sunt
1182 2524 1234 2579 in
1262 2537 1344 2586 ea,
1379 2522 1435 2575 in
1463 2536 1523 2575 ea
1568 2517 1692 2572 facti
1718 2525 1841 2585 sunt
1864 2513 2056 2585 princi-

467 2641 560 2697 pes
592 2643 605 2679 :
638 2638 757 2677 nam
789 2629 1070 2690 antequam
1102 2617 1153 2670 in
1195 2630 1255 2669 ea
1292 2614 1482 2669 tierent
1513 2610 1781 2681 principes
1801 2650 1815 2673 ,
1843 2606 2053 2677 ahjecta

466 2717 648 2774 mundi
676 2715 837 2785 elegit
866 2714 1037 2776 Deus,
1080 2719 1137 2765 ut
1165 2705 1519 2764 confunderet
1563 2703 1737 2757 fortia.
1789 2697 2057 2768 Numquid

468 2810 713 2881 princeps
768 2802 1043 2876 piscator?
1101 2799 1354 2869 numquid
1400 2796 1647 2866 princeps
1698 2790 2056 2865 publicanus?

466 2903 740 2971 Principes
767 2899 955 2967 plane;
982 2894 1078 2950 sed
1096 2893 1217 2965 quia
1248 2891 1371 2946 facti
1389 2898 1513 2944 sunt
1542 2890 1595 2943 in
1616 2902 1697 2942 ea.
1730 2885 1925 2954 Quales
1970 2881 2058 2937 isti

468 2990 775 3064 principes?
802 2988 1072 3043 Venerunt
1101 2985 1167 3039 de
1198 2982 1471 3054 Babylone
1502 2980 1767 3050 principes
1788 3020 1802 3044 ,
1835 2974 2059 3030 creden-

467 3092 549 3140 tes
592 3083 658 3137 de
682 3080 878 3135 smeulo
913 3077 1180 3147 principes
1202 3079 1459 3129 venerunt
1485 3070 1552 3125 ad
1592 3069 1778 3124 urbem
1810 3067 2055 3131 Romam,

466 3177 617 3249 quasi
647 3183 803 3246 caput
826 3170 1139 3243 Babylonis;
1167 3183 1270 3224 non
1307 3166 1483 3222 ierunt
1508 3162 1575 3218 ad
1605 3161 1858 3233 templum
1886 3158 2059 3229 impe-

467 3268 681 3334 ratoris,
710 3264 803 3319 sed
829 3262 895 3319 ad
924 3260 1236 3317 memoriam
1264 3256 1569 3313 Piscatoris.
1604 3253 1751 3312 Unde
1791 3251 1933 3307 enim
1972 3251 2060 3305 isti

470 3356 779 3430 principes?
815 3354 1029 3409 Infirma
1058 3350 1241 3407 mundi
1266 3349 1426 3419 elegit
1474 3348 1635 3414 Deus,
1667 3354 1724 3401 ut
1770 3342 2062 3400 cenfundat

469 3451 655 3506 fortia:
675 3459 727 3503 et
749 3446 996 3519 ignobilia
1018 3444 1177 3515 elegit
1202 3444 1635 3511 Deus,eteaqu:e
1661 3454 1766 3493 non
1795 3447 1917 3492 sunt
1940 3445 2058 3489 tan~

470 3558 629 3614 quam
654 3556 773 3612 quae
800 3547 942 3605 sunt,
964 3546 1020 3592 ut
1040 3553 1159 3609 quae
1184 3542 1307 3593 sunt
1332 3544 1654 3589 evacuentur
1681 3529 1724 3599 (Ι
1754 3528 1870 3584 Cor.
1900 3545 1937 3593 ι,
1963 3527 2057 3595 27,

468 3637 585 3708 28).
605 3637 715 3691 Hoc
733 3634 857 3705 facit
876 3633 962 3702 qui
984 3630 1139 3701 erigit
1157 3629 1225 3685 de
1251 3637 1389 3683 terra
1414 3627 1645 3696 inepem,
1664 3632 1717 3679 et
1737 3623 1805 3679 de
1825 3632 2061 3678 stercore

470 3729 667 3785 exaltat
693 3739 1000 3797 pauperem.
1031 3721 1228 3792 thuid
1244 3720 1436 3790 erigit?
1457 3718 1524 3774 Ut
1539 3717 1765 3772 collocet
1787 3731 1907 3770 eum
1936 3729 2059 3769 cum

471 3818 829 3895 principibus,
860 3830 979 3871 cum
1010 3812 1339 3886 principibus
1366 3809 1544 3882 populi
1566 3810 1645 3862 sui
1665 3805 1832 3878 (Psat.
1858 3821 1983 3870 exn,
2002 3805 2055 3872 7,

472 3911 550 3983 8).
581 3911 765 3982 Magna
785 3922 889 3973 res,
910 3920 1157 3977 magnum
1189 3903 1459 3975 gaudium,
1482 3915 1669 3970 magna
1685 3898 1886 3953 laetitia.
1907 3896 2059 3956 Post-

471 4022 535 4063 ea
551 4013 811 4062 venerunt
841 4003 896 4057 in
921 4001 1057 4056 hanc
1069 3999 1335 4055 civitatem
1350 4004 1404 4052 et
1424 4002 1694 4059 oratores;
1718 3990 1811 4046 sed
1840 4006 1943 4043 non
1964 4004 2058 4043 ve—

471 4099 647 4154 nirent
660 4097 763 4153 nisi
780 4093 1146 4167 praecederent
1166 4090 1475 4161 piscatores.
1495 4085 1677 4158 Magna
1692 4084 1804 4138 haec
1820 4100 1834 4149 ;
1859 4081 1951 4137 sed
1969 4080 2060 4136 ubi

470 4191 589 4248 haec
612 4231 629 4257 ,
660 4189 762 4244 nisi
788 4188 839 4242 in
868 4186 958 4240 illa
997 4185 1209 4240 civitate
1254 4182 1378 4247 Dei,
1405 4181 1472 4235 de
1522 4193 1623 4249 qua
1678 4174 2059 4251 gloriosissima

474 4282 614 4340 dicta
640 4288 783 4335 sunt.

548 4374 600 4430 9.
626 4371 777 4447 [vers.
801 4368 881 4441 7.]
926 4366 1073 4447 ideo,
1101 4362 1303 4420 collatis
1349 4357 1598 4417 omnibus
1650 4356 1854 4428 gaudiis
1901 4364 2061 4426 atque

475 4445 737 4529 conﬂatis,
781 4445 1316 4531 quomodo‘clausit?
1354 4450 1619 4521 Tanquam
1660 4447 2061 4521 jucundatorum

476 4557 701 4614 omnium
762 4550 1005 4607 habitatio
1076 4548 1129 4602 in
1176 4554 1241 4599 te.
1314 4544 1587 4613 Tanquam
1647 4539 2059 4611 jucundatorum

475 4647 734 4707 habitatio
801 4643 1039 4700 omnium
1101 4637 1508 4711 jucundatorum
1557 4633 1610 4688 in
1670 4632 1771 4687 hac
1825 4630 2057 4686 civitate.

474 4743 535 4799 In
590 4737 1015 4813 peregrinatione
1068 4735 1167 4789 ista
1218 4729 1546 4787 conterimur
1594 4744 1608 4782 :
1657 4725 1913 4781 habitatio
1963 4739 2061 4779 no-

474 4845 606 4902 stra,
626 4831 929 4904 jucunditas
980 4830 1091 4884 sola
1146 4826 1265 4882 erit.
1290 4823 1489 4879 Peribit
1525 4821 1675 4877 labor
1698 4829 1753 4875 et
1783 4818 2013 4890 gemitus
2040 4835 2055 4883 ;

475 4932 755 4982 transeunt
781 4922 1049 4978 orationes
1069 4961 1084 4986 ,
1116 4915 1409 4973 succedunt
1447 4912 1797 4968 laudationes.
1826 4908 1903 4965 lbi
1931 4925 2059 4981 ergo

476 5016 730 5073 habitatio
751 5010 1186 5084 jucundatorum,
1217 5022 1326 5063 non
1363 5005 1465 5061 erit
1492 5004 1719 5075 gemitus
1746 5001 2057 5058 desideran-

474 5108 629 5171 tium,
661 5104 757 5161 sed
784 5104 965 5159 laetitia
996 5099 1394 5173 perfruentium.
1419 5094 1604 5151 Aderit
1623 5094 1764 5151 enim
1782 5094 1867 5149 cui
1898 5093 2057 5148 modo

476 5198 841 5269 suspiramus;
878 5193 1082 5249 similes
1123 5193 1171 5248 ei
1208 5191 1440 5256 erimus,
1486 5188 1735 5260 quoniam
1763 5186 2057 5242 videbimus

475 5306 595 5347 eum
628 5287 785 5345 sicuti
813 5295 897 5341 est
919 5285 965 5356 (ι
992 5283 1150 5340 Ιοαη.
1200 5300 1275 5351 ιιι,
1306 5283 1344 5338 2
1364 5282 1422 5354 ):
1453 5281 1524 5336 ibi
1571 5289 1740 5336 totum
1787 5280 2055 5351 negotium

474 5391 716 5439 nostrum
744 5393 849 5435 non
878 5378 1012 5444 erit,
1042 5376 1145 5432 nisi
1174 5375 1390 5431 laudare
1412 5375 1601 5441 Deum,
1627 5382 1680 5430 et
1708 5373 1808 5428 frui
1833 5374 1959 5427 Deo.
1991 5372 2057 5428 Et

474 5476 598 5548 quid
627 5472 774 5531 aliud
808 5484 1111 5544 quaeremus
1133 5511 1149 5538 ,
1174 5468 1267 5523 ubi
1306 5468 1449 5523 solus
1478 5466 1709 5533 sufficit,
1765 5481 1861 5537 per
1897 5480 2055 5537 quem

473 5572 610 5627 faeta
630 5577 754 5626 sunt
773 5566 989 5624 omnia?
1015 5562 1383 5620 Habitabimur
1417 5570 1471 5617 et
1497 5560 1851 5616 habitabimus
1884 5576 1897 5611 :
1929 5559 2057 5614 sub-

468 5667 721 5739 jieicntur
758 5663 832 5719 illi
876 5661 1073 5725 omnia,
1106 5666 1165 5715 ut
1206 5657 1273 5714 sit
1306 5657 1443 5712 Deus
1487 5656 1663 5711 omnia
1707 5654 1760 5708 in
1809 5652 2057 5709 omnibus

540 5763 550 5789 ι
575 5764 645 5806 sic
668 5753 851 5811 aliquot
872 5761 977 5805 Mss.
1002 5759 1061 5803 At
1080 5750 1215 5811 Edd.,
1242 5745 1557 5811 catuabmuts.

538 5825 557 5853 π
580 5804 1033 5869 sicmeiioresatss.
1055 5804 1343 5879 juxta'Lxx.
1378 5816 1433 5861 At
1456 5806 1824 5871 wd.,narravit
1859 5805 1913 5858 in
1933 5804 2058 5858 scri-

474 5882 643 5953 muris.

2150 470 2210 543 (ι
2253 469 2371 526 Cor.
2401 484 2488 533 xv,
2516 466 2587 523 28
2680 466 2825 521 Beati
2845 480 2971 537 ergo
2996 466 3083 537 qui
3111 465 3337 521 habitant
3365 466 3418 523 in
3442 464 3592 521 domo
3622 474 3725 533 tua.

2145 562 2299 620 Unde
2316 562 2480 617 beati?
2494 559 2747 616 [iubendo
2764 558 3224 627 aurum,habendo
3240 566 3731 630 argentum,nume-

2146 668 2322 709 rosam
2344 652 2614 715 familiam,
2636 650 2979 720 multiplicem
3004 648 3398 720 prolemiUnde
3411 649 3576 705 beati?
3594 648 3732 706 Beati

2147 748 2232 818 qui
2248 745 2474 800 habitant
2489 748 2541 799 in'
2556 744 2705 799 domo
2737 755 2821 798 tua
2834 759 2854 808 ;
2874 744 2927 799 in
2942 744 3129 799 stecula
3138 743 3438 798 saeculorum
3460 742 3733 799 laudabunt

2151 849 2198 896 te
2237 838 2406 912 (Psal.
2445 854 2672 903 Lxxxm,
2697 837 2773 907 5).
2811 836 2925 894 [loc
2971 853 3076 892 uno
3104 836 3245 893 beati
3274 836 3445 892 otioso
3492 838 3725 908 negotio.

2150 933 2261 989 Hoc
2288 947 2413 1003 ergo
2442 946 2604 986 unum
2629 928 3017 997 desideremus,
3046 930 3254 995 fratres,
3286 943 3407 984 cum
3434 929 3734 987 venerimus

2150 1026 2216 1081 ad
2264 1026 2395 1092 hoe;
2446 1040 2543 1079 nos
2587 1039 2835 1095 paremus
2883 1022 3115 1094 gaudere
3164 1022 3231 1078 ad
3283 1023 3472 1089 Deum,
3523 1022 3736 1080 laudare

2152 1120 2340 1176 Deum.
2373 1118 2544 1190 Opera
2575 1118 2712 1174 bona
2738 1132 2856 1189 qum
2878 1116 3038 1173 modo
3066 1132 3164 1173 nos
3189 1117 3504 1186 perducunt,
3534 1132 3639 1171 non
3666 1116 3736 1173 ibi

2152 1222 2329 1270 erunt.
2360 1212 2603 1269 Diximus
2641 1220 2697 1267 et
2740 1210 2991 1268 hesterno
3029 1209 3117 1267 die
3151 1207 3250 1283 (α),
3281 1218 3535 1283 quantum
3562 1209 3737 1280 potui-

2153 1323 2303 1379 mus;
2333 1322 2439 1363 non
2468 1306 2537 1361 ibi
2566 1314 2723 1363 erunt
2744 1318 2907 1376 opera
2932 1303 3331 1367 misericordias,
3357 1300 3449 1359 ubi
3474 1303 3617 1358 nulla
3641 1303 3739 1360 erit

2154 1399 2368 1454 miseria
2394 1416 2405 1451 :
2437 1409 2683 1471 egentem
2704 1413 2808 1452 non
2835 1396 3093 1461 invenies,
3119 1395 3321 1455 nudum
3346 1409 3455 1452 non
3482 1395 3736 1462 invenies,

2155 1507 2315 1548 nemo
2364 1491 2457 1547 tibi
2500 1497 2748 1547 occurret
2797 1489 3004 1554 sitiens,
3053 1487 3227 1545 nullus
3268 1488 3576 1560 peregrinus
3621 1488 3737 1553 erit,

2156 1585 2332 1641 nullus
2378 1591 2609 1654 tegrotus
2652 1596 2809 1655 quem
2852 1580 3051 1647 visites,
3101 1579 3276 1647 nullus
3311 1588 3554 1639 mortuus
3587 1595 3741 1652 quem

2155 1675 2402 1747 sepelias,
2432 1673 2605 1731 nullus
2631 1672 2956 1743 litigatorum
2980 1669 3118 1726 inter
3148 1684 3283 1742 quos
3311 1684 3495 1740 pacem
3526 1685 3744 1741 compo-

2157 1745 2269 1823 nas.
2305 1765 2439 1834 Quid
2478 1764 2714 1819 facturus
2740 1764 2835 1819 es?
2862 1764 2945 1817 An
2982 1762 3117 1827 forte
3145 1772 3362 1833 propter
3403 1745 3749 1819 necessitates

2156 1862 2395 1931 corporis
2424 1858 2590 1915 nostri
2616 1857 3021 1924 novellabimus,
3044 1864 3100 1913 et
3118 1857 3407 1925 arabimus,
3430 1865 3486 1912 et
3513 1859 3747 1928 negotia-

2158 1955 2352 2019 bimnr,
2382 1961 2436 2008 et
2469 1950 2967 2022 peregrinabitnur?
2993 1948 3180 2021 Magna
3209 1949 3284 2005 ibi
3310 1949 3463 2021 quies
3492 1967 3504 2002 :
3532 1965 3653 2003 nam
3677 1949 3749 2007 ibi

2157 2046 2337 2102 omnia
2364 2060 2544 2115 Opera.
2577 2059 2695 2115 quae
2742 2042 3032 2099 necessitas
3074 2041 3294 2112 flagitat,
3341 2042 3749 2110 subtrahentur;

2160 2147 2367 2196 mortua
2396 2138 2736 2205 necessitate,
2767 2136 3014 2215 peribunt
3036 2150 3198 2206 opera
3228 2135 3581 2192 necessitatis.
3615 2134 3753 2203 Quid

2159 2249 2286 2306 ergo
2322 2232 2464 2289 erit?
2506 2229 2781 2307 Quomodo
2826 2230 3016 2300 potuit,
3063 2226 3206 2283 dixit
3253 2227 3428 2298 lingua
3474 2227 3751 2282 humana:

2163 2329 2427 2399 Tanquam
2453 2324 2861 2398 jucundatorum
2905 2322 3133 2379 omnium
3157 2320 3398 2396 habitatio
3436 2321 3489 2377 in
3519 2328 3582 2374 te.
3616 2320 3755 2387 Quid

2159 2431 2262 2489 est,
2292 2419 2567 2492 tanquam?
2591 2431 2776 2488 quare,
2805 2414 3084 2487 tanquam?
3110 2411 3246 2481 Quia
3275 2412 3397 2467 talis
3426 2412 3497 2471 ibi
3535 2411 3638 2467 erit
3663 2411 3756 2482 ju-

2160 2513 2422 2580 cunditas,
2452 2510 2663 2582 qualem
2698 2508 2783 2563 hic
2812 2522 2915 2563 non
2962 2505 3224 2561 novimus.
3259 2502 3421 2561 Video
3453 2503 3538 2559 hic
3563 2502 3756 2559 multas

2156 2606 2538 2679 jucunditates,
2583 2612 2637 2667 et
2685 2600 2834 2657 multi
2878 2599 3110 2672 gaudent.
3138 2598 3192 2653 in
3239 2598 3454 2663 smculo,
3482 2597 3571 2652 alii
3608 2596 3755 2664 hinc,

2162 2703 2250 2759 alii
2280 2701 2438 2766 inde;
2465 2708 2518 2755 et
2557 2712 2662 2753 non
2692 2694 2938 2766 estquod
2980 2692 3056 2748 illi
3083 2691 3277 2765 gaudio
3301 2680 3629 2760 eamparem,
3660 2689 3757 2745 sed

2164 2806 2414 2866 tanquam
2454 2788 2759 2862 jucunditas
2787 2788 2907 2844 erit.
2938 2785 3071 2843 Nam
3106 2785 3152 2840 si
3180 2784 3375 2852 dicam,
3403 2783 3756 2849 Jucunditas;

2163 2887 2346 2957 incipit
2368 2882 2569 2939 homini
2590 2895 2874 2937 occurrere
2900 2879 3019 2933 talis
3036 2878 3360 2950 jucunditas,
3384 2876 3595 2949 qualem
3621 2876 3759 2933 solet

2165 2979 2364 3036 habere
2392 2978 2447 3033 in
2481 2975 2701 3046 poeulis,
2734 2974 2787 3028 in
2816 2972 3075 3045 prandiis,
3109 2971 3163 3026 in
3182 2969 3425 3037 avaritia,
3459 2969 3512 3024 in
3538 2968 3758 3027 honori-

2164 3070 2263 3127 bus
2282 3068 2480 3126 saeculi.
2517 3066 2858 3123 Extolluntur
2885 3065 3025 3120 enim
3055 3063 3319 3129 homines,
3342 3070 3397 3117 et
3416 3061 3597 3117 laetitia
3624 3076 3761 3133 qua-

2164 3162 2286 3217 dam
2318 3160 2586 3216 insaniunt
2617 3177 2629 3212 :
2664 3158 2757 3214 sed
2786 3173 2888 3213 non
2923 3165 2993 3211 est
3021 3156 3242 3227 gaudere
3274 3154 3465 3225 impiis,
3494 3154 3623 3208 dicit
3652 3154 3761 3210 D0-

2164 3255 2339 3311 minus
2369 3253 2519 3328 (Isai.
2552 3268 2733 3321 nvtn,
2783 3250 2874 3315 22,
2916 3266 3015 3305 sec.
3059 3247 3246 3320 LXX).
3278 3248 3372 3304 Est
3396 3247 3645 3320 quadam
3677 3249 3762 3319 ju-
3814 3278 3821 3286 -

2165 3348 2406 3403 ennditas
2427 3361 2584 3418 quam
2613 3360 2711 3401 nec
2737 3344 2922 3400 oculus
2943 3341 3093 3408 vidit,
3122 3355 3219 3398 nec
3243 3340 3388 3407 auris
3406 3338 3627 3409 audivit,
3660 3356 3762 3398 nec

2165 3441 2217 3495 in
2262 3455 2355 3495 cor
2388 3437 2619 3492 hominis
2662 3433 2907 3497 ascendit
2945 3432 2990 3505 (l
3020 3431 3136 3487 Cor.
3168 3446 3227 3499 ll,
3267 3430 3345 3502 9).
3377 3429 3644 3503 Tanquam
3679 3433 3762 3496 iu-

2164 3534 2495 3589 cundatorum
2526 3529 2751 3584 omnium
2776 3526 3018 3581 habitatio
3040 3526 3092 3579 in
3118 3536 3185 3578 te.
3214 3523 3296 3580 Ad
3332 3522 3474 3579 aliud
3503 3522 3763 3594 gaudium

2165 3640 2264 3687 nos
2288 3639 2569 3695 paremus;
2595 3622 2717 3695 quia
2744 3620 2829 3675 hic
2860 3629 3111 3689 tanquam,
3142 3616 3313 3672 simile
3343 3614 3673 3683 invenimus,
3706 3624 3762 3671 et

2166 3736 2273 3777 non
2301 3727 2387 3776 est
2417 3719 2554 3773 hoc:
2588 3732 2655 3772 ne
2692 3714 2843 3786 quasi
2878 3725 3125 3785 paremus
3153 3725 3251 3766 nos
3295 3709 3486 3766 talibus
3531 3708 3603 3764 ibi
3630 3724 3760 3779 per-

2164 3815 2290 3880 frui,
2314 3813 2561 3884 qualibus
2585 3810 2671 3865 hic
2699 3807 3019 3880 gaudemus;
3048 3806 3281 3875 alioquin
3308 3803 3637 3859 continentia
3665 3819 3762 3860 no-

2166 3918 2274 3975 stra
2310 3906 2531 3971 avaritia,
2559 3905 2679 3959 erit.
2720 3904 2857 3959 Sunt
2888 3900 3028 3958 enim
3063 3898 3304 3963 homines
3334 3896 3422 3968 qui
3467 3896 3762 3953 invitantur

2166 4002 2237 4069 ad,
2275 4014 2483 4060 etaiam
2530 3998 2784 4069 opimam,
2819 3994 2908 4053 ubi
2951 3994 3119 4051 multa
3154 4002 3207 4053 et
3242 3991 3475 4062 pretiosa
3510 3991 3762 4065 ponenda

2165 4105 2320 4160 sunt;
2349 4109 2454 4150 non
2480 4091 2745 4169 prandent
2775 4108 2787 4143 :
2815 4090 2925 4160 jam
2946 4088 2990 4143 si
3020 4100 3227 4159 quaeras
3255 4086 3323 4147 ab
3351 4084 3430 4143 eis
3454 4098 3620 4154 quare
3652 4101 3759 4141 non

2167 4187 2481 4259 prandeant,
2503 4183 2924 4256 (b)Jejnnamus.
2953 4179 3201 4250 Magnum
3223 4190 3375 4257 opus,
3405 4174 3761 4237 christianum

2167 4294 2299 4350 opus
2324 4277 2607 4347 jejunium.
2633 4272 2748 4328 Noli
2775 4273 2880 4327 cito
2906 4269 3122 4341 laudare
3148 4287 3162 4323 :
3186 4283 3365 4340 quaere
3388 4282 3635 4333 causam;
3668 4283 3761 4325 ne-

2166 4371 2364 4438 gotium
2392 4368 2593 4431 ventris
2613 4366 2806 4439 agitur,
2836 4379 2942 4420 non
2964 4362 3253 4435 religionis.
3276 4360 3451 4430 Quare
3472 4360 3761 4431 jejunant?

2166 4462 2243 4517 Ne
2266 4472 2503 4517 ventrem
2536 4462 2908 4530 praeoccupent
2936 4454 3078 4521 vilia,
3124 4461 3179 4510 et
3207 4468 3311 4521 non
3352 4451 3519 4523 possit
3554 4450 3758 4508 admit-

2169 4566 2279 4611 tere
2297 4554 2551 4627 pretiosa.
2581 4552 2719 4622 Ergo
2746 4547 3013 4619 negotium
3040 4543 3267 4619 gutturis
3292 4544 3428 4617 gerit
3454 4545 3509 4603 in
3522 4543 3755 4614 jejunio.

2166 4647 2349 4719 Magna
2375 4660 2462 4716 res
2487 4643 2665 4714 utique
2688 4638 2947 4712 jejunium
2979 4654 2991 4691 :
3015 4644 3201 4692 contra
3228 4642 3463 4691 ventrem
3493 4642 3547 4690 et
3571 4644 3758 4705 guttur

2168 4747 2395 4811 pugnat;
2428 4733 2715 4807 aliquando
2743 4732 2845 4786 illis
2869 4729 3081 4785 militat.
3110 4728 3313 4799 Itaque,
3343 4726 3532 4782 fratres
3553 4728 3685 4792 mei,
3710 4727 3755 4785 si

2167 4830 2364 4902 putatis
2405 4825 2603 4898 aliquid
2636 4823 2738 4878 tale
2780 4821 3052 4877 habituros
3096 4834 3194 4874 nos
3232 4818 3285 4872 in
3317 4817 3405 4872 illa
3444 4817 3640 4893 patria,
3689 4817 3754 4872 ad

2166 4938 2322 4994 quam
2352 4935 2449 4975 nos
2481 4918 2793 4973 exhortatur
2817 4913 2941 4968 tuba
2966 4911 3221 4981 caelestis,
3266 4918 3318 4966 et
3344 4919 3629 4981 propterea
3661 4925 3755 4965 vos

2165 5033 2196 5073 a
2227 5014 2580 5088 praesentibus
2620 5008 2919 5074 abstinetis,
2954 5014 3011 5061 ut
3036 5006 3147 5060 illic
3173 5004 3295 5059 talia
3321 5003 3590 5073 copiosius
3620 5004 3755 5059 reci-

2166 5110 2350 5182 piatis;
2393 5109 2470 5162 sic
2512 5104 2639 5160 estis
2685 5100 2954 5173 quomodo
3004 5098 3083 5153 illi
3120 5098 3208 5170 qui
3244 5096 3485 5167 jejunant
3532 5107 3755 5167 propter

2165 5203 2349 5277 epulas
2371 5200 2619 5270 majores,
2649 5206 2703 5254 et
2725 5196 3000 5251 continent
3026 5206 3085 5248 se
3110 5190 3314 5261 majore
3340 5189 3749 5245 incontinentia.

2164 5295 2335 5352 Nolite
2360 5306 2487 5363 ergo
2524 5290 2601 5345 sie
2630 5307 2644 5342 :
2673 5287 2742 5342 ad
2766 5284 2961 5357 aliquid
2990 5297 3088 5339 vos
3123 5280 3387 5337 ineffabile
3422 5290 3748 5351 praeparate;

2165 5386 2418 5447 mundate
2440 5399 2534 5441 cor
2557 5382 2625 5436 ab
2644 5378 2893 5436 omnibus
2913 5375 3283 5433 affectionibus
3310 5374 3500 5430 vestris
3523 5374 3751 5429 terrenis

2165 5484 2220 5533 et
2246 5468 2608 5529 saecularibus.
2637 5464 2813 5521 Visuri
2838 5476 3022 5518 sumus
3043 5460 3315 5532 quiddam,
3343 5474 3448 5531 quo
3468 5458 3583 5517 viso
3610 5457 3751 5512 beati

2166 5560 2385 5623 erimus,
2428 5562 2484 5610 et
2519 5553 2621 5607 hoc
2658 5550 2830 5606 solum
2861 5547 3014 5603 nobis
3040 5544 3286 5601 sufficiet.
3326 5543 3396 5599 Et
3437 5540 3603 5614 quid?
3639 5556 3749 5597 non

2168 5644 2644 5710 manducabimus?
2676 5643 2784 5698 lmo
2822 5638 3292 5709 mandueabimus;
3322 5644 3378 5694 et
3403 5636 3516 5708 ipse
3544 5635 3647 5692 erit
3674 5633 3749 5690 ci-

2232 5797 2306 5921 ξαζ
2332 5803 2382 5845 tn
2403 5794 2707 5904 superiorem
2742 5788 2886 5850 Psal.,
2908 5802 2961 5839 n.
2987 5786 3067 5838 24.

2259 5859 2295 5921 υ
2339 5865 2464 5921 Supp
2486 5869 2532 5917 ε,
2559 5852 2860 5921 respondent.

2339 5852 2532 5923 Suppic,
2559 5852 2860 5927 respondent,
