4132 6458
341 342 493 404 1109

334 459 446 517 bus
476 466 695 531 noster,
731 457 825 530 qui
848 464 905 514 et
940 455 1171 525 reﬁciat,
1193 463 1249 512 et
1282 469 1389 523 non
1415 452 1645 511 deﬁciat.
1678 452 1943 524 Tanquam

327 554 750 627 iucundatorum
782 552 1007 621 omnium
1035 548 1278 617 habitatio
1306 548 1361 603 in
1390 558 1456 602 te.
1489 544 1605 613 Jan;
1637 545 1834 603 dictum
1862 552 1945 604 est

334 644 491 707 unde
516 643 929 716 jucundabimur
956 660 970 697 :
998 640 1144 696 Beati
1182 640 1267 711 qui
1294 638 1521 694 habitant
1556 638 1612 692 in
1640 637 1789 693 domo
1817 647 1907 703 tua
1924 654 1943 701 ,-

332 736 391 795 ἱη
418 735 616 797 casula
644 736 949 803 mulorum
976 731 1256 789 laudabunt
1277 741 1341 785 te.
1376 730 1677 799 Laudemus
1704 738 1759 786 et
1784 729 1943 785 modo

334 827 661 893 Dominum,
710 835 969 899 quantum
1015 836 1321 896 possumus,
1384 820 1565 885 mixtis
1614 820 1937 893 gemitibus;

332 922 469 994 quia
496 921 767 990 laudando
801 936 925 989 eum
951 918 1321 985 desideramus
1347 930 1491 982 eum,
1522 923 1579 971 et
1598 913 1834 973 nondum
1860 922 1941 981 te-

331 1029 544 1083 nemus
572 1032 585 1070 :
614 1029 737 1071 cum
759 1011 1107 1079 tenuerimus,
1131 1008 1473 1077 subtrahetur
1496 1006 1672 1064 omnis
1688 1005 1939 1078 gemitus,

332 1116 395 1165 et
414 1107 726 1169 remanebit
743 1106 859 1165 sola
880 1114 937 1175 et
961 1118 1093 1177 pm
1108 1109 1164 1167 et
1184 1111 1386 1172 aeterna
1407 1099 1657 1171 laudatio.
1686 1098 1941 1167 Conversi

331 1199 409 1256 ad
434 1200 747 1269 Dominum.

724 1409 806 1471 IN
848 1406 1231 1471 PSALMUM
1273 1405 1634 1467 LXXXVII

889 1529 1289 1591 ENARRATIO
1327 1528 1427 1601 (a).

409 1649 463 1704 1.
498 1647 655 1723 [uera
687 1646 764 1720 1.]
793 1646 988 1703 Psalmi
1028 1644 1185 1716 hujus
1213 1642 1520 1716 octogesimi
1548 1649 1603 1699 et
1630 1640 1839 1712 septimi
1872 1639 1940 1694 ti-

336 1742 487 1798 tulus
520 1740 689 1797 habet
706 1738 907 1810 aliquid
923 1737 1069 1810 quod
1097 1752 1297 1799 novum
1324 1736 1594 1809 negotium
1624 1731 1939 1803 disputatori

333 1834 558 1891 all‘erat.
599 1832 874 1904 Nusquam
904 1832 1049 1888 enim
1078 1831 1307 1887 aliorum
1350 1828 1676 1899 psalmorum
1707 1826 1937 1896 positum

330 1935 418 1984 est
440 1925 598 1998 quod
627 1926 715 1981 hic
756 1924 950 1997 legitur
984 1940 997 1977 :
1035 1920 1138 1977 Pro
1174 1919 1363 1976 melech
1391 1919 1459 1972 ad
1505 1917 1934 1989 respondendum.

331 2016 468 2083 Nam
499 2016 579 2083 de
626 2015 840 2071 Psalmo
868 2012 1058 2073 cantici
1102 2020 1158 2068 et
1194 2011 1402 2067 cantico
1428 2009 1618 2080 psalmi
1662 2008 1792 2062 alias
1830 2006 1938 2077 iam

331 2110 461 2181 quid
493 2110 660 2165 nobis
697 2107 966 2164 videretur
991 2105 1222 2162 diximus
1242 2102 1313 2176 (ὁ)
1348 2120 1362 2158 :
1391 2110 1465 2168 et,
1496 2101 1617 2171 ﬁliis
1648 2100 1792 2166 Core,
1834 2100 1941 2154 usi-

333 2212 507 2258 tatum
555 2202 609 2269 in
647 2202 814 2256 titulis
841 2200 1166 2270 psalmorum
1214 2197 1613 2267 saepissimeque
1654 2200 1939 2248 tractatum

332 2304 435 2362 est,
465 2303 530 2351 et
556 2293 685 2366 quid
716 2293 802 2359 sit,
831 2293 883 2347 in
910 2292 1099 2362 ﬁnem;
1129 2289 1221 2345 sed
1250 2288 1391 2360 quod
1416 2288 1674 2359 sequitur,
1705 2285 1813 2341 Pro
1838 2300 1941 2341 me-

331 2388 443 2443 lech
468 2386 552 2441 ad
588 2385 1015 2457 respondendum,
1048 2385 1150 2438 hoc
1181 2382 1489 2436 inusitatum
1530 2379 1695 2436 habet
1740 2379 1839 2434 iste
1869 2378 1938 2433 ti-

333 2480 505 2537 tulus.
540 2475 649 2533 Pro
670 2478 858 2533 melech
886 2485 1086 2543 autem,
1110 2474 1273 2530 latine
1294 2488 1390 2544 pro
1415 2471 1580 2528 choro
1604 2471 1708 2527 dici
1730 2477 1937 2540 potest:

334 2570 543 2626 melecli
571 2570 716 2626 enim
754 2568 920 2625 verbo
951 2567 1174 2624 Hebraeo
1204 2564 1400 2629 chorus
1424 2562 1771 2634 signiﬁcatur.
1803 2559 1940 2629 Quid

334 2672 418 2719 est
444 2678 609 2735 ergo,
646 2661 748 2717 Pro
777 2660 941 2715 choro
968 2658 1036 2715 ad
1075 2656 1503 2729 respondendum
1530 2671 1544 2720 ;
1589 2654 1690 2709 nisi
1720 2652 1858 2709 forte
1886 2660 1943 2719 ut

335 2755 564 2813 canenti
612 2752 812 2810 chorus
855 2750 1203 2808 consonando
1244 2745 1596 2819 respondeat?
1642 2744 1791 2801 Sicut
1833 2759 1943 2800 non

336 2847 507 2904 istum
550 2845 749 2910 solum,
782 2842 874 2898 sed
922 2842 1054 2896 alios
1097 2854 1307 2910 quoque
1340 2837 1577 2909 psalmos
1618 2834 1940 2891 credendum

335 2948 420 2994 est
462 2951 599 2994 esse
640 2941 897 3001 cantatos,
932 2931 1173 3003 quamvis
1217 2929 1351 2984 alios
1396 2928 1578 2984 titulos
1603 2926 1938 2996 acceperint;

336 3029 482 3102 quod
516 3030 715 3084 factum
742 3026 991 3084 existimo
1017 3038 1177 3079 causa
1208 3022 1502 3088 varietatis,
1534 3035 1637 3091 qua
1670 3020 1941 3075 fastidium

300 3122 639 3195 _levaretur.
689 3118 804 3174 Non
852 3118 993 3173 enim
1039 3115 1183 3170 solus
1218 3114 1318 3170 iste
1354 3114 1593 3185 psalmus
1637 3111 1826 3182 dignus
1861 3118 1947 3166 est

340 3213 587 3277 habitus,
622 3211 711 3266 ubi
743 3207 1093 3281 responderet
1117 3205 1332 3272 chorus,
1365 3220 1485 3259 cum
1514 3203 1696 3274 utique
1736 3218 1842 3257 non
1873 3202 1945 3258 sit

339 3304 490 3360 solus
514 3302 591 3358 de
622 3300 832 3359 Domini
870 3299 1117 3371 passione
1141 3300 1499 3367 conscriptus.
1530 3296 1637 3350 Aut
1666 3294 1710 3348 si
1736 3302 1819 3350 est
1841 3294 1944 3348 alia

340 3412 504 3453 causa
566 3411 667 3451 cur
714 3402 857 3449 tanta
900 3392 972 3448 sit
1016 3390 1245 3446 varietas
1296 3390 1589 3453 titulorum,
1628 3402 1731 3458 qua
1780 3386 1947 3457 possit

341 3488 567 3546 ostendi
599 3488 671 3543 ita
695 3485 936 3542 Psalmos
962 3497 1152 3539 omnes
1179 3496 1297 3537 esse
1324 3488 1668 3551 praenotatos,
1695 3478 1784 3549 qui
1822 3484 1948 3532 sunt

340 3583 503 3639 aliter
532 3589 702 3651 atque
730 3577 884 3634 aliter
916 3575 1212 3647 prtenotati,
1247 3581 1304 3628 ut
1342 3573 1536 3629 nullius
1567 3571 1749 3625 titulus
1776 3569 1947 3623 valeat

340 3676 502 3733 alicui
532 3673 692 3730 alteri
719 3670 1040 3737 convenire;
1064 3683 1161 3740 ego
1190 3681 1325 3731 eam,
1357 3664 1549 3728 fateor,
1575 3677 1697 3718 cum
1723 3660 1946 3716 multum

344 3778 583 3826 conatus
628 3779 824 3832 essem,
858 3770 1139 3834 penetrare
1181 3775 1287 3815 non
1329 3758 1512 3829 potui:
1546 3764 1598 3811 et
1641 3756 1686 3810 si
1723 3752 1849 3825 quid
1878 3752 1948 3809 de

354 1356 407 1363 ,ηι-
470 1354 635 1363 λέάηςιμς

345 3862 445 3920 hac
472 3878 537 3918 re
570 3860 680 3932 legi
716 3859 785 3914 ab
827 3857 907 3913 eis
932 3855 1153 3923 dictum,
1199 3853 1289 3924 qui
1333 3862 1455 3907 ante
1483 3865 1583 3904 nos
1622 3849 1720 3903 ista
1750 3856 1947 3902 tracta-

344 3963 493 4021 runt,
526 3968 639 4008 non
665 3949 922 4007 satisfecit
942 3944 1346 4017 exspectationi,
1384 3944 1496 3997 sive
1528 3940 1761 3996 tarditati
1787 3953 1943 3993 meae.

346 4048 403 4104 In
455 4061 572 4119 quo
613 4045 773 4115 igitur
818 4040 1071 4114 mysterio
1116 4037 1317 4093 dictum
1358 4034 1489 4089 mihi
1540 4032 1800 4097 videatur,
1844 4030 1948 4084 Pro

346 4139 521 4195 choro
565 4135 636 4191 ad
662 4130 1114 4204 respondendum,
1147 4127 1200 4183 id
1242 4134 1344 4189 est,
1373 4134 1432 4179 ut
1459 4122 1668 4178 canenti
1694 4135 1788 4191 per
1816 4120 1950 4175 eho-

348 4245 471 4285 rum
502 4226 917 4298 respondeatur,
949 4235 1232 4292 exponam.
1265 4215 1475 4273 Domini
1505 4214 1592 4270 hie
1617 4213 1794 4284 passio
1817 4227 1948 4283 pro-

354 4321 637 4395 phetatur.
670 4317 807 4373 Dicit
832 4322 1010 4371 autem
1051 4312 1325 4383 apostolus
1351 4310 1560 4373 Petrus,
1594 4306 1825 4362 Christus
1855 4321 1948 4377 pro

349 4415 499 4469 nobis
528 4426 711 4483 passus
752 4418 843 4471 est,
876 4407 1160 4476 relinquens
1185 4403 1326 4458 nobis
1353 4401 1656 4470 exemplum,
1685 4407 1741 4453 ut
1768 4414 1949 4469 sequa-

352 4524 472 4562 mur
500 4504 714 4575 vestigia
742 4504 851 4573 ejus
879 4500 922 4570 (1
949 4498 1088 4553 Petr.
1122 4514 1179 4563 ιι,
1202 4496 1293 4568 2i)
1323 4512 1335 4550 :
1367 4494 1470 4550 hoc
1492 4501 1574 4548 est
1600 4491 1946 4564 respondere.

353 4600 497 4657 Dicit
536 4596 697 4652 etiam
722 4591 996 4665 apostolus
1021 4588 1276 4656 Joannes,
1313 4587 1461 4642 Sicut
1487 4582 1715 4639 Christus
1742 4600 1834 4655 pro
1860 4599 1952 4638 no-

349 4697 427 4753 bis
472 4690 701 4745 animam
735 4702 882 4742 suam
910 4684 1095 4755 posuit,
1137 4682 1210 4735 ita
1251 4688 1298 4735 et
1340 4694 1430 4734 nos
1458 4676 1694 4733 debemus
1729 4677 1953 4731 animam

355 4798 452 4851 pro
487 4779 734 4853 fratribus
774 4792 959 4848 ponere
982 4776 1024 4846 (l
1050 4772 1208 4829 Joan.
1233 4788 1311 4841 ιιι,
1339 4769 1429 4843 16)
1456 4788 1468 4825 :
1498 4770 1601 4825 hoc
1621 4778 1704 4825 est
1727 4783 1953 4839 respou-

355 4875 511 4930 dere.
559 4871 768 4928 Chorus
809 4878 985 4925 autem
1030 4865 1367 4922 concordiam
1405 4861 1686 4935 signiﬁcat,
1731 4876 1850 4931 qua
1897 4860 1953 4918 in

357 4965 628 5021 charitate
654 4961 915 5018 consistit.
950 4958 1201 5030 Quisquis
1226 4971 1354 5030 ergo
1375 4956 1525 5027 quasi
1554 4955 1830 5011 aemulator
1850 4953 1952 5009 do-

360 5059 579 5115 minicae
600 5055 862 5128 passionis
885 5052 1159 5109 tradiderit
1180 5065 1375 5120 corpus
1404 5063 1558 5103 suum
1592 5057 1649 5103 ut
1675 5047 1877 5113 ardeat,
1906 5049 1953 5103 si

360 5148 682 5206 eharitatem
721 5160 827 5203 non
858 5144 1070 5212 haheat,
1123 5158 1229 5197 non
1264 5139 1552 5212 respondet
1596 5140 1649 5193 in
1676 5143 1871 5205 choro;
1900 5149 1954 5195 et

364 5242 489 5296 ideo
516 5238 651 5295 nihil
686 5238 735 5295 ei
759 5235 981 5307 prodest
1007 5234 1050 5308 (I
1068 5233 1187 5290 Cor.
1205 5249 1319 5299 xui,
1340 5232 1418 5303 '5).
1447 5230 1676 5287 Proinde
1698 5232 1954 5302 quemad-

365 5333 589 5387 modum
611 5330 861 5387 dicuntur
889 5330 942 5383 in
968 5334 1085 5382 arte
1114 5326 1336 5391 musica,
1366 5324 1500 5380 sicut
1527 5338 1588 5378 ea
1615 5323 1756 5379 docti
1782 5323 1956 5379 homi-

366 5442 469 5484 nes
498 5426 661 5481 latine
684 5425 862 5482 dicere
891 5429 1198 5494 potuerunt,
1225 5427 1525 5487 pracentor
1561 5427 1616 5474 et
1640 5426 1951 5486 succentor;

368 5528 672 5592 praecentor
691 5517 894 5574 scilicet
918 5517 1009 5587 qui
1039 5528 1222 5569 vocem
1250 5511 1525 5583 praemittit
1550 5511 1603 5566 in
1628 5519 1809 5576 cantu,
1832 5525 1956 5567 sue-

434 5630 509 5696 (a)
533 5632 715 5681 Dietata
738 5634 848 5696 post
865 5625 1141 5690 expositum
1160 5621 1281 5675 Psal.
1306 5635 1404 5685 xu,
1423 5621 1488 5672 de
1510 5634 1608 5686 quo
1629 5618 1751 5672 infra
1765 5634 1813 5671 ιι.
1838 5621 1888 5681 7,
1905 5626 1957 5671 et

369 5693 501 5757 [orte
520 5700 636 5757 post
650 5693 771 5742 Psal.
791 5703 940 5757 cum.

440 5745 602 5818 (b)'De
624 5754 715 5818 hac
734 5766 794 5803 re
807 5752 930 5802 dixit
950 5751 1001 5800 in
1167 5762 1312 5818 um,
1334 5748 1605 5818 expositum
1630 5745 1838 5818 an._4_15,_
1858 5758 1958 5818 quo

373 5808 507 5868 forte
530 5816 749 5876 remittit,
789 5819 986 5876 propter
1017 5811 1163 5874 hujus
1203 5811 1373 5874 psalmi
1402 5808 1603 5861 titulum
1641 5810 1725 5873 qui
1763 5808 1951 5862 habet:

641 5870 838 5955 Psainii,
988 5870 1127 5944 Core,
1146 5870 1240 5925 etc.

1384 334 1785 395 ENARRA’I‘IO
1816 332 1885 393 IN
1920 333 2241 395 PSALMUM
2278 332 2587 397 LXXXVII.

3499 344 3640 405 1110

2052 462 2240 509 center
2274 465 2451 512 autem
2478 456 2568 527 qui
2609 455 2993 528 subsequenter
3020 459 3264 517 canendo
3303 462 3634 533 respondet:

2050 546 2122 601 ita
2152 548 2202 602 in
2229 548 2334 604 hoc
2377 550 2585 605 cantico
2615 551 2902 620 passionis,
2932 553 3324 622 praecedentem
3360 552 3633 613 Christum

2047 638 2391 710 subsequitur
2434 642 2632 697 chorus
2676 652 2970 715 martyrum
3014 645 3069 699 in
3119 644 3279 701 ﬁnem
3333 648 3634 704 mlestium

2048 746 2383 787 coronarum.
2417 733 2531 789 Hoc
2548 733 2690 791 enim
2712 737 2920 790 canitur
2941 735 3067 804 ﬁliis
3091 734 3240 804 Core,
3270 738 3325 791 id
3354 746 3439 793 est
3465 739 3638 795 imita-

2050 824 2255 880 toribus
2281 826 2546 895 passionis
2586 822 2783 881 Christi
2810 843 2825 881 :
2852 827 3105 897 quoniam
3143 827 3197 881 in
3222 824 3480 884 Calvarite
3513 830 3633 888 loco

2046 916 2331 973 cruciﬁxus
2357 928 2443 974 est
2472 917 2719 974 Christus
2747 918 2957 991 (Matth.
2982 935 3155 986 xxvu,
3185 922 3275 993 33)
3302 937 3318 988 ;
3352 938 3469 991 qum
3495 922 3633 979 illius

2046 1006 2246 1063 hebrasi
2272 1008 2893 1079 uominisinterpretatio
2911 1008 3235 1080 perhibetur,
3264 1011 3317 1067 id
3344 1022 3445 1078 est,
3469 1012 3630 1069 Core.

2045 1101 2114 1155 Et
2158 1099 2246 1156 hic
2280 1109 2363 1156 est
2405 1102 2684 1156 intellectus
2721 1100 2917 1156 Emori
2957 1100 3206 1159 Israelita:
3231 1103 3307 1176 (a)
3338 1122 3351 1159 :
3379 1107 3521 1175 quod
3576 1106 3633 1162 in

2046 1193 2187 1275 tituli
2222 1194 2383 1265 hujus
2400 1194 2589 1249 ultimo
2622 1195 2853 1265 positum
2888 1203 2990 1251 est.
3024 1194 3217 1250 [Enna
3237 1197 3436 1267 quippe
3465 1197 3634 1254 inter-

2042 1285 2243 1355 pretari
2282 1284 2494 1353 dicitur,
2541 1285 2733 1341 Frater
2774 1286 2910 1356 ejus.
2953 1286 3060 1343 Eos
3088 1288 3233 1345 enim
3269 1286 3461 1343 fratres
3506 1303 3635 1347 suos

2043 1378 2285 1435 Christus
2313 1379 2491 1435 facere
2516 1379 2763 1450 dignatus
2788 1388 2891 1446 est,
2922 1380 3014 1451 qui
3032 1390 3429 1439 sacramentum
3455 1382 3634 1438 crucis

2044 1471 2160 1540 ejus
2188 1472 2510 1544 intelligunt,
2537 1481 2593 1529 et
2611 1488 2720 1541 non
2748 1475 2923 1529 solum
2941 1474 3007 1529 de
3033 1475 3119 1529 illa
3148 1490 3255 1531 non
3280 1475 3627 1544 erubescunt,

2044 1578 2228 1620 verum
2269 1566 2513 1621 etiamin
2565 1566 2651 1620 illa
2696 1566 2926 1622 ﬁdeliter
2967 1567 3278 1637 gloriantur,
3327 1584 3433 1623 non
3478 1585 3538 1625 se
3565 1570 3636 1627 de

2043 1656 2154 1712 suis
2181 1657 2385 1712 meritis
2407 1658 2747 1724 extollentes,
2777 1658 2873 1714 sed
2911 1659 3029 1729 ejus
3053 1661 3243 1731 gratiae
3264 1675 3369 1716 non
3396 1661 3631 1731 ingrati;

2043 1758 2102 1804 ut
2125 1749 2409 1821 unicuique
2435 1765 2621 1806 eorum
2646 1750 2753 1807 dici
2778 1752 2966 1822 possit,
2998 1752 3130 1807 Ecce
3148 1769 3260 1808 vere
3282 1752 3539 1822 Israelita,
3572 1755 3629 1810 iu

2042 1858 2140 1912 quo
2183 1842 2329 1897 dolus
2376 1859 2477 1897 non
2517 1854 2589 1898 est
2632 1843 2814 1914 (Joan.
2844 1861 2882 1910 l,
2916 1844 3009 1917 47η)
3034 1865 3048 1900 :
3074 1846 3211 1901 sicut
3254 1848 3425 1917 ipsum
3467 1847 3630 1905 Israel

2042 1932 2313 2004 Scriptura
2338 1935 2454 1989 sine
2481 1935 2606 1990 dolo
2633 1934 2799 1992 fuisse
2817 1937 3158 1997 commendat
3177 1938 3329 2012 (Gen.
3354 1956 3484 2005 xxv,
3510 1940 3630 2012 27).

2042 2024 2158 2081 Jam
2201 2027 2379 2097 itaque
2423 2027 2623 2083 Christi
2658 2043 2845 2084 vocem
2887 2030 2938 2084 in
2972 2031 3247 2101 prophetia
3294 2033 3633 2102 praecinentis

2041 2118 2339 2186 audiamus,
2372 2120 2459 2175 cui
2489 2135 2619 2175 suus
2646 2120 2843 2176 chorus
2866 2122 2953 2177 vel
2978 2122 3293 2189 imitatione,
3331 2125 3415 2179 vel
3438 2126 3633 2195 gratia-

2044 2224 2162 2264 rum
2191 2210 2405 2265 actione
2428 2210 2772 2281 respondeat.

2112 2300 2166 2354 2.
2195 2300 2342 2374 [verm
2372 2303 2427 2370 2,
2458 2301 2543 2376 5.]
2577 2302 2792 2358 Domine
2816 2302 2954 2360 Deus
2975 2304 3153 2359 salutis
3175 2322 3317 2372 metu,
3341 2308 3395 2361 in
3423 2308 3503 2361 die
3530 2307 3633 2364 cla-

2043 2395 2175 2449 mavi
2201 2404 2245 2449 et
2270 2403 2412 2450 nocte
2436 2412 2608 2450 coram
2642 2405 2707 2451 te.
2740 2394 2904 2451 Intret
2940 2397 2993 2451 in
3037 2409 3304 2469 conspectu
3346 2410 3429 2453 tuo
3469 2402 3631 2457 oratio

1977 2528 1988 2541 .
2043 2504 2190 2552 mea;
2231 2488 2423 2542 inclina
2467 2505 2643 2544 autem
2684 2497 2824 2543 tuam
2868 2489 2938 2543 ad
2984 2507 3178 2559 precem
3224 2508 3404 2547 meam.
3450 2492 3634 2550 Oravit
3697 2476 3711 2489 ’

2042 2579 2187 2633 enim
2215 2588 2270 2635 et
2296 2579 2571 2646 Dominus,
2621 2594 2727 2639 non
2773 2579 3073 2637 secundum
3100 2580 3326 2637 formam
3373 2583 3486 2651 Dei,
3534 2584 3631 2641 sed

2043 2670 2339 2727 secundum
2384 2673 2605 2727 formam
2646 2672 3148 2730 servi:secundum
3203 2675 3339 2732 hanc
3386 2677 3528 2731 enim
3578 2687 3633 2734 et

2044 2777 2231 2834 passus
2251 2773 2353 2819 est.
2383 2762 2564 2819 Oravit
2590 2775 2771 2822 autem
2794 2773 2850 2821 et
2868 2780 2990 2822 cum
3010 2767 3069 2823 in
3093 2767 3231 2823 lastis
3245 2768 3406 2825 rebus
3425 2780 3629 2840 ageret,

2044 2856 2185 2928 quod
2209 2856 2315 2913 diei
2358 2858 2612 2925 nomine;
2648 2870 2703 2915 et
2745 2875 2867 2915 cum
2900 2860 2952 2915 in
2998 2860 3258 2929 adversis,
3290 2862 3433 2933 quod
3462 2864 3633 2920 noctis

2046 2950 2264 3007 nomine
2317 2951 2604 3022 signiﬁcari
2655 2952 2907 3008 arbitror.
2958 2952 3234 3024 Ingressus
3278 2957 3533 3010 orationis
3577 2957 3633 3012 in

2045 3051 2337 3113 conspectu
2384 3043 2497 3108 Dei,
2543 3044 2839 3115 aeceptatio
2876 3044 2993 3115 ejus
3034 3054 3147 3109 est;
3188 3045 3461 3101 inclinatio
3489 3049 3633 3103 auris

2048 3133 2161 3201 Dei,
2222 3134 2527 3191 misericors
2576 3135 2849 3191 exauditio
2898 3144 3023 3192 est:
3052 3151 3174 3191 nam
3221 3138 3460 3193 membra
3508 3138 3634 3192 talia

2047 3229 2221 3300 qualia
2244 3244 2341 3289 nos
2368 3228 2627 3284 habemus
2666 3229 2719 3283 in
2748 3244 2994 3300 corpore,
3022 3244 3129 3285 non
3160 3230 3322 3286 habet
3342 3230 3502 3286 Deus.
3537 3229 3635 3287 Est

2047 3328 2224 3374 autem
2263 3319 2415 3374 solita
2457 3318 2704 3390 repetitio
2731 3339 2743 3374 :
2768 3334 2891 3374 nam
2936 3319 3079 3390 quod
3106 3329 3209 3387 est,
3239 3318 3399 3374 Intret
3427 3323 3481 3375 in
3510 3337 3633 3375 con-

2046 3419 2218 3481 spectu
2263 3420 2348 3465 tuo
2392 3412 2554 3465 oratio
2603 3427 2749 3477 mea;
2791 3410 3020 3482 idipsum
3060 3419 3162 3477 est,
3218 3411 3419 3466 Inclina
3462 3428 3636 3467 aurem

2050 3516 2189 3561 tuam
2217 3506 2284 3561 ad
2310 3522 2508 3576 precem
2535 3522 2718 3560 meam.

2122 3600 2173 3655 5.
2218 3597 2367 3671 [vers
2396 3597 2475 3670 4.]
2517 3598 2770 3664 Quoniam
2794 3599 2986 3669 repleta
3022 3606 3094 3652 est
3130 3598 3280 3652 malis
3303 3598 3474 3652 anima
3499 3613 3629 3663 mea,

2050 3702 2098 3747 et
2125 3693 2226 3747 vita
2263 3709 2374 3748 mea
2398 3692 2451 3746 in
2478 3691 2679 3761 inferno
2706 3691 3147 3763 appmpinquavit.
3181 3690 3521 3747 Audemusue
3551 3692 3640 3747 di-

2052 3799 2172 3840 cere
2193 3785 2426 3839 animam
2448 3783 2646 3839 Christi
2672 3784 2930 3854 repletam
2957 3783 3133 3849 malis,
3163 3798 3283 3837 cum
3313 3783 3401 3838 illa
3433 3788 3638 3855 passio-

2054 3879 2137 3933 nis
2168 3877 2387 3933 afﬁiCtio
2419 3877 2471 3931 in
2500 3891 2663 3933 carne
2703 3875 2946 3941 valuerit,
2974 3874 3228 3944 quidquid
3268 3875 3463 3930 valuit?
3486 3878 3639 3937 Unde

2055 3981 2109 4026 et
2160 3971 2277 4040 ipse
2315 3984 2440 4024 suos
2474 3969 2540 4024 ad
2569 3968 2899 4023 tolerantiam
2928 3966 3194 4037 passionis
3220 3968 3542 4036 accendens,
3584 3980 3641 4028 et

2059 4074 2307 4134 tanquam
2331 4062 2396 4116 ad
2423 4059 2855 4131 respondendum
2878 4059 3166 4115 exhortans
3187 4059 3408 4116 chorum
3438 4078 3593 4119 suum
3618 4083 3637 4123 :

2058 4156 2256 4223 Nolite,
2286 4154 2476 4225 inquit,
2498 4153 2670 4207 timere
2696 4168 2782 4207 eos
2806 4152 2893 4222 qui
2912 4168 3099 4222 corpus
3123 4152 3381 4221 occidunt,
3414 4156 3641 4213 animant

2053 4258 2220 4305 autem
2247 4264 2349 4303 non
2373 4253 2585 4319 possunt
2628 4243 2851 4300 occidere
2879 4243 3089 4317 (Matth.
3121 4261 3177 4309 ι,
3217 4244 3333 4316 28).
3359 4246 3440 4301 An
3468 4248 3641 4305 occidi

2054 4356 2083 4395 a
2116 4337 2549 4411 persecutoribus
2575 4337 2753 4391 anima
2797 4349 2904 4390 non
2940 4344 3137 4407 potest,
3166 4336 3324 4393 malis
3346 4346 3525 4393 autem
3554 4353 3641 4396 re-

2057 4434 2190 4505 pleri
2233 4430 2446 4503 potest?
2486 4430 2640 4497 Quod
2682 4429 2727 4484 si
2775 4429 2844 4483 ita
2887 4436 2990 4492 est,
3035 4428 3379 4499 quaerendum
3422 4430 3637 4501 quibus.

2056 4528 2169 4584 Non
2197 4526 2337 4583 enim
2362 4524 2525 4591 vitiis,
2558 4537 2653 4594 per
2681 4537 2799 4592 qua:
2819 4520 3023 4576 homini
3042 4521 3345 4577 dominatur
3364 4521 3638 4591 iniquitas,

2056 4621 2285 4676 animam
2316 4618 2457 4673 illam
2497 4615 2754 4685 repletam
2799 4628 3085 4684 possumus
3106 4613 3320 4679 dicere;
3364 4613 3461 4669 sed
3500 4613 3639 4671 forte

2058 4712 2348 4777 doloribus,
2380 4709 2572 4781 quibus
2610 4708 2785 4763 anima
2825 4721 2938 4763 sua:
2962 4704 3112 4764 eami
3152 4705 3204 4760 in
3236 4705 3352 4776 ejus
3389 4706 3640 4776 passione

2057 4804 2395 4874 compatitur.
2444 4799 2562 4856 Non
2599 4798 2741 4855 enim
2776 4798 2861 4855 vel
2903 4799 3017 4869 ipse
3042 4797 3133 4869 qui
3158 4796 3355 4853 dicitur
3394 4797 3638 4867 corporis

2056 4897 2231 4963 dolor,
2276 4901 2454 4965 potest
2497 4906 2617 4948 esse
2666 4891 2782 4946 sine
2823 4890 3020 4957 anima,
3065 4903 3224 4958 quem
3268 4887 3643 4946 inevitabiliter

2059 4991 2422 5047 imminentem
2454 4986 2708 5059 praecedit
2734 4984 2967 5049 tristitia,
2995 4998 3114 5053 qua:
3135 4982 3298 5037 solius
3325 4982 3517 5036 animae
3543 4983 3643 5039 do-

2060 5086 2140 5142 lor
2171 5092 2273 5140 est.
2306 5084 2499 5139 Dolore
2537 5096 2667 5153 ergo
2694 5080 2889 5146 anima,
2917 5077 3076 5133 etiam
3122 5090 3227 5131 non
3268 5075 3482 5131 dolente
3522 5089 3643 5132 cor-

2062 5192 2210 5248 pore,
2253 5182 2460 5247 potest;
2492 5173 2674 5229 dolere
2716 5178 2892 5225 autem
2939 5181 3135 5237 corpus
3176 5166 3292 5223 sine
3323 5166 3497 5221 anima
3535 5182 3644 5222 non

2062 5276 2253 5339 potest.
2282 5266 2391 5323 Cur
2427 5266 2603 5336 itaque
2632 5278 2735 5317 nou
2762 5261 3002 5317 dicamus
3040 5273 3147 5315 non
3175 5257 3422 5315 humanis
3447 5272 3643 5329 pecca-

2063 5363 2149 5428 tis,
2179 5360 2272 5416 sed
2297 5370 2472 5415 tamen
2498 5354 2742 5411 humanis
2762 5353 2914 5408 malis
2938 5352 3194 5423 repletam
3222 5350 3387 5406 fuisse
3410 5350 3646 5405 animam

2062 5452 2304 5530 Christi?
2333 5452 2407 5506 De
2442 5466 2547 5520 quo
2583 5449 2718 5503 alius
2755 5446 3014 5519 propheta
3040 5445 3168 5502 dicit
3196 5443 3337 5515 quod
3365 5457 3460 5513 pro
3486 5440 3641 5497 nobis

2062 5543 2292 5601 doluerit
2319 5541 2475 5613 (Isai.
2508 5556 2622 5608 LIII,
2645 5537 2703 5612 Δ)
2730 5558 2742 5595 :
2766 5547 2820 5596 et
2843 5537 3186 5610 evangelista,
3230 5535 3521 5603 Assumpto,
3551 5533 3640 5588 in-

2126 5742 2198 5804 (α)
2221 5747 2289 5815 βξ
2308 5729 3648 5815 ιριεερπβωξίὲίεθιῖρερμιὶίιιξὲξ.ἑΨ)ἓ¹ἕΞ›.ψξξξξ

2062 5796 2244 5855 torrat
2266 5803 2315 5852 in
2337 5796 2537 5865 Vulgata
2561 5808 2634 5851 est
2661 5796 2897 5851 Ezrahita:
2913 5796 3103 5859 {forte
3138 5796 3242 5859 pro,
3272 5796 3480 5847 Zarm'tte
3500 5833 3513 5855 ,
3539 5796 3644 5861 vid.

2066 5865 2203 5935 infra,
2230 5863 2345 5919 Psal.
2366 5864 2446 5929 88,
2469 5863 2561 5915 col.
2590 5860 2724 5925 1120,
2753 5869 2851 5912 not.
2874 5859 2965 5927 (ὁ).
