  <div class='ocr_page' id='page_1' title='image "/cluster/home/n/w/nwhite01/storage/ocr_20150623/37/uva.x000827106/053.png"; bbox 0 0 4132 6468; ppageno 0'>
   <div class='ocr_carea' id='block_1_1' title="bbox 544 236 2110 398">
    <p class='ocr_par' dir='ltr' id='par_1_1' title="bbox 544 303 2110 381">
     <span class='ocr_line' id='line_1_1' title="bbox 544 303 2110 381; baseline -0.001 -17"><span class='ocrx_word' id='word_1_1' title='bbox 544 322 676 381; x_wconf 70' lang='grc' dir='ltr'>ιιίι</span> <span class='ocrx_word' id='word_1_2' title='bbox 1787 308 1845 364; x_wconf 84' lang='grc'><strong>8.</strong></span> <span class='ocrx_word' id='word_1_3' title='bbox 1876 303 2110 362; x_wconf 74' lang='lat' dir='ltr'><strong>AUGUS‘</strong></span> 
     </span>
    </p>
   </div>
   <div class='ocr_carea' id='block_1_2' title="bbox 2217 236 3804 398">
    <p class='ocr_par' dir='ltr' id='par_1_2' title="bbox 2217 294 3804 398">
     <span class='ocr_line' id='line_1_2' title="bbox 2217 294 3804 398; baseline 0.004 -37"><span class='ocrx_word' id='word_1_4' title='bbox 2217 302 2244 361; x_wconf 70' lang='grc' dir='ltr'>ξι</span> <span class='ocrx_word' id='word_1_5' title='bbox 2279 304 2586 368; x_wconf 85' lang='lat' dir='ltr'><strong>EPlSCOPl</strong></span> <span class='ocrx_word' id='word_1_6' title='bbox 3215 294 3218 296; x_wconf 82' lang='grc'><em>’</em></span> <span class='ocrx_word' id='word_1_7' title='bbox 3684 336 3804 398; x_wconf 69' lang='grc' dir='ltr'><strong>ιη,</strong></span> 
     </span>
    </p>
   </div>
   <div class='ocr_carea' id='block_1_3' title="bbox 538 425 2127 507">
    <p class='ocr_par' dir='ltr' id='par_1_3' title="bbox 538 425 2127 507">
     <span class='ocr_line' id='line_1_3' title="bbox 538 425 2127 507; baseline -0.007 -16"><span class='ocrx_word' id='word_1_8' title='bbox 538 437 672 507; x_wconf 81' lang='lat' dir='ltr'><strong>quit,</strong></span> <span class='ocrx_word' id='word_1_9' title='bbox 698 433 849 490; x_wconf 85' lang='lat' dir='ltr'><strong>Petro</strong></span> <span class='ocrx_word' id='word_1_10' title='bbox 879 439 926 488; x_wconf 89' lang='lat' dir='ltr'><strong>et</strong></span> <span class='ocrx_word' id='word_1_11' title='bbox 951 429 1147 487; x_wconf 82' lang='lat' dir='ltr'><strong>duobus</strong></span> <span class='ocrx_word' id='word_1_12' title='bbox 1172 428 1292 499; x_wconf 82' lang='lat' dir='ltr'><strong>ﬁliis</strong></span> <span class='ocrx_word' id='word_1_13' title='bbox 1311 425 1562 494; x_wconf 74' lang='lat' dir='ltr'><strong>Zcbedtei,</strong></span> <span class='ocrx_word' id='word_1_14' title='bbox 1593 426 1741 497; x_wconf 70' lang='lat' dir='ltr'><strong>coepit</strong></span> <span class='ocrx_word' id='word_1_15' title='bbox 1763 426 2052 482; x_wconf 84' lang='lat' dir='ltr'><strong>contristari</strong></span> <span class='ocrx_word' id='word_1_16' title='bbox 2079 435 2127 480; x_wconf 88' lang='lat' dir='ltr'><strong>et</strong></span> 
     </span>
    </p>
   </div>
   <div class='ocr_carea' id='block_1_4' title="bbox 537 519 2124 594">
    <p class='ocr_par' dir='ltr' id='par_1_4' title="bbox 537 519 2124 594">
     <span class='ocr_line' id='line_1_4' title="bbox 537 519 2124 594; baseline -0.005 -11"><span class='ocrx_word' id='word_1_17' title='bbox 537 538 744 583; x_wconf 77' lang='lat' dir='ltr'><strong>mmstus</strong></span> <span class='ocrx_word' id='word_1_18' title='bbox 771 542 910 590; x_wconf 77' lang='lat' dir='ltr'><strong>esse;</strong></span> <span class='ocrx_word' id='word_1_19' title='bbox 936 533 991 580; x_wconf 91' lang='lat' dir='ltr'><strong>ct</strong></span> <span class='ocrx_word' id='word_1_20' title='bbox 1025 524 1140 594; x_wconf 88' lang='lat' dir='ltr'><strong>ipse</strong></span> <span class='ocrx_word' id='word_1_21' title='bbox 1170 520 1422 576; x_wconf 87' lang='lat' dir='ltr'><strong>Dominus</strong></span> <span class='ocrx_word' id='word_1_22' title='bbox 1447 519 1514 580; x_wconf 88' lang='lat' dir='ltr'><strong>de</strong></span> <span class='ocrx_word' id='word_1_23' title='bbox 1541 519 1721 589; x_wconf 85' lang='lat' dir='ltr'><strong>seipse</strong></span> <span class='ocrx_word' id='word_1_24' title='bbox 1753 528 1878 576; x_wconf 90' lang='lat' dir='ltr'><strong>tunc</strong></span> <span class='ocrx_word' id='word_1_25' title='bbox 1905 521 1979 575; x_wconf 91' lang='lat' dir='ltr'><strong>ait</strong></span> <span class='ocrx_word' id='word_1_26' title='bbox 1999 520 2124 588; x_wconf 85' lang='lat' dir='ltr'><strong>illis,</strong></span> 
     </span>
    </p>
   </div>
   <div class='ocr_carea' id='block_1_5' title="bbox 542 610 2121 684">
    <p class='ocr_par' dir='ltr' id='par_1_5' title="bbox 542 610 2121 684">
     <span class='ocr_line' id='line_1_5' title="bbox 542 610 2121 684; baseline -0.006 -9"><span class='ocrx_word' id='word_1_27' title='bbox 542 621 721 676; x_wconf 85' lang='lat' dir='ltr'><strong>Tristis</strong></span> <span class='ocrx_word' id='word_1_28' title='bbox 754 629 825 674; x_wconf 80' lang='lat' dir='ltr'><strong>est</strong></span> <span class='ocrx_word' id='word_1_29' title='bbox 855 618 1028 672; x_wconf 87' lang='lat' dir='ltr'><strong>anima</strong></span> <span class='ocrx_word' id='word_1_30' title='bbox 1069 631 1180 671; x_wconf 88' lang='lat' dir='ltr'><strong>mea</strong></span> <span class='ocrx_word' id='word_1_31' title='bbox 1206 628 1365 682; x_wconf 82' lang='lat' dir='ltr'><strong>usque</strong></span> <span class='ocrx_word' id='word_1_32' title='bbox 1402 612 1472 666; x_wconf 87' lang='lat' dir='ltr'><strong>ad</strong></span> <span class='ocrx_word' id='word_1_33' title='bbox 1496 622 1706 667; x_wconf 89' lang='lat' dir='ltr'><strong>mortem</strong></span> <span class='ocrx_word' id='word_1_34' title='bbox 1738 610 1949 684; x_wconf 78' lang='lat' dir='ltr'><strong>(Matth.</strong></span> <span class='ocrx_word' id='word_1_35' title='bbox 1977 627 2121 679; x_wconf 77' lang='lat' dir='ltr'><strong>xxvr,</strong></span> 
     </span>
    </p>
   </div>
   <div class='ocr_carea' id='block_1_6' title="bbox 538 703 2129 781">
    <p class='ocr_par' dir='ltr' id='par_1_6' title="bbox 538 703 2129 781">
     <span class='ocr_line' id='line_1_6' title="bbox 538 703 2129 781; baseline -0.006 -12"><span class='ocrx_word' id='word_1_36' title='bbox 538 714 629 780; x_wconf 79' lang='lat'><strong>37,</strong></span> <span class='ocrx_word' id='word_1_37' title='bbox 665 711 777 781; x_wconf 71' lang='lat'><strong>58).</strong></span> <span class='ocrx_word' id='word_1_38' title='bbox 802 709 925 766; x_wconf 81' lang='lat' dir='ltr'><strong>llaec</strong></span> <span class='ocrx_word' id='word_1_39' title='bbox 949 707 1122 762; x_wconf 90' lang='lat' dir='ltr'><strong>futura</strong></span> <span class='ocrx_word' id='word_1_40' title='bbox 1157 704 1454 775; x_wconf 80' lang='lat' dir='ltr'><strong>praevidens</strong></span> <span class='ocrx_word' id='word_1_41' title='bbox 1478 703 1764 774; x_wconf 77' lang='lat' dir='ltr'><strong>Propheta,</strong></span> <span class='ocrx_word' id='word_1_42' title='bbox 1810 703 1995 775; x_wconf 82' lang='lat' dir='ltr'><strong>psalmi</strong></span> <span class='ocrx_word' id='word_1_43' title='bbox 2032 703 2129 760; x_wconf 90' lang='lat' dir='ltr'><strong>hu-</strong></span> 
     </span>
    </p>
   </div>
   <div class='ocr_carea' id='block_1_7' title="bbox 535 794 2130 874">
    <p class='ocr_par' dir='ltr' id='par_1_7' title="bbox 535 794 2130 874">
     <span class='ocr_line' id='line_1_7' title="bbox 535 794 2130 874; baseline -0.005 -16"><span class='ocrx_word' id='word_1_44' title='bbox 535 803 687 874; x_wconf 91' lang='lat' dir='ltr'><strong>jusce</strong></span> <span class='ocrx_word' id='word_1_45' title='bbox 705 800 1056 868; x_wconf 71' lang='lat' dir='ltr'><strong>conscriptor,</strong></span> <span class='ocrx_word' id='word_1_46' title='bbox 1076 796 1334 852; x_wconf 90' lang='lat' dir='ltr'><strong>inducens</strong></span> <span class='ocrx_word' id='word_1_47' title='bbox 1353 810 1476 852; x_wconf 90' lang='lat' dir='ltr'><strong>eum</strong></span> <span class='ocrx_word' id='word_1_48' title='bbox 1499 794 1806 867; x_wconf 75' lang='lat' dir='ltr'><strong>loquentem</strong></span> <span class='ocrx_word' id='word_1_49' title='bbox 1833 814 1846 851; x_wconf 88' lang='lat'><strong>:</strong></span> <span class='ocrx_word' id='word_1_50' title='bbox 1877 794 2130 862; x_wconf 84' lang='lat' dir='ltr'><strong>Quoniam</strong></span> 
     </span>
    </p>
   </div>
   <div class='ocr_carea' id='block_1_8' title="bbox 540 889 2130 969">
    <p class='ocr_par' dir='ltr' id='par_1_8' title="bbox 540 889 2130 969">
     <span class='ocr_line' id='line_1_8' title="bbox 540 889 2130 969; baseline -0.005 -17"><span class='ocrx_word' id='word_1_51' title='bbox 540 898 736 969; x_wconf 82' lang='lat' dir='ltr'><strong>repleta</strong></span> <span class='ocrx_word' id='word_1_52' title='bbox 776 904 866 958; x_wconf 88' lang='lat' dir='ltr'><strong>est,</strong></span> <span class='ocrx_word' id='word_1_53' title='bbox 889 891 1079 963; x_wconf 87' lang='lat' dir='ltr'><strong>mquit,</strong></span> <span class='ocrx_word' id='word_1_54' title='bbox 1107 891 1258 946; x_wconf 86' lang='lat' dir='ltr'><strong>malis</strong></span> <span class='ocrx_word' id='word_1_55' title='bbox 1285 891 1458 945; x_wconf 89' lang='lat' dir='ltr'><strong>anima</strong></span> <span class='ocrx_word' id='word_1_56' title='bbox 1477 906 1609 954; x_wconf 78' lang='lat' dir='ltr'><strong>nica,</strong></span> <span class='ocrx_word' id='word_1_57' title='bbox 1633 899 1680 943; x_wconf 87' lang='lat' dir='ltr'><strong>et</strong></span> <span class='ocrx_word' id='word_1_58' title='bbox 1705 889 1806 944; x_wconf 83' lang='lat' dir='ltr'><strong>vita</strong></span> <span class='ocrx_word' id='word_1_59' title='bbox 1831 905 1943 944; x_wconf 81' lang='lat' dir='ltr'><strong>mea</strong></span> <span class='ocrx_word' id='word_1_60' title='bbox 1969 889 2024 944; x_wconf 89' lang='lat' dir='ltr'><strong>in</strong></span> <span class='ocrx_word' id='word_1_61' title='bbox 2051 890 2130 944; x_wconf 88' lang='lat' dir='ltr'><strong>in-</strong></span> 
     </span>
    </p>
   </div>
   <div class='ocr_carea' id='block_1_9' title="bbox 537 983 2130 1065">
    <p class='ocr_par' dir='ltr' id='par_1_9' title="bbox 537 983 2130 1065">
     <span class='ocr_line' id='line_1_9' title="bbox 537 983 2130 1065; baseline -0.004 -21"><span class='ocrx_word' id='word_1_62' title='bbox 537 995 684 1065; x_wconf 75' lang='lat' dir='ltr'><strong>ferno</strong></span> <span class='ocrx_word' id='word_1_63' title='bbox 705 985 1151 1059; x_wconf 67' lang='lat' dir='ltr'><strong>appropinquavit.</strong></span> <span class='ocrx_word' id='word_1_64' title='bbox 1183 983 1314 1039; x_wconf 84' lang='lat' dir='ltr'><strong>Nam</strong></span> <span class='ocrx_word' id='word_1_65' title='bbox 1350 983 1518 1054; x_wconf 81' lang='lat' dir='ltr'><strong>ipsam</strong></span> <span class='ocrx_word' id='word_1_66' title='bbox 1559 983 1882 1038; x_wconf 89' lang='lat' dir='ltr'><strong>sententiam</strong></span> <span class='ocrx_word' id='word_1_67' title='bbox 1911 983 2130 1038; x_wconf 89' lang='lat' dir='ltr'><strong>omnino</strong></span> 
     </span>
    </p>
   </div>
   <div class='ocr_carea' id='block_1_10' title="bbox 538 1074 2130 1148">
    <p class='ocr_par' dir='ltr' id='par_1_10' title="bbox 538 1074 2130 1148">
     <span class='ocr_line' id='line_1_10' title="bbox 538 1074 2130 1148; baseline -0.001 -14"><span class='ocrx_word' id='word_1_68' title='bbox 538 1080 716 1136; x_wconf 81' lang='lat' dir='ltr'><strong>verbis</strong></span> <span class='ocrx_word' id='word_1_69' title='bbox 769 1079 888 1134; x_wconf 89' lang='lat' dir='ltr'><strong>aliis</strong></span> <span class='ocrx_word' id='word_1_70' title='bbox 932 1077 1237 1148; x_wconf 82' lang='lat' dir='ltr'><strong>explicavit,</strong></span> <span class='ocrx_word' id='word_1_71' title='bbox 1281 1091 1385 1147; x_wconf 87' lang='lat' dir='ltr'><strong>qua</strong></span> <span class='ocrx_word' id='word_1_72' title='bbox 1433 1075 1632 1131; x_wconf 89' lang='lat' dir='ltr'><strong>dictum</strong></span> <span class='ocrx_word' id='word_1_73' title='bbox 1677 1083 1780 1138; x_wconf 86' lang='lat' dir='ltr'><strong>est,</strong></span> <span class='ocrx_word' id='word_1_74' title='bbox 1832 1074 2010 1131; x_wconf 78' lang='lat' dir='ltr'><strong>Tristis</strong></span> <span class='ocrx_word' id='word_1_75' title='bbox 2055 1085 2130 1132; x_wconf 87' lang='lat' dir='ltr'><strong>est</strong></span> 
     </span>
    </p>
   </div>
   <div class='ocr_carea' id='block_1_11' title="bbox 539 1165 2130 1254">
    <p class='ocr_par' dir='ltr' id='par_1_11' title="bbox 539 1165 2130 1254">
     <span class='ocr_line' id='line_1_11' title="bbox 539 1165 2130 1254; baseline -0.002 -27"><span class='ocrx_word' id='word_1_76' title='bbox 539 1173 712 1228; x_wconf 87' lang='lat' dir='ltr'><strong>anima</strong></span> <span class='ocrx_word' id='word_1_77' title='bbox 738 1187 854 1225; x_wconf 86' lang='lat' dir='ltr'><strong>mea</strong></span> <span class='ocrx_word' id='word_1_78' title='bbox 889 1186 1048 1240; x_wconf 85' lang='lat' dir='ltr'><strong>usque</strong></span> <span class='ocrx_word' id='word_1_79' title='bbox 1086 1168 1154 1223; x_wconf 87' lang='lat' dir='ltr'><strong>ad</strong></span> <span class='ocrx_word' id='word_1_80' title='bbox 1185 1176 1416 1222; x_wconf 84' lang='lat' dir='ltr'><strong>mortem.</strong></span> <span class='ocrx_word' id='word_1_81' title='bbox 1463 1165 1614 1236; x_wconf 89' lang='lat' dir='ltr'><strong>Quod</strong></span> <span class='ocrx_word' id='word_1_82' title='bbox 1657 1167 1797 1223; x_wconf 90' lang='lat' dir='ltr'><strong>enim</strong></span> <span class='ocrx_word' id='word_1_83' title='bbox 1825 1167 1918 1230; x_wconf 86' lang='lat' dir='ltr'><strong>ait,</strong></span> <span class='ocrx_word' id='word_1_84' title='bbox 1948 1166 2130 1254; x_wconf 65' lang='lat' dir='ltr'><strong>Tristis</strong></span> 
     </span>
    </p>
   </div>
   <div class='ocr_carea' id='block_1_12' title="bbox 536 1258 2129 1332">
    <p class='ocr_par' dir='ltr' id='par_1_12' title="bbox 536 1258 2129 1332">
     <span class='ocr_line' id='line_1_12' title="bbox 536 1258 2129 1332; baseline -0.004 -9"><span class='ocrx_word' id='word_1_85' title='bbox 536 1277 609 1324; x_wconf 85' lang='lat' dir='ltr'><strong>est</strong></span> <span class='ocrx_word' id='word_1_86' title='bbox 625 1267 797 1321; x_wconf 88' lang='lat' dir='ltr'><strong>anima</strong></span> <span class='ocrx_word' id='word_1_87' title='bbox 817 1281 964 1330; x_wconf 85' lang='lat' dir='ltr'><strong>mea;</strong></span> <span class='ocrx_word' id='word_1_88' title='bbox 987 1263 1089 1320; x_wconf 90' lang='lat' dir='ltr'><strong>hoc</strong></span> <span class='ocrx_word' id='word_1_89' title='bbox 1110 1263 1309 1318; x_wconf 90' lang='lat' dir='ltr'><strong>dictum</strong></span> <span class='ocrx_word' id='word_1_90' title='bbox 1331 1258 1432 1328; x_wconf 81' lang='lat' dir='ltr'><strong>est,</strong></span> <span class='ocrx_word' id='word_1_91' title='bbox 1457 1260 1668 1332; x_wconf 80' lang='lat' dir='ltr'><strong>Repleta</strong></span> <span class='ocrx_word' id='word_1_92' title='bbox 1693 1270 1766 1316; x_wconf 76' lang='lat' dir='ltr'><strong>est</strong></span> <span class='ocrx_word' id='word_1_93' title='bbox 1787 1262 1934 1316; x_wconf 87' lang='lat' dir='ltr'><strong>malis</strong></span> <span class='ocrx_word' id='word_1_94' title='bbox 1957 1262 2129 1316; x_wconf 88' lang='lat' dir='ltr'><strong>anima</strong></span> 
     </span>
    </p>
   </div>
   <div class='ocr_carea' id='block_1_13' title="bbox 536 1355 2126 1429">
    <p class='ocr_par' dir='ltr' id='par_1_13' title="bbox 536 1355 2126 1429">
     <span class='ocr_line' id='line_1_13' title="bbox 536 1355 2126 1429; baseline -0.001 -15"><span class='ocrx_word' id='word_1_95' title='bbox 536 1377 649 1416; x_wconf 88' lang='lat' dir='ltr'><strong>mea</strong></span> <span class='ocrx_word' id='word_1_96' title='bbox 670 1375 690 1415; x_wconf 92' lang='lat'><strong><em>:</em></strong></span> <span class='ocrx_word' id='word_1_97' title='bbox 711 1369 765 1415; x_wconf 92' lang='lat' dir='ltr'><strong>et</strong></span> <span class='ocrx_word' id='word_1_98' title='bbox 789 1358 931 1429; x_wconf 89' lang='lat' dir='ltr'><strong>quod</strong></span> <span class='ocrx_word' id='word_1_99' title='bbox 961 1358 1221 1427; x_wconf 89' lang='lat' dir='ltr'><strong>sequitur,</strong></span> <span class='ocrx_word' id='word_1_100' title='bbox 1247 1371 1402 1428; x_wconf 85' lang='lat' dir='ltr'><strong>usque</strong></span> <span class='ocrx_word' id='word_1_101' title='bbox 1429 1355 1498 1409; x_wconf 90' lang='lat' dir='ltr'><strong>ad</strong></span> <span class='ocrx_word' id='word_1_102' title='bbox 1525 1363 1772 1422; x_wconf 86' lang='lat' dir='ltr'><strong>mortem;</strong></span> <span class='ocrx_word' id='word_1_103' title='bbox 1800 1355 1902 1412; x_wconf 87' lang='lat' dir='ltr'><strong>hoc</strong></span> <span class='ocrx_word' id='word_1_104' title='bbox 1925 1355 2126 1412; x_wconf 90' lang='lat' dir='ltr'><strong>dictum</strong></span> 
     </span>
    </p>
   </div>
   <div class='ocr_carea' id='block_1_14' title="bbox 537 1448 2127 1522">
    <p class='ocr_par' dir='ltr' id='par_1_14' title="bbox 537 1448 2127 1522">
     <span class='ocr_line' id='line_1_14' title="bbox 537 1448 2127 1522; baseline -0.004 -10"><span class='ocrx_word' id='word_1_105' title='bbox 537 1465 640 1520; x_wconf 86' lang='lat' dir='ltr'><strong>est,</strong></span> <span class='ocrx_word' id='word_1_106' title='bbox 664 1464 711 1510; x_wconf 89' lang='lat' dir='ltr'><strong>et</strong></span> <span class='ocrx_word' id='word_1_107' title='bbox 739 1455 838 1509; x_wconf 78' lang='lat' dir='ltr'><strong>vita</strong></span> <span class='ocrx_word' id='word_1_108' title='bbox 866 1469 977 1507; x_wconf 87' lang='lat' dir='ltr'><strong>mea</strong></span> <span class='ocrx_word' id='word_1_109' title='bbox 1002 1453 1056 1506; x_wconf 90' lang='lat' dir='ltr'><strong>in</strong></span> <span class='ocrx_word' id='word_1_110' title='bbox 1092 1451 1291 1522; x_wconf 79' lang='lat' dir='ltr'><strong>inferno</strong></span> <span class='ocrx_word' id='word_1_111' title='bbox 1319 1449 1759 1520; x_wconf 84' lang='lat' dir='ltr'><strong>appropinquavit.</strong></span> <span class='ocrx_word' id='word_1_112' title='bbox 1800 1448 1909 1504; x_wconf 84' lang='lat' dir='ltr'><strong>Hos</strong></span> <span class='ocrx_word' id='word_1_113' title='bbox 1946 1457 2127 1506; x_wconf 90' lang='lat' dir='ltr'><strong>autem</strong></span> 
     </span>
    </p>
   </div>
   <div class='ocr_carea' id='block_1_15' title="bbox 536 1539 2125 1610">
    <p class='ocr_par' dir='ltr' id='par_1_15' title="bbox 536 1539 2125 1610">
     <span class='ocr_line' id='line_1_15' title="bbox 536 1539 2125 1610; baseline -0.004 -8"><span class='ocrx_word' id='word_1_114' title='bbox 536 1548 784 1602; x_wconf 68' lang='lat' dir='ltr'><strong>humanae</strong></span> <span class='ocrx_word' id='word_1_115' title='bbox 811 1542 1132 1600; x_wconf 88' lang='lat' dir='ltr'><strong>infirmitatis</strong></span> <span class='ocrx_word' id='word_1_116' title='bbox 1173 1541 1414 1608; x_wconf 77' lang='lat' dir='ltr'><strong>affectus,</strong></span> <span class='ocrx_word' id='word_1_117' title='bbox 1443 1539 1581 1596; x_wconf 90' lang='lat' dir='ltr'><strong>sicut</strong></span> <span class='ocrx_word' id='word_1_118' title='bbox 1607 1541 1774 1610; x_wconf 85' lang='lat' dir='ltr'><strong>ipsam</strong></span> <span class='ocrx_word' id='word_1_119' title='bbox 1799 1555 2013 1596; x_wconf 89' lang='lat' dir='ltr'><strong>carnem</strong></span> <span class='ocrx_word' id='word_1_120' title='bbox 2041 1542 2125 1597; x_wconf 85' lang='lat' dir='ltr'><strong>in-</strong></span> 
     </span>
    </p>
   </div>
   <div class='ocr_carea' id='block_1_16' title="bbox 537 1631 2122 1699">
    <p class='ocr_par' dir='ltr' id='par_1_16' title="bbox 537 1631 2122 1699">
     <span class='ocr_line' id='line_1_16' title="bbox 537 1631 2122 1699; baseline -0.006 -4"><span class='ocrx_word' id='word_1_121' title='bbox 537 1638 799 1695; x_wconf 84' lang='lat' dir='ltr'><strong>firmitatis</strong></span> <span class='ocrx_word' id='word_1_122' title='bbox 825 1635 1092 1699; x_wconf 75' lang='lat' dir='ltr'><strong>humanm,</strong></span> <span class='ocrx_word' id='word_1_123' title='bbox 1119 1649 1182 1689; x_wconf 91' lang='lat' dir='ltr'><strong>ac</strong></span> <span class='ocrx_word' id='word_1_124' title='bbox 1208 1643 1436 1689; x_wconf 88' lang='lat' dir='ltr'><strong>mortem</strong></span> <span class='ocrx_word' id='word_1_125' title='bbox 1460 1631 1636 1686; x_wconf 92' lang='lat' dir='ltr'><strong>carnis</strong></span> <span class='ocrx_word' id='word_1_126' title='bbox 1661 1631 1908 1687; x_wconf 64' lang='lat' dir='ltr'><strong>humanae</strong></span> <span class='ocrx_word' id='word_1_127' title='bbox 1940 1632 2122 1686; x_wconf 85' lang='lat' dir='ltr'><strong>Domi-</strong></span> 
     </span>
    </p>
   </div>
   <div class='ocr_carea' id='block_1_17' title="bbox 537 1721 2125 1794">
    <p class='ocr_par' dir='ltr' id='par_1_17' title="bbox 537 1721 2125 1794">
     <span class='ocr_line' id='line_1_17' title="bbox 537 1721 2125 1794; baseline -0.006 -8"><span class='ocrx_word' id='word_1_128' title='bbox 537 1746 638 1786; x_wconf 89' lang='lat' dir='ltr'><strong>nus</strong></span> <span class='ocrx_word' id='word_1_129' title='bbox 672 1729 849 1794; x_wconf 80' lang='lat' dir='ltr'><strong>Jesus,</strong></span> <span class='ocrx_word' id='word_1_130' title='bbox 888 1743 995 1782; x_wconf 86' lang='lat' dir='ltr'><strong>non</strong></span> <span class='ocrx_word' id='word_1_131' title='bbox 1037 1723 1356 1780; x_wconf 88' lang='lat' dir='ltr'><strong>conditionis</strong></span> <span class='ocrx_word' id='word_1_132' title='bbox 1393 1722 1726 1786; x_wconf 87' lang='lat' dir='ltr'><strong>necessitate,</strong></span> <span class='ocrx_word' id='word_1_133' title='bbox 1769 1721 1864 1778; x_wconf 86' lang='lat' dir='ltr'><strong>sed</strong></span> <span class='ocrx_word' id='word_1_134' title='bbox 1902 1723 2125 1779; x_wconf 84' lang='lat' dir='ltr'><strong>misera-</strong></span> 
     </span>
    </p>
   </div>
   <div class='ocr_carea' id='block_1_18' title="bbox 534 1805 2124 1884">
    <p class='ocr_par' dir='ltr' id='par_1_18' title="bbox 534 1805 2124 1884">
     <span class='ocr_line' id='line_1_18' title="bbox 534 1805 2124 1884; baseline -0.004 -7"><span class='ocrx_word' id='word_1_135' title='bbox 534 1822 693 1877; x_wconf 86' lang='lat' dir='ltr'><strong>tionis</strong></span> <span class='ocrx_word' id='word_1_136' title='bbox 718 1820 988 1875; x_wconf 78' lang='lat' dir='ltr'><strong>voluntate</strong></span> <span class='ocrx_word' id='word_1_137' title='bbox 1017 1817 1271 1884; x_wconf 81' lang='lat' dir='ltr'><strong>suscepit,</strong></span> <span class='ocrx_word' id='word_1_138' title='bbox 1304 1823 1364 1870; x_wconf 93' lang='lat' dir='ltr'><strong>ut</strong></span> <span class='ocrx_word' id='word_1_139' title='bbox 1393 1805 1793 1884; x_wconf 79' lang='lat' dir='ltr'><strong>transfiguraret</strong></span> <span class='ocrx_word' id='word_1_140' title='bbox 1823 1816 1876 1870; x_wconf 93' lang='lat' dir='ltr'><strong>in</strong></span> <span class='ocrx_word' id='word_1_141' title='bbox 1905 1831 1963 1870; x_wconf 90' lang='lat' dir='ltr'><strong>se</strong></span> <span class='ocrx_word' id='word_1_142' title='bbox 2002 1830 2124 1870; x_wconf 85' lang='lat' dir='ltr'><strong>cor-</strong></span> 
     </span>
    </p>
   </div>
   <div class='ocr_carea' id='block_1_19' title="bbox 535 1907 2124 1984">
    <p class='ocr_par' dir='ltr' id='par_1_19' title="bbox 535 1907 2124 1984">
     <span class='ocr_line' id='line_1_19' title="bbox 535 1907 2124 1984; baseline -0.002 -18"><span class='ocrx_word' id='word_1_143' title='bbox 535 1929 634 1984; x_wconf 88' lang='lat' dir='ltr'><strong>pus</strong></span> <span class='ocrx_word' id='word_1_144' title='bbox 664 1928 842 1978; x_wconf 90' lang='lat' dir='ltr'><strong>suum,</strong></span> <span class='ocrx_word' id='word_1_145' title='bbox 867 1909 1007 1982; x_wconf 89' lang='lat' dir='ltr'><strong>quod</strong></span> <span class='ocrx_word' id='word_1_146' title='bbox 1042 1917 1124 1965; x_wconf 90' lang='lat' dir='ltr'><strong>est</strong></span> <span class='ocrx_word' id='word_1_147' title='bbox 1159 1908 1412 1973; x_wconf 79' lang='lat' dir='ltr'><strong>Ecclesia,</strong></span> <span class='ocrx_word' id='word_1_148' title='bbox 1437 1908 1521 1963; x_wconf 92' lang='lat' dir='ltr'><strong>cui</strong></span> <span class='ocrx_word' id='word_1_149' title='bbox 1539 1916 1705 1978; x_wconf 88' lang='lat' dir='ltr'><strong>caput</strong></span> <span class='ocrx_word' id='word_1_150' title='bbox 1732 1922 1850 1964; x_wconf 86' lang='lat' dir='ltr'><strong>esse</strong></span> <span class='ocrx_word' id='word_1_151' title='bbox 1879 1907 2124 1978; x_wconf 82' lang='lat' dir='ltr'><strong>dignatus</strong></span> 
     </span>
    </p>
   </div>
   <div class='ocr_carea' id='block_1_20' title="bbox 531 1999 2117 2074">
    <p class='ocr_par' dir='ltr' id='par_1_20' title="bbox 531 1999 2117 2074">
     <span class='ocr_line' id='line_1_20' title="bbox 531 1999 2117 2074; baseline -0.005 -12"><span class='ocrx_word' id='word_1_152' title='bbox 531 2017 635 2074; x_wconf 90' lang='lat' dir='ltr'><strong>est,</strong></span> <span class='ocrx_word' id='word_1_153' title='bbox 680 2008 780 2060; x_wconf 88' lang='lat' dir='ltr'><strong>hoc</strong></span> <span class='ocrx_word' id='word_1_154' title='bbox 805 2013 886 2060; x_wconf 86' lang='lat' dir='ltr'><strong>est</strong></span> <span class='ocrx_word' id='word_1_155' title='bbox 917 2003 1153 2058; x_wconf 89' lang='lat' dir='ltr'><strong>membra</strong></span> <span class='ocrx_word' id='word_1_156' title='bbox 1183 2015 1276 2056; x_wconf 88' lang='lat' dir='ltr'><strong>sua</strong></span> <span class='ocrx_word' id='word_1_157' title='bbox 1307 2000 1360 2055; x_wconf 89' lang='lat' dir='ltr'><strong>in</strong></span> <span class='ocrx_word' id='word_1_158' title='bbox 1386 1999 1585 2056; x_wconf 75' lang='lat' dir='ltr'><strong>sanctis</strong></span> <span class='ocrx_word' id='word_1_159' title='bbox 1611 2007 1664 2055; x_wconf 91' lang='lat' dir='ltr'><strong>et</strong></span> <span class='ocrx_word' id='word_1_160' title='bbox 1690 1999 1930 2055; x_wconf 84' lang='lat' dir='ltr'><strong>ﬁdelibus</strong></span> <span class='ocrx_word' id='word_1_161' title='bbox 1970 2003 2079 2056; x_wconf 91' lang='lat' dir='ltr'><strong>suis</strong></span> <span class='ocrx_word' id='word_1_162' title='bbox 2104 2017 2117 2054; x_wconf 92' lang='lat'><strong>:</strong></span> 
     </span>
    </p>
   </div>
   <div class='ocr_carea' id='block_1_21' title="bbox 531 2090 2121 2153">
    <p class='ocr_par' dir='ltr' id='par_1_21' title="bbox 531 2090 2121 2153">
     <span class='ocr_line' id='line_1_21' title="bbox 531 2090 2121 2153; baseline -0.004 0"><span class='ocrx_word' id='word_1_163' title='bbox 531 2108 590 2153; x_wconf 89' lang='lat' dir='ltr'><strong>ut</strong></span> <span class='ocrx_word' id='word_1_164' title='bbox 611 2098 654 2153; x_wconf 90' lang='lat' dir='ltr'><strong>si</strong></span> <span class='ocrx_word' id='word_1_165' title='bbox 680 2095 764 2151; x_wconf 91' lang='lat' dir='ltr'><strong>cui</strong></span> <span class='ocrx_word' id='word_1_166' title='bbox 806 2110 990 2150; x_wconf 90' lang='lat' dir='ltr'><strong>eorum</strong></span> <span class='ocrx_word' id='word_1_167' title='bbox 1028 2092 1166 2148; x_wconf 89' lang='lat' dir='ltr'><strong>inter</strong></span> <span class='ocrx_word' id='word_1_168' title='bbox 1190 2091 1448 2148; x_wconf 90' lang='lat' dir='ltr'><strong>humanas</strong></span> <span class='ocrx_word' id='word_1_169' title='bbox 1474 2091 1793 2147; x_wconf 86' lang='lat' dir='ltr'><strong>tentationes</strong></span> <span class='ocrx_word' id='word_1_170' title='bbox 1818 2090 2121 2148; x_wconf 89' lang='lat' dir='ltr'><strong>contristari</strong></span> 
     </span>
    </p>
   </div>
   <div class='ocr_carea' id='block_1_22' title="bbox 530 2181 2119 2256">
    <p class='ocr_par' dir='ltr' id='par_1_22' title="bbox 530 2181 2119 2256">
     <span class='ocr_line' id='line_1_22' title="bbox 530 2181 2119 2256; baseline -0.003 -12"><span class='ocrx_word' id='word_1_171' title='bbox 530 2197 585 2244; x_wconf 91' lang='lat' dir='ltr'><strong>et</strong></span> <span class='ocrx_word' id='word_1_172' title='bbox 624 2188 807 2243; x_wconf 87' lang='lat' dir='ltr'><strong>dolere</strong></span> <span class='ocrx_word' id='word_1_173' title='bbox 839 2185 1188 2256; x_wconf 82' lang='lat' dir='ltr'><strong>contingeret,</strong></span> <span class='ocrx_word' id='word_1_174' title='bbox 1221 2198 1325 2239; x_wconf 91' lang='lat' dir='ltr'><strong>non</strong></span> <span class='ocrx_word' id='word_1_175' title='bbox 1368 2182 1487 2239; x_wconf 88' lang='lat' dir='ltr'><strong>ideo</strong></span> <span class='ocrx_word' id='word_1_176' title='bbox 1512 2197 1571 2238; x_wconf 90' lang='lat' dir='ltr'><strong>se</strong></span> <span class='ocrx_word' id='word_1_177' title='bbox 1596 2181 1664 2238; x_wconf 90' lang='lat' dir='ltr'><strong>ab</strong></span> <span class='ocrx_word' id='word_1_178' title='bbox 1686 2182 1800 2254; x_wconf 88' lang='lat' dir='ltr'><strong>ejus</strong></span> <span class='ocrx_word' id='word_1_179' title='bbox 1824 2184 1991 2254; x_wconf 79' lang='lat' dir='ltr'><strong>gratia</strong></span> <span class='ocrx_word' id='word_1_180' title='bbox 2019 2200 2119 2254; x_wconf 88' lang='lat' dir='ltr'><strong>pu-</strong></span> 
     </span>
    </p>
   </div>
   <div class='ocr_carea' id='block_1_23' title="bbox 529 2276 2120 2354">
    <p class='ocr_par' dir='ltr' id='par_1_23' title="bbox 529 2276 2120 2354">
     <span class='ocr_line' id='line_1_23' title="bbox 529 2276 2120 2354; baseline -0.004 -17"><span class='ocrx_word' id='word_1_181' title='bbox 529 2292 669 2338; x_wconf 85' lang='lat' dir='ltr'><strong>taret</strong></span> <span class='ocrx_word' id='word_1_182' title='bbox 693 2281 924 2337; x_wconf 90' lang='lat' dir='ltr'><strong>alienum</strong></span> <span class='ocrx_word' id='word_1_183' title='bbox 949 2295 964 2346; x_wconf 91' lang='lat'><strong>;</strong></span> <span class='ocrx_word' id='word_1_184' title='bbox 988 2287 1043 2334; x_wconf 91' lang='lat' dir='ltr'><strong>et</strong></span> <span class='ocrx_word' id='word_1_185' title='bbox 1071 2293 1178 2334; x_wconf 91' lang='lat' dir='ltr'><strong>non</strong></span> <span class='ocrx_word' id='word_1_186' title='bbox 1203 2291 1321 2333; x_wconf 86' lang='lat' dir='ltr'><strong>esse</strong></span> <span class='ocrx_word' id='word_1_187' title='bbox 1355 2276 1454 2332; x_wconf 89' lang='lat' dir='ltr'><strong>ista</strong></span> <span class='ocrx_word' id='word_1_188' title='bbox 1484 2284 1722 2354; x_wconf 79' lang='lat' dir='ltr'><strong>peccata,</strong></span> <span class='ocrx_word' id='word_1_189' title='bbox 1751 2276 1845 2332; x_wconf 91' lang='lat' dir='ltr'><strong>sed</strong></span> <span class='ocrx_word' id='word_1_190' title='bbox 1875 2276 2120 2332; x_wconf 70' lang='lat' dir='ltr'><strong>humana:</strong></span> 
     </span>
    </p>
   </div>
   <div class='ocr_carea' id='block_1_24' title="bbox 532 2370 2118 2442">
    <p class='ocr_par' dir='ltr' id='par_1_24' title="bbox 532 2370 2118 2442">
     <span class='ocr_line' id='line_1_24' title="bbox 532 2370 2118 2442; baseline -0.003 -11"><span class='ocrx_word' id='word_1_191' title='bbox 532 2374 860 2431; x_wconf 81' lang='lat' dir='ltr'><strong>infirmitatis</strong></span> <span class='ocrx_word' id='word_1_192' title='bbox 903 2373 1118 2439; x_wconf 88' lang='lat' dir='ltr'><strong>indicia,</strong></span> <span class='ocrx_word' id='word_1_193' title='bbox 1158 2380 1410 2442; x_wconf 89' lang='lat' dir='ltr'><strong>tanquam</strong></span> <span class='ocrx_word' id='word_1_194' title='bbox 1457 2370 1575 2426; x_wconf 85' lang='lat' dir='ltr'><strong>voci</strong></span> <span class='ocrx_word' id='word_1_195' title='bbox 1611 2370 1901 2440; x_wconf 73' lang='lat' dir='ltr'><strong>praemissa:</strong></span> <span class='ocrx_word' id='word_1_196' title='bbox 1935 2370 2118 2427; x_wconf 88' lang='lat' dir='ltr'><strong>conci-</strong></span> 
     </span>
    </p>
   </div>
   <div class='ocr_carea' id='block_1_25' title="bbox 439 2449 2174 2534">
    <p class='ocr_par' dir='ltr' id='par_1_25' title="bbox 439 2449 2174 2534">
     <span class='ocr_line' id='line_1_25' title="bbox 439 2449 2174 2534; baseline 0 -12"><span class='ocrx_word' id='word_1_197' title='bbox 439 2449 453 2463; x_wconf 75' lang='grc'><em>’</em></span> <span class='ocrx_word' id='word_1_198' title='bbox 530 2482 664 2522; x_wconf 82' lang='lat' dir='ltr'><strong>nens</strong></span> <span class='ocrx_word' id='word_1_199' title='bbox 687 2466 906 2532; x_wconf 89' lang='lat' dir='ltr'><strong>chorus,</strong></span> <span class='ocrx_word' id='word_1_200' title='bbox 951 2465 1022 2519; x_wconf 87' lang='lat' dir='ltr'><strong>ita</strong></span> <span class='ocrx_word' id='word_1_201' title='bbox 1049 2477 1243 2534; x_wconf 89' lang='lat' dir='ltr'><strong>corpus</strong></span> <span class='ocrx_word' id='word_1_202' title='bbox 1266 2463 1381 2533; x_wconf 90' lang='lat' dir='ltr'><strong>ejus</strong></span> <span class='ocrx_word' id='word_1_203' title='bbox 1407 2477 1470 2518; x_wconf 82' lang='lat' dir='ltr'><strong>ex</strong></span> <span class='ocrx_word' id='word_1_204' title='bbox 1494 2462 1608 2533; x_wconf 92' lang='lat' dir='ltr'><strong>ipso</strong></span> <span class='ocrx_word' id='word_1_205' title='bbox 1642 2477 1740 2518; x_wconf 91' lang='lat' dir='ltr'><strong>suo</strong></span> <span class='ocrx_word' id='word_1_206' title='bbox 1767 2463 1940 2534; x_wconf 89' lang='lat' dir='ltr'><strong>capite</strong></span> <span class='ocrx_word' id='word_1_207' title='bbox 1969 2461 2123 2518; x_wconf 85' lang='lat' dir='ltr'><strong>addi-</strong></span> <span class='ocrx_word' id='word_1_208' title='bbox 2161 2510 2174 2522; x_wconf 92' lang='lat'><strong>.</strong></span> 
     </span>
    </p>
   </div>
   <div class='ocr_carea' id='block_1_26' title="bbox 527 2555 2120 2627">
    <p class='ocr_par' dir='ltr' id='par_1_26' title="bbox 527 2555 2120 2627">
     <span class='ocr_line' id='line_1_26' title="bbox 527 2555 2120 2627; baseline -0.003 -11"><span class='ocrx_word' id='word_1_209' title='bbox 527 2569 724 2616; x_wconf 90' lang='lat' dir='ltr'><strong>sceret.</strong></span> <span class='ocrx_word' id='word_1_210' title='bbox 767 2559 821 2613; x_wconf 93' lang='lat' dir='ltr'><strong>ln</strong></span> <span class='ocrx_word' id='word_1_211' title='bbox 851 2561 953 2615; x_wconf 92' lang='lat' dir='ltr'><strong>hoc</strong></span> <span class='ocrx_word' id='word_1_212' title='bbox 994 2557 1188 2627; x_wconf 89' lang='lat' dir='ltr'><strong>quippe</strong></span> <span class='ocrx_word' id='word_1_213' title='bbox 1227 2570 1452 2625; x_wconf 89' lang='lat' dir='ltr'><strong>corpore</strong></span> <span class='ocrx_word' id='word_1_214' title='bbox 1480 2555 1805 2626; x_wconf 82' lang='lat' dir='ltr'><strong>praecipuum</strong></span> <span class='ocrx_word' id='word_1_215' title='bbox 1843 2555 2120 2612; x_wconf 79' lang='lat' dir='ltr'><strong>membro-</strong></span> 
     </span>
    </p>
   </div>
   <div class='ocr_carea' id='block_1_27' title="bbox 525 2645 2117 2724">
    <p class='ocr_par' dir='ltr' id='par_1_27' title="bbox 525 2645 2117 2724">
     <span class='ocr_line' id='line_1_27' title="bbox 525 2645 2117 2724; baseline -0.003 -16"><span class='ocrx_word' id='word_1_216' title='bbox 525 2669 645 2709; x_wconf 90' lang='lat' dir='ltr'><strong>rum</strong></span> <span class='ocrx_word' id='word_1_217' title='bbox 675 2651 973 2724; x_wconf 77' lang='lat' dir='ltr'><strong>apostolum</strong></span> <span class='ocrx_word' id='word_1_218' title='bbox 1010 2649 1228 2704; x_wconf 88' lang='lat' dir='ltr'><strong>Paulum</strong></span> <span class='ocrx_word' id='word_1_219' title='bbox 1255 2647 1479 2718; x_wconf 80' lang='lat' dir='ltr'><strong>legimus</strong></span> <span class='ocrx_word' id='word_1_220' title='bbox 1505 2655 1556 2701; x_wconf 90' lang='lat' dir='ltr'><strong>et</strong></span> <span class='ocrx_word' id='word_1_221' title='bbox 1583 2645 1828 2702; x_wconf 90' lang='lat' dir='ltr'><strong>audimus</strong></span> <span class='ocrx_word' id='word_1_222' title='bbox 1852 2649 2117 2704; x_wconf 83' lang='lat' dir='ltr'><strong>confiten-</strong></span> 
     </span>
    </p>
   </div>
   <div class='ocr_carea' id='block_1_28' title="bbox 530 2740 2120 2811">
    <p class='ocr_par' dir='ltr' id='par_1_28' title="bbox 530 2740 2120 2811">
     <span class='ocr_line' id='line_1_28' title="bbox 530 2740 2120 2811; baseline -0.003 -11"><span class='ocrx_word' id='word_1_223' title='bbox 530 2756 637 2802; x_wconf 87' lang='lat' dir='ltr'><strong>tem</strong></span> <span class='ocrx_word' id='word_1_224' title='bbox 679 2746 870 2800; x_wconf 86' lang='lat' dir='ltr'><strong>talibus</strong></span> <span class='ocrx_word' id='word_1_225' title='bbox 893 2743 1049 2798; x_wconf 90' lang='lat' dir='ltr'><strong>malis</strong></span> <span class='ocrx_word' id='word_1_226' title='bbox 1072 2741 1332 2811; x_wconf 86' lang='lat' dir='ltr'><strong>repletam</strong></span> <span class='ocrx_word' id='word_1_227' title='bbox 1362 2740 1592 2795; x_wconf 88' lang='lat' dir='ltr'><strong>animam</strong></span> <span class='ocrx_word' id='word_1_228' title='bbox 1623 2755 1795 2804; x_wconf 91' lang='lat' dir='ltr'><strong>suam,</strong></span> <span class='ocrx_word' id='word_1_229' title='bbox 1839 2755 1959 2795; x_wconf 92' lang='lat' dir='ltr'><strong>cum</strong></span> <span class='ocrx_word' id='word_1_230' title='bbox 1989 2741 2120 2796; x_wconf 89' lang='lat' dir='ltr'><strong>dicit</strong></span> 
     </span>
    </p>
   </div>
   <div class='ocr_carea' id='block_1_29' title="bbox 529 2831 2115 2905">
    <p class='ocr_par' dir='ltr' id='par_1_29' title="bbox 529 2831 2115 2905">
     <span class='ocr_line' id='line_1_29' title="bbox 529 2831 2115 2905; baseline -0.002 -13"><span class='ocrx_word' id='word_1_231' title='bbox 529 2838 800 2892; x_wconf 75' lang='lat' dir='ltr'><strong>trisutiam</strong></span> <span class='ocrx_word' id='word_1_232' title='bbox 845 2835 945 2891; x_wconf 90' lang='lat' dir='ltr'><strong>sibi</strong></span> <span class='ocrx_word' id='word_1_233' title='bbox 989 2849 1110 2890; x_wconf 85' lang='lat' dir='ltr'><strong>esse</strong></span> <span class='ocrx_word' id='word_1_234' title='bbox 1139 2847 1404 2905; x_wconf 80' lang='lat' dir='ltr'><strong>magnam,</strong></span> <span class='ocrx_word' id='word_1_235' title='bbox 1438 2841 1491 2887; x_wconf 90' lang='lat' dir='ltr'><strong>et</strong></span> <span class='ocrx_word' id='word_1_236' title='bbox 1521 2832 1830 2887; x_wconf 89' lang='lat' dir='ltr'><strong>continuum</strong></span> <span class='ocrx_word' id='word_1_237' title='bbox 1872 2831 2115 2889; x_wconf 87' lang='lat' dir='ltr'><strong>dolorem</strong></span> 
     </span>
    </p>
   </div>
   <div class='ocr_carea' id='block_1_30' title="bbox 527 2925 2116 3000">
    <p class='ocr_par' dir='ltr' id='par_1_30' title="bbox 527 2925 2116 3000">
     <span class='ocr_line' id='line_1_30' title="bbox 527 2925 2116 3000; baseline -0.003 -13"><span class='ocrx_word' id='word_1_238' title='bbox 527 2933 674 2987; x_wconf 74' lang='lat' dir='ltr'><strong>cordi</strong></span> <span class='ocrx_word' id='word_1_239' title='bbox 721 2945 818 2986; x_wconf 91' lang='lat' dir='ltr'><strong>suo</strong></span> <span class='ocrx_word' id='word_1_240' title='bbox 846 2945 944 3000; x_wconf 91' lang='lat' dir='ltr'><strong>pro</strong></span> <span class='ocrx_word' id='word_1_241' title='bbox 988 2927 1237 2983; x_wconf 84' lang='lat' dir='ltr'><strong>fratribus</strong></span> <span class='ocrx_word' id='word_1_242' title='bbox 1276 2928 1386 2981; x_wconf 92' lang='lat' dir='ltr'><strong>suis</strong></span> <span class='ocrx_word' id='word_1_243' title='bbox 1423 2925 1715 2982; x_wconf 90' lang='lat' dir='ltr'><strong>secundum</strong></span> <span class='ocrx_word' id='word_1_244' title='bbox 1753 2939 1993 2992; x_wconf 89' lang='lat' dir='ltr'><strong>carnem,</strong></span> <span class='ocrx_word' id='word_1_245' title='bbox 2023 2927 2116 2997; x_wconf 90' lang='lat' dir='ltr'><strong>qui</strong></span> 
     </span>
    </p>
   </div>
   <div class='ocr_carea' id='block_1_31' title="bbox 528 3016 2116 3091">
    <p class='ocr_par' dir='ltr' id='par_1_31' title="bbox 528 3016 2116 3091">
     <span class='ocr_line' id='line_1_31' title="bbox 528 3016 2116 3091; baseline -0.005 -11"><span class='ocrx_word' id='word_1_246' title='bbox 528 3036 649 3080; x_wconf 87' lang='lat' dir='ltr'><strong>sunt</strong></span> <span class='ocrx_word' id='word_1_247' title='bbox 688 3023 938 3079; x_wconf 84' lang='lat' dir='ltr'><strong>lsraelitae</strong></span> <span class='ocrx_word' id='word_1_248' title='bbox 985 3018 1161 3091; x_wconf 85' lang='lat' dir='ltr'><strong>(Rom.</strong></span> <span class='ocrx_word' id='word_1_249' title='bbox 1195 3035 1266 3080; x_wconf 79' lang='lat' dir='ltr'><strong>Ix,</strong></span> <span class='ocrx_word' id='word_1_250' title='bbox 1293 3017 1432 3088; x_wconf 68' lang='lat'><strong>2-4).</strong></span> <span class='ocrx_word' id='word_1_251' title='bbox 1462 3017 1566 3072; x_wconf 85' lang='lat' dir='ltr'><strong>Pro</strong></span> <span class='ocrx_word' id='word_1_252' title='bbox 1609 3016 1799 3088; x_wconf 88' lang='lat' dir='ltr'><strong>quibus</strong></span> <span class='ocrx_word' id='word_1_253' title='bbox 1843 3016 1888 3072; x_wconf 92' lang='lat' dir='ltr'><strong>si</strong></span> <span class='ocrx_word' id='word_1_254' title='bbox 1917 3017 2116 3073; x_wconf 89' lang='lat' dir='ltr'><strong>contri-</strong></span> 
     </span>
    </p>
   </div>
   <div class='ocr_carea' id='block_1_32' title="bbox 528 3110 2115 3182">
    <p class='ocr_par' dir='ltr' id='par_1_32' title="bbox 528 3110 2115 3182">
     <span class='ocr_line' id='line_1_32' title="bbox 528 3110 2115 3182; baseline -0.006 -8"><span class='ocrx_word' id='word_1_255' title='bbox 528 3127 725 3174; x_wconf 76' lang='lat' dir='ltr'><strong>smtum</strong></span> <span class='ocrx_word' id='word_1_256' title='bbox 772 3117 1013 3171; x_wconf 88' lang='lat' dir='ltr'><strong>dicamus</strong></span> <span class='ocrx_word' id='word_1_257' title='bbox 1051 3123 1104 3169; x_wconf 91' lang='lat' dir='ltr'><strong>et</strong></span> <span class='ocrx_word' id='word_1_258' title='bbox 1132 3111 1435 3179; x_wconf 88' lang='lat' dir='ltr'><strong>Dominum,</strong></span> <span class='ocrx_word' id='word_1_259' title='bbox 1477 3126 1598 3166; x_wconf 90' lang='lat' dir='ltr'><strong>cum</strong></span> <span class='ocrx_word' id='word_1_260' title='bbox 1629 3110 1744 3181; x_wconf 89' lang='lat' dir='ltr'><strong>ejus</strong></span> <span class='ocrx_word' id='word_1_261' title='bbox 1780 3111 1959 3182; x_wconf 89' lang='lat' dir='ltr'><strong>passio</strong></span> <span class='ocrx_word' id='word_1_262' title='bbox 1987 3124 2115 3181; x_wconf 86' lang='lat' dir='ltr'><strong>pro-</strong></span> 
     </span>
    </p>
   </div>
   <div class='ocr_carea' id='block_1_33' title="bbox 525 3201 2115 3281">
    <p class='ocr_par' dir='ltr' id='par_1_33' title="bbox 525 3201 2115 3281">
     <span class='ocr_line' id='line_1_33' title="bbox 525 3201 2115 3281; baseline -0.003 -17"><span class='ocrx_word' id='word_1_263' title='bbox 525 3211 827 3281; x_wconf 89' lang='lat' dir='ltr'><strong>pinquaret,</strong></span> <span class='ocrx_word' id='word_1_264' title='bbox 862 3207 914 3262; x_wconf 92' lang='lat' dir='ltr'><strong>in</strong></span> <span class='ocrx_word' id='word_1_265' title='bbox 941 3221 1043 3276; x_wconf 91' lang='lat' dir='ltr'><strong>qua</strong></span> <span class='ocrx_word' id='word_1_266' title='bbox 1069 3205 1142 3260; x_wconf 88' lang='lat' dir='ltr'><strong>illi</strong></span> <span class='ocrx_word' id='word_1_267' title='bbox 1173 3221 1230 3258; x_wconf 89' lang='lat' dir='ltr'><strong>se</strong></span> <span class='ocrx_word' id='word_1_268' title='bbox 1258 3202 1644 3258; x_wconf 88' lang='lat' dir='ltr'><strong>immanissimo</strong></span> <span class='ocrx_word' id='word_1_269' title='bbox 1671 3203 1875 3259; x_wconf 88' lang='lat' dir='ltr'><strong>scelere</strong></span> <span class='ocrx_word' id='word_1_270' title='bbox 1903 3201 2115 3259; x_wconf 81' lang='lat' dir='ltr'><strong>fuerant</strong></span> 
     </span>
    </p>
   </div>
   <div class='ocr_carea' id='block_1_34' title="bbox 525 3293 1907 3370">
    <p class='ocr_par' dir='ltr' id='par_1_34' title="bbox 525 3293 1907 3370">
     <span class='ocr_line' id='line_1_34' title="bbox 525 3293 1907 3370; baseline -0.005 -13"><span class='ocrx_word' id='word_1_271' title='bbox 525 3300 828 3370; x_wconf 79' lang='lat' dir='ltr'><strong>obligaturi,</strong></span> <span class='ocrx_word' id='word_1_272' title='bbox 861 3314 966 3353; x_wconf 91' lang='lat' dir='ltr'><strong>non</strong></span> <span class='ocrx_word' id='word_1_273' title='bbox 991 3299 1279 3367; x_wconf 81' lang='lat' dir='ltr'><strong>incongrue</strong></span> <span class='ocrx_word' id='word_1_274' title='bbox 1305 3309 1406 3349; x_wconf 89' lang='lat' dir='ltr'><strong>nos</strong></span> <span class='ocrx_word' id='word_1_275' title='bbox 1434 3293 1613 3349; x_wconf 89' lang='lat' dir='ltr'><strong>dicere</strong></span> <span class='ocrx_word' id='word_1_276' title='bbox 1640 3294 1907 3350; x_wconf 80' lang='lat' dir='ltr'><strong>existimo.</strong></span> 
     </span>
    </p>
   </div>
   <div class='ocr_carea' id='block_1_35' title="bbox 595 3387 2109 3467">
    <p class='ocr_par' dir='ltr' id='par_1_35' title="bbox 595 3387 2109 3467">
     <span class='ocr_line' id='line_1_35' title="bbox 595 3387 2109 3467; baseline -0.004 -18"><span class='ocrx_word' id='word_1_277' title='bbox 595 3395 649 3449; x_wconf 80' lang='grc'><strong>4.</strong></span> <span class='ocrx_word' id='word_1_278' title='bbox 681 3392 828 3467; x_wconf 85' lang='lat' dir='ltr'><strong>[vers.</strong></span> <span class='ocrx_word' id='word_1_279' title='bbox 862 3393 916 3456; x_wconf 82' lang='grc'>5,</span> <span class='ocrx_word' id='word_1_280' title='bbox 944 3389 1023 3462; x_wconf 90' lang='lat'><strong>6.]</strong></span> <span class='ocrx_word' id='word_1_281' title='bbox 1057 3390 1290 3460; x_wconf 89' lang='lat' dir='ltr'><strong>Denique</strong></span> <span class='ocrx_word' id='word_1_282' title='bbox 1316 3388 1442 3444; x_wconf 91' lang='lat' dir='ltr'><strong>illud</strong></span> <span class='ocrx_word' id='word_1_283' title='bbox 1481 3387 1624 3460; x_wconf 91' lang='lat' dir='ltr'><strong>quod</strong></span> <span class='ocrx_word' id='word_1_284' title='bbox 1665 3388 1716 3442; x_wconf 91' lang='lat' dir='ltr'><strong>in</strong></span> <span class='ocrx_word' id='word_1_285' title='bbox 1745 3403 1904 3444; x_wconf 88' lang='lat' dir='ltr'><strong>cruce</strong></span> <span class='ocrx_word' id='word_1_286' title='bbox 1944 3387 2109 3455; x_wconf 82' lang='lat' dir='ltr'><strong>dixit,</strong></span> 
     </span>
    </p>
   </div>
   <div class='ocr_carea' id='block_1_36' title="bbox 527 3478 2108 3556">
    <p class='ocr_par' dir='ltr' id='par_1_36' title="bbox 527 3478 2108 3556">
     <span class='ocr_line' id='line_1_36' title="bbox 527 3478 2108 3556; baseline -0.006 -14"><span class='ocrx_word' id='word_1_287' title='bbox 527 3486 684 3542; x_wconf 85' lang='lat' dir='ltr'><strong>Pater</strong></span> <span class='ocrx_word' id='word_1_288' title='bbox 708 3527 723 3550; x_wconf 97' lang='lat'><strong>,</strong></span> <span class='ocrx_word' id='word_1_289' title='bbox 763 3486 964 3556; x_wconf 82' lang='lat' dir='ltr'><strong>ignosce</strong></span> <span class='ocrx_word' id='word_1_290' title='bbox 988 3482 1088 3536; x_wconf 90' lang='lat' dir='ltr'><strong>illis</strong></span> <span class='ocrx_word' id='word_1_291' title='bbox 1107 3522 1122 3547; x_wconf 95' lang='lat'><strong>,</strong></span> <span class='ocrx_word' id='word_1_292' title='bbox 1147 3482 1266 3553; x_wconf 88' lang='lat' dir='ltr'><strong>quia</strong></span> <span class='ocrx_word' id='word_1_293' title='bbox 1317 3481 1543 3534; x_wconf 89' lang='lat' dir='ltr'><strong>nesciunt</strong></span> <span class='ocrx_word' id='word_1_294' title='bbox 1591 3479 1713 3552; x_wconf 87' lang='lat' dir='ltr'><strong>quid</strong></span> <span class='ocrx_word' id='word_1_295' title='bbox 1739 3479 1930 3552; x_wconf 84' lang='lat' dir='ltr'><strong>faciunt</strong></span> <span class='ocrx_word' id='word_1_296' title='bbox 1960 3478 2108 3550; x_wconf 88' lang='lat' dir='ltr'><strong>(Luc.</strong></span> 
     </span>
    </p>
   </div>
   <div class='ocr_carea' id='block_1_37' title="bbox 523 3570 2111 3648">
    <p class='ocr_par' dir='ltr' id='par_1_37' title="bbox 523 3570 2111 3648">
     <span class='ocr_line' id='line_1_37' title="bbox 523 3570 2111 3648; baseline -0.006 -14"><span class='ocrx_word' id='word_1_297' title='bbox 523 3594 657 3634; x_wconf 70' lang='grc' dir='ltr'>χχιιι</span> <span class='ocrx_word' id='word_1_298' title='bbox 683 3620 698 3644; x_wconf 93' lang='grc'><strong>,</strong></span> <span class='ocrx_word' id='word_1_299' title='bbox 729 3576 840 3648; x_wconf 72' lang='lat' dir='ltr'><strong>3i);</strong></span> <span class='ocrx_word' id='word_1_300' title='bbox 869 3575 1026 3631; x_wconf 88' lang='lat' dir='ltr'><strong>etiam</strong></span> <span class='ocrx_word' id='word_1_301' title='bbox 1058 3575 1109 3628; x_wconf 93' lang='lat' dir='ltr'><strong>in</strong></span> <span class='ocrx_word' id='word_1_302' title='bbox 1140 3574 1243 3628; x_wconf 92' lang='lat' dir='ltr'><strong>isto</strong></span> <span class='ocrx_word' id='word_1_303' title='bbox 1271 3573 1474 3642; x_wconf 86' lang='lat' dir='ltr'><strong>psalmo</strong></span> <span class='ocrx_word' id='word_1_304' title='bbox 1493 3571 1746 3642; x_wconf 90' lang='lat' dir='ltr'><strong>deinceps</strong></span> <span class='ocrx_word' id='word_1_305' title='bbox 1771 3571 1984 3639; x_wconf 90' lang='lat' dir='ltr'><strong>dicitur,</strong></span> <span class='ocrx_word' id='word_1_306' title='bbox 2008 3570 2111 3626; x_wconf 87' lang='lat' dir='ltr'><strong>De-</strong></span> 
     </span>
    </p>
   </div>
   <div class='ocr_carea' id='block_1_38' title="bbox 525 3665 2109 3741">
    <p class='ocr_par' dir='ltr' id='par_1_38' title="bbox 525 3665 2109 3741">
     <span class='ocr_line' id='line_1_38' title="bbox 525 3665 2109 3741; baseline -0.003 -18"><span class='ocrx_word' id='word_1_307' title='bbox 525 3679 732 3741; x_wconf 81' lang='lat' dir='ltr'><strong>putatus</strong></span> <span class='ocrx_word' id='word_1_308' title='bbox 754 3684 864 3722; x_wconf 88' lang='lat' dir='ltr'><strong>sum</strong></span> <span class='ocrx_word' id='word_1_309' title='bbox 886 3683 997 3720; x_wconf 83' lang='lat' dir='ltr'><strong>cum</strong></span> <span class='ocrx_word' id='word_1_310' title='bbox 1024 3665 1432 3720; x_wconf 79' lang='lat' dir='ltr'><strong>descendentibus</strong></span> <span class='ocrx_word' id='word_1_311' title='bbox 1453 3680 1502 3717; x_wconf 86' lang='grc' dir='ltr'>ιη</span> <span class='ocrx_word' id='word_1_312' title='bbox 1526 3665 1728 3718; x_wconf 88' lang='lat' dir='ltr'><strong>lacum:</strong></span> <span class='ocrx_word' id='word_1_313' title='bbox 1753 3665 1930 3734; x_wconf 90' lang='lat' dir='ltr'><strong>utique</strong></span> <span class='ocrx_word' id='word_1_314' title='bbox 1958 3679 1986 3718; x_wconf 90' lang='lat' dir='ltr'><strong>a</strong></span> <span class='ocrx_word' id='word_1_315' title='bbox 2013 3679 2109 3720; x_wconf 89' lang='lat' dir='ltr'><strong>ne-</strong></span> 
     </span>
    </p>
   </div>
   <div class='ocr_carea' id='block_1_39' title="bbox 523 3755 2103 3830">
    <p class='ocr_par' dir='ltr' id='par_1_39' title="bbox 523 3755 2103 3830">
     <span class='ocr_line' id='line_1_39' title="bbox 523 3755 2103 3830; baseline -0.004 -13"><span class='ocrx_word' id='word_1_316' title='bbox 523 3761 817 3817; x_wconf 86' lang='lat' dir='ltr'><strong>scientibus</strong></span> <span class='ocrx_word' id='word_1_317' title='bbox 837 3758 961 3830; x_wconf 90' lang='lat' dir='ltr'><strong>quid</strong></span> <span class='ocrx_word' id='word_1_318' title='bbox 983 3757 1235 3820; x_wconf 88' lang='lat' dir='ltr'><strong>facerent,</strong></span> <span class='ocrx_word' id='word_1_319' title='bbox 1261 3755 1350 3826; x_wconf 90' lang='lat' dir='ltr'><strong>qui</strong></span> <span class='ocrx_word' id='word_1_320' title='bbox 1365 3771 1488 3810; x_wconf 90' lang='lat' dir='ltr'><strong>eum</strong></span> <span class='ocrx_word' id='word_1_321' title='bbox 1505 3757 1582 3811; x_wconf 88' lang='lat' dir='ltr'><strong>sic</strong></span> <span class='ocrx_word' id='word_1_322' title='bbox 1599 3755 1732 3809; x_wconf 90' lang='lat' dir='ltr'><strong>mori</strong></span> <span class='ocrx_word' id='word_1_323' title='bbox 1753 3763 2103 3825; x_wconf 85' lang='lat' dir='ltr'><strong>putaverunt,</strong></span> 
     </span>
    </p>
   </div>
   <div class='ocr_carea' id='block_1_40' title="bbox 523 3849 2107 3920">
    <p class='ocr_par' dir='ltr' id='par_1_40' title="bbox 523 3849 2107 3920">
     <span class='ocr_line' id='line_1_40' title="bbox 523 3849 2107 3920; baseline -0.004 -9"><span class='ocrx_word' id='word_1_324' title='bbox 523 3866 578 3911; x_wconf 90' lang='lat' dir='ltr'><strong>ut</strong></span> <span class='ocrx_word' id='word_1_325' title='bbox 627 3855 922 3909; x_wconf 74' lang='lat' dir='ltr'><strong>nzoriuntur</strong></span> <span class='ocrx_word' id='word_1_326' title='bbox 973 3851 1217 3906; x_wconf 86' lang='lat' dir='ltr'><strong>homines</strong></span> <span class='ocrx_word' id='word_1_327' title='bbox 1258 3850 1472 3914; x_wconf 61' lang='lat' dir='ltr'><strong>caeteri,</strong></span> <span class='ocrx_word' id='word_1_328' title='bbox 1504 3858 1754 3920; x_wconf 87' lang='lat' dir='ltr'><strong>tauquam</strong></span> <span class='ocrx_word' id='word_1_329' title='bbox 1801 3849 2107 3905; x_wconf 86' lang='lat' dir='ltr'><strong>necessitati</strong></span> 
     </span>
    </p>
   </div>
   <div class='ocr_carea' id='block_1_41' title="bbox 520 3940 2105 4016">
    <p class='ocr_par' dir='ltr' id='par_1_41' title="bbox 520 3940 2105 4016">
     <span class='ocr_line' id='line_1_41' title="bbox 520 3940 2105 4016; baseline -0.004 -13"><span class='ocrx_word' id='word_1_330' title='bbox 520 3948 786 4003; x_wconf 89' lang='lat' dir='ltr'><strong>subditum</strong></span> <span class='ocrx_word' id='word_1_331' title='bbox 815 3956 970 4016; x_wconf 89' lang='lat' dir='ltr'><strong>atque</strong></span> <span class='ocrx_word' id='word_1_332' title='bbox 997 3944 1082 3998; x_wconf 90' lang='lat' dir='ltr'><strong>illa</strong></span> <span class='ocrx_word' id='word_1_333' title='bbox 1100 3943 1415 3998; x_wconf 88' lang='lat' dir='ltr'><strong>necessitate</strong></span> <span class='ocrx_word' id='word_1_334' title='bbox 1435 3940 1721 3997; x_wconf 89' lang='lat' dir='ltr'><strong>devictum.</strong></span> <span class='ocrx_word' id='word_1_335' title='bbox 1752 3940 1942 3996; x_wconf 87' lang='lat' dir='ltr'><strong>Lacum</strong></span> <span class='ocrx_word' id='word_1_336' title='bbox 1963 3942 2105 3998; x_wconf 88' lang='lat' dir='ltr'><strong>enim</strong></span> 
     </span>
    </p>
   </div>
   <div class='ocr_carea' id='block_1_42' title="bbox 519 4031 1839 4104">
    <p class='ocr_par' dir='ltr' id='par_1_42' title="bbox 519 4031 1839 4104">
     <span class='ocr_line' id='line_1_42' title="bbox 519 4031 1839 4104; baseline -0.006 -10"><span class='ocrx_word' id='word_1_337' title='bbox 519 4039 672 4104; x_wconf 65' lang='lat' dir='ltr'><strong>dixit,</strong></span> <span class='ocrx_word' id='word_1_338' title='bbox 702 4037 788 4093; x_wconf 87' lang='lat' dir='ltr'><strong>vel</strong></span> <span class='ocrx_word' id='word_1_339' title='bbox 815 4036 1042 4092; x_wconf 69' lang='lat' dir='ltr'><strong>miseria:</strong></span> <span class='ocrx_word' id='word_1_340' title='bbox 1072 4035 1154 4090; x_wconf 86' lang='lat' dir='ltr'><strong>vel</strong></span> <span class='ocrx_word' id='word_1_341' title='bbox 1180 4033 1371 4089; x_wconf 83' lang='lat' dir='ltr'><strong>inferni</strong></span> <span class='ocrx_word' id='word_1_342' title='bbox 1406 4031 1839 4101; x_wconf 82' lang='lat' dir='ltr'><strong>profunditatem.</strong></span> 
     </span>
    </p>
   </div>
   <div class='ocr_carea' id='block_1_43' title="bbox 587 4127 2104 4199">
    <p class='ocr_par' dir='ltr' id='par_1_43' title="bbox 587 4127 2104 4199">
     <span class='ocr_line' id='line_1_43' title="bbox 587 4127 2104 4199; baseline -0.003 -13"><span class='ocrx_word' id='word_1_343' title='bbox 587 4135 642 4190; x_wconf 84' lang='lat'><strong>5.</strong></span> <span class='ocrx_word' id='word_1_344' title='bbox 675 4131 860 4186; x_wconf 82' lang='lat' dir='ltr'><strong>Factus</strong></span> <span class='ocrx_word' id='word_1_345' title='bbox 874 4147 1002 4195; x_wconf 84' lang='lat' dir='ltr'><strong>sum,</strong></span> <span class='ocrx_word' id='word_1_346' title='bbox 1022 4129 1208 4199; x_wconf 85' lang='lat' dir='ltr'><strong>inquit.</strong></span> <span class='ocrx_word' id='word_1_347' title='bbox 1231 4129 1358 4182; x_wconf 83' lang='lat' dir='ltr'><strong>sicut</strong></span> <span class='ocrx_word' id='word_1_348' title='bbox 1392 4127 1541 4182; x_wconf 87' lang='lat' dir='ltr'><strong>homo</strong></span> <span class='ocrx_word' id='word_1_349' title='bbox 1555 4127 1663 4181; x_wconf 88' lang='lat' dir='ltr'><strong>sine</strong></span> <span class='ocrx_word' id='word_1_350' title='bbox 1685 4127 1960 4198; x_wconf 85' lang='lat' dir='ltr'><strong>adjutorio,</strong></span> <span class='ocrx_word' id='word_1_351' title='bbox 1977 4127 2104 4182; x_wconf 85' lang='lat' dir='ltr'><strong>inter</strong></span> 
     </span>
    </p>
   </div>
   <div class='ocr_carea' id='block_1_44' title="bbox 517 4220 2102 4290">
    <p class='ocr_par' dir='ltr' id='par_1_44' title="bbox 517 4220 2102 4290">
     <span class='ocr_line' id='line_1_44' title="bbox 517 4220 2102 4290; baseline -0.003 -9"><span class='ocrx_word' id='word_1_352' title='bbox 517 4237 740 4282; x_wconf 85' lang='lat' dir='ltr'><strong>mortuos</strong></span> <span class='ocrx_word' id='word_1_353' title='bbox 767 4225 910 4279; x_wconf 85' lang='lat' dir='ltr'><strong>liber.</strong></span> <span class='ocrx_word' id='word_1_354' title='bbox 947 4223 1000 4277; x_wconf 88' lang='lat' dir='ltr'><strong>In</strong></span> <span class='ocrx_word' id='word_1_355' title='bbox 1037 4222 1119 4276; x_wconf 88' lang='lat' dir='ltr'><strong>his</strong></span> <span class='ocrx_word' id='word_1_356' title='bbox 1148 4221 1326 4277; x_wconf 81' lang='lat' dir='ltr'><strong>verbis</strong></span> <span class='ocrx_word' id='word_1_357' title='bbox 1370 4220 1602 4276; x_wconf 81' lang='lat' dir='ltr'><strong>maxime</strong></span> <span class='ocrx_word' id='word_1_358' title='bbox 1640 4236 1863 4290; x_wconf 76' lang='lat' dir='ltr'><strong>persona</strong></span> <span class='ocrx_word' id='word_1_359' title='bbox 1894 4221 2102 4277; x_wconf 88' lang='lat' dir='ltr'><strong>Domini</strong></span> 
     </span>
    </p>
   </div>
   <div class='ocr_carea' id='block_1_45' title="bbox 515 4312 2101 4388">
    <p class='ocr_par' dir='ltr' id='par_1_45' title="bbox 515 4312 2101 4388">
     <span class='ocr_line' id='line_1_45' title="bbox 515 4312 2101 4388; baseline -0.004 -14"><span class='ocrx_word' id='word_1_360' title='bbox 515 4325 753 4388; x_wconf 76' lang='lat' dir='ltr'><strong>apparet.</strong></span> <span class='ocrx_word' id='word_1_361' title='bbox 784 4315 912 4384; x_wconf 83' lang='lat' dir='ltr'><strong>Quis</strong></span> <span class='ocrx_word' id='word_1_362' title='bbox 955 4315 1096 4370; x_wconf 89' lang='lat' dir='ltr'><strong>enim</strong></span> <span class='ocrx_word' id='word_1_363' title='bbox 1123 4313 1260 4366; x_wconf 91' lang='lat' dir='ltr'><strong>alius</strong></span> <span class='ocrx_word' id='word_1_364' title='bbox 1281 4313 1418 4366; x_wconf 88' lang='lat' dir='ltr'><strong>inter</strong></span> <span class='ocrx_word' id='word_1_365' title='bbox 1448 4323 1686 4366; x_wconf 88' lang='lat' dir='ltr'><strong>mortuos</strong></span> <span class='ocrx_word' id='word_1_366' title='bbox 1716 4313 1870 4377; x_wconf 90' lang='lat' dir='ltr'><strong>liber,</strong></span> <span class='ocrx_word' id='word_1_367' title='bbox 1898 4312 1999 4366; x_wconf 87' lang='lat' dir='ltr'><strong>nisi</strong></span> <span class='ocrx_word' id='word_1_368' title='bbox 2046 4313 2101 4368; x_wconf 92' lang='lat' dir='ltr'><strong>in</strong></span> 
     </span>
    </p>
   </div>
   <div class='ocr_carea' id='block_1_46' title="bbox 515 4404 2099 4477">
    <p class='ocr_par' dir='ltr' id='par_1_46' title="bbox 515 4404 2099 4477">
     <span class='ocr_line' id='line_1_46' title="bbox 515 4404 2099 4477; baseline -0.005 -10"><span class='ocrx_word' id='word_1_369' title='bbox 515 4408 864 4467; x_wconf 87' lang='lat' dir='ltr'><strong>similitudine</strong></span> <span class='ocrx_word' id='word_1_370' title='bbox 906 4406 1080 4462; x_wconf 89' lang='lat' dir='ltr'><strong>carnis</strong></span> <span class='ocrx_word' id='word_1_371' title='bbox 1111 4404 1308 4477; x_wconf 87' lang='lat' dir='ltr'><strong>peccati</strong></span> <span class='ocrx_word' id='word_1_372' title='bbox 1342 4405 1517 4474; x_wconf 86' lang='lat' dir='ltr'><strong>(Rom.</strong></span> <span class='ocrx_word' id='word_1_373' title='bbox 1548 4419 1636 4458; x_wconf 82' lang='lat' dir='ltr'><strong>vni</strong></span> <span class='ocrx_word' id='word_1_374' title='bbox 1663 4444 1677 4466; x_wconf 94' lang='lat'><strong>,</strong></span> <span class='ocrx_word' id='word_1_375' title='bbox 1721 4405 1775 4473; x_wconf 78' lang='lat'><strong>5)</strong></span> <span class='ocrx_word' id='word_1_376' title='bbox 1807 4404 1946 4458; x_wconf 88' lang='lat' dir='ltr'><strong>inter</strong></span> <span class='ocrx_word' id='word_1_377' title='bbox 1973 4420 2099 4475; x_wconf 61' lang='lat' dir='ltr'><strong>pce.</strong></span> 
     </span>
    </p>
   </div>
   <div class='ocr_carea' id='block_1_47' title="bbox 513 4494 2100 4566">
    <p class='ocr_par' dir='ltr' id='par_1_47' title="bbox 513 4494 2100 4566">
     <span class='ocr_line' id='line_1_47' title="bbox 513 4494 2100 4566; baseline -0.006 -6"><span class='ocrx_word' id='word_1_378' title='bbox 513 4515 724 4560; x_wconf 83' lang='lat' dir='ltr'><strong>calores</strong></span> <span class='ocrx_word' id='word_1_379' title='bbox 753 4499 899 4553; x_wconf 83' lang='lat' dir='ltr'><strong>solus</strong></span> <span class='ocrx_word' id='word_1_380' title='bbox 947 4498 1064 4552; x_wconf 89' lang='lat' dir='ltr'><strong>sine</strong></span> <span class='ocrx_word' id='word_1_381' title='bbox 1115 4496 1368 4566; x_wconf 87' lang='lat' dir='ltr'><strong>peccato?</strong></span> <span class='ocrx_word' id='word_1_382' title='bbox 1399 4494 1551 4551; x_wconf 89' lang='lat' dir='ltr'><strong>Unde</strong></span> <span class='ocrx_word' id='word_1_383' title='bbox 1600 4494 1704 4549; x_wconf 91' lang='lat' dir='ltr'><strong>illis</strong></span> <span class='ocrx_word' id='word_1_384' title='bbox 1745 4494 1834 4565; x_wconf 92' lang='lat' dir='ltr'><strong>qui</strong></span> <span class='ocrx_word' id='word_1_385' title='bbox 1884 4510 1942 4550; x_wconf 89' lang='lat' dir='ltr'><strong>se</strong></span> <span class='ocrx_word' id='word_1_386' title='bbox 1971 4495 2100 4551; x_wconf 91' lang='lat' dir='ltr'><strong>insi-</strong></span> 
     </span>
    </p>
   </div>
   <div class='ocr_carea' id='block_1_48' title="bbox 510 4586 2096 4670">
    <p class='ocr_par' dir='ltr' id='par_1_48' title="bbox 510 4586 2096 4670">
     <span class='ocr_line' id='line_1_48' title="bbox 510 4586 2096 4670; baseline -0.005 -21"><span class='ocrx_word' id='word_1_387' title='bbox 510 4599 719 4670; x_wconf 70' lang='lat' dir='ltr'><strong>pienter</strong></span> <span class='ocrx_word' id='word_1_388' title='bbox 747 4592 946 4647; x_wconf 85' lang='lat' dir='ltr'><strong>liberos</strong></span> <span class='ocrx_word' id='word_1_389' title='bbox 977 4587 1246 4660; x_wconf 80' lang='lat' dir='ltr'><strong>putabunt,</strong></span> <span class='ocrx_word' id='word_1_390' title='bbox 1276 4587 1474 4654; x_wconf 80' lang='lat' dir='ltr'><strong>Omnis,</strong></span> <span class='ocrx_word' id='word_1_391' title='bbox 1503 4587 1610 4652; x_wconf 88' lang='lat' dir='ltr'><strong>ait,</strong></span> <span class='ocrx_word' id='word_1_392' title='bbox 1644 4586 1730 4658; x_wconf 82' lang='lat' dir='ltr'><strong>qui</strong></span> <span class='ocrx_word' id='word_1_393' title='bbox 1775 4586 1896 4656; x_wconf 76' lang='lat' dir='ltr'><strong>facit</strong></span> <span class='ocrx_word' id='word_1_394' title='bbox 1921 4603 2096 4659; x_wconf 47' lang='lat' dir='ltr'><strong>pecca‘</strong></span> 
     </span>
    </p>
   </div>
   <div class='ocr_carea' id='block_1_49' title="bbox 510 4678 2092 4753">
    <p class='ocr_par' dir='ltr' id='par_1_49' title="bbox 510 4678 2092 4753">
     <span class='ocr_line' id='line_1_49' title="bbox 510 4678 2092 4753; baseline -0.004 -10"><span class='ocrx_word' id='word_1_395' title='bbox 510 4699 710 4753; x_wconf 86' lang='lat' dir='ltr'><strong>catum,</strong></span> <span class='ocrx_word' id='word_1_396' title='bbox 742 4701 911 4740; x_wconf 84' lang='lat' dir='ltr'><strong>servus</strong></span> <span class='ocrx_word' id='word_1_397' title='bbox 963 4692 1034 4737; x_wconf 89' lang='lat' dir='ltr'><strong>est</strong></span> <span class='ocrx_word' id='word_1_398' title='bbox 1074 4680 1282 4752; x_wconf 84' lang='lat' dir='ltr'><strong>peccati.</strong></span> <span class='ocrx_word' id='word_1_399' title='bbox 1319 4678 1386 4733; x_wconf 83' lang='lat' dir='ltr'><strong>Et</strong></span> <span class='ocrx_word' id='word_1_400' title='bbox 1434 4679 1554 4749; x_wconf 86' lang='lat' dir='ltr'><strong>quia</strong></span> <span class='ocrx_word' id='word_1_401' title='bbox 1587 4695 1683 4750; x_wconf 89' lang='lat' dir='ltr'><strong>per</strong></span> <span class='ocrx_word' id='word_1_402' title='bbox 1717 4695 1838 4736; x_wconf 89' lang='lat' dir='ltr'><strong>eum</strong></span> <span class='ocrx_word' id='word_1_403' title='bbox 1869 4681 1957 4749; x_wconf 90' lang='lat' dir='ltr'><strong>qui</strong></span> <span class='ocrx_word' id='word_1_404' title='bbox 1989 4694 2092 4736; x_wconf 93' lang='lat' dir='ltr'><strong>non</strong></span> 
     </span>
    </p>
   </div>
   <div class='ocr_carea' id='block_1_50' title="bbox 510 4771 2096 4848">
    <p class='ocr_par' dir='ltr' id='par_1_50' title="bbox 510 4771 2096 4848">
     <span class='ocr_line' id='line_1_50' title="bbox 510 4771 2096 4848; baseline -0.003 -14"><span class='ocrx_word' id='word_1_405' title='bbox 510 4779 736 4835; x_wconf 83' lang='lat' dir='ltr'><strong>habebat</strong></span> <span class='ocrx_word' id='word_1_406' title='bbox 779 4783 1084 4848; x_wconf 88' lang='lat' dir='ltr'><strong>peccatum,</strong></span> <span class='ocrx_word' id='word_1_407' title='bbox 1113 4773 1391 4842; x_wconf 83' lang='lat' dir='ltr'><strong>Oportebat</strong></span> <span class='ocrx_word' id='word_1_408' title='bbox 1433 4771 1644 4827; x_wconf 90' lang='lat' dir='ltr'><strong>liberari</strong></span> <span class='ocrx_word' id='word_1_409' title='bbox 1665 4789 1694 4828; x_wconf 93' lang='lat' dir='ltr'><strong>a</strong></span> <span class='ocrx_word' id='word_1_410' title='bbox 1724 4773 1955 4844; x_wconf 85' lang='lat' dir='ltr'><strong>peccatis</strong></span> <span class='ocrx_word' id='word_1_411' title='bbox 1987 4791 1999 4827; x_wconf 94' lang='lat'>:</span> <span class='ocrx_word' id='word_1_412' title='bbox 2033 4773 2096 4829; x_wconf 90' lang='lat' dir='ltr'><strong>Si</strong></span> 
     </span>
    </p>
   </div>
   <div class='ocr_carea' id='block_1_51' title="bbox 508 4865 2094 4942">
    <p class='ocr_par' dir='ltr' id='par_1_51' title="bbox 508 4865 2094 4942">
     <span class='ocr_line' id='line_1_51' title="bbox 508 4865 2094 4942; baseline -0.002 -15"><span class='ocrx_word' id='word_1_413' title='bbox 508 4891 609 4937; x_wconf 86' lang='lat' dir='ltr'><strong>vos,</strong></span> <span class='ocrx_word' id='word_1_414' title='bbox 671 4872 868 4942; x_wconf 87' lang='lat' dir='ltr'><strong>inquit,</strong></span> <span class='ocrx_word' id='word_1_415' title='bbox 899 4868 1066 4923; x_wconf 88' lang='lat' dir='ltr'><strong>Filius</strong></span> <span class='ocrx_word' id='word_1_416' title='bbox 1113 4865 1423 4932; x_wconf 83' lang='lat' dir='ltr'><strong>liberaverit,</strong></span> <span class='ocrx_word' id='word_1_417' title='bbox 1459 4875 1576 4920; x_wconf 88' lang='lat' dir='ltr'><strong>tunc</strong></span> <span class='ocrx_word' id='word_1_418' title='bbox 1622 4883 1733 4921; x_wconf 85' lang='lat' dir='ltr'><strong>vere</strong></span> <span class='ocrx_word' id='word_1_419' title='bbox 1773 4867 1915 4922; x_wconf 83' lang='lat' dir='ltr'><strong>liberi</strong></span> <span class='ocrx_word' id='word_1_420' title='bbox 1957 4868 2094 4924; x_wconf 80' lang='lat' dir='ltr'><strong>eritis</strong></span> 
     </span>
    </p>
   </div>
   <div class='ocr_carea' id='block_1_52' title="bbox 508 4959 2091 5037">
    <p class='ocr_par' dir='ltr' id='par_1_52' title="bbox 508 4959 2091 5037">
     <span class='ocr_line' id='line_1_52' title="bbox 508 4959 2091 5037; baseline -0.004 -15"><span class='ocrx_word' id='word_1_421' title='bbox 508 4967 685 5037; x_wconf 85' lang='lat' dir='ltr'><strong>(Juan.</strong></span> <span class='ocrx_word' id='word_1_422' title='bbox 719 4982 807 5020; x_wconf 87' lang='lat' dir='ltr'><strong>vnl</strong></span> <span class='ocrx_word' id='word_1_423' title='bbox 831 5007 847 5031; x_wconf 89' lang='lat'><strong>,</strong></span> <span class='ocrx_word' id='word_1_424' title='bbox 877 4965 967 5029; x_wconf 70' lang='lat'><strong>&#39;56,</strong></span> <span class='ocrx_word' id='word_1_425' title='bbox 999 4960 1112 5030; x_wconf 75' lang='lat'><strong>36).</strong></span> <span class='ocrx_word' id='word_1_426' title='bbox 1140 4960 1234 5015; x_wconf 86' lang='lat' dir='ltr'><strong>Hic</strong></span> <span class='ocrx_word' id='word_1_427' title='bbox 1261 4975 1386 5031; x_wconf 83' lang='lat' dir='ltr'><strong>ergo</strong></span> <span class='ocrx_word' id='word_1_428' title='bbox 1412 4959 1543 5014; x_wconf 88' lang='lat' dir='ltr'><strong>inter</strong></span> <span class='ocrx_word' id='word_1_429' title='bbox 1572 4971 1798 5015; x_wconf 87' lang='lat' dir='ltr'><strong>mortuos</strong></span> <span class='ocrx_word' id='word_1_430' title='bbox 1827 4961 1970 5028; x_wconf 85' lang='lat' dir='ltr'><strong>liber,</strong></span> <span class='ocrx_word' id='word_1_431' title='bbox 2000 4962 2091 5032; x_wconf 89' lang='lat' dir='ltr'><strong>qui</strong></span> 
     </span>
    </p>
   </div>
   <div class='ocr_carea' id='block_1_53' title="bbox 507 5054 2090 5128">
    <p class='ocr_par' dir='ltr' id='par_1_53' title="bbox 507 5054 2090 5128">
     <span class='ocr_line' id='line_1_53' title="bbox 507 5054 2090 5128; baseline -0.002 -15"><span class='ocrx_word' id='word_1_432' title='bbox 507 5061 556 5113; x_wconf 92' lang='lat' dir='ltr'><strong>iu</strong></span> <span class='ocrx_word' id='word_1_433' title='bbox 586 5067 847 5128; x_wconf 85' lang='lat' dir='ltr'><strong>potestate</strong></span> <span class='ocrx_word' id='word_1_434' title='bbox 877 5055 1100 5110; x_wconf 85' lang='lat' dir='ltr'><strong>habebat</strong></span> <span class='ocrx_word' id='word_1_435' title='bbox 1125 5067 1322 5124; x_wconf 86' lang='lat' dir='ltr'><strong>ponere</strong></span> <span class='ocrx_word' id='word_1_436' title='bbox 1345 5054 1574 5108; x_wconf 86' lang='lat' dir='ltr'><strong>animam</strong></span> <span class='ocrx_word' id='word_1_437' title='bbox 1604 5067 1754 5108; x_wconf 89' lang='lat' dir='ltr'><strong>suam</strong></span> <span class='ocrx_word' id='word_1_438' title='bbox 1776 5094 1792 5121; x_wconf 92' lang='lat'><strong>,</strong></span> <span class='ocrx_word' id='word_1_439' title='bbox 1821 5061 1876 5108; x_wconf 89' lang='lat' dir='ltr'><strong>et</strong></span> <span class='ocrx_word' id='word_1_440' title='bbox 1899 5055 2090 5110; x_wconf 90' lang='lat' dir='ltr'><strong>iterum</strong></span> 
     </span>
    </p>
   </div>
   <div class='ocr_carea' id='block_1_54' title="bbox 501 5145 2089 5219">
    <p class='ocr_par' dir='ltr' id='par_1_54' title="bbox 501 5145 2089 5219">
     <span class='ocr_line' id='line_1_54' title="bbox 501 5145 2089 5219; baseline -0.001 -12"><span class='ocrx_word' id='word_1_441' title='bbox 501 5166 714 5208; x_wconf 87' lang='lat' dir='ltr'><strong>sumere</strong></span> <span class='ocrx_word' id='word_1_442' title='bbox 740 5166 889 5214; x_wconf 88' lang='lat' dir='ltr'><strong>eam;</strong></span> <span class='ocrx_word' id='word_1_443' title='bbox 922 5165 953 5203; x_wconf 90' lang='lat' dir='ltr'><strong>a</strong></span> <span class='ocrx_word' id='word_1_444' title='bbox 983 5165 1088 5218; x_wconf 85' lang='lat' dir='ltr'><strong>quo</strong></span> <span class='ocrx_word' id='word_1_445' title='bbox 1108 5164 1224 5204; x_wconf 88' lang='lat' dir='ltr'><strong>eam</strong></span> <span class='ocrx_word' id='word_1_446' title='bbox 1254 5163 1411 5203; x_wconf 91' lang='lat' dir='ltr'><strong>nemo</strong></span> <span class='ocrx_word' id='word_1_447' title='bbox 1435 5145 1670 5214; x_wconf 89' lang='lat' dir='ltr'><strong>tollebat,</strong></span> <span class='ocrx_word' id='word_1_448' title='bbox 1703 5145 1795 5202; x_wconf 89' lang='lat' dir='ltr'><strong>sed</strong></span> <span class='ocrx_word' id='word_1_449' title='bbox 1825 5161 1943 5202; x_wconf 88' lang='lat' dir='ltr'><strong>eam</strong></span> <span class='ocrx_word' id='word_1_450' title='bbox 1976 5148 2089 5219; x_wconf 90' lang='lat' dir='ltr'><strong>ipse</strong></span> 
     </span>
    </p>
   </div>
   <div class='ocr_carea' id='block_1_55' title="bbox 499 5239 2087 5312">
    <p class='ocr_par' dir='ltr' id='par_1_55' title="bbox 499 5239 2087 5312">
     <span class='ocr_line' id='line_1_55' title="bbox 499 5239 2087 5312; baseline -0.001 -12"><span class='ocrx_word' id='word_1_451' title='bbox 499 5246 778 5300; x_wconf 74' lang='lat' dir='ltr'><strong>voluntate</strong></span> <span class='ocrx_word' id='word_1_452' title='bbox 831 5241 1059 5312; x_wconf 89' lang='lat' dir='ltr'><strong>ponebat</strong></span> <span class='ocrx_word' id='word_1_453' title='bbox 1108 5240 1216 5311; x_wconf 87' lang='lat' dir='ltr'><strong>(Id.</strong></span> <span class='ocrx_word' id='word_1_454' title='bbox 1262 5259 1330 5308; x_wconf 87' lang='lat' dir='ltr'><strong>x,</strong></span> <span class='ocrx_word' id='word_1_455' title='bbox 1366 5241 1492 5311; x_wconf 72' lang='lat'><strong>18);</strong></span> <span class='ocrx_word' id='word_1_456' title='bbox 1524 5240 1613 5312; x_wconf 88' lang='lat' dir='ltr'><strong>qui</strong></span> <span class='ocrx_word' id='word_1_457' title='bbox 1658 5239 1817 5296; x_wconf 86' lang='lat' dir='ltr'><strong>etiam</strong></span> <span class='ocrx_word' id='word_1_458' title='bbox 1871 5256 2087 5298; x_wconf 88' lang='lat' dir='ltr'><strong>carnem</strong></span> 
     </span>
    </p>
   </div>
   <div class='ocr_carea' id='block_1_56' title="bbox 495 5334 2086 5414">
    <p class='ocr_par' dir='ltr' id='par_1_56' title="bbox 495 5334 2086 5414">
     <span class='ocr_line' id='line_1_56' title="bbox 495 5334 2086 5414; baseline -0.001 -19"><span class='ocrx_word' id='word_1_459' title='bbox 495 5356 646 5396; x_wconf 85' lang='lat' dir='ltr'><strong>suam</strong></span> <span class='ocrx_word' id='word_1_460' title='bbox 681 5349 928 5407; x_wconf 89' lang='lat' dir='ltr'><strong>tanquam</strong></span> <span class='ocrx_word' id='word_1_461' title='bbox 955 5337 1186 5392; x_wconf 90' lang='lat' dir='ltr'><strong>solutum</strong></span> <span class='ocrx_word' id='word_1_462' title='bbox 1213 5337 1280 5391; x_wconf 89' lang='lat' dir='ltr'><strong>ab</strong></span> <span class='ocrx_word' id='word_1_463' title='bbox 1325 5336 1403 5391; x_wconf 88' lang='lat' dir='ltr'><strong>eis</strong></span> <span class='ocrx_word' id='word_1_464' title='bbox 1432 5335 1689 5406; x_wconf 90' lang='lat' dir='ltr'><strong>templum</strong></span> <span class='ocrx_word' id='word_1_465' title='bbox 1715 5376 1730 5402; x_wconf 93' lang='lat'><strong>,</strong></span> <span class='ocrx_word' id='word_1_466' title='bbox 1765 5334 2086 5414; x_wconf 84' lang='lat' dir='ltr'><strong>resuscitare</strong></span> 
     </span>
    </p>
   </div>
   <div class='ocr_carea' id='block_1_57' title="bbox 494 5427 2082 5507">
    <p class='ocr_par' dir='ltr' id='par_1_57' title="bbox 494 5427 2082 5507">
     <span class='ocr_line' id='line_1_57' title="bbox 494 5427 2082 5507; baseline -0.002 -18"><span class='ocrx_word' id='word_1_467' title='bbox 494 5441 744 5507; x_wconf 84' lang='lat' dir='ltr'><strong>poterat,</strong></span> <span class='ocrx_word' id='word_1_468' title='bbox 792 5445 914 5487; x_wconf 90' lang='lat' dir='ltr'><strong>cum</strong></span> <span class='ocrx_word' id='word_1_469' title='bbox 961 5427 1173 5484; x_wconf 89' lang='lat' dir='ltr'><strong>volebat</strong></span> <span class='ocrx_word' id='word_1_470' title='bbox 1200 5427 1311 5500; x_wconf 81' lang='lat' dir='ltr'><strong>(Id.</strong></span> <span class='ocrx_word' id='word_1_471' title='bbox 1339 5429 1558 5500; x_wconf 69' lang='lat'><strong>11,19);</strong></span> <span class='ocrx_word' id='word_1_472' title='bbox 1600 5444 1758 5501; x_wconf 90' lang='lat' dir='ltr'><strong>quem</strong></span> <span class='ocrx_word' id='word_1_473' title='bbox 1802 5445 2082 5502; x_wconf 89' lang='lat' dir='ltr'><strong>passurum</strong></span> 
     </span>
    </p>
   </div>
   <div class='ocr_carea' id='block_1_58' title="bbox 492 5521 2084 5597">
    <p class='ocr_par' dir='ltr' id='par_1_58' title="bbox 492 5521 2084 5597">
     <span class='ocr_line' id='line_1_58' title="bbox 492 5521 2084 5597; baseline -0.003 -12"><span class='ocrx_word' id='word_1_474' title='bbox 492 5544 615 5585; x_wconf 91' lang='lat' dir='ltr'><strong>cum</strong></span> <span class='ocrx_word' id='word_1_475' title='bbox 659 5539 845 5583; x_wconf 89' lang='lat' dir='ltr'><strong>omnes</strong></span> <span class='ocrx_word' id='word_1_476' title='bbox 882 5521 1266 5590; x_wconf 87' lang='lat' dir='ltr'><strong>deseruissent,</strong></span> <span class='ocrx_word' id='word_1_477' title='bbox 1307 5523 1453 5577; x_wconf 88' lang='lat' dir='ltr'><strong>solus</strong></span> <span class='ocrx_word' id='word_1_478' title='bbox 1491 5539 1598 5579; x_wconf 92' lang='lat' dir='ltr'><strong>non</strong></span> <span class='ocrx_word' id='word_1_479' title='bbox 1643 5525 1924 5593; x_wconf 89' lang='lat' dir='ltr'><strong>remansit,</strong></span> <span class='ocrx_word' id='word_1_480' title='bbox 1959 5525 2084 5597; x_wconf 88' lang='lat' dir='ltr'><strong>quia</strong></span> 
     </span>
    </p>
   </div>
   <div class='ocr_carea' id='block_1_59' title="bbox 490 5617 2078 5694">
    <p class='ocr_par' dir='ltr' id='par_1_59' title="bbox 490 5617 2078 5694">
     <span class='ocr_line' id='line_1_59' title="bbox 490 5617 2078 5694; baseline -0.001 -15"><span class='ocrx_word' id='word_1_481' title='bbox 490 5625 650 5680; x_wconf 84' lang='lat' dir='ltr'><strong>Pater</strong></span> <span class='ocrx_word' id='word_1_482' title='bbox 673 5637 796 5677; x_wconf 89' lang='lat' dir='ltr'><strong>cum</strong></span> <span class='ocrx_word' id='word_1_483' title='bbox 823 5634 930 5675; x_wconf 92' lang='lat' dir='ltr'><strong>non</strong></span> <span class='ocrx_word' id='word_1_484' title='bbox 957 5617 1213 5684; x_wconf 88' lang='lat' dir='ltr'><strong>deseruit,</strong></span> <span class='ocrx_word' id='word_1_485' title='bbox 1241 5617 1378 5672; x_wconf 87' lang='lat' dir='ltr'><strong>sicut</strong></span> <span class='ocrx_word' id='word_1_486' title='bbox 1403 5617 1518 5688; x_wconf 91' lang='lat' dir='ltr'><strong>ipse</strong></span> <span class='ocrx_word' id='word_1_487' title='bbox 1561 5626 1788 5675; x_wconf 86' lang='lat' dir='ltr'><strong>testatur</strong></span> <span class='ocrx_word' id='word_1_488' title='bbox 1809 5618 1918 5694; x_wconf 82' lang='lat' dir='ltr'><strong>(Id.</strong></span> <span class='ocrx_word' id='word_1_489' title='bbox 1948 5636 2040 5678; x_wconf 78' lang='lat' dir='ltr'><strong>vui</strong></span> <span class='ocrx_word' id='word_1_490' title='bbox 2060 5659 2078 5690; x_wconf 88' lang='lat'><strong>,</strong></span> 
     </span>
    </p>
   </div>
   <div class='ocr_carea' id='block_1_60' title="bbox 486 5711 2078 5785">
    <p class='ocr_par' dir='ltr' id='par_1_60' title="bbox 486 5711 2078 5785">
     <span class='ocr_line' id='line_1_60' title="bbox 486 5711 2078 5785; baseline 0 -13"><span class='ocrx_word' id='word_1_491' title='bbox 486 5717 628 5785; x_wconf 58' lang='lat'><strong>29),:</strong></span> <span class='ocrx_word' id='word_1_492' title='bbox 664 5715 730 5772; x_wconf 89' lang='lat' dir='ltr'><strong>ab</strong></span> <span class='ocrx_word' id='word_1_493' title='bbox 761 5713 991 5769; x_wconf 89' lang='lat' dir='ltr'><strong>inimicis</strong></span> <span class='ocrx_word' id='word_1_494' title='bbox 1014 5719 1191 5768; x_wconf 89' lang='lat' dir='ltr'><strong>tamen</strong></span> <span class='ocrx_word' id='word_1_495' title='bbox 1233 5726 1329 5781; x_wconf 88' lang='lat' dir='ltr'><strong>pro</strong></span> <span class='ocrx_word' id='word_1_496' title='bbox 1359 5711 1549 5782; x_wconf 90' lang='lat' dir='ltr'><strong>quibus</strong></span> <span class='ocrx_word' id='word_1_497' title='bbox 1593 5713 1765 5769; x_wconf 86' lang='lat' dir='ltr'><strong>oravit</strong></span> <span class='ocrx_word' id='word_1_498' title='bbox 1791 5714 2078 5772; x_wconf 86' lang='lat' dir='ltr'><strong>nescienti-</strong></span> 
     </span>
    </p>
   </div>
   <div class='ocr_carea' id='block_1_61' title="bbox 493 5804 2074 5884">
    <p class='ocr_par' dir='ltr' id='par_1_61' title="bbox 493 5804 2074 5884">
     <span class='ocr_line' id='line_1_61' title="bbox 493 5804 2074 5884; baseline -0.001 -16"><span class='ocrx_word' id='word_1_499' title='bbox 493 5812 589 5868; x_wconf 86' lang='lat' dir='ltr'><strong>bus</strong></span> <span class='ocrx_word' id='word_1_500' title='bbox 616 5807 740 5883; x_wconf 85' lang='lat' dir='ltr'><strong>quid</strong></span> <span class='ocrx_word' id='word_1_501' title='bbox 771 5807 1046 5877; x_wconf 83' lang='lat' dir='ltr'><strong>faciebant,</strong></span> <span class='ocrx_word' id='word_1_502' title='bbox 1084 5815 1137 5864; x_wconf 88' lang='lat' dir='ltr'><strong>et</strong></span> <span class='ocrx_word' id='word_1_503' title='bbox 1182 5804 1517 5879; x_wconf 84' lang='lat' dir='ltr'><strong>dicentibus,</strong></span> <span class='ocrx_word' id='word_1_504' title='bbox 1553 5805 1693 5866; x_wconf 79' lang='lat' dir='ltr'><strong>Alios</strong></span> <span class='ocrx_word' id='word_1_505' title='bbox 1733 5809 1896 5867; x_wconf 77' lang='lat' dir='ltr'><strong>salvos</strong></span> <span class='ocrx_word' id='word_1_506' title='bbox 1924 5811 2074 5884; x_wconf 74' lang='lat' dir='ltr'><strong>fecit,</strong></span> 
     </span>
    </p>
   </div>
   <div class='ocr_carea' id='block_1_62' title="bbox 2235 448 3804 535">
    <p class='ocr_par' dir='ltr' id='par_1_62' title="bbox 2235 448 3804 535">
     <span class='ocr_line' id='line_1_62' title="bbox 2235 448 3804 535; baseline 0.02 -34"><span class='ocrx_word' id='word_1_507' title='bbox 2235 448 2457 520; x_wconf 85' lang='lat' dir='ltr'><strong>seipsum</strong></span> <span class='ocrx_word' id='word_1_508' title='bbox 2479 466 2580 506; x_wconf 90' lang='lat' dir='ltr'><strong>non</strong></span> <span class='ocrx_word' id='word_1_509' title='bbox 2602 461 2782 523; x_wconf 84' lang='lat' dir='ltr'><strong>potest.</strong></span> <span class='ocrx_word' id='word_1_510' title='bbox 2809 455 2872 513; x_wconf 90' lang='lat' dir='ltr'><strong>Si</strong></span> <span class='ocrx_word' id='word_1_511' title='bbox 2899 457 3036 528; x_wconf 78' lang='lat' dir='ltr'><strong>ﬁlius</strong></span> <span class='ocrx_word' id='word_1_512' title='bbox 3057 459 3155 515; x_wconf 91' lang='lat' dir='ltr'><strong>Dei</strong></span> <span class='ocrx_word' id='word_1_513' title='bbox 3175 470 3285 530; x_wconf 88' lang='lat' dir='ltr'><strong>est,</strong></span> <span class='ocrx_word' id='word_1_514' title='bbox 3309 463 3582 523; x_wconf 72' lang='lat' dir='ltr'><strong>descendat</strong></span> <span class='ocrx_word' id='word_1_515' title='bbox 3603 486 3728 530; x_wconf 71' lang='lat' dir='ltr'><strong>nunc</strong></span> <span class='ocrx_word' id='word_1_516' title='bbox 3748 476 3804 535; x_wconf 76' lang='lat' dir='ltr'><strong>dc</strong></span> 
     </span>
    </p>
   </div>
   <div class='ocr_carea' id='block_1_63' title="bbox 2236 546 3804 630">
    <p class='ocr_par' dir='ltr' id='par_1_63' title="bbox 2236 546 3804 630">
     <span class='ocr_line' id='line_1_63' title="bbox 2236 546 3804 630; baseline 0.018 -38"><span class='ocrx_word' id='word_1_517' title='bbox 2236 555 2413 606; x_wconf 83' lang='lat' dir='ltr'><strong>cruce,</strong></span> <span class='ocrx_word' id='word_1_518' title='bbox 2469 553 2518 597; x_wconf 90' lang='lat' dir='ltr'><strong>et</strong></span> <span class='ocrx_word' id='word_1_519' title='bbox 2561 546 2812 604; x_wconf 86' lang='lat' dir='ltr'><strong>credimus</strong></span> <span class='ocrx_word' id='word_1_520' title='bbox 2859 550 2927 604; x_wconf 91' lang='lat' dir='ltr'><strong>ei.</strong></span> <span class='ocrx_word' id='word_1_521' title='bbox 2970 551 3184 608; x_wconf 82' lang='lat' dir='ltr'><strong>Salvum</strong></span> <span class='ocrx_word' id='word_1_522' title='bbox 3232 557 3390 626; x_wconf 82' lang='lat' dir='ltr'><strong>faciat</strong></span> <span class='ocrx_word' id='word_1_523' title='bbox 3418 575 3584 630; x_wconf 71' lang='lat' dir='ltr'><strong>.eum,</strong></span> <span class='ocrx_word' id='word_1_524' title='bbox 3631 566 3674 619; x_wconf 89' lang='lat' dir='ltr'><strong>si</strong></span> <span class='ocrx_word' id='word_1_525' title='bbox 3713 567 3804 626; x_wconf 73' lang='lat' dir='ltr'><strong>uult</strong></span> 
     </span>
    </p>
   </div>
   <div class='ocr_carea' id='block_1_64' title="bbox 2236 634 3800 718">
    <p class='ocr_par' dir='ltr' id='par_1_64' title="bbox 2236 634 3800 718">
     <span class='ocr_line' id='line_1_64' title="bbox 2236 634 3800 718; baseline 0.02 -32"><span class='ocrx_word' id='word_1_526' title='bbox 2236 649 2351 688; x_wconf 86' lang='lat' dir='ltr'><strong>eum</strong></span> <span class='ocrx_word' id='word_1_527' title='bbox 2380 634 2611 707; x_wconf 74' lang='lat' dir='ltr'><strong>(Matth.</strong></span> <span class='ocrx_word' id='word_1_528' title='bbox 2637 655 2806 708; x_wconf 81' lang='lat' dir='ltr'><strong>xxvu,</strong></span> <span class='ocrx_word' id='word_1_529' title='bbox 2836 642 3057 716; x_wconf 70' lang='lat'><strong>40-45);</strong></span> <span class='ocrx_word' id='word_1_530' title='bbox 3085 646 3256 704; x_wconf 86' lang='lat' dir='ltr'><strong>factus</strong></span> <span class='ocrx_word' id='word_1_531' title='bbox 3297 661 3380 706; x_wconf 79' lang='lat' dir='ltr'><strong>est</strong></span> <span class='ocrx_word' id='word_1_532' title='bbox 3400 694 3415 717; x_wconf 94' lang='lat'><strong>,</strong></span> <span class='ocrx_word' id='word_1_533' title='bbox 3445 653 3498 708; x_wconf 93' lang='lat' dir='ltr'><strong>id</strong></span> <span class='ocrx_word' id='word_1_534' title='bbox 3532 665 3614 711; x_wconf 86' lang='lat' dir='ltr'><strong>est</strong></span> <span class='ocrx_word' id='word_1_535' title='bbox 3635 659 3800 718; x_wconf 80' lang='lat' dir='ltr'><strong>existi-</strong></span> 
     </span>
    </p>
   </div>
   <div class='ocr_carea' id='block_1_65' title="bbox 2235 735 3802 822">
    <p class='ocr_par' dir='ltr' id='par_1_65' title="bbox 2235 735 3802 822">
     <span class='ocr_line' id='line_1_65' title="bbox 2235 735 3802 822; baseline 0.018 -42"><span class='ocrx_word' id='word_1_536' title='bbox 2235 736 2411 782; x_wconf 88' lang='lat' dir='ltr'><strong>matus</strong></span> <span class='ocrx_word' id='word_1_537' title='bbox 2454 737 2534 785; x_wconf 89' lang='lat' dir='ltr'><strong>est</strong></span> <span class='ocrx_word' id='word_1_538' title='bbox 2563 772 2577 796; x_wconf 95' lang='lat'><strong>,</strong></span> <span class='ocrx_word' id='word_1_539' title='bbox 2611 739 2850 802; x_wconf 82' lang='lat' dir='ltr'><strong>tanquam</strong></span> <span class='ocrx_word' id='word_1_540' title='bbox 2887 735 3045 792; x_wconf 72' lang='lat' dir='ltr'><strong>homo</strong></span> <span class='ocrx_word' id='word_1_541' title='bbox 3094 740 3202 795; x_wconf 86' lang='lat' dir='ltr'><strong>sine</strong></span> <span class='ocrx_word' id='word_1_542' title='bbox 3240 743 3514 814; x_wconf 72' lang='lat' dir='ltr'><strong>adjutorio.</strong></span> <span class='ocrx_word' id='word_1_543' title='bbox 3560 746 3802 822; x_wconf 66' lang='lat' dir='ltr'><strong>Tanquam</strong></span> 
     </span>
    </p>
   </div>
   <div class='ocr_carea' id='block_1_66' title="bbox 2235 819 3801 914">
    <p class='ocr_par' dir='ltr' id='par_1_66' title="bbox 2235 819 3801 914">
     <span class='ocr_line' id='line_1_66' title="bbox 2235 819 3801 914; baseline 0.02 -43"><span class='ocrx_word' id='word_1_544' title='bbox 2235 819 2482 875; x_wconf 80' lang='lat' dir='ltr'><strong>uulnerati</strong></span> <span class='ocrx_word' id='word_1_545' title='bbox 2528 822 2833 883; x_wconf 85' lang='lat' dir='ltr'><strong>dormientes</strong></span> <span class='ocrx_word' id='word_1_546' title='bbox 2867 829 2922 883; x_wconf 87' lang='lat' dir='ltr'><strong>in</strong></span> <span class='ocrx_word' id='word_1_547' title='bbox 2964 831 3213 901; x_wconf 87' lang='lat' dir='ltr'><strong>sepulcro.</strong></span> <span class='ocrx_word' id='word_1_548' title='bbox 3255 833 3360 892; x_wconf 90' lang='lat' dir='ltr'><strong>Sed</strong></span> <span class='ocrx_word' id='word_1_549' title='bbox 3403 837 3580 906; x_wconf 86' lang='lat' dir='ltr'><strong>addit,</strong></span> <span class='ocrx_word' id='word_1_550' title='bbox 3607 819 3801 914; x_wconf 76' lang='lat' dir='ltr'><strong>quorum</strong></span> 
     </span>
    </p>
   </div>
   <div class='ocr_carea' id='block_1_67' title="bbox 2235 915 3800 994">
    <p class='ocr_par' dir='ltr' id='par_1_67' title="bbox 2235 915 3800 994">
     <span class='ocr_line' id='line_1_67' title="bbox 2235 915 3800 994; baseline 0.019 -29"><span class='ocrx_word' id='word_1_551' title='bbox 2235 927 2337 967; x_wconf 89' lang='lat' dir='ltr'><strong>non</strong></span> <span class='ocrx_word' id='word_1_552' title='bbox 2366 915 2638 971; x_wconf 86' lang='lat' dir='ltr'><strong>meministi</strong></span> <span class='ocrx_word' id='word_1_553' title='bbox 2664 919 2832 974; x_wconf 80' lang='lat' dir='ltr'><strong>adhuc</strong></span> <span class='ocrx_word' id='word_1_554' title='bbox 2854 937 2874 975; x_wconf 90' lang='lat'><strong><em>:</em></strong></span> <span class='ocrx_word' id='word_1_555' title='bbox 2896 921 2983 977; x_wconf 91' lang='lat' dir='ltr'><strong>ubi</strong></span> <span class='ocrx_word' id='word_1_556' title='bbox 3030 933 3112 979; x_wconf 90' lang='lat' dir='ltr'><strong>est</strong></span> <span class='ocrx_word' id='word_1_557' title='bbox 3141 925 3348 982; x_wconf 90' lang='lat' dir='ltr'><strong>Domini</strong></span> <span class='ocrx_word' id='word_1_558' title='bbox 3389 927 3586 987; x_wconf 88' lang='lat' dir='ltr'><strong>Christi</strong></span> <span class='ocrx_word' id='word_1_559' title='bbox 3610 949 3638 988; x_wconf 83' lang='lat' dir='ltr'><strong>a</strong></span> <span class='ocrx_word' id='word_1_560' title='bbox 3661 946 3800 994; x_wconf 69' lang='lat' dir='ltr'><strong>etate-</strong></span> 
     </span>
    </p>
   </div>
   <div class='ocr_carea' id='block_1_68' title="bbox 2235 1004 3800 1099">
    <p class='ocr_par' dir='ltr' id='par_1_68' title="bbox 2235 1004 3800 1099">
     <span class='ocr_line' id='line_1_68' title="bbox 2235 1004 3800 1099; baseline 0.016 -39"><span class='ocrx_word' id='word_1_561' title='bbox 2235 1004 2310 1060; x_wconf 89' lang='lat' dir='ltr'><strong>ris</strong></span> <span class='ocrx_word' id='word_1_562' title='bbox 2356 1008 2581 1063; x_wconf 88' lang='lat' dir='ltr'><strong>mortuis</strong></span> <span class='ocrx_word' id='word_1_563' title='bbox 2626 1010 3095 1070; x_wconf 87' lang='lat' dir='ltr'><strong>animadvertenda</strong></span> <span class='ocrx_word' id='word_1_564' title='bbox 3138 1016 3412 1075; x_wconf 89' lang='lat' dir='ltr'><strong>discretio.</strong></span> <span class='ocrx_word' id='word_1_565' title='bbox 3455 1021 3584 1078; x_wconf 85' lang='lat' dir='ltr'><strong>Nam</strong></span> <span class='ocrx_word' id='word_1_566' title='bbox 3625 1037 3675 1082; x_wconf 89' lang='lat' dir='ltr'><strong>et</strong></span> <span class='ocrx_word' id='word_1_567' title='bbox 3702 1029 3800 1099; x_wconf 84' lang='lat' dir='ltr'><strong>ipse</strong></span> 
     </span>
    </p>
   </div>
   <div class='ocr_carea' id='block_1_69' title="bbox 2236 1095 3796 1192">
    <p class='ocr_par' dir='ltr' id='par_1_69' title="bbox 2236 1095 3796 1192">
     <span class='ocr_line' id='line_1_69' title="bbox 2236 1095 3796 1192; baseline 0.018 -43"><span class='ocrx_word' id='word_1_568' title='bbox 2236 1095 2546 1154; x_wconf 81' lang='lat' dir='ltr'><strong>vulneratus</strong></span> <span class='ocrx_word' id='word_1_569' title='bbox 2567 1111 2682 1168; x_wconf 92' lang='lat' dir='ltr'><strong>est,</strong></span> <span class='ocrx_word' id='word_1_570' title='bbox 2710 1111 2765 1158; x_wconf 85' lang='lat' dir='ltr'><strong>et</strong></span> <span class='ocrx_word' id='word_1_571' title='bbox 2792 1113 3032 1162; x_wconf 87' lang='lat' dir='ltr'><strong>mortuus</strong></span> <span class='ocrx_word' id='word_1_572' title='bbox 3061 1110 3265 1178; x_wconf 89' lang='lat' dir='ltr'><strong>positus</strong></span> <span class='ocrx_word' id='word_1_573' title='bbox 3291 1115 3340 1168; x_wconf 91' lang='lat' dir='ltr'><strong>in</strong></span> <span class='ocrx_word' id='word_1_574' title='bbox 3363 1115 3608 1185; x_wconf 91' lang='lat' dir='ltr'><strong>sepulcro</strong></span> <span class='ocrx_word' id='word_1_575' title='bbox 3632 1095 3796 1192; x_wconf 85' lang='lat' dir='ltr'><strong>(Ibid.,</strong></span> 
     </span>
    </p>
   </div>
   <div class='ocr_carea' id='block_1_70' title="bbox 2234 1186 3801 1282">
    <p class='ocr_par' dir='ltr' id='par_1_70' title="bbox 2234 1186 3801 1282">
     <span class='ocr_line' id='line_1_70' title="bbox 2234 1186 3801 1282; baseline 0.018 -40"><span class='ocrx_word' id='word_1_576' title='bbox 2234 1186 2323 1250; x_wconf 87' lang='grc'><strong>50,</strong></span> <span class='ocrx_word' id='word_1_577' title='bbox 2357 1187 2446 1261; x_wconf 88' lang='grc'><strong>60)</strong></span> <span class='ocrx_word' id='word_1_578' title='bbox 2478 1206 2491 1244; x_wconf 90' lang='lat'><strong>:</strong></span> <span class='ocrx_word' id='word_1_579' title='bbox 2526 1191 2620 1247; x_wconf 89' lang='lat' dir='ltr'><strong>sed</strong></span> <span class='ocrx_word' id='word_1_580' title='bbox 2645 1193 2718 1248; x_wconf 91' lang='lat' dir='ltr'><strong>illi</strong></span> <span class='ocrx_word' id='word_1_581' title='bbox 2759 1197 2847 1265; x_wconf 92' lang='lat' dir='ltr'><strong>qui</strong></span> <span class='ocrx_word' id='word_1_582' title='bbox 2891 1198 3196 1255; x_wconf 88' lang='lat' dir='ltr'><strong>nesciebant</strong></span> <span class='ocrx_word' id='word_1_583' title='bbox 3224 1203 3348 1274; x_wconf 89' lang='lat' dir='ltr'><strong>quid</strong></span> <span class='ocrx_word' id='word_1_584' title='bbox 3387 1186 3674 1275; x_wconf 79' lang='lat' dir='ltr'><strong>faciebant,</strong></span> <span class='ocrx_word' id='word_1_585' title='bbox 3696 1186 3801 1282; x_wconf 80' lang='lat' dir='ltr'><strong>quis</strong></span> 
     </span>
    </p>
   </div>
   <div class='ocr_carea' id='block_1_71' title="bbox 2233 1283 3800 1370">
    <p class='ocr_par' dir='ltr' id='par_1_71' title="bbox 2233 1283 3800 1370">
     <span class='ocr_line' id='line_1_71' title="bbox 2233 1283 3800 1370; baseline 0.019 -37"><span class='ocrx_word' id='word_1_586' title='bbox 2233 1288 2377 1336; x_wconf 89' lang='lat' dir='ltr'><strong>esset</strong></span> <span class='ocrx_word' id='word_1_587' title='bbox 2426 1283 2608 1354; x_wconf 89' lang='lat' dir='ltr'><strong>utique</strong></span> <span class='ocrx_word' id='word_1_588' title='bbox 2657 1288 2990 1356; x_wconf 86' lang='lat' dir='ltr'><strong>nescientes,</strong></span> <span class='ocrx_word' id='word_1_589' title='bbox 3031 1292 3259 1349; x_wconf 86' lang='lat' dir='ltr'><strong>similem</strong></span> <span class='ocrx_word' id='word_1_590' title='bbox 3303 1296 3450 1353; x_wconf 92' lang='lat' dir='ltr'><strong>illum</strong></span> <span class='ocrx_word' id='word_1_591' title='bbox 3507 1312 3800 1370; x_wconf 84' lang='lat' dir='ltr'><strong>putaverunt</strong></span> 
     </span>
    </p>
   </div>
   <div class='ocr_carea' id='block_1_72' title="bbox 2232 1370 3800 1468">
    <p class='ocr_par' dir='ltr' id='par_1_72' title="bbox 2232 1370 3800 1468">
     <span class='ocr_line' id='line_1_72' title="bbox 2232 1370 3800 1468; baseline 0.02 -44"><span class='ocrx_word' id='word_1_592' title='bbox 2232 1370 2350 1426; x_wconf 88' lang='lat' dir='ltr'><strong>aliis</strong></span> <span class='ocrx_word' id='word_1_593' title='bbox 2379 1374 2596 1430; x_wconf 88' lang='lat' dir='ltr'><strong>vulnere</strong></span> <span class='ocrx_word' id='word_1_594' title='bbox 2625 1379 2818 1435; x_wconf 86' lang='lat' dir='ltr'><strong>occisis</strong></span> <span class='ocrx_word' id='word_1_595' title='bbox 2842 1390 2895 1436; x_wconf 90' lang='lat' dir='ltr'><strong>et</strong></span> <span class='ocrx_word' id='word_1_596' title='bbox 2914 1382 3301 1443; x_wconf 89' lang='lat' dir='ltr'><strong>dormientibus</strong></span> <span class='ocrx_word' id='word_1_597' title='bbox 3332 1389 3384 1444; x_wconf 93' lang='lat' dir='ltr'><strong>in</strong></span> <span class='ocrx_word' id='word_1_598' title='bbox 3407 1393 3670 1462; x_wconf 88' lang='lat' dir='ltr'><strong>sepulcro,</strong></span> <span class='ocrx_word' id='word_1_599' title='bbox 3691 1412 3800 1468; x_wconf 85' lang='lat' dir='ltr'><strong>quo-</strong></span> 
     </span>
    </p>
   </div>
   <div class='ocr_carea' id='block_1_73' title="bbox 2232 1465 3799 1552">
    <p class='ocr_par' dir='ltr' id='par_1_73' title="bbox 2232 1465 3799 1552">
     <span class='ocr_line' id='line_1_73' title="bbox 2232 1465 3799 1552; baseline 0.019 -35"><span class='ocrx_word' id='word_1_600' title='bbox 2232 1478 2349 1518; x_wconf 91' lang='lat' dir='ltr'><strong>rum</strong></span> <span class='ocrx_word' id='word_1_601' title='bbox 2379 1465 2520 1522; x_wconf 92' lang='lat' dir='ltr'><strong>Deus</strong></span> <span class='ocrx_word' id='word_1_602' title='bbox 2547 1469 2722 1526; x_wconf 89' lang='lat' dir='ltr'><strong>adhuc</strong></span> <span class='ocrx_word' id='word_1_603' title='bbox 2767 1469 2870 1528; x_wconf 80' lang='lat' dir='ltr'><strong>neu</strong></span> <span class='ocrx_word' id='word_1_604' title='bbox 2899 1476 3171 1543; x_wconf 86' lang='lat' dir='ltr'><strong>meminit,</strong></span> <span class='ocrx_word' id='word_1_605' title='bbox 3199 1479 3250 1533; x_wconf 93' lang='lat' dir='ltr'><strong>id</strong></span> <span class='ocrx_word' id='word_1_606' title='bbox 3281 1491 3362 1536; x_wconf 88' lang='lat' dir='ltr'><strong>est</strong></span> <span class='ocrx_word' id='word_1_607' title='bbox 3383 1524 3398 1550; x_wconf 90' lang='lat'><strong>,</strong></span> <span class='ocrx_word' id='word_1_608' title='bbox 3431 1499 3653 1552; x_wconf 88' lang='lat' dir='ltr'><strong>quorum</strong></span> <span class='ocrx_word' id='word_1_609' title='bbox 3683 1465 3799 1546; x_wconf 78' lang='lat' dir='ltr'><strong>non-</strong></span> 
     </span>
    </p>
   </div>
   <div class='ocr_carea' id='block_1_74' title="bbox 2233 1553 3798 1650">
    <p class='ocr_par' dir='ltr' id='par_1_74' title="bbox 2233 1553 3798 1650">
     <span class='ocr_line' id='line_1_74' title="bbox 2233 1553 3798 1650; baseline 0.019 -41"><span class='ocrx_word' id='word_1_610' title='bbox 2233 1553 2357 1611; x_wconf 92' lang='lat' dir='ltr'><strong>dum</strong></span> <span class='ocrx_word' id='word_1_611' title='bbox 2402 1567 2609 1630; x_wconf 89' lang='lat' dir='ltr'><strong>tempus</strong></span> <span class='ocrx_word' id='word_1_612' title='bbox 2638 1566 2947 1636; x_wconf 84' lang='lat' dir='ltr'><strong>rcsurgendi</strong></span> <span class='ocrx_word' id='word_1_613' title='bbox 2993 1568 3225 1625; x_wconf 86' lang='lat' dir='ltr'><strong>advenit.</strong></span> <span class='ocrx_word' id='word_1_614' title='bbox 3255 1571 3381 1628; x_wconf 87' lang='lat' dir='ltr'><strong>Ideo</strong></span> <span class='ocrx_word' id='word_1_615' title='bbox 3421 1591 3647 1650; x_wconf 88' lang='lat' dir='ltr'><strong>namque</strong></span> <span class='ocrx_word' id='word_1_616' title='bbox 3674 1597 3798 1639; x_wconf 85' lang='lat' dir='ltr'><strong>mor-</strong></span> 
     </span>
    </p>
   </div>
   <div class='ocr_carea' id='block_1_75' title="bbox 2234 1657 3800 1743">
    <p class='ocr_par' dir='ltr' id='par_1_75' title="bbox 2234 1657 3800 1743">
     <span class='ocr_line' id='line_1_75' title="bbox 2234 1657 3800 1743; baseline 0.018 -38"><span class='ocrx_word' id='word_1_617' title='bbox 2234 1658 2350 1706; x_wconf 88' lang='lat' dir='ltr'><strong>tuos</strong></span> <span class='ocrx_word' id='word_1_618' title='bbox 2375 1657 2653 1711; x_wconf 88' lang='lat' dir='ltr'><strong>consuevit</strong></span> <span class='ocrx_word' id='word_1_619' title='bbox 2677 1657 2948 1730; x_wconf 89' lang='lat' dir='ltr'><strong>Scriptura</strong></span> <span class='ocrx_word' id='word_1_620' title='bbox 2979 1663 3156 1720; x_wconf 90' lang='lat' dir='ltr'><strong>dicere</strong></span> <span class='ocrx_word' id='word_1_621' title='bbox 3183 1665 3532 1738; x_wconf 88' lang='lat' dir='ltr'><strong>dormientes,</strong></span> <span class='ocrx_word' id='word_1_622' title='bbox 3562 1674 3678 1743; x_wconf 89' lang='lat' dir='ltr'><strong>quia</strong></span> <span class='ocrx_word' id='word_1_623' title='bbox 3702 1678 3800 1734; x_wconf 81' lang='lat' dir='ltr'><strong>evi-</strong></span> 
     </span>
    </p>
   </div>
   <div class='ocr_carea' id='block_1_76' title="bbox 2230 1745 3799 1835">
    <p class='ocr_par' dir='ltr' id='par_1_76' title="bbox 2230 1745 3799 1835">
     <span class='ocr_line' id='line_1_76' title="bbox 2230 1745 3799 1835; baseline 0.017 -37"><span class='ocrx_word' id='word_1_624' title='bbox 2230 1745 2506 1815; x_wconf 73' lang='lat' dir='ltr'><strong>gilaturos,</strong></span> <span class='ocrx_word' id='word_1_625' title='bbox 2535 1748 2584 1802; x_wconf 90' lang='lat' dir='ltr'><strong>id</strong></span> <span class='ocrx_word' id='word_1_626' title='bbox 2614 1761 2715 1818; x_wconf 87' lang='lat' dir='ltr'><strong>est,</strong></span> <span class='ocrx_word' id='word_1_627' title='bbox 2742 1765 3140 1812; x_wconf 81' lang='lat' dir='ltr'><strong>resurrecturus</strong></span> <span class='ocrx_word' id='word_1_628' title='bbox 3168 1760 3279 1814; x_wconf 85' lang='lat' dir='ltr'><strong>vult</strong></span> <span class='ocrx_word' id='word_1_629' title='bbox 3321 1761 3564 1835; x_wconf 81' lang='lat' dir='ltr'><strong>intelligi.</strong></span> <span class='ocrx_word' id='word_1_630' title='bbox 3603 1766 3700 1822; x_wconf 85' lang='lat' dir='ltr'><strong>Sed</strong></span> <span class='ocrx_word' id='word_1_631' title='bbox 3725 1768 3799 1826; x_wconf 88' lang='lat' dir='ltr'><strong>hic</strong></span> 
     </span>
    </p>
   </div>
   <div class='ocr_carea' id='block_1_77' title="bbox 2230 1840 3798 1932">
    <p class='ocr_par' dir='ltr' id='par_1_77' title="bbox 2230 1840 3798 1932">
     <span class='ocr_line' id='line_1_77' title="bbox 2230 1840 3798 1932; baseline 0.017 -40"><span class='ocrx_word' id='word_1_632' title='bbox 2230 1840 2536 1896; x_wconf 88' lang='lat' dir='ltr'><strong>vulneratus</strong></span> <span class='ocrx_word' id='word_1_633' title='bbox 2574 1851 2627 1897; x_wconf 90' lang='lat' dir='ltr'><strong>et</strong></span> <span class='ocrx_word' id='word_1_634' title='bbox 2655 1843 2930 1902; x_wconf 87' lang='lat' dir='ltr'><strong>dormiens</strong></span> <span class='ocrx_word' id='word_1_635' title='bbox 2962 1848 3014 1903; x_wconf 93' lang='lat' dir='ltr'><strong>in</strong></span> <span class='ocrx_word' id='word_1_636' title='bbox 3043 1850 3321 1916; x_wconf 86' lang='lat' dir='ltr'><strong>sepulcro,</strong></span> <span class='ocrx_word' id='word_1_637' title='bbox 3355 1853 3445 1909; x_wconf 89' lang='lat' dir='ltr'><strong>die</strong></span> <span class='ocrx_word' id='word_1_638' title='bbox 3476 1857 3628 1914; x_wconf 89' lang='lat' dir='ltr'><strong>tertio</strong></span> <span class='ocrx_word' id='word_1_639' title='bbox 3653 1861 3798 1932; x_wconf 81' lang='lat' dir='ltr'><strong>evigi-</strong></span> 
     </span>
    </p>
   </div>
   <div class='ocr_carea' id='block_1_78' title="bbox 2229 1930 3799 2017">
    <p class='ocr_par' dir='ltr' id='par_1_78' title="bbox 2229 1930 3799 2017">
     <span class='ocr_line' id='line_1_78' title="bbox 2229 1930 3799 2017; baseline 0.018 -33"><span class='ocrx_word' id='word_1_640' title='bbox 2229 1930 2394 1999; x_wconf 69' lang='lat' dir='ltr'><strong>lavit,</strong></span> <span class='ocrx_word' id='word_1_641' title='bbox 2441 1943 2494 1989; x_wconf 91' lang='lat' dir='ltr'><strong>et</strong></span> <span class='ocrx_word' id='word_1_642' title='bbox 2524 1934 2692 1991; x_wconf 89' lang='lat' dir='ltr'><strong>factus</strong></span> <span class='ocrx_word' id='word_1_643' title='bbox 2742 1947 2825 1994; x_wconf 88' lang='lat' dir='ltr'><strong>est</strong></span> <span class='ocrx_word' id='word_1_644' title='bbox 2868 1940 3005 1996; x_wconf 91' lang='lat' dir='ltr'><strong>sicut</strong></span> <span class='ocrx_word' id='word_1_645' title='bbox 3048 1958 3231 2011; x_wconf 89' lang='lat' dir='ltr'><strong>passer</strong></span> <span class='ocrx_word' id='word_1_646' title='bbox 3274 1945 3561 2017; x_wconf 82' lang='lat' dir='ltr'><strong>singularis</strong></span> <span class='ocrx_word' id='word_1_647' title='bbox 3599 1930 3799 2012; x_wconf 81' lang='lat' dir='ltr'><strong>intecto</strong></span> 
     </span>
    </p>
   </div>
   <div class='ocr_carea' id='block_1_79' title="bbox 2229 2023 3797 2111">
    <p class='ocr_par' dir='ltr' id='par_1_79' title="bbox 2229 2023 3797 2111">
     <span class='ocr_line' id='line_1_79' title="bbox 2229 2023 3797 2111; baseline 0.017 -33"><span class='ocrx_word' id='word_1_648' title='bbox 2229 2023 2398 2095; x_wconf 89' lang='lat' dir='ltr'><strong>(Psal.</strong></span> <span class='ocrx_word' id='word_1_649' title='bbox 2424 2041 2472 2082; x_wconf 87' lang='lat' dir='ltr'><strong>Cl</strong></span> <span class='ocrx_word' id='word_1_650' title='bbox 2493 2069 2508 2094; x_wconf 96' lang='lat'><strong>,</strong></span> <span class='ocrx_word' id='word_1_651' title='bbox 2537 2028 2612 2098; x_wconf 90' lang='lat'><strong>8),</strong></span> <span class='ocrx_word' id='word_1_652' title='bbox 2645 2029 2696 2084; x_wconf 92' lang='lat' dir='ltr'><strong>id</strong></span> <span class='ocrx_word' id='word_1_653' title='bbox 2724 2039 2825 2096; x_wconf 92' lang='lat' dir='ltr'><strong>est,</strong></span> <span class='ocrx_word' id='word_1_654' title='bbox 2854 2031 2919 2087; x_wconf 90' lang='lat' dir='ltr'><strong>ad</strong></span> <span class='ocrx_word' id='word_1_655' title='bbox 2951 2032 3223 2090; x_wconf 85' lang='lat' dir='ltr'><strong>dexteram</strong></span> <span class='ocrx_word' id='word_1_656' title='bbox 3255 2037 3430 2094; x_wconf 88' lang='lat' dir='ltr'><strong>Patris</strong></span> <span class='ocrx_word' id='word_1_657' title='bbox 3449 2040 3499 2095; x_wconf 91' lang='lat' dir='ltr'><strong>in</strong></span> <span class='ocrx_word' id='word_1_658' title='bbox 3530 2045 3689 2111; x_wconf 68' lang='lat' dir='ltr'><strong>caelo;</strong></span> <span class='ocrx_word' id='word_1_659' title='bbox 3712 2061 3797 2105; x_wconf 90' lang='lat' dir='ltr'><strong>nec</strong></span> 
     </span>
    </p>
   </div>
   <div class='ocr_carea' id='block_1_80' title="bbox 2222 2117 3794 2208">
    <p class='ocr_par' dir='ltr' id='par_1_80' title="bbox 2222 2117 3794 2208">
     <span class='ocr_line' id='line_1_80' title="bbox 2222 2117 3794 2208; baseline 0.015 -37"><span class='ocrx_word' id='word_1_660' title='bbox 2222 2117 2331 2189; x_wconf 90' lang='lat' dir='ltr'><strong>jam</strong></span> <span class='ocrx_word' id='word_1_661' title='bbox 2360 2120 2606 2190; x_wconf 89' lang='lat' dir='ltr'><strong>moritur,</strong></span> <span class='ocrx_word' id='word_1_662' title='bbox 2639 2132 2693 2178; x_wconf 91' lang='lat' dir='ltr'><strong>et</strong></span> <span class='ocrx_word' id='word_1_663' title='bbox 2717 2139 2862 2179; x_wconf 93' lang='lat' dir='ltr'><strong>mors</strong></span> <span class='ocrx_word' id='word_1_664' title='bbox 2886 2125 2935 2182; x_wconf 92' lang='lat' dir='ltr'><strong>ei</strong></span> <span class='ocrx_word' id='word_1_665' title='bbox 2953 2127 3091 2183; x_wconf 90' lang='lat' dir='ltr'><strong>ultra</strong></span> <span class='ocrx_word' id='word_1_666' title='bbox 3119 2137 3224 2185; x_wconf 89' lang='lat' dir='ltr'><strong>non</strong></span> <span class='ocrx_word' id='word_1_667' title='bbox 3247 2131 3608 2192; x_wconf 88' lang='lat' dir='ltr'><strong>dominabitur</strong></span> <span class='ocrx_word' id='word_1_668' title='bbox 3634 2138 3794 2208; x_wconf 85' lang='lat' dir='ltr'><strong>(Rom.</strong></span> 
     </span>
    </p>
   </div>
   <div class='ocr_carea' id='block_1_81' title="bbox 2227 2209 3795 2294">
    <p class='ocr_par' dir='ltr' id='par_1_81' title="bbox 2227 2209 3795 2294">
     <span class='ocr_line' id='line_1_81' title="bbox 2227 2209 3795 2294; baseline 0.018 -31"><span class='ocrx_word' id='word_1_669' title='bbox 2227 2225 2296 2276; x_wconf 81' lang='lat' dir='ltr'><strong>v1,</strong></span> <span class='ocrx_word' id='word_1_670' title='bbox 2326 2209 2402 2282; x_wconf 87' lang='lat'><strong>9).</strong></span> <span class='ocrx_word' id='word_1_671' title='bbox 2435 2211 2588 2270; x_wconf 90' lang='lat' dir='ltr'><strong>Unde</strong></span> <span class='ocrx_word' id='word_1_672' title='bbox 2617 2215 2773 2287; x_wconf 86' lang='lat' dir='ltr'><strong>longe</strong></span> <span class='ocrx_word' id='word_1_673' title='bbox 2801 2217 2961 2274; x_wconf 84' lang='lat' dir='ltr'><strong>distat</strong></span> <span class='ocrx_word' id='word_1_674' title='bbox 2988 2221 3054 2276; x_wconf 89' lang='lat' dir='ltr'><strong>ab</strong></span> <span class='ocrx_word' id='word_1_675' title='bbox 3079 2223 3156 2278; x_wconf 90' lang='lat' dir='ltr'><strong>eis</strong></span> <span class='ocrx_word' id='word_1_676' title='bbox 3198 2239 3429 2294; x_wconf 89' lang='lat' dir='ltr'><strong>quorum</strong></span> <span class='ocrx_word' id='word_1_677' title='bbox 3456 2229 3520 2285; x_wconf 91' lang='lat' dir='ltr'><strong>ad</strong></span> <span class='ocrx_word' id='word_1_678' title='bbox 3549 2232 3701 2288; x_wconf 88' lang='lat' dir='ltr'><strong>talem</strong></span> <span class='ocrx_word' id='word_1_679' title='bbox 3725 2249 3795 2292; x_wconf 77' lang='lat' dir='ltr'><strong>re-</strong></span> 
     </span>
    </p>
   </div>
   <div class='ocr_carea' id='block_1_82' title="bbox 2226 2306 3794 2395">
    <p class='ocr_par' dir='ltr' id='par_1_82' title="bbox 2226 2306 3794 2395">
     <span class='ocr_line' id='line_1_82' title="bbox 2226 2306 3794 2395; baseline 0.017 -38"><span class='ocrx_word' id='word_1_680' title='bbox 2226 2306 2610 2363; x_wconf 90' lang='lat' dir='ltr'><strong>surrectionem</strong></span> <span class='ocrx_word' id='word_1_681' title='bbox 2647 2309 2788 2366; x_wconf 91' lang='lat' dir='ltr'><strong>Deus</strong></span> <span class='ocrx_word' id='word_1_682' title='bbox 2823 2328 2930 2368; x_wconf 93' lang='lat' dir='ltr'><strong>non</strong></span> <span class='ocrx_word' id='word_1_683' title='bbox 2972 2315 3216 2372; x_wconf 87' lang='lat' dir='ltr'><strong>meminit</strong></span> <span class='ocrx_word' id='word_1_684' title='bbox 3252 2319 3433 2376; x_wconf 88' lang='lat' dir='ltr'><strong>adhuc</strong></span> <span class='ocrx_word' id='word_1_685' title='bbox 3464 2338 3478 2376; x_wconf 89' lang='lat'><strong>:</strong></span> <span class='ocrx_word' id='word_1_686' title='bbox 3511 2325 3646 2395; x_wconf 92' lang='lat' dir='ltr'><strong>quod</strong></span> <span class='ocrx_word' id='word_1_687' title='bbox 3670 2329 3794 2384; x_wconf 87' lang='lat' dir='ltr'><strong>enim</strong></span> 
     </span>
    </p>
   </div>
   <div class='ocr_carea' id='block_1_83' title="bbox 2225 2397 3792 2482">
    <p class='ocr_par' dir='ltr' id='par_1_83' title="bbox 2225 2397 3792 2482">
     <span class='ocr_line' id='line_1_83' title="bbox 2225 2397 3792 2482; baseline 0.017 -32"><span class='ocrx_word' id='word_1_688' title='bbox 2225 2397 2530 2465; x_wconf 79' lang='lat' dir='ltr'><strong>praecedere</strong></span> <span class='ocrx_word' id='word_1_689' title='bbox 2579 2402 2860 2472; x_wconf 80' lang='lat' dir='ltr'><strong>Oportebat</strong></span> <span class='ocrx_word' id='word_1_690' title='bbox 2910 2405 2962 2460; x_wconf 93' lang='lat' dir='ltr'><strong>in</strong></span> <span class='ocrx_word' id='word_1_691' title='bbox 2989 2407 3196 2478; x_wconf 85' lang='lat' dir='ltr'><strong>capite,</strong></span> <span class='ocrx_word' id='word_1_692' title='bbox 3219 2412 3438 2482; x_wconf 91' lang='lat' dir='ltr'><strong>corpori</strong></span> <span class='ocrx_word' id='word_1_693' title='bbox 3472 2427 3707 2474; x_wconf 86' lang='lat' dir='ltr'><strong>servatur</strong></span> <span class='ocrx_word' id='word_1_694' title='bbox 3745 2419 3792 2478; x_wconf 89' lang='lat' dir='ltr'><strong>in</strong></span> 
     </span>
    </p>
   </div>
   <div class='ocr_carea' id='block_1_84' title="bbox 2225 2487 3792 2580">
    <p class='ocr_par' dir='ltr' id='par_1_84' title="bbox 2225 2487 3792 2580">
     <span class='ocr_line' id='line_1_84' title="bbox 2225 2487 3792 2580; baseline 0.017 -39"><span class='ocrx_word' id='word_1_695' title='bbox 2225 2487 2352 2545; x_wconf 84' lang='lat' dir='ltr'><strong>fine.</strong></span> <span class='ocrx_word' id='word_1_696' title='bbox 2383 2489 2531 2546; x_wconf 90' lang='lat' dir='ltr'><strong>Tunc</strong></span> <span class='ocrx_word' id='word_1_697' title='bbox 2556 2502 2732 2549; x_wconf 89' lang='lat' dir='ltr'><strong>autem</strong></span> <span class='ocrx_word' id='word_1_698' title='bbox 2756 2495 2949 2552; x_wconf 90' lang='lat' dir='ltr'><strong>dicitur</strong></span> <span class='ocrx_word' id='word_1_699' title='bbox 2981 2499 3119 2556; x_wconf 90' lang='lat' dir='ltr'><strong>Deus</strong></span> <span class='ocrx_word' id='word_1_700' title='bbox 3145 2504 3483 2573; x_wconf 90' lang='lat' dir='ltr'><strong>meminisse,</strong></span> <span class='ocrx_word' id='word_1_701' title='bbox 3519 2509 3717 2580; x_wconf 90' lang='lat' dir='ltr'><strong>quando</strong></span> <span class='ocrx_word' id='word_1_702' title='bbox 3735 2513 3792 2569; x_wconf 52' lang='lat' dir='ltr'><strong>fa.</strong></span> 
     </span>
    </p>
   </div>
   <div class='ocr_carea' id='block_1_85' title="bbox 2224 2578 3791 2675">
    <p class='ocr_par' dir='ltr' id='par_1_85' title="bbox 2224 2578 3791 2675">
     <span class='ocr_line' id='line_1_85' title="bbox 2224 2578 3791 2675; baseline 0.018 -41"><span class='ocrx_word' id='word_1_703' title='bbox 2224 2578 2328 2647; x_wconf 90' lang='lat' dir='ltr'><strong>cit;</strong></span> <span class='ocrx_word' id='word_1_704' title='bbox 2384 2591 2506 2638; x_wconf 90' lang='lat' dir='ltr'><strong>tunc</strong></span> <span class='ocrx_word' id='word_1_705' title='bbox 2548 2585 2823 2655; x_wconf 85' lang='lat' dir='ltr'><strong>oblivisci,</strong></span> <span class='ocrx_word' id='word_1_706' title='bbox 2850 2590 3064 2660; x_wconf 91' lang='lat' dir='ltr'><strong>quando</strong></span> <span class='ocrx_word' id='word_1_707' title='bbox 3108 2608 3213 2648; x_wconf 90' lang='lat' dir='ltr'><strong>non</strong></span> <span class='ocrx_word' id='word_1_708' title='bbox 3255 2595 3381 2651; x_wconf 88' lang='lat' dir='ltr'><strong>facit</strong></span> <span class='ocrx_word' id='word_1_709' title='bbox 3417 2614 3432 2654; x_wconf 85' lang='lat'><strong>:</strong></span> <span class='ocrx_word' id='word_1_710' title='bbox 3479 2578 3597 2656; x_wconf 78' lang='lat' dir='ltr'><strong>nam</strong></span> <span class='ocrx_word' id='word_1_711' title='bbox 3641 2619 3791 2675; x_wconf 81' lang='lat' dir='ltr'><strong>neque</strong></span> 
     </span>
    </p>
   </div>
   <div class='ocr_carea' id='block_1_86' title="bbox 2224 2673 3790 2761">
    <p class='ocr_par' dir='ltr' id='par_1_86' title="bbox 2224 2673 3790 2761">
     <span class='ocr_line' id='line_1_86' title="bbox 2224 2673 3790 2761; baseline 0.015 -33"><span class='ocrx_word' id='word_1_712' title='bbox 2224 2673 2421 2730; x_wconf 81' lang='lat' dir='ltr'><strong>oblivio</strong></span> <span class='ocrx_word' id='word_1_713' title='bbox 2450 2677 2591 2733; x_wconf 89' lang='lat' dir='ltr'><strong>cadit</strong></span> <span class='ocrx_word' id='word_1_714' title='bbox 2620 2680 2672 2734; x_wconf 92' lang='lat' dir='ltr'><strong>in</strong></span> <span class='ocrx_word' id='word_1_715' title='bbox 2701 2681 2867 2736; x_wconf 89' lang='lat' dir='ltr'><strong>Deum</strong></span> <span class='ocrx_word' id='word_1_716' title='bbox 2889 2724 2904 2750; x_wconf 95' lang='lat'><strong>,</strong></span> <span class='ocrx_word' id='word_1_717' title='bbox 2927 2685 3049 2755; x_wconf 88' lang='lat' dir='ltr'><strong>quia</strong></span> <span class='ocrx_word' id='word_1_718' title='bbox 3080 2687 3225 2744; x_wconf 91' lang='lat' dir='ltr'><strong>nullo</strong></span> <span class='ocrx_word' id='word_1_719' title='bbox 3247 2691 3412 2745; x_wconf 88' lang='lat' dir='ltr'><strong>modo</strong></span> <span class='ocrx_word' id='word_1_720' title='bbox 3440 2705 3683 2761; x_wconf 88' lang='lat' dir='ltr'><strong>mutatur;</strong></span> <span class='ocrx_word' id='word_1_721' title='bbox 3713 2673 3790 2752; x_wconf 48' lang='lat' dir='ltr'><strong>ne.</strong></span> 
     </span>
    </p>
   </div>
   <div class='ocr_carea' id='block_1_87' title="bbox 2223 2769 3790 2844">
    <p class='ocr_par' dir='ltr' id='par_1_87' title="bbox 2223 2769 3790 2844">
     <span class='ocr_line' id='line_1_87' title="bbox 2223 2769 3790 2844; baseline 0.015 -24"><span class='ocrx_word' id='word_1_722' title='bbox 2223 2781 2327 2837; x_wconf 91' lang='lat' dir='ltr'><strong>que</strong></span> <span class='ocrx_word' id='word_1_723' title='bbox 2369 2769 2697 2836; x_wconf 89' lang='lat' dir='ltr'><strong>recordatio,</strong></span> <span class='ocrx_word' id='word_1_724' title='bbox 2729 2773 2851 2843; x_wconf 87' lang='lat' dir='ltr'><strong>quia</strong></span> <span class='ocrx_word' id='word_1_725' title='bbox 2897 2790 3002 2831; x_wconf 92' lang='lat' dir='ltr'><strong>non</strong></span> <span class='ocrx_word' id='word_1_726' title='bbox 3047 2777 3403 2838; x_wconf 87' lang='lat' dir='ltr'><strong>obliviscitur.</strong></span> <span class='ocrx_word' id='word_1_727' title='bbox 3465 2784 3651 2842; x_wconf 82' lang='lat' dir='ltr'><strong>Factus</strong></span> <span class='ocrx_word' id='word_1_728' title='bbox 3691 2805 3790 2844; x_wconf 78' lang='lat' dir='ltr'><strong>sum</strong></span> 
     </span>
    </p>
   </div>
   <div class='ocr_carea' id='block_1_88' title="bbox 2222 2862 3787 2950">
    <p class='ocr_par' dir='ltr' id='par_1_88' title="bbox 2222 2862 3787 2950">
     <span class='ocr_line' id='line_1_88' title="bbox 2222 2862 3787 2950; baseline 0.015 -37"><span class='ocrx_word' id='word_1_729' title='bbox 2222 2873 2387 2930; x_wconf 81' lang='lat' dir='ltr'><strong>ergo,</strong></span> <span class='ocrx_word' id='word_1_730' title='bbox 2433 2862 2501 2918; x_wconf 90' lang='lat' dir='ltr'><strong>ab</strong></span> <span class='ocrx_word' id='word_1_731' title='bbox 2529 2864 2606 2922; x_wconf 88' lang='lat' dir='ltr'><strong>eis</strong></span> <span class='ocrx_word' id='word_1_732' title='bbox 2647 2868 3011 2925; x_wconf 90' lang='lat' dir='ltr'><strong>nescientibus</strong></span> <span class='ocrx_word' id='word_1_733' title='bbox 3059 2873 3186 2943; x_wconf 90' lang='lat' dir='ltr'><strong>quid</strong></span> <span class='ocrx_word' id='word_1_734' title='bbox 3229 2873 3535 2945; x_wconf 80' lang='lat' dir='ltr'><strong>faciebant,</strong></span> <span class='ocrx_word' id='word_1_735' title='bbox 3573 2889 3787 2950; x_wconf 84' lang='lat' dir='ltr'><strong>tanquam</strong></span> 
     </span>
    </p>
   </div>
   <div class='ocr_carea' id='block_1_89' title="bbox 2223 2954 3787 3030">
    <p class='ocr_par' dir='ltr' id='par_1_89' title="bbox 2223 2954 3787 3030">
     <span class='ocr_line' id='line_1_89' title="bbox 2223 2954 3787 3030; baseline 0.014 -24"><span class='ocrx_word' id='word_1_736' title='bbox 2223 2954 2372 3008; x_wconf 80' lang='lat' dir='ltr'><strong>homo</strong></span> <span class='ocrx_word' id='word_1_737' title='bbox 2409 2957 2516 3010; x_wconf 89' lang='lat' dir='ltr'><strong>sine</strong></span> <span class='ocrx_word' id='word_1_738' title='bbox 2552 2959 2842 3030; x_wconf 86' lang='lat' dir='ltr'><strong>adjutorio;</strong></span> <span class='ocrx_word' id='word_1_739' title='bbox 2866 2977 2985 3017; x_wconf 92' lang='lat' dir='ltr'><strong>cum</strong></span> <span class='ocrx_word' id='word_1_740' title='bbox 3012 2979 3189 3020; x_wconf 76' lang='lat' dir='ltr'><strong>essent</strong></span> <span class='ocrx_word' id='word_1_741' title='bbox 3221 2967 3348 3022; x_wconf 83' lang='lat' dir='ltr'><strong>inter</strong></span> <span class='ocrx_word' id='word_1_742' title='bbox 3388 2980 3612 3026; x_wconf 88' lang='lat' dir='ltr'><strong>mortuos</strong></span> <span class='ocrx_word' id='word_1_743' title='bbox 3639 2973 3787 3029; x_wconf 79' lang='lat' dir='ltr'><strong>liber:</strong></span> 
     </span>
    </p>
   </div>
   <div class='ocr_carea' id='block_1_90' title="bbox 2222 3044 3787 3131">
    <p class='ocr_par' dir='ltr' id='par_1_90' title="bbox 2222 3044 3787 3131">
     <span class='ocr_line' id='line_1_90' title="bbox 2222 3044 3787 3131; baseline 0.015 -32"><span class='ocrx_word' id='word_1_744' title='bbox 2222 3044 2392 3102; x_wconf 87' lang='lat' dir='ltr'><strong>factus</strong></span> <span class='ocrx_word' id='word_1_745' title='bbox 2434 3064 2550 3104; x_wconf 91' lang='lat' dir='ltr'><strong>sum</strong></span> <span class='ocrx_word' id='word_1_746' title='bbox 2577 3050 2646 3106; x_wconf 90' lang='lat' dir='ltr'><strong>ab</strong></span> <span class='ocrx_word' id='word_1_747' title='bbox 2687 3051 2763 3107; x_wconf 88' lang='lat' dir='ltr'><strong>eis</strong></span> <span class='ocrx_word' id='word_1_748' title='bbox 2793 3057 3150 3112; x_wconf 86' lang='lat' dir='ltr'><strong>nescientibus</strong></span> <span class='ocrx_word' id='word_1_749' title='bbox 3178 3061 3317 3129; x_wconf 87' lang='lat' dir='ltr'><strong>quod</strong></span> <span class='ocrx_word' id='word_1_750' title='bbox 3364 3061 3647 3131; x_wconf 79' lang='lat' dir='ltr'><strong>faciebant,</strong></span> <span class='ocrx_word' id='word_1_751' title='bbox 3675 3066 3787 3122; x_wconf 78' lang='lat' dir='ltr'><strong>velut</strong></span> 
     </span>
    </p>
   </div>
   <div class='ocr_carea' id='block_1_91' title="bbox 2220 3139 3806 3227">
    <p class='ocr_par' dir='ltr' id='par_1_91' title="bbox 2220 3139 3806 3227">
     <span class='ocr_line' id='line_1_91' title="bbox 2220 3139 3806 3227; baseline 0.015 -36"><span class='ocrx_word' id='word_1_752' title='bbox 2220 3139 2467 3194; x_wconf 86' lang='lat' dir='ltr'><strong>vulnerati</strong></span> <span class='ocrx_word' id='word_1_753' title='bbox 2495 3143 2797 3201; x_wconf 85' lang='lat' dir='ltr'><strong>dormientes</strong></span> <span class='ocrx_word' id='word_1_754' title='bbox 2825 3147 2878 3201; x_wconf 87' lang='lat' dir='ltr'><strong>in</strong></span> <span class='ocrx_word' id='word_1_755' title='bbox 2922 3150 3175 3217; x_wconf 87' lang='lat' dir='ltr'><strong>sepulcro.</strong></span> <span class='ocrx_word' id='word_1_756' title='bbox 3225 3151 3289 3206; x_wconf 79' lang='lat' dir='ltr'><strong>Et</strong></span> <span class='ocrx_word' id='word_1_757' title='bbox 3315 3154 3418 3224; x_wconf 88' lang='lat' dir='ltr'><strong>ipsi</strong></span> <span class='ocrx_word' id='word_1_758' title='bbox 3458 3159 3651 3227; x_wconf 73' lang='lat' dir='ltr'><strong>expulsi</strong></span> <span class='ocrx_word' id='word_1_759' title='bbox 3685 3161 3806 3214; x_wconf 79' lang='lat' dir='ltr'><strong>sunt‘</strong></span> 
     </span>
    </p>
   </div>
   <div class='ocr_carea' id='block_1_92' title="bbox 2221 3230 3784 3323">
    <p class='ocr_par' dir='ltr' id='par_1_92' title="bbox 2221 3230 3784 3323">
     <span class='ocr_line' id='line_1_92' title="bbox 2221 3230 3784 3323; baseline 0.015 -39"><span class='ocrx_word' id='word_1_760' title='bbox 2221 3230 2283 3285; x_wconf 86' lang='lat' dir='ltr'><strong>de</strong></span> <span class='ocrx_word' id='word_1_761' title='bbox 2302 3247 2456 3286; x_wconf 88' lang='lat' dir='ltr'><strong>manu</strong></span> <span class='ocrx_word' id='word_1_762' title='bbox 2478 3242 2564 3287; x_wconf 89' lang='lat' dir='ltr'><strong>tua</strong></span> <span class='ocrx_word' id='word_1_763' title='bbox 2584 3253 2603 3290; x_wconf 91' lang='grc'><strong>.·</strong></span> <span class='ocrx_word' id='word_1_764' title='bbox 2629 3236 2679 3290; x_wconf 91' lang='lat' dir='ltr'><strong>id</strong></span> <span class='ocrx_word' id='word_1_765' title='bbox 2707 3247 2789 3292; x_wconf 86' lang='lat' dir='ltr'><strong>est</strong></span> <span class='ocrx_word' id='word_1_766' title='bbox 2812 3279 2825 3302; x_wconf 93' lang='lat'><strong>,</strong></span> <span class='ocrx_word' id='word_1_767' title='bbox 2857 3255 2976 3294; x_wconf 91' lang='lat' dir='ltr'><strong>cum</strong></span> <span class='ocrx_word' id='word_1_768' title='bbox 3013 3240 3128 3297; x_wconf 80' lang='lat' dir='ltr'><strong>haec</strong></span> <span class='ocrx_word' id='word_1_769' title='bbox 3155 3245 3222 3298; x_wconf 86' lang='lat' dir='ltr'><strong>ab</strong></span> <span class='ocrx_word' id='word_1_770' title='bbox 3245 3245 3324 3300; x_wconf 91' lang='lat' dir='ltr'><strong>eis</strong></span> <span class='ocrx_word' id='word_1_771' title='bbox 3347 3247 3518 3303; x_wconf 87' lang='lat' dir='ltr'><strong>factus</strong></span> <span class='ocrx_word' id='word_1_772' title='bbox 3537 3266 3669 3318; x_wconf 90' lang='lat' dir='ltr'><strong>sum,</strong></span> <span class='ocrx_word' id='word_1_773' title='bbox 3697 3252 3784 3323; x_wconf 83' lang='lat' dir='ltr'><strong>ipsi</strong></span> 
     </span>
    </p>
   </div>
   <div class='ocr_carea' id='block_1_93' title="bbox 2219 3323 3782 3407">
    <p class='ocr_par' dir='ltr' id='par_1_93' title="bbox 2219 3323 3782 3407">
     <span class='ocr_line' id='line_1_93' title="bbox 2219 3323 3782 3407; baseline 0.017 -31"><span class='ocrx_word' id='word_1_774' title='bbox 2219 3323 2419 3394; x_wconf 75' lang='lat' dir='ltr'><strong>expulsi</strong></span> <span class='ocrx_word' id='word_1_775' title='bbox 2462 3337 2577 3380; x_wconf 85' lang='lat' dir='ltr'><strong>sunt</strong></span> <span class='ocrx_word' id='word_1_776' title='bbox 2607 3328 2670 3381; x_wconf 87' lang='lat' dir='ltr'><strong>de</strong></span> <span class='ocrx_word' id='word_1_777' title='bbox 2708 3345 2861 3384; x_wconf 88' lang='lat' dir='ltr'><strong>manu</strong></span> <span class='ocrx_word' id='word_1_778' title='bbox 2900 3343 3020 3396; x_wconf 86' lang='lat' dir='ltr'><strong>tua;</strong></span> <span class='ocrx_word' id='word_1_779' title='bbox 3053 3334 3152 3404; x_wconf 84' lang='lat' dir='ltr'><strong>ipsi</strong></span> <span class='ocrx_word' id='word_1_780' title='bbox 3182 3336 3448 3407; x_wconf 90' lang='lat' dir='ltr'><strong>adjutorio</strong></span> <span class='ocrx_word' id='word_1_781' title='bbox 3486 3358 3668 3400; x_wconf 87' lang='lat' dir='ltr'><strong>manus</strong></span> <span class='ocrx_word' id='word_1_782' title='bbox 3691 3354 3782 3402; x_wconf 71' lang='lat' dir='ltr'><strong>tua:</strong></span> 
     </span>
    </p>
   </div>
   <div class='ocr_carea' id='block_1_94' title="bbox 2217 3417 3777 3507">
    <p class='ocr_par' dir='ltr' id='par_1_94' title="bbox 2217 3417 3777 3507">
     <span class='ocr_line' id='line_1_94' title="bbox 2217 3417 3777 3507; baseline 0.018 -40"><span class='ocrx_word' id='word_1_783' title='bbox 2217 3417 2404 3484; x_wconf 88' lang='lat' dir='ltr'><strong>privati</strong></span> <span class='ocrx_word' id='word_1_784' title='bbox 2435 3427 2589 3484; x_wconf 92' lang='lat' dir='ltr'><strong>sunt,</strong></span> <span class='ocrx_word' id='word_1_785' title='bbox 2618 3423 2708 3491; x_wconf 91' lang='lat' dir='ltr'><strong>qui</strong></span> <span class='ocrx_word' id='word_1_786' title='bbox 2754 3439 2838 3478; x_wconf 91' lang='lat' dir='ltr'><strong>me</strong></span> <span class='ocrx_word' id='word_1_787' title='bbox 2873 3425 2989 3480; x_wconf 90' lang='lat' dir='ltr'><strong>sine</strong></span> <span class='ocrx_word' id='word_1_788' title='bbox 3013 3426 3276 3498; x_wconf 87' lang='lat' dir='ltr'><strong>adjutorio</strong></span> <span class='ocrx_word' id='word_1_789' title='bbox 3305 3447 3427 3491; x_wconf 91' lang='lat' dir='ltr'><strong>esse</strong></span> <span class='ocrx_word' id='word_1_790' title='bbox 3463 3446 3777 3507; x_wconf 90' lang='lat' dir='ltr'><strong>putaverunt.</strong></span> 
     </span>
    </p>
   </div>
   <div class='ocr_carea' id='block_1_95' title="bbox 2216 3505 3778 3603">
    <p class='ocr_par' dir='ltr' id='par_1_95' title="bbox 2216 3505 3778 3603">
     <span class='ocr_line' id='line_1_95' title="bbox 2216 3505 3778 3603; baseline 0.018 -44"><span class='ocrx_word' id='word_1_791' title='bbox 2216 3505 2480 3563; x_wconf 83' lang='lat' dir='ltr'><strong>Foderunt</strong></span> <span class='ocrx_word' id='word_1_792' title='bbox 2505 3511 2664 3577; x_wconf 92' lang='lat' dir='ltr'><strong>enim,</strong></span> <span class='ocrx_word' id='word_1_793' title='bbox 2699 3514 2831 3569; x_wconf 90' lang='lat' dir='ltr'><strong>sicut</strong></span> <span class='ocrx_word' id='word_1_794' title='bbox 2857 3516 2986 3572; x_wconf 90' lang='lat' dir='ltr'><strong>dicit</strong></span> <span class='ocrx_word' id='word_1_795' title='bbox 3012 3519 3067 3575; x_wconf 88' lang='lat' dir='ltr'><strong>in</strong></span> <span class='ocrx_word' id='word_1_796' title='bbox 3093 3521 3198 3577; x_wconf 89' lang='lat' dir='ltr'><strong>alio</strong></span> <span class='ocrx_word' id='word_1_797' title='bbox 3227 3505 3599 3594; x_wconf 26' lang='lat' dir='ltr'><strong>psalmo,&#39;ante</strong></span> <span class='ocrx_word' id='word_1_798' title='bbox 3616 3533 3778 3603; x_wconf 81' lang='lat' dir='ltr'><strong>[aciem</strong></span> 
     </span>
    </p>
   </div>
   <div class='ocr_carea' id='block_1_96' title="bbox 2215 3601 3778 3695">
    <p class='ocr_par' dir='ltr' id='par_1_96' title="bbox 2215 3601 3778 3695">
     <span class='ocr_line' id='line_1_96' title="bbox 2215 3601 3778 3695; baseline 0.02 -45"><span class='ocrx_word' id='word_1_799' title='bbox 2215 3614 2376 3653; x_wconf 84' lang='lat' dir='ltr'><strong>meum</strong></span> <span class='ocrx_word' id='word_1_800' title='bbox 2403 3601 2599 3671; x_wconf 79' lang='lat' dir='ltr'><strong>foveam</strong></span> <span class='ocrx_word' id='word_1_801' title='bbox 2618 3645 2631 3668; x_wconf 96' lang='lat'><strong>,</strong></span> <span class='ocrx_word' id='word_1_802' title='bbox 2659 3617 2704 3660; x_wconf 89' lang='lat' dir='ltr'><strong>et</strong></span> <span class='ocrx_word' id='word_1_803' title='bbox 2730 3607 3010 3666; x_wconf 85' lang='lat' dir='ltr'><strong>inciderunt</strong></span> <span class='ocrx_word' id='word_1_804' title='bbox 3039 3613 3092 3667; x_wconf 88' lang='lat' dir='ltr'><strong>in</strong></span> <span class='ocrx_word' id='word_1_805' title='bbox 3115 3616 3404 3688; x_wconf 82' lang='lat' dir='ltr'><strong>eam(Psal.</strong></span> <span class='ocrx_word' id='word_1_806' title='bbox 3435 3639 3550 3690; x_wconf 82' lang='lat' dir='ltr'><strong>LVI,</strong></span> <span class='ocrx_word' id='word_1_807' title='bbox 3581 3601 3657 3695; x_wconf 90' lang='lat'><strong>7).</strong></span> <span class='ocrx_word' id='word_1_808' title='bbox 3687 3625 3778 3682; x_wconf 78' lang='lat' dir='ltr'><strong>Me-</strong></span> 
     </span>
    </p>
   </div>
   <div class='ocr_carea' id='block_1_97' title="bbox 2214 3692 3777 3786">
    <p class='ocr_par' dir='ltr' id='par_1_97' title="bbox 2214 3692 3777 3786">
     <span class='ocr_line' id='line_1_97' title="bbox 2214 3692 3777 3786; baseline 0.017 -39"><span class='ocrx_word' id='word_1_809' title='bbox 2214 3692 2316 3749; x_wconf 92' lang='lat' dir='ltr'><strong>lius</strong></span> <span class='ocrx_word' id='word_1_810' title='bbox 2346 3696 2488 3750; x_wconf 92' lang='lat' dir='ltr'><strong>enim</strong></span> <span class='ocrx_word' id='word_1_811' title='bbox 2533 3698 2610 3752; x_wconf 90' lang='lat' dir='ltr'><strong>sic</strong></span> <span class='ocrx_word' id='word_1_812' title='bbox 2655 3697 3054 3772; x_wconf 80' lang='lat' dir='ltr'><strong>intelligendum</strong></span> <span class='ocrx_word' id='word_1_813' title='bbox 3102 3709 3388 3781; x_wconf 78' lang='lat' dir='ltr'><strong>existimo,</strong></span> <span class='ocrx_word' id='word_1_814' title='bbox 3435 3730 3590 3786; x_wconf 88' lang='lat' dir='ltr'><strong>quam</strong></span> <span class='ocrx_word' id='word_1_815' title='bbox 3636 3727 3691 3772; x_wconf 93' lang='lat' dir='ltr'><strong>ut</strong></span> <span class='ocrx_word' id='word_1_816' title='bbox 3732 3717 3777 3774; x_wconf 92' lang='lat' dir='ltr'><strong>id</strong></span> 
     </span>
    </p>
   </div>
   <div class='ocr_carea' id='block_1_98' title="bbox 2212 3788 3776 3875">
    <p class='ocr_par' dir='ltr' id='par_1_98' title="bbox 2212 3788 3776 3875">
     <span class='ocr_line' id='line_1_98' title="bbox 2212 3788 3776 3875; baseline 0.018 -34"><span class='ocrx_word' id='word_1_817' title='bbox 2212 3788 2354 3858; x_wconf 91' lang='lat' dir='ltr'><strong>quod</strong></span> <span class='ocrx_word' id='word_1_818' title='bbox 2383 3789 2581 3846; x_wconf 92' lang='lat' dir='ltr'><strong>dictum</strong></span> <span class='ocrx_word' id='word_1_819' title='bbox 2611 3801 2724 3861; x_wconf 91' lang='lat' dir='ltr'><strong>est,</strong></span> <span class='ocrx_word' id='word_1_820' title='bbox 2758 3794 2824 3848; x_wconf 84' lang='lat' dir='ltr'><strong>Et</strong></span> <span class='ocrx_word' id='word_1_821' title='bbox 2849 3798 2950 3868; x_wconf 84' lang='lat' dir='ltr'><strong>ipsi</strong></span> <span class='ocrx_word' id='word_1_822' title='bbox 2964 3801 3161 3873; x_wconf 70' lang='lat' dir='ltr'><strong>expulsi</strong></span> <span class='ocrx_word' id='word_1_823' title='bbox 3187 3816 3306 3860; x_wconf 89' lang='lat' dir='ltr'><strong>sunt</strong></span> <span class='ocrx_word' id='word_1_824' title='bbox 3330 3807 3394 3862; x_wconf 87' lang='lat' dir='ltr'><strong>de</strong></span> <span class='ocrx_word' id='word_1_825' title='bbox 3415 3827 3567 3867; x_wconf 90' lang='lat' dir='ltr'><strong>manu</strong></span> <span class='ocrx_word' id='word_1_826' title='bbox 3592 3822 3690 3875; x_wconf 88' lang='lat' dir='ltr'><strong>tua,</strong></span> <span class='ocrx_word' id='word_1_827' title='bbox 3717 3811 3776 3870; x_wconf 88' lang='lat' dir='ltr'><strong>ad</strong></span> 
     </span>
    </p>
   </div>
   <div class='ocr_carea' id='block_1_99' title="bbox 2211 3879 3775 3974">
    <p class='ocr_par' dir='ltr' id='par_1_99' title="bbox 2211 3879 3775 3974">
     <span class='ocr_line' id='line_1_99' title="bbox 2211 3879 3775 3974; baseline 0.018 -39"><span class='ocrx_word' id='word_1_828' title='bbox 2211 3879 2331 3936; x_wconf 90' lang='lat' dir='ltr'><strong>illos</strong></span> <span class='ocrx_word' id='word_1_829' title='bbox 2363 3881 2622 3940; x_wconf 89' lang='lat' dir='ltr'><strong>referatur</strong></span> <span class='ocrx_word' id='word_1_830' title='bbox 2666 3885 2990 3947; x_wconf 89' lang='lat' dir='ltr'><strong>dormientes</strong></span> <span class='ocrx_word' id='word_1_831' title='bbox 3025 3892 3078 3948; x_wconf 90' lang='lat' dir='ltr'><strong>in</strong></span> <span class='ocrx_word' id='word_1_832' title='bbox 3112 3899 3386 3969; x_wconf 90' lang='lat' dir='ltr'><strong>sepulcro,</strong></span> <span class='ocrx_word' id='word_1_833' title='bbox 3419 3919 3638 3974; x_wconf 89' lang='lat' dir='ltr'><strong>quorum</strong></span> <span class='ocrx_word' id='word_1_834' title='bbox 3683 3920 3775 3963; x_wconf 89' lang='lat' dir='ltr'><strong>non</strong></span> 
     </span>
    </p>
   </div>
   <div class='ocr_carea' id='block_1_100' title="bbox 2211 3974 3775 4063">
    <p class='ocr_par' dir='ltr' id='par_1_100' title="bbox 2211 3974 3775 4063">
     <span class='ocr_line' id='line_1_100' title="bbox 2211 3974 3775 4063; baseline 0.016 -36"><span class='ocrx_word' id='word_1_835' title='bbox 2211 3974 2454 4031; x_wconf 87' lang='lat' dir='ltr'><strong>meminit</strong></span> <span class='ocrx_word' id='word_1_836' title='bbox 2473 3975 2673 4034; x_wconf 85' lang='lat' dir='ltr'><strong>adhuc:</strong></span> <span class='ocrx_word' id='word_1_837' title='bbox 2696 3995 2814 4035; x_wconf 92' lang='lat' dir='ltr'><strong>cum</strong></span> <span class='ocrx_word' id='word_1_838' title='bbox 2836 3983 2941 4038; x_wconf 92' lang='lat' dir='ltr'><strong>sint</strong></span> <span class='ocrx_word' id='word_1_839' title='bbox 2957 3983 3011 4039; x_wconf 92' lang='lat' dir='ltr'><strong>in</strong></span> <span class='ocrx_word' id='word_1_840' title='bbox 3034 3986 3111 4041; x_wconf 91' lang='lat' dir='ltr'><strong>eis</strong></span> <span class='ocrx_word' id='word_1_841' title='bbox 3128 3989 3279 4058; x_wconf 91' lang='lat' dir='ltr'><strong>justi,</strong></span> <span class='ocrx_word' id='word_1_842' title='bbox 3301 4009 3526 4063; x_wconf 92' lang='lat' dir='ltr'><strong>quorum</strong></span> <span class='ocrx_word' id='word_1_843' title='bbox 3551 3997 3666 4053; x_wconf 89' lang='lat' dir='ltr'><strong>licet</strong></span> <span class='ocrx_word' id='word_1_844' title='bbox 3680 4011 3775 4052; x_wconf 89' lang='lat' dir='ltr'><strong>non</strong></span> 
     </span>
    </p>
   </div>
   <div class='ocr_carea' id='block_1_101' title="bbox 2209 4069 3774 4150">
    <p class='ocr_par' dir='ltr' id='par_1_101' title="bbox 2209 4069 3774 4150">
     <span class='ocr_line' id='line_1_101' title="bbox 2209 4069 3774 4150; baseline 0.017 -28"><span class='ocrx_word' id='word_1_845' title='bbox 2209 4069 2513 4127; x_wconf 90' lang='lat' dir='ltr'><strong>meminerit</strong></span> <span class='ocrx_word' id='word_1_846' title='bbox 2545 4073 2719 4130; x_wconf 90' lang='lat' dir='ltr'><strong>adhuc</strong></span> <span class='ocrx_word' id='word_1_847' title='bbox 2753 4085 2810 4130; x_wconf 91' lang='lat' dir='ltr'><strong>ut</strong></span> <span class='ocrx_word' id='word_1_848' title='bbox 2848 4091 3154 4150; x_wconf 85' lang='lat' dir='ltr'><strong>resurgant;</strong></span> <span class='ocrx_word' id='word_1_849' title='bbox 3193 4083 3370 4142; x_wconf 89' lang='lat' dir='ltr'><strong>dehis</strong></span> <span class='ocrx_word' id='word_1_850' title='bbox 3399 4098 3572 4145; x_wconf 88' lang='lat' dir='ltr'><strong>tamen</strong></span> <span class='ocrx_word' id='word_1_851' title='bbox 3594 4091 3774 4147; x_wconf 90' lang='lat' dir='ltr'><strong>dictum</strong></span> 
     </span>
    </p>
   </div>
   <div class='ocr_carea' id='block_1_102' title="bbox 2207 4163 3772 4256">
    <p class='ocr_par' dir='ltr' id='par_1_102' title="bbox 2207 4163 3772 4256">
     <span class='ocr_line' id='line_1_102' title="bbox 2207 4163 3772 4256; baseline 0.015 -40"><span class='ocrx_word' id='word_1_852' title='bbox 2207 4170 2308 4229; x_wconf 91' lang='lat' dir='ltr'><strong>est,</strong></span> <span class='ocrx_word' id='word_1_853' title='bbox 2337 4163 2603 4221; x_wconf 81' lang='lat' dir='ltr'><strong>Justorum</strong></span> <span class='ocrx_word' id='word_1_854' title='bbox 2638 4169 2820 4225; x_wconf 75' lang='lat' dir='ltr'><strong>animo:</strong></span> <span class='ocrx_word' id='word_1_855' title='bbox 2861 4171 2914 4226; x_wconf 88' lang='lat' dir='ltr'><strong>in</strong></span> <span class='ocrx_word' id='word_1_856' title='bbox 2940 4189 3094 4229; x_wconf 87' lang='lat' dir='ltr'><strong>manu</strong></span> <span class='ocrx_word' id='word_1_857' title='bbox 3122 4175 3220 4231; x_wconf 86' lang='lat' dir='ltr'><strong>Dei</strong></span> <span class='ocrx_word' id='word_1_858' title='bbox 3258 4190 3374 4235; x_wconf 86' lang='lat' dir='ltr'><strong>sunt</strong></span> <span class='ocrx_word' id='word_1_859' title='bbox 3405 4183 3556 4254; x_wconf 87' lang='lat' dir='ltr'><strong>(Sap.</strong></span> <span class='ocrx_word' id='word_1_860' title='bbox 3579 4200 3664 4248; x_wconf 90' lang='grc' dir='ltr'>ιιι,</span> <span class='ocrx_word' id='word_1_861' title='bbox 3692 4184 3772 4256; x_wconf 81' lang='grc'><strong>1),</strong></span> 
     </span>
    </p>
   </div>
   <div class='ocr_carea' id='block_1_103' title="bbox 2207 4253 3772 4347">
    <p class='ocr_par' dir='ltr' id='par_1_103' title="bbox 2207 4253 3772 4347">
     <span class='ocr_line' id='line_1_103' title="bbox 2207 4253 3772 4347; baseline 0.017 -39"><span class='ocrx_word' id='word_1_862' title='bbox 2207 4253 2311 4310; x_wconf 88' lang='lat' dir='ltr'><strong>hoc</strong></span> <span class='ocrx_word' id='word_1_863' title='bbox 2335 4264 2456 4324; x_wconf 91' lang='lat' dir='ltr'><strong>est,</strong></span> <span class='ocrx_word' id='word_1_864' title='bbox 2488 4257 2726 4314; x_wconf 89' lang='lat' dir='ltr'><strong>habitant</strong></span> <span class='ocrx_word' id='word_1_865' title='bbox 2755 4260 2806 4315; x_wconf 90' lang='lat' dir='ltr'><strong>in</strong></span> <span class='ocrx_word' id='word_1_866' title='bbox 2849 4263 3116 4334; x_wconf 89' lang='lat' dir='ltr'><strong>adjutorio</strong></span> <span class='ocrx_word' id='word_1_867' title='bbox 3148 4253 3427 4342; x_wconf 86' lang='lat' dir='ltr'><strong>Altissimi,</strong></span> <span class='ocrx_word' id='word_1_868' title='bbox 3456 4253 3512 4331; x_wconf 89' lang='lat' dir='ltr'><strong>et</strong></span> <span class='ocrx_word' id='word_1_869' title='bbox 3531 4276 3583 4332; x_wconf 90' lang='lat' dir='ltr'><strong>in</strong></span> <span class='ocrx_word' id='word_1_870' title='bbox 3613 4253 3772 4347; x_wconf 80' lang='lat' dir='ltr'><strong>prote-</strong></span> 
     </span>
    </p>
   </div>
   <div class='ocr_carea' id='block_1_104' title="bbox 2206 4349 3770 4443">
    <p class='ocr_par' dir='ltr' id='par_1_104' title="bbox 2206 4349 3770 4443">
     <span class='ocr_line' id='line_1_104' title="bbox 2206 4349 3770 4443; baseline 0.015 -41"><span class='ocrx_word' id='word_1_871' title='bbox 2206 4349 2379 4405; x_wconf 88' lang='lat' dir='ltr'><strong>ctione</strong></span> <span class='ocrx_word' id='word_1_872' title='bbox 2427 4352 2520 4406; x_wconf 90' lang='lat' dir='ltr'><strong>Dei</strong></span> <span class='ocrx_word' id='word_1_873' title='bbox 2549 4353 2667 4409; x_wconf 66' lang='grc' dir='ltr'><strong>ειειί</strong></span> <span class='ocrx_word' id='word_1_874' title='bbox 2698 4368 3097 4415; x_wconf 88' lang='lat' dir='ltr'><strong>commorantur</strong></span> <span class='ocrx_word' id='word_1_875' title='bbox 3143 4362 3319 4434; x_wconf 87' lang='lat' dir='ltr'><strong>(Psal.</strong></span> <span class='ocrx_word' id='word_1_876' title='bbox 3345 4383 3446 4431; x_wconf 81' lang='lat' dir='ltr'><strong>xc,</strong></span> <span class='ocrx_word' id='word_1_877' title='bbox 3476 4368 3548 4443; x_wconf 77' lang='lat' dir='ltr'><strong>i).</strong></span> <span class='ocrx_word' id='word_1_878' title='bbox 3579 4370 3677 4426; x_wconf 86' lang='lat' dir='ltr'><strong>Sed</strong></span> <span class='ocrx_word' id='word_1_879' title='bbox 3703 4369 3770 4426; x_wconf 87' lang='lat' dir='ltr'><strong>illi</strong></span> 
     </span>
    </p>
   </div>
   <div class='ocr_carea' id='block_1_105' title="bbox 2205 4441 3770 4524">
    <p class='ocr_par' dir='ltr' id='par_1_105' title="bbox 2205 4441 3770 4524">
     <span class='ocr_line' id='line_1_105' title="bbox 2205 4441 3770 4524; baseline 0.014 -27"><span class='ocrx_word' id='word_1_880' title='bbox 2205 4441 2409 4511; x_wconf 80' lang='lat' dir='ltr'><strong>expulsi</strong></span> <span class='ocrx_word' id='word_1_881' title='bbox 2429 4454 2552 4498; x_wconf 87' lang='lat' dir='ltr'><strong>sunt</strong></span> <span class='ocrx_word' id='word_1_882' title='bbox 2572 4445 2639 4500; x_wconf 91' lang='lat' dir='ltr'><strong>de</strong></span> <span class='ocrx_word' id='word_1_883' title='bbox 2664 4463 2823 4503; x_wconf 88' lang='lat' dir='ltr'><strong>manu</strong></span> <span class='ocrx_word' id='word_1_884' title='bbox 2852 4450 2967 4518; x_wconf 88' lang='lat' dir='ltr'><strong>Dei,</strong></span> <span class='ocrx_word' id='word_1_885' title='bbox 3001 4454 3086 4524; x_wconf 90' lang='lat' dir='ltr'><strong>qui</strong></span> <span class='ocrx_word' id='word_1_886' title='bbox 3122 4455 3408 4515; x_wconf 90' lang='lat' dir='ltr'><strong>Dominum</strong></span> <span class='ocrx_word' id='word_1_887' title='bbox 3434 4441 3691 4518; x_wconf 88' lang='lat' dir='ltr'><strong>Christum</strong></span> <span class='ocrx_word' id='word_1_888' title='bbox 3711 4462 3770 4519; x_wconf 87' lang='lat' dir='ltr'><strong>de</strong></span> 
     </span>
    </p>
   </div>
   <div class='ocr_carea' id='block_1_106' title="bbox 2205 4536 3770 4626">
    <p class='ocr_par' dir='ltr' id='par_1_106' title="bbox 2205 4536 3770 4626">
     <span class='ocr_line' id='line_1_106' title="bbox 2205 4536 3770 4626; baseline 0.015 -38"><span class='ocrx_word' id='word_1_889' title='bbox 2205 4549 2363 4590; x_wconf 89' lang='lat' dir='ltr'><strong>manu</strong></span> <span class='ocrx_word' id='word_1_890' title='bbox 2393 4536 2508 4607; x_wconf 90' lang='lat' dir='ltr'><strong>ejus</strong></span> <span class='ocrx_word' id='word_1_891' title='bbox 2534 4540 2812 4608; x_wconf 86' lang='lat' dir='ltr'><strong>expulsum</strong></span> <span class='ocrx_word' id='word_1_892' title='bbox 2839 4558 2958 4600; x_wconf 88' lang='lat' dir='ltr'><strong>esse</strong></span> <span class='ocrx_word' id='word_1_893' title='bbox 2978 4546 3338 4620; x_wconf 90' lang='lat' dir='ltr'><strong>crediderunt,</strong></span> <span class='ocrx_word' id='word_1_894' title='bbox 3365 4555 3488 4626; x_wconf 91' lang='lat' dir='ltr'><strong>quia</strong></span> <span class='ocrx_word' id='word_1_895' title='bbox 3510 4571 3625 4612; x_wconf 88' lang='lat' dir='ltr'><strong>eum</strong></span> <span class='ocrx_word' id='word_1_896' title='bbox 3647 4557 3770 4612; x_wconf 89' lang='lat' dir='ltr'><strong>inter</strong></span> 
     </span>
    </p>
   </div>
   <div class='ocr_carea' id='block_1_107' title="bbox 2201 4626 3343 4711">
    <p class='ocr_par' dir='ltr' id='par_1_107' title="bbox 2201 4626 3343 4711">
     <span class='ocr_line' id='line_1_107' title="bbox 2201 4626 3343 4711; baseline 0.016 -30"><span class='ocrx_word' id='word_1_897' title='bbox 2201 4626 2409 4698; x_wconf 90' lang='lat' dir='ltr'><strong>iniquos</strong></span> <span class='ocrx_word' id='word_1_898' title='bbox 2436 4629 2743 4700; x_wconf 87' lang='lat' dir='ltr'><strong>deputatum</strong></span> <span class='ocrx_word' id='word_1_899' title='bbox 2773 4637 3016 4695; x_wconf 90' lang='lat' dir='ltr'><strong>occidere</strong></span> <span class='ocrx_word' id='word_1_900' title='bbox 3039 4650 3343 4711; x_wconf 90' lang='lat' dir='ltr'><strong>potuerunt.</strong></span> 
     </span>
    </p>
   </div>
   <div class='ocr_carea' id='block_1_108' title="bbox 2271 4717 3765 4813">
    <p class='ocr_par' dir='ltr' id='par_1_108' title="bbox 2271 4717 3765 4813">
     <span class='ocr_line' id='line_1_108' title="bbox 2271 4717 3765 4813; baseline 0.013 -39"><span class='ocrx_word' id='word_1_901' title='bbox 2271 4720 2324 4775; x_wconf 90' lang='lat'><strong>6.</strong></span> <span class='ocrx_word' id='word_1_902' title='bbox 2357 4717 2504 4793; x_wconf 86' lang='lat' dir='ltr'><strong>[vers.</strong></span> <span class='ocrx_word' id='word_1_903' title='bbox 2536 4721 2614 4797; x_wconf 92' lang='lat'><strong>7.]</strong></span> <span class='ocrx_word' id='word_1_904' title='bbox 2641 4723 2927 4784; x_wconf 84' lang='lat' dir='ltr'><strong>Posuerunt</strong></span> <span class='ocrx_word' id='word_1_905' title='bbox 2947 4748 3043 4799; x_wconf 88' lang='lat' dir='ltr'><strong>me,</strong></span> <span class='ocrx_word' id='word_1_906' title='bbox 3073 4733 3240 4806; x_wconf 87' lang='lat' dir='ltr'><strong>inquit</strong></span> <span class='ocrx_word' id='word_1_907' title='bbox 3260 4777 3275 4802; x_wconf 94' lang='lat'><strong>,</strong></span> <span class='ocrx_word' id='word_1_908' title='bbox 3297 4737 3350 4793; x_wconf 88' lang='lat' dir='ltr'><strong>in</strong></span> <span class='ocrx_word' id='word_1_909' title='bbox 3388 4737 3501 4794; x_wconf 87' lang='lat' dir='ltr'><strong>lacu</strong></span> <span class='ocrx_word' id='word_1_910' title='bbox 3524 4740 3765 4813; x_wconf 79' lang='lat' dir='ltr'><strong>inferiore;</strong></span> 
     </span>
    </p>
   </div>
   <div class='ocr_carea' id='block_1_109' title="bbox 2198 4813 3764 4903">
    <p class='ocr_par' dir='ltr' id='par_1_109' title="bbox 2198 4813 3764 4903">
     <span class='ocr_line' id='line_1_109' title="bbox 2198 4813 3764 4903; baseline 0.014 -38"><span class='ocrx_word' id='word_1_911' title='bbox 2198 4813 2282 4867; x_wconf 90' lang='lat' dir='ltr'><strong>vel</strong></span> <span class='ocrx_word' id='word_1_912' title='bbox 2307 4813 2496 4883; x_wconf 89' lang='lat' dir='ltr'><strong>potius,</strong></span> <span class='ocrx_word' id='word_1_913' title='bbox 2530 4817 2580 4870; x_wconf 85' lang='lat' dir='ltr'><strong>in</strong></span> <span class='ocrx_word' id='word_1_914' title='bbox 2599 4817 2712 4873; x_wconf 88' lang='lat' dir='ltr'><strong>lacu</strong></span> <span class='ocrx_word' id='word_1_915' title='bbox 2735 4820 2910 4890; x_wconf 81' lang='lat' dir='ltr'><strong>inﬁmo</strong></span> <span class='ocrx_word' id='word_1_916' title='bbox 2933 4841 2952 4878; x_wconf 89' lang='lat'><strong><em>:</em></strong></span> <span class='ocrx_word' id='word_1_917' title='bbox 2981 4826 3059 4881; x_wconf 90' lang='lat' dir='ltr'><strong>sic</strong></span> <span class='ocrx_word' id='word_1_918' title='bbox 3087 4828 3227 4883; x_wconf 91' lang='lat' dir='ltr'><strong>enim</strong></span> <span class='ocrx_word' id='word_1_919' title='bbox 3257 4839 3342 4886; x_wconf 90' lang='lat' dir='ltr'><strong>est</strong></span> <span class='ocrx_word' id='word_1_920' title='bbox 3388 4832 3442 4887; x_wconf 92' lang='lat' dir='ltr'><strong>in</strong></span> <span class='ocrx_word' id='word_1_921' title='bbox 3479 4849 3649 4902; x_wconf 76' lang='lat' dir='ltr'><strong>grznco</strong></span> <span class='ocrx_word' id='word_1_922' title='bbox 3676 4831 3764 4903; x_wconf 78' lang='grc' dir='ltr'><strong>(τι).</strong></span> 
     </span>
    </p>
   </div>
   <div class='ocr_carea' id='block_1_110' title="bbox 2197 4905 3763 4994">
    <p class='ocr_par' dir='ltr' id='par_1_110' title="bbox 2197 4905 3763 4994">
     <span class='ocr_line' id='line_1_110' title="bbox 2197 4905 3763 4994; baseline 0.012 -35"><span class='ocrx_word' id='word_1_923' title='bbox 2197 4905 2332 4974; x_wconf 83' lang='lat' dir='ltr'><strong>Quid</strong></span> <span class='ocrx_word' id='word_1_924' title='bbox 2361 4919 2444 4963; x_wconf 90' lang='lat' dir='ltr'><strong>est</strong></span> <span class='ocrx_word' id='word_1_925' title='bbox 2467 4920 2643 4966; x_wconf 88' lang='lat' dir='ltr'><strong>autem</strong></span> <span class='ocrx_word' id='word_1_926' title='bbox 2667 4913 2814 4970; x_wconf 86' lang='lat' dir='ltr'><strong>lacus</strong></span> <span class='ocrx_word' id='word_1_927' title='bbox 2840 4915 3054 4974; x_wconf 88' lang='lat' dir='ltr'><strong>inlimus</strong></span> <span class='ocrx_word' id='word_1_928' title='bbox 3073 4961 3086 4981; x_wconf 86' lang='lat'><strong>,</strong></span> <span class='ocrx_word' id='word_1_929' title='bbox 3111 4921 3212 4976; x_wconf 90' lang='lat' dir='ltr'><strong>nisi</strong></span> <span class='ocrx_word' id='word_1_930' title='bbox 3240 4923 3646 4994; x_wconf 86' lang='lat' dir='ltr'><strong>profundissima</strong></span> <span class='ocrx_word' id='word_1_931' title='bbox 3673 4923 3763 4978; x_wconf 87' lang='lat' dir='ltr'><strong>mi-</strong></span> 
     </span>
    </p>
   </div>
   <div class='ocr_carea' id='block_1_111' title="bbox 2196 4999 3763 5083">
    <p class='ocr_par' dir='ltr' id='par_1_111' title="bbox 2196 4999 3763 5083">
     <span class='ocr_line' id='line_1_111' title="bbox 2196 4999 3763 5083; baseline 0.011 -31"><span class='ocrx_word' id='word_1_932' title='bbox 2196 4999 2354 5066; x_wconf 88' lang='lat' dir='ltr'><strong>seria,</strong></span> <span class='ocrx_word' id='word_1_933' title='bbox 2377 5016 2476 5070; x_wconf 89' lang='lat' dir='ltr'><strong>qua</strong></span> <span class='ocrx_word' id='word_1_934' title='bbox 2505 5019 2609 5059; x_wconf 87' lang='lat' dir='ltr'><strong>non</strong></span> <span class='ocrx_word' id='word_1_935' title='bbox 2634 5005 2702 5060; x_wconf 91' lang='lat' dir='ltr'><strong>sit</strong></span> <span class='ocrx_word' id='word_1_936' title='bbox 2733 5007 3067 5076; x_wconf 88' lang='lat' dir='ltr'><strong>profundior?</strong></span> <span class='ocrx_word' id='word_1_937' title='bbox 3092 5011 3243 5069; x_wconf 88' lang='lat' dir='ltr'><strong>Unde</strong></span> <span class='ocrx_word' id='word_1_938' title='bbox 3259 5015 3382 5070; x_wconf 88' lang='lat' dir='ltr'><strong>alibi</strong></span> <span class='ocrx_word' id='word_1_939' title='bbox 3402 5017 3612 5083; x_wconf 85' lang='lat' dir='ltr'><strong>dicitur,</strong></span> <span class='ocrx_word' id='word_1_940' title='bbox 3637 5016 3763 5070; x_wconf 81' lang='lat' dir='ltr'><strong>Edu-</strong></span> 
     </span>
    </p>
   </div>
   <div class='ocr_carea' id='block_1_112' title="bbox 2193 5095 3760 5183">
    <p class='ocr_par' dir='ltr' id='par_1_112' title="bbox 2193 5095 3760 5183">
     <span class='ocr_line' id='line_1_112' title="bbox 2193 5095 3760 5183; baseline 0.009 -35"><span class='ocrx_word' id='word_1_941' title='bbox 2193 5095 2314 5150; x_wconf 73' lang='lat' dir='ltr'><strong>xisti</strong></span> <span class='ocrx_word' id='word_1_942' title='bbox 2331 5113 2408 5151; x_wconf 89' lang='lat' dir='ltr'><strong>me</strong></span> <span class='ocrx_word' id='word_1_943' title='bbox 2426 5098 2488 5152; x_wconf 87' lang='lat' dir='ltr'><strong>de</strong></span> <span class='ocrx_word' id='word_1_944' title='bbox 2511 5098 2626 5153; x_wconf 87' lang='lat' dir='ltr'><strong>lacu</strong></span> <span class='ocrx_word' id='word_1_945' title='bbox 2647 5102 2860 5157; x_wconf 72' lang='lat' dir='ltr'><strong>miseriae</strong></span> <span class='ocrx_word' id='word_1_946' title='bbox 2887 5102 3058 5176; x_wconf 87' lang='lat' dir='ltr'><strong>(Psal.</strong></span> <span class='ocrx_word' id='word_1_947' title='bbox 3085 5122 3250 5164; x_wconf 76' lang='lat' dir='ltr'><strong>xmx</strong></span> <span class='ocrx_word' id='word_1_948' title='bbox 3271 5150 3286 5176; x_wconf 95' lang='lat'><strong>,</strong></span> <span class='ocrx_word' id='word_1_949' title='bbox 3315 5109 3393 5183; x_wconf 78' lang='lat'><strong>5).</strong></span> <span class='ocrx_word' id='word_1_950' title='bbox 3422 5109 3490 5166; x_wconf 89' lang='lat' dir='ltr'><strong>In</strong></span> <span class='ocrx_word' id='word_1_951' title='bbox 3513 5108 3760 5166; x_wconf 87' lang='lat' dir='ltr'><strong>tenebrosis</strong></span> 
     </span>
    </p>
   </div>
   <div class='ocr_carea' id='block_1_113' title="bbox 2195 5190 3756 5272">
    <p class='ocr_par' dir='ltr' id='par_1_113' title="bbox 2195 5190 3756 5272">
     <span class='ocr_line' id='line_1_113' title="bbox 2195 5190 3756 5272; baseline 0.011 -30"><span class='ocrx_word' id='word_1_952' title='bbox 2195 5198 2239 5242; x_wconf 89' lang='lat' dir='ltr'><strong>et</strong></span> <span class='ocrx_word' id='word_1_953' title='bbox 2265 5190 2318 5243; x_wconf 89' lang='lat' dir='ltr'><strong>in</strong></span> <span class='ocrx_word' id='word_1_954' title='bbox 2339 5191 2512 5246; x_wconf 85' lang='lat' dir='ltr'><strong>umbra</strong></span> <span class='ocrx_word' id='word_1_955' title='bbox 2532 5194 2706 5248; x_wconf 88' lang='lat' dir='ltr'><strong>mortis</strong></span> <span class='ocrx_word' id='word_1_956' title='bbox 2727 5210 2746 5249; x_wconf 91' lang='lat'><strong><em>:</em></strong></span> <span class='ocrx_word' id='word_1_957' title='bbox 2773 5207 3063 5266; x_wconf 86' lang='lat' dir='ltr'><strong>posuerunt</strong></span> <span class='ocrx_word' id='word_1_958' title='bbox 3099 5203 3282 5272; x_wconf 91' lang='lat' dir='ltr'><strong>utique</strong></span> <span class='ocrx_word' id='word_1_959' title='bbox 3310 5202 3361 5258; x_wconf 92' lang='lat' dir='ltr'><strong>id</strong></span> <span class='ocrx_word' id='word_1_960' title='bbox 3387 5205 3756 5270; x_wconf 81' lang='lat' dir='ltr'><strong>existimantes,</strong></span> 
     </span>
    </p>
   </div>
   <div class='ocr_carea' id='block_1_114' title="bbox 2192 5281 3756 5367">
    <p class='ocr_par' dir='ltr' id='par_1_114' title="bbox 2192 5281 3756 5367">
     <span class='ocr_line' id='line_1_114' title="bbox 2192 5281 3756 5367; baseline 0.01 -33"><span class='ocrx_word' id='word_1_961' title='bbox 2192 5281 2402 5353; x_wconf 88' lang='lat' dir='ltr'><strong>quando</strong></span> <span class='ocrx_word' id='word_1_962' title='bbox 2427 5284 2554 5356; x_wconf 90' lang='lat' dir='ltr'><strong>quid</strong></span> <span class='ocrx_word' id='word_1_963' title='bbox 2578 5286 2838 5344; x_wconf 86' lang='lat' dir='ltr'><strong>faciebant</strong></span> <span class='ocrx_word' id='word_1_964' title='bbox 2865 5290 3196 5357; x_wconf 86' lang='lat' dir='ltr'><strong>nesciebant,</strong></span> <span class='ocrx_word' id='word_1_965' title='bbox 3227 5303 3282 5349; x_wconf 93' lang='lat' dir='ltr'><strong>et</strong></span> <span class='ocrx_word' id='word_1_966' title='bbox 3311 5295 3619 5367; x_wconf 80' lang='lat' dir='ltr'><strong>ignorabant</strong></span> <span class='ocrx_word' id='word_1_967' title='bbox 3644 5306 3756 5351; x_wconf 83' lang='lat' dir='ltr'><strong>eum</strong></span> 
     </span>
    </p>
   </div>
   <div class='ocr_carea' id='block_1_115' title="bbox 2191 5381 3753 5462">
    <p class='ocr_par' dir='ltr' id='par_1_115' title="bbox 2191 5381 3753 5462">
     <span class='ocr_line' id='line_1_115' title="bbox 2191 5381 3753 5462; baseline 0.006 -30"><span class='ocrx_word' id='word_1_968' title='bbox 2191 5391 2347 5447; x_wconf 88' lang='lat' dir='ltr'><strong>quem</strong></span> <span class='ocrx_word' id='word_1_969' title='bbox 2370 5393 2528 5434; x_wconf 88' lang='lat' dir='ltr'><strong>nemo</strong></span> <span class='ocrx_word' id='word_1_970' title='bbox 2548 5381 2844 5454; x_wconf 89' lang='lat' dir='ltr'><strong>principum</strong></span> <span class='ocrx_word' id='word_1_971' title='bbox 2882 5384 3039 5456; x_wconf 90' lang='lat' dir='ltr'><strong>hujus</strong></span> <span class='ocrx_word' id='word_1_972' title='bbox 3064 5387 3246 5443; x_wconf 63' lang='lat' dir='ltr'><strong>saeculi</strong></span> <span class='ocrx_word' id='word_1_973' title='bbox 3271 5391 3517 5462; x_wconf 80' lang='lat' dir='ltr'><strong>cognovit</strong></span> <span class='ocrx_word' id='word_1_974' title='bbox 3547 5388 3601 5462; x_wconf 93' lang='lat' dir='ltr'><strong>(l</strong></span> <span class='ocrx_word' id='word_1_975' title='bbox 3644 5388 3753 5444; x_wconf 79' lang='lat' dir='ltr'><strong>Cor.</strong></span> 
     </span>
    </p>
   </div>
   <div class='ocr_carea' id='block_1_116' title="bbox 2191 5467 3752 5549">
    <p class='ocr_par' dir='ltr' id='par_1_116' title="bbox 2191 5467 3752 5549">
     <span class='ocr_line' id='line_1_116' title="bbox 2191 5467 3752 5549; baseline 0.009 -27"><span class='ocrx_word' id='word_1_976' title='bbox 2191 5482 2249 5536; x_wconf 89' lang='grc' dir='ltr'><strong>ιι,</strong></span> <span class='ocrx_word' id='word_1_977' title='bbox 2275 5469 2351 5538; x_wconf 89' lang='lat'><strong>8).</strong></span> <span class='ocrx_word' id='word_1_978' title='bbox 2376 5467 2572 5526; x_wconf 87' lang='lat' dir='ltr'><strong>Umbra</strong></span> <span class='ocrx_word' id='word_1_979' title='bbox 2589 5472 2731 5528; x_wconf 91' lang='lat' dir='ltr'><strong>enim</strong></span> <span class='ocrx_word' id='word_1_980' title='bbox 2756 5477 2962 5544; x_wconf 90' lang='lat' dir='ltr'><strong>mortis,</strong></span> <span class='ocrx_word' id='word_1_981' title='bbox 2987 5478 3168 5535; x_wconf 90' lang='lat' dir='ltr'><strong>nescio</strong></span> <span class='ocrx_word' id='word_1_982' title='bbox 3193 5489 3367 5538; x_wconf 87' lang='lat' dir='ltr'><strong>utrum</strong></span> <span class='ocrx_word' id='word_1_983' title='bbox 3407 5495 3551 5538; x_wconf 87' lang='lat' dir='ltr'><strong>mors</strong></span> <span class='ocrx_word' id='word_1_984' title='bbox 3574 5493 3752 5549; x_wconf 86' lang='lat' dir='ltr'><strong>corpo-</strong></span> 
     </span>
    </p>
   </div>
   <div class='ocr_carea' id='block_1_117' title="bbox 2189 5561 3751 5646">
    <p class='ocr_par' dir='ltr' id='par_1_117' title="bbox 2189 5561 3751 5646">
     <span class='ocr_line' id='line_1_117' title="bbox 2189 5561 3751 5646; baseline 0.004 -28"><span class='ocrx_word' id='word_1_985' title='bbox 2189 5562 2264 5618; x_wconf 89' lang='lat' dir='ltr'><strong>ris</strong></span> <span class='ocrx_word' id='word_1_986' title='bbox 2305 5561 2393 5618; x_wconf 89' lang='lat' dir='ltr'><strong>hic</strong></span> <span class='ocrx_word' id='word_1_987' title='bbox 2435 5563 2778 5636; x_wconf 84' lang='lat' dir='ltr'><strong>intelligenda</strong></span> <span class='ocrx_word' id='word_1_988' title='bbox 2815 5569 2886 5625; x_wconf 90' lang='lat' dir='ltr'><strong>sit</strong></span> <span class='ocrx_word' id='word_1_989' title='bbox 2917 5586 3021 5626; x_wconf 87' lang='lat' dir='ltr'><strong>:an</strong></span> <span class='ocrx_word' id='word_1_990' title='bbox 3051 5571 3141 5628; x_wconf 90' lang='lat' dir='ltr'><strong>illa</strong></span> <span class='ocrx_word' id='word_1_991' title='bbox 3175 5575 3352 5645; x_wconf 91' lang='lat' dir='ltr'><strong>potius</strong></span> <span class='ocrx_word' id='word_1_992' title='bbox 3395 5575 3461 5631; x_wconf 91' lang='lat' dir='ltr'><strong>de</strong></span> <span class='ocrx_word' id='word_1_993' title='bbox 3502 5588 3598 5646; x_wconf 90' lang='lat' dir='ltr'><strong>qua</strong></span> <span class='ocrx_word' id='word_1_994' title='bbox 3627 5567 3751 5627; x_wconf 82' lang='lat' dir='ltr'><strong>scri-</strong></span> 
     </span>
    </p>
   </div>
   <div class='ocr_carea' id='block_1_118' title="bbox 2189 5657 3744 5732">
    <p class='ocr_par' dir='ltr' id='par_1_118' title="bbox 2189 5657 3744 5732">
     <span class='ocr_line' id='line_1_118' title="bbox 2189 5657 3744 5732; baseline 0.008 -23"><span class='ocrx_word' id='word_1_995' title='bbox 2189 5661 2334 5724; x_wconf 83' lang='lat' dir='ltr'><strong>ptum</strong></span> <span class='ocrx_word' id='word_1_996' title='bbox 2380 5664 2497 5725; x_wconf 89' lang='lat' dir='ltr'><strong>est,</strong></span> <span class='ocrx_word' id='word_1_997' title='bbox 2529 5657 2632 5724; x_wconf 84' lang='lat' dir='ltr'><strong>Qui</strong></span> <span class='ocrx_word' id='word_1_998' title='bbox 2655 5660 2893 5719; x_wconf 88' lang='lat' dir='ltr'><strong>sedebant</strong></span> <span class='ocrx_word' id='word_1_999' title='bbox 2931 5664 2984 5722; x_wconf 86' lang='lat' dir='ltr'><strong>in</strong></span> <span class='ocrx_word' id='word_1_1000' title='bbox 3010 5665 3221 5725; x_wconf 80' lang='lat' dir='ltr'><strong>tenebris</strong></span> <span class='ocrx_word' id='word_1_1001' title='bbox 3249 5676 3294 5726; x_wconf 86' lang='lat' dir='ltr'><strong>et</strong></span> <span class='ocrx_word' id='word_1_1002' title='bbox 3337 5668 3509 5726; x_wconf 87' lang='lat' dir='ltr'><strong>umbra</strong></span> <span class='ocrx_word' id='word_1_1003' title='bbox 3551 5663 3744 5732; x_wconf 85' lang='lat' dir='ltr'><strong>mortis,</strong></span> 
     </span>
    </p>
   </div>
   <div class='ocr_carea' id='block_1_119' title="bbox 2255 5811 3758 5909">
    <p class='ocr_par' dir='ltr' id='par_1_119' title="bbox 2255 5826 3758 5909">
     <span class='ocr_line' id='line_1_119' title="bbox 2255 5826 3758 5909; baseline 0.003 -11"><span class='ocrx_word' id='word_1_1004' title='bbox 2255 5841 2326 5909; x_wconf 74' lang='grc' dir='ltr'>(ιι)</span> <span class='ocrx_word' id='word_1_1005' title='bbox 2351 5849 2495 5899; x_wconf 70' lang='lat' dir='ltr'><strong>Grtec.</strong></span> <span class='ocrx_word' id='word_1_1006' title='bbox 2523 5843 2746 5902; x_wconf 76' lang='lat' dir='ltr'><strong>katotato.</strong></span> <span class='ocrx_word' id='word_1_1007' title='bbox 3036 5897 3052 5907; x_wconf 78' lang='lat'><strong>,</strong></span> <span class='ocrx_word' id='word_1_1008' title='bbox 3071 5886 3090 5903; x_wconf 87' lang='grc'><strong>.-</strong></span> <span class='ocrx_word' id='word_1_1009' title='bbox 3324 5892 3333 5909; x_wconf 77' lang='grc'><strong>.</strong></span> <span class='ocrx_word' id='word_1_1010' title='bbox 3391 5895 3400 5908; x_wconf 87' lang='grc'><strong>.</strong></span> <span class='ocrx_word' id='word_1_1011' title='bbox 3728 5826 3758 5907; x_wconf 55' lang='lat' dir='ltr'><strong>gl</strong></span> 
     </span>
    </p>
   </div>
  </div>
