4132 6444
271 344 427 407 HIS

273 468 377 523 tu
400 467 511 519 orta
535 463 610 516 est
651 456 723 513 eis
747 454 910 529 (Isai.
943 468 996 511 ιι
1016 495 1031 522 ,
1050 451 1111 526 2)
1136 470 1150 521 ;
1180 452 1302 525 quia
1328 450 1595 509 credendo
1624 452 1678 506 in
1698 450 1875 506 lucem

270 566 334 616 et
390 556 445 611 in
490 552 672 615 vitam,
704 565 772 605 ex
813 546 1047 604 tenebris
1082 556 1138 603 et
1177 554 1351 602 morte
1378 543 1665 615 impietatis
1694 540 1875 597 educti

272 658 432 708 sunt.
460 644 639 701 Talem
670 656 799 714 ergo
845 640 923 697 illi
948 639 1037 711 qui
1063 637 1373 695 nesciebam
1401 635 1527 707 quid
1569 633 1873 700 faciebant,

275 738 565 796 Dominum
598 739 951 805 putaverunt,
979 738 1034 786 et
1070 729 1209 785 inter
1235 728 1365 784 tales
1400 725 1685 783 nesciendo
1717 739 1876 797 posu-

275 838 465 895 erunt,
493 824 738 898 qualibus
765 838 833 879 ne
859 824 959 878 hoc
985 829 1165 877 essent
1191 820 1306 891 ipse
1328 818 1598 875 subvenit.

352 922 414 975 7.
454 917 600 992 [uers.
636 914 716 987 8.]
746 913 814 969 In
842 929 922 968 me
956 912 1256 981 conﬁrmata
1304 919 1376 966 est
1416 909 1700 980 indignatio
1747 916 1875 974 tua;

274 1014 392 1077 vel,
442 1011 575 1067 sicut
616 1008 705 1063 alii
764 1006 976 1063 codices
1031 1004 1249 1071 habent,
1303 1002 1383 1057 ira
1434 1011 1520 1056 tua
1536 1018 1558 1067 ;
1608 1001 1693 1058 vel
1740 1001 1877 1057 sicut

278 1106 401 1173 alii,
433 1109 576 1177 furor
601 1111 735 1157 tuus.
776 1099 930 1170 Quod
955 1098 1096 1156 enim
1127 1111 1302 1169 graece
1340 1096 1570 1168 positum
1600 1104 1681 1152 est
1713 1104 1873 1167 θυμὸς,

277 1201 496 1257 diverse
556 1194 889 1268 interpretati
942 1201 1065 1249 sunt
1133 1190 1323 1249 nostri.
1386 1189 1519 1246 Nam
1577 1190 1666 1247 ubi
1717 1190 1876 1262 graeci

278 1295 495 1354 codices
546 1290 749 1347 habent
794 1294 943 1360 ὀργὴ,
994 1286 1065 1342 ibi
1102 1286 1235 1342 iram
1283 1284 1445 1340 latine
1480 1283 1660 1340 dicere
1700 1284 1877 1339 nullus

281 1386 402 1444 fere
440 1382 698 1440 dubitavit
746 1382 1047 1451 interpres;
1100 1377 1190 1433 ubi
1233 1386 1410 1433 autem
1450 1381 1591 1445 θυμὸς
1644 1376 1877 1447 positum

285 1491 392 1547 εει,
419 1478 655 1549 plerique
700 1490 806 1531 non
845 1478 1167 1544 putaverunt
1215 1469 1349 1525 iram
1390 1483 1511 1525 esse
1550 1467 1828 1523 dicendam
1856 1508 1873 1537 ,

285 1588 409 1631 cum
454 1569 634 1641 magni
664 1577 912 1623 auctores
955 1565 1133 1619 latina:
1181 1561 1499 1633 eloquentiae
1544 1560 1610 1615 de
1636 1559 1876 1630 philoso-

284 1668 507 1737 phorum
533 1674 831 1731 graecorum
867 1656 1016 1713 libris
1046 1656 1207 1711 etiam
1250 1653 1353 1709 hoc
1383 1653 1475 1708 ira:
1504 1654 1720 1708 nomine
1748 1668 1873 1708 ver-

284 1758 445 1813 terint
472 1756 523 1810 in
564 1753 788 1808 latinum
819 1768 832 1804 :
858 1764 1029 1821 neque
1065 1748 1133 1803 de
1159 1747 1258 1801 hac
1288 1761 1345 1801 re
1385 1745 1582 1800 diutius
1602 1745 1877 1816 disputan-

282 1850 410 1906 dum
433 1857 534 1912 est;
562 1847 645 1903 cui
696 1854 874 1901 tamen
914 1844 957 1899 si
985 1850 1039 1898 et
1070 1856 1167 1897 nos
1196 1840 1338 1896 aliud
1382 1856 1574 1894 numen
1622 1839 1877 1895 adhibere

277 1944 575 2009 debemus,
609 1939 939 1997 tolerabilius
982 1937 1396 2007 indignationem
1443 1935 1668 1990 dixerim
1713 1948 1873 2005 quam

276 2038 538 2095 furorem.
572 2035 746 2090 Furor
774 2034 969 2105 quippe
993 2074 1007 2097 ,
1039 2032 1176 2088 sicut
1215 2046 1274 2086 se
1300 2031 1519 2085 latinum
1573 2028 1733 2084 habet
1762 2028 1875 2083 elo-

275 2134 483 2203 quium,
507 2144 616 2185 non
656 2128 793 2183 solet
818 2141 936 2182 esse
963 2140 1235 2180 sanorum.
1272 2123 1406 2191 Quid
1428 2137 1555 2192 ergo
1580 2130 1681 2188 est,
1712 2120 1779 2174 In
1801 2137 1879 2175 me

274 2224 579 2292 conﬁrmata
601 2229 673 2275 est
694 2220 773 2273 ira
816 2227 941 2282 tua;
967 2217 1067 2272 nisi
1105 2213 1553 2287 quemadmodum
1604 2214 1680 2269 illi
1728 2222 1879 2284 puta-

268 2325 493 2383 verunt,
522 2315 611 2386 qui
635 2312 916 2369 Dominum
944 2310 1127 2383 gloriae
1157 2324 1263 2365 non
1293 2307 1680 2379 cognoverunt?
1711 2308 1865 2377 Apud

271 2426 373 2469 eos
406 2410 550 2466 enim
583 2408 663 2464 sic
685 2415 821 2473 erat,
852 2404 992 2478 quod
1023 2406 1099 2459 ira
1120 2404 1213 2460 Dei
1252 2420 1357 2458 non
1380 2403 1550 2459 solum
1580 2411 1871 2470 commota,

269 2521 467 2562 verum
487 2506 646 2561 etiam
670 2502 978 2558 confirmata
1007 2498 1163 2553 fuerit
1183 2513 1339 2568 super
1354 2514 1498 2565 eum,
1525 2512 1681 2567 quem
1700 2510 1869 2565 usque

271 2599 348 2655 ad
402 2607 625 2653 mortem
652 2639 668 2664 ,
696 2610 795 2650 nec
835 2593 1124 2664 quamlibet
1152 2600 1376 2647 mortem
1402 2633 1417 2657 ,
1449 2590 1542 2646 sed
1572 2605 1729 2661 quam
1762 2603 1872 2659 pra:

273 2693 489 2749 ceteris
508 2688 893 2748 exsecrabilius
914 2686 1210 2749 habebant,
1236 2685 1286 2740 id
1310 2694 1411 2750 est,
1445 2699 1611 2754 usque
1640 2682 1705 2736 ad
1734 2696 1875 2736 mor-

276 2796 390 2843 tem
410 2786 583 2843 crucis
608 2782 899 2854 perducere
944 2787 1248 2851 potuerunt.
1293 2777 1445 2834 Unde
1473 2777 1601 2832 dicit
1642 2778 1872 2847 Aposto-

277 2878 369 2934 lus
396 2895 409 2930 :
440 2874 669 2931 Christus
696 2890 787 2928 nos
829 2872 1039 2927 redemit
1091 2871 1152 2925 de
1191 2868 1457 2924 maledicto
1482 2866 1663 2938 Legis,
1709 2871 1875 2936 factus

279 2985 378 3043 pro
429 2968 569 3023 nobis
594 2964 1222 3033 maledictum;scriptum
1257 2971 1331 3015 est
1371 2962 1532 3024 enim,
1569 2957 1874 3013 Maledictus

279 3060 549 3130 omnisqui
578 3058 761 3129 pendet
780 3057 833 3110 in
863 3056 1000 3127 ligno
1031 3053 1225 3127 (Galat.
1256 3068 1332 3117 ιιι,
1363 3052 1475 3118 15).
1508 3050 1575 3105 Ει
1600 3050 1720 3105 ideo
1748 3064 1870 3105 cum

281 3152 402 3223 ejus
452 3150 809 3206 obedientiam
856 3161 1025 3218 usque
1072 3145 1138 3200 ad
1186 3152 1481 3200 extremam
1519 3140 1871 3196 humilitatem

286 3245 664 3305 commendare
692 3243 887 3308 vellet,
919 3239 1222 3295 Humiliavit
1240 3279 1254 3304 ,
1287 3237 1490 3308 inquit,
1511 3234 1835 3303 semetipsum
1854 3275 1869 3301 ,

286 3343 449 3415 factus
489 3336 724 3393 obediens
765 3349 921 3406 usque
948 3335 1017 3386 ad
1057 3339 1303 3385 mortem:
1330 3327 1469 3399 quod
1515 3341 1637 3381 cum
1685 3339 1871 3396 parum

286 3431 566 3497 videretur,
589 3428 805 3499 adjecit,
825 3435 1032 3481 mortem
1050 3433 1218 3478 autem
1235 3422 1395 3475 crucis
1414 3418 1673 3491 (Philipp.
1703 3432 1760 3481 ιι,
1789 3416 1867 3486 8).

287 3526 508 3596 Propter
557 3523 699 3588 hoc,
730 3528 985 3592 quantum
1030 3516 1159 3572 mihi
1201 3514 1431 3577 videtur,
1476 3511 1637 3566 etiam
1674 3510 1727 3564 in
1769 3509 1871 3565 isto

286 3619 484 3692 psalmo
512 3616 633 3672 talis
662 3627 846 3670 versus
891 3611 1130 3683 sequitur
1166 3627 1179 3664 :
1211 3607 1279 3663 Et
1306 3622 1477 3662 omnes
1515 3604 1870 3673 suspensiones

289 3721 429 3777 tuas;
456 3710 573 3777 vel,
601 3710 739 3765 sicut
766 3706 979 3778 quidam
1016 3712 1140 3760 sunt
1164 3699 1531 3771 interpretati,
1563 3714 1732 3753 omnes
1759 3698 1866 3768 ﬂu-

288 3813 394 3857 ctus
412 3811 522 3857 tuos
538 3818 557 3867 ;
584 3810 693 3867 aut,
717 3799 855 3854 sicut
877 3797 986 3864 alii,
1020 3812 1189 3851 omnes
1215 3794 1455 3849 elationes
1476 3800 1585 3846 tuas
1611 3806 1763 3862 super
1793 3805 1871 3844 me

287 3895 539 3950 induisti.
578 3893 845 3963 Scriptum
876 3899 957 3947 est
985 3898 1038 3945 et
1063 3890 1118 3944 in
1144 3888 1250 3944 alio
1276 3886 1501 3957 psalmo,
1535 3884 1722 3940 Omnes
1751 3899 1867 3938 sns-

288 3988 540 4060 pensiones
589 3996 724 4053 tute,
775 3994 821 4041 et
866 3986 1047 4055 ﬂuctus
1085 3983 1157 4037 tui
1192 3998 1344 4052 super
1388 3997 1468 4034 me
1508 3980 1722 4051 ingressi
1754 3987 1869 4033 sunt

286 4079 450 4151 (Psal.
486 4096 573 4135 xu
596 4119 612 4146 ,
643 4076 737 4151 8):
771 4078 891 4143 vel,
930 4078 1066 4133 sicut
1095 4074 1315 4147 quidam
1362 4072 1554 4129 melius
1584 4072 1867 4128 transtule-

285 4182 424 4240 runt,
450 4188 603 4244 super
630 4188 706 4226 me
735 4169 1071 4234 transierunt;
1098 4174 1283 4232 διῆλθον
1302 4165 1445 4222 enim
1467 4174 1549 4220 cst
1574 4165 1625 4219 in
1651 4179 1826 4237 grzeco
1844 4208 1861 4233 ,

285 4280 387 4322 non
416 4272 642 4328 ιὶσῆλθον.
670 4262 774 4320 Ubi
803 4277 931 4333 ergo
960 4269 1243 4330 utrumque
1279 4257 1509 4328 positum
1538 4265 1639 4323 est,
1672 4265 1726 4311 et
1750 4272 1865 4311 sus-

284 4358 537 4429 pensiones
560 4364 616 4412 et
639 4358 853 4427 ﬂuctus,
882 4368 988 4409 non
1018 4353 1090 4408 ibi
1120 4358 1403 4423 potuerunt
1435 4349 1557 4419 poni
1601 4362 1696 4418 pro
1742 4362 1863 4405 sus-

286 4450 626 4522 pensionibus
665 4447 876 4504 fluctus.
936 4446 1065 4514 Quae
1119 4443 1225 4498 duo
1277 4443 1357 4498 sic
1405 4440 1777 4512 exposuimus,
1809 4449 1866 4496 ut

282 4543 653 4613 suspensiones
681 4541 978 4597 diceremus
1016 4535 1461 4593 comminationes
1481 4576 1496 4599 ,
1524 4533 1717 4589 fluctus
1761 4549 1859 4588 au-

285 4644 385 4690 tem
421 4636 531 4706 jam
572 4635 715 4705 ipsas
762 4633 1037 4703 passiones
1076 4630 1156 4700 (a)
1186 4647 1199 4684 :
1230 4643 1350 4699 quae
1390 4636 1615 4697 utraque
1648 4626 1865 4682 veniunt

282 4728 558 4799 dejudicio
594 4727 707 4784 Dei.
736 4724 841 4783 Sed
870 4725 976 4781 illic
1018 4723 1219 4779 dictum
1246 4728 1362 4788 est,
1397 4719 1583 4774 Omnes
1603 4736 1757 4791 super
1784 4736 1863 4776 me

282 4825 613 4885 transierunt;
636 4822 722 4878 hic
748 4835 909 4886 vero,
943 4819 1129 4874 Omnes
1178 4832 1327 4888 super
1349 4831 1427 4869 me
1452 4813 1719 4869 induxisti.
1751 4813 1862 4869 Illic

280 4933 401 4988 ergo
449 4916 552 4971 etsi
602 4912 844 4985 quaadam
889 4909 1238 4974 acciderunt;
1278 4906 1455 4963 omnia
1501 4915 1675 4961 tamen
1723 4905 1861 4961 mala

279 5024 391 5081 quze
416 5009 523 5063 illis
551 5008 727 5063 verbis
752 5005 974 5075 intelligi
1004 5003 1173 5058 voluit
1197 5044 1212 5068 ,
1244 5017 1395 5073 super
1416 5016 1495 5055 me
1523 5000 1855 5068 transierunt,

278 5102 405 5157 dixit
432 5119 447 5155 :
481 5099 569 5155 hic
598 5113 725 5154 vero
744 5138 757 5164 ,
788 5114 940 5169 super
967 5112 1047 5150 me
1069 5094 1337 5149 induxisti.
1365 5094 1665 5148 Transeunt
1692 5093 1856 5161 enim,

277 5192 385 5249 sive
408 5207 528 5263 qua:
554 5207 662 5247 non
688 5190 982 5260 attingunt,
1011 5188 1149 5243 sicut
1168 5185 1575 5257 suspensiones;
1604 5185 1714 5240 sive
1740 5200 1857 5256 qua:

277 5288 564 5359 attingunt,
596 5284 734 5342 sicut
773 5284 981 5340 ﬂuctus.
1022 5280 1157 5338 Cum
1198 5288 1373 5337 autem
1394 5321 1408 5347 ,
1435 5278 1619 5333 Omnes
1642 5295 1856 5350 suspen-

276 5386 454 5449 siones,
477 5397 584 5438 non
612 5380 709 5447 ait,
732 5394 894 5451 super
914 5392 1001 5434 me
1024 5376 1369 5443 transierunt,
1394 5373 1487 5430 sed
1503 5390 1654 5445 super
1672 5390 1751 5428 me
1776 5373 1857 5428 in-

278 5476 496 5543 duxisti;
523 5475 699 5532 omnia
722 5487 843 5545 quae
871 5468 1248 5542 impendebant
1273 5466 1520 5523 evenisse
1545 5464 1804 5535 signiﬁcat
1830 5482 1843 5519 :

276 5568 648 5642 impendebant
670 5575 869 5632 autem,
898 5562 1151 5637 quamdiu
1177 5561 1231 5617 in
1251 5558 1529 5632 prophetia
1555 5558 1727 5612 futura
1754 5556 1851 5613 im-

274 5666 554 5735 minebant,
589 5664 771 5721 omnia
788 5676 906 5734 quae
921 5660 988 5717 de
1012 5660 1151 5716 illius
1167 5657 1413 5729 passione
1435 5653 1683 5725 prtedicta
1703 5659 1847 5707 sunt.

337 5764 385 5822 8.
432 5745 588 5839 [υεη.
619 5759 678 5829 9,
712 5755 823 5829 10.]
854 5755 1047 5829 Longe,
1074 5753 1264 5828 inquit,
1298 5750 1457 5825 fecisti
1483 5757 1624 5807 notos
1661 5763 1794 5806 meos
1821 5762 1856 5803 a

319 5880 387 5949 (a)
409 5888 579 5947 Supra,
607 5875 702 5928 col.
728 5872 835 5936 474,
861 5886 909 5922 n.
937 5873 1002 5923 lii.

1311 333 1709 394 ENARIlATIO
1746 332 1814 390 IN
1850 330 2179 391 PSALMUM
2217 332 2522 395 LXXXVII.

3427 351 3568 412 1114

1984 464 2082 504 me.
2106 448 2166 505 Si
2182 464 2275 505 eos
2294 466 2430 523 quos
2448 460 2670 511 noverat
2692 458 3053 529 acceperimus
3074 458 3276 517 dictum
3288 473 3408 520 esse
3423 475 3572 524 notos

1984 560 2140 609 meos,
2160 559 2347 601 omnes
2372 554 2531 603 erunt
2561 565 2573 601 :
2603 563 2726 604 nam
2752 566 2913 621 quem
2942 551 3030 608 ille
3052 566 3159 609 non
3186 557 3431 612 noverat?
3454 558 3564 616 Sed

1985 652 2079 693 eos
2104 636 2403 707 dicitnotos,
2427 641 2619 711 quibus
2635 651 2689 699 et
2707 644 2821 714 ipse
2841 652 2999 701 notus
3020 654 3153 715 erat,
3175 658 3430 720 quantum
3447 666 3571 709 eum

1987 738 2113 788 tunc
2124 745 2284 788 nosse
2301 740 2603 803 potuerunt;
2626 745 2771 792 certe
2791 738 2873 793 vel
2894 735 3151 795 hactenus
3168 741 3309 812 quod
3331 743 3575 802 sciebant

1982 839 2104 881 eum
2129 826 2486 891 innocentem,
2505 827 2713 883 etiamsi
2734 826 3004 885 hominem
3040 833 3407 889 tantummodo
3425 876 3440 902 ,
3466 849 3573 891 non

1936 972 1939 973 ν
1982 928 2037 975 ει
2061 919 2227 975 Deum
2260 921 2538 992 putabant.
2568 922 2820 991 Quamvis
2847 933 2901 979 et
2939 924 3110 981 bonos
3132 941 3266 997 quos
3293 927 3566 998 probaret,

1983 1023 2127 1070 notas
2147 1013 2324 1072 dicere
2363 1017 2620 1087 potuerit;
2659 1018 2795 1073 sicut
2829 1019 2996 1074 malos
3040 1034 3172 1091 quos
3216 1021 3565 1091 improbaret,

1983 1107 2225 1179 ignotos,
2276 1109 2465 1179 quibus
2505 1110 2557 1164 in
2586 1109 2689 1167 fine
2732 1110 2970 1167 dicturus
3009 1120 3124 1179 est,
3161 1111 3282 1167 Non
3325 1114 3441 1169 novi
3484 1129 3571 1169 vos

1988 1198 2197 1272 (Matth.
2226 1216 2317 1267 vn,
2351 1199 2463 1273 25).
2505 1202 2658 1269 Quod
2701 1217 2829 1258 vero
2875 1202 3131 1274 adjungit,
3163 1202 3454 1260 Posuerunt
3495 1221 3576 1261 me

1984 1292 2405 1348 abominationcm
2443 1294 2540 1348 sibi
2582 1310 2601 1348 :
2642 1304 2864 1365 possunt
2898 1304 2953 1351 ct
2994 1296 3068 1351 illi
3105 1296 3318 1367 quidem
3356 1296 3575 1369 intelligi

1982 1402 2117 1459 quos
2142 1397 2292 1443 notos
2314 1401 2440 1443 suos
2468 1386 2635 1456 dixit,
2660 1389 2779 1458 quia
2821 1397 2873 1444 et
2901 1389 2998 1458 ipsi
3021 1404 3189 1460 genus
3218 1389 3359 1445 illius
3389 1391 3576 1447 mortis

1985 1479 2304 1546 horrebant;
2335 1479 2428 1536 sed
2463 1480 2654 1536 melius
2699 1480 3012 1551 intelligitur
3054 1481 3120 1537 de
3151 1481 3235 1536 his
3281 1482 3348 1537 de
3384 1482 3576 1552 quibus

1984 1573 2094 1629 suis
2147 1573 2581 1643 persecutoribus
2642 1573 2886 1642 superius
2940 1573 3271 1643 loquebatur.
3334 1572 3577 1631 Traditus

1982 1684 2115 1733 sum,
2142 1667 2329 1735 inquit,
2358 1676 2403 1720 et
2434 1682 2535 1719 non
2566 1665 2871 1736 egrediebar.
2900 1663 3089 1721 Utrum
3121 1665 3241 1734 quia
3272 1663 3401 1721 foris
3422 1675 3575 1724 erant

1984 1759 2229 1830 discipuli
2253 1758 2388 1829 ejus,
2418 1757 2629 1828 quando
2659 1758 2773 1827 ipse
2803 1758 2943 1811 intus
2974 1756 3352 1826 judicabatur?
3380 1773 3445 1812 an
3474 1774 3572 1828 ι)οο

1985 1852 2108 1917 tius,
2136 1867 2235 1904 non
2266 1849 2575 1922 egrediebar,
2605 1848 2762 1903 altius
2791 1848 2988 1903 dictum
3015 1847 3269 1903 debemus
3310 1848 3571 1919 accipere,

1984 1941 2037 1997 id
2069 1951 2168 2005 est,
2194 1942 2245 1995 in
2277 1941 2619 1996 interioribus
2645 1940 2779 1995 meis
2807 1938 3056 2007 latebam,
3090 1954 3194 1994 non
3224 1940 3571 1997 ostendebam

1984 2036 2104 2105 quis
2133 2049 2329 2101 essem,
2383 2049 2485 2088 non
2535 2034 2873 2104 pr0palabar,
2901 2047 3004 2087 non
3057 2032 3470 2090 manifestabar?
3514 2042 3570 2091 et

1983 2127 2105 2182 ideo
2156 2127 2437 2197 sequitur:
2472 2125 2619 2181 Oculi
2668 2127 2765 2180 mei
2808 2126 3053 2195 inﬁrmati
3096 2137 3215 2181 sunt
3264 2128 3325 2181 ab
3372 2128 3566 2199 inopia.

1982 2221 2114 2277 Nam
2142 2236 2277 2292 quos
2306 2221 2419 2291 ejus
2445 2221 2628 2276 oculos
2658 2219 2975 2275 intellecturi
3005 2221 3227 2277 sumus?
3258 2221 3312 2277 Si
3342 2223 3572 2279 exterio-

1983 2315 2152 2371 resin
2192 2329 2353 2369 carne
2398 2315 2449 2368 in
2481 2328 2585 2384 qua
2635 2312 2931 2383 patiebatur
2973 2313 3208 2384 positos,
3254 2328 3359 2369 non
3395 2328 3488 2369 eos
3519 2314 3573 2374 in

1983 2411 2098 2482 ejus
2140 2411 2387 2481 passione
2426 2409 2646 2481 legimus
2676 2409 2971 2464 infirmatus
3012 2407 3079 2461 ab
3113 2406 3289 2479 inopia
3314 2448 3327 2472 ,
3358 2406 3411 2462 id
3454 2415 3570 2477 εει,

1984 2510 2235 2572 tanquam
2278 2500 2451 2568 fame,
2482 2508 2541 2555 ut
2581 2500 2810 2566 assolet,
2860 2498 3126 2569 languisse
3159 2516 3172 2552 :
3205 2506 3324 2568 post
3365 2512 3571 2557 cmnam

1980 2595 2179 2666 quippe
2200 2610 2349 2649 suam
2382 2593 2624 2657 traditus,
2656 2602 2709 2646 et
2729 2590 2915 2647 eodem
2959 2592 3046 2645 die
3079 2590 3361 2647 crucifixus
3386 2600 3485 2647 est.
3514 2590 3571 2649 Si

1981 2688 2262 2742 interiores
2285 2729 2299 2753 ,
2332 2684 2599 2755 quomodo
2628 2684 2879 2739 infirmati
2906 2692 3027 2738 sunt
3052 2683 3119 2738 ab
3142 2684 3338 2754 inopia,
3366 2699 3486 2739 cum
3517 2686 3571 2741 in

1979 2782 2058 2837 eis
2098 2789 2242 2835 esset
2282 2779 2368 2833 lux
2402 2777 2752 2833 indeliciens?
2793 2776 2899 2832 Sed
2946 2776 3195 2831 nimirum
3230 2776 3412 2832 oculos
3446 2790 3571 2833 suos

1979 2872 2110 2928 dixit
2137 2870 2379 2927 membra
2409 2886 2527 2940 quae
2556 2870 2608 2923 in
2634 2885 2730 2924 suo
2761 2884 2988 2939 corpore
3013 2869 3099 2924 cui
3120 2878 3277 2939 caput
3314 2878 3396 2925 est
3435 2870 3569 2941 ipse,

1978 2968 2206 3025 clariora
2232 2974 2285 3022 et
2312 2964 2661 3020 eminentiora
2696 2972 2749 3018 et
2776 2963 3039 3034 praecipua
3064 2962 3334 3033 diligebat.
3366 2964 3440 3020 De
3465 2979 3570 3036 quo

1978 3074 2201 3129 corpore
2232 3056 2519 3128 Apostolus
2541 3056 2792 3125 loquens,
2828 3063 2882 3110 et
2913 3054 2979 3110 de
3022 3063 3206 3121 nostrp
3247 3070 3472 3127 corpore
3499 3057 3570 3113 si-

1977 3151 2328 3209 militudinem
2360 3149 2619 3205 adhibens
2643 3190 2657 3212 ,
2690 3148 2802 3204 ait:
2835 3166 2853 3199 ι
2892 3147 2946 3203 Si
2993 3156 3159 3203 totum
3203 3164 3397 3219 corpus
3440 3165 3569 3206 ocu~

1976 3248 2079 3314 lus,
2105 3246 2193 3301 ubi
2220 3242 2474 3300 auditus?
2513 3244 2557 3298 si
2601 3249 2767 3296 totum
2797 3240 3006 3295 auditus
3026 3282 3041 3307 ,
3070 3240 3159 3296 ubi
3200 3239 3493 3296 odoratus?
3521 3242 3567 3299 si

1976 3338 2198 3395 fuissent
2239 3336 2417 3391 omnia
2456 3349 2619 3390 unum
2666 3333 2999 3399 membrum,
3030 3332 3117 3387 ubi
3161 3333 3393 3402 corpus?
3418 3332 3569 3391 Nunc

1976 3441 2155 3488 autem
2187 3428 2350 3484 multa
2381 3426 2620 3482 membra
2641 3467 2655 3493 ,
2680 3440 2840 3479 unum
2876 3431 3056 3479 autem
3095 3438 3308 3495 corpus.
3337 3425 3450 3481 Non
3478 3441 3568 3497 ροι-

1977 3532 2079 3580 ιεει
2107 3523 2285 3578 dicere
2306 3520 2492 3576 oculus
2523 3516 2787 3585 manibus,
2812 3516 2957 3588 Opus
2977 3517 3129 3572 vobis
3150 3533 3255 3573 non
3278 3518 3467 3575 habeo.
3499 3519 3568 3577 Et

1974 3618 2018 3672 si
2059 3615 2252 3671 dixerit
2272 3626 2491 3677 manus,
2518 3610 2653 3679 Quia
2686 3625 2793 3665 non
2833 3623 2949 3666 sum
2977 3608 3179 3676 oculus,
3211 3624 3317 3665 non
3356 3623 3475 3666 sum
3501 3610 3567 3668 de

1973 3726 2231 3783 corpore;
2264 3724 2389 3765 num
2416 3708 2536 3764 ideo
2562 3723 2667 3761 non
2694 3716 2777 3762 est
2798 3704 2865 3760 de
2889 3704 3151 3775 corpore?
3182 3723 3200 3758 ι
3225 3705 3360 3774 Quid
3387 3714 3566 3763 autem

1974 3806 2057 3861 his
2083 3804 2259 3861 Verbis
2290 3802 2454 3858 vellet
2482 3799 2725 3870 intelligi,
2749 3797 3045 3854 evidentius
3067 3797 3329 3867 expressit
3357 3797 3561 3867 dicens,

1981 3898 2082 3953 Vos
2101 3907 2271 3952 autem
2295 3896 2412 3951 estis
2440 3909 2623 3964 corpus
2671 3890 2857 3945 Christi
2894 3899 2943 3944 et
2972 3888 3194 3943 membra
3235 3888 3279 3959 (I
3304 3888 3421 3944 Cor.
3458 3906 3561 3959 xtl,

1974 3992 2181 4061 12-27).
2213 3990 2545 4058 Quapropter
2585 3992 2639 4040 et
2680 3983 2755 4037 illi
2794 3981 2964 4049 oculi,
2995 3980 3047 4036 id
3087 3989 3170 4036 est
3208 3982 3378 4037 sancti
3412 3982 3562 4054 Apo.

1971 4090 2115 4156 stoli,
2141 4086 2332 4158 quibus
2384 4098 2491 4139 non
2540 4079 2864 4135 revelaverat
2915 4090 3040 4131 caro
3092 4085 3147 4132 et
3197 4077 3434 4146 sanguis,
3467 4076 3563 4134 sed

1973 4183 2130 4238 Pater
2154 4179 2268 4249 ejus
2288 4178 2376 4248 qui
2424 4176 2477 4230 in
2508 4173 2658 4229 C(BIiS
2683 4178 2784 4236 est,
2817 4178 2875 4224 ut
2916 4168 3107 4224 Petrus
3143 4168 3374 4234 diceret,
3406 4168 3485 4225 Tu
3512 4186 3563 4226 es

1972 4274 2202 4331 Christus
2243 4269 2412 4325 Filius
2436 4268 2530 4322 Dei
2555 4267 2650 4321 vivi
2680 4264 2896 4335 (Matth.
2925 4279 3035 4330 xvr,
3070 4262 3159 4331 16,
3188 4262 3297 4335 17),
3322 4263 3562 4323 videntes

1972 4384 2093 4424 eum
2122 4364 2275 4430 tradi,
2299 4378 2361 4419 ac
2390 4368 2529 4417 tanta
2552 4358 2758 4430 perpeti
2784 4355 2958 4421 mala;
3001 4354 3250 4427 quoniam
3292 4371 3397 4413 non
3439 4372 3561 4413 eum

1972 4461 2224 4518 videbant
2251 4457 2461 4530 qualem
2491 4453 2765 4518 volebant,
2793 4450 2917 4521 quia
2953 4463 3059 4503 non
3089 4447 3481 4519 egrediebatur,
3509 4448 3562 4506 id

1970 4564 2080 4621 est,
2122 4569 2229 4613 non
2276 4547 2713 4605 manifestabatur
2754 4544 2807 4598 in
2837 4542 3032 4598 virtute
3070 4549 3122 4597 et
3169 4541 3403 4611 potentia
3442 4555 3559 4611 sua,

1970 4648 2065 4705 sed
2092 4648 2144 4702 in
2172 4645 2283 4701 suis
2310 4641 2651 4699 interioribus
2679 4636 2917 4693 occultus
2938 4636 2979 4703 ί,
3008 4634 3185 4689 omnia
3210 4634 3361 4705 quasi
3404 4648 3563 4704 supe-

1968 4754 2114 4801 ratus
2144 4751 2303 4813 atque
2333 4740 2598 4809 impotens
2624 4731 2943 4807 perferebat,
2972 4729 3217 4802 inﬁrmati
3242 4739 3358 4784 sunt
3395 4727 3456 4783 ab
3490 4728 3562 4783 in-

1968 4839 2105 4908 apia,
2136 4835 2280 4891 velut
2299 4832 2569 4888 subtracto
2589 4828 2687 4884 sibi
2708 4827 2827 4882 cibo
2851 4839 2969 4891 suo,
2998 4822 3197 4880 lumine
3226 4836 3343 4877 suo.

2040 4931 2093 4987 9.
2135 4928 2203 4983 Et
2231 4925 2465 4989 clamavi,
2501 4921 2689 4994 inquit,
2718 4921 2787 4975 ad
2811 4928 2857 4974 te
2878 4960 2893 4985 ,
2918 4916 3157 4971 Domine.
3200 4914 3311 4969 Hoc
3344 4910 3559 4984 quidem

1966 5032 2018 5080 et
2040 5021 2373 5094 apertissime
2417 5016 2560 5083 fecit,
2588 5028 2708 5071 cum
2735 5010 2992 5083 penderet
3018 5008 3069 5061 in
3096 5006 3257 5076 ligno.
3281 5003 3385 5060 Sed
3414 5002 3558 5075 quod

1965 5118 2228 5191 sequitur,
2260 5112 2387 5168 Tota
2426 5111 2508 5164 die
2542 5106 2761 5179 expandi
2786 5106 2807 5136 '
2834 5116 3013 5157 manus
3044 5114 3182 5154 meas
3214 5096 3283 5151 ad
3306 5105 3380 5165 te,
3420 5111 3552 5168 quo-

1966 5188 2124 5269 modo
2146 5214 2390 5280 oporteat
2414 5201 2613 5272 accipi,
2641 5198 2832 5254 merito
2852 5194 3125 5266 quaeritur.
3158 5191 3213 5248 Si
3241 5190 3385 5247 enim
3413 5188 3466 5246 in
3488 5205 3556 5248 eo

1964 5304 2107 5379 quod
2134 5302 2225 5367 ait,
2257 5296 2499 5370 Expandi
2548 5307 2727 5347 manus
2770 5304 2927 5353 meas,
2957 5285 3132 5342 crucis
3158 5283 3448 5356 patibulum
3476 5283 3557 5339 in-

1966 5376 2359 5457 tellexerimus;
2389 5383 2657 5461 quomodo
2683 5379 3002 5437 intellecturi
3026 5393 3229 5446 sumus,
3264 5376 3390 5432 Tota
3430 5376 3557 5432 die?

1963 5486 2227 5560 Numquid
2260 5491 2364 5540 tota
2408 5481 2495 5537 die
2546 5475 2799 5549 pependit
2837 5474 2890 5529 in
2915 5472 3078 5544 ligno,
3103 5484 3224 5526 cum
3272 5477 3327 5525 et
3352 5484 3455 5524 nox
3485 5466 3553 5523 ad

1964 5556 2135 5641 totum
2157 5581 2295 5635 diem
2322 5571 2622 5648 pertineat?
2648 5569 2705 5625 Si
2731 5577 2905 5623 autem
2937 5564 3037 5620 hoc
3068 5563 3187 5618 loco
3207 5560 3347 5614 diem
3389 5556 3555 5615 voluit

1962 5675 2204 5747 intelligi,
2254 5646 2343 5742 qui
2393 5674 2589 5738 praeter
2645 5669 2855 5719 noctem
2904 5658 3020 5713 dies
3067 5650 3321 5725 appellari
3376 5646 3546 5719 solet;

2027 5794 2042 5824 ι
2079 5791 2150 5839 sic
2174 5784 2405 5835 meliores
2426 5789 2533 5831 Mss.
2560 5776 2671 5826 Edd.
2693 5787 2827 5834 vero,
2843 5766 3056 5839 occultis.
3098 5832 3108 5839 Δ
3191 5822 3221 5839 μ

2028 5857 2049 5888 ς
2079 5822 2543 5913 manassias
2563 5822 2859 5905 annum
2882 5833 3003 5897 ιορο,
3026 5822 3241 5885 me.

3565 5792 3583 5849 1
