4132 6466
684 302 819 373 Hi5

673 429 839 487 etiam
872 428 994 487 talis
1016 428 1152 498 diei,
1177 428 1391 501 quando
1409 428 1694 486 crucifixus
1716 437 1833 498 est,
1856 430 1968 502 jam
1994 442 2117 501 pars
2145 424 2255 496 pri-

674 537 763 579 ma
789 531 847 580 et
864 538 969 580 non
996 539 1159 595 parva
1188 524 1492 580 transierat.
1523 523 1580 580 Si
1605 531 1781 580 autem
1812 524 1955 581 diem
1984 540 2083 596 pro
2116 533 2255 581 tem-

672 630 803 687 pore
822 617 1060 687 positum
1080 618 1303 672 velimus
1323 619 1569 688 accipere
1597 617 1850 692 (maxime
1874 622 1996 692 quia
2023 620 2126 676 hoc
2151 636 2252 677 no-

672 724 795 765 men
844 726 1039 781 genere
1061 710 1311 766 feminino
1337 713 1544 782 posuit,
1572 714 1714 785 quod
1745 714 1798 768 in
1841 714 2004 770 latino
2040 715 2252 784 eloquio

670 800 885 857 nonnisi
914 810 1123 872 tempus
1151 802 1452 873 significare
1477 804 1613 860 solet
1642 822 1659 862 ι
1696 807 1944 877 quamvis
1979 808 2030 862 in
2074 822 2251 878 graeco

667 907 773 947 non
803 894 873 948 ita
897 893 999 958 sit;
1028 907 1242 965 semper
1263 896 1458 966 quippe
1487 895 1543 952 in
1565 911 1627 953 ea
1650 896 1826 968 lingua
1848 897 1962 955 dies
1994 898 2249 956 feminino

663 1000 862 1056 genere
886 984 1100 1051 dicitur,
1124 995 1179 1045 et
1200 986 1320 1043 ideo
1346 998 1556 1045 nostros
1594 991 1673 1047 sic
1700 992 2039 1061 interpretari
2075 992 2244 1063 puto),

660 1077 860 1133 arctius
912 1078 1136 1149 quaestio
1187 1079 1539 1150 colligabitur.
1586 1081 1865 1150 Quomodo
1922 1084 2061 1140 enim
2134 1093 2247 1142 toto

595 1171 611 1243 ξ
661 1176 930 1239 tempore,
958 1171 1003 1226 si
1026 1186 1125 1228 nec
1148 1171 1335 1229 saltem
1370 1188 1477 1229 uno
1505 1182 1619 1230 toto
1653 1175 1738 1233 die
1781 1192 1971 1235 manus
2006 1180 2247 1238 extendit

594 1249 599 1258 ’
660 1261 714 1317 in
734 1263 935 1319 cruce?
960 1264 1127 1322 Porro
1149 1266 1194 1321 si
1217 1274 1389 1325 totum
1429 1282 1526 1337 pro
1554 1278 1702 1339 parte
1734 1271 2103 1341 acoipieudum
2124 1289 2245 1333 esse

657 1356 929 1425 dicamus,
958 1360 1078 1430 quia
1101 1360 1202 1415 isto
1239 1376 1436 1432 genere
1464 1361 1744 1420 locutionis
1774 1366 1852 1422 uti
1874 1367 2037 1423 etiam
2060 1378 2239 1425 sancta

660 1447 929 1521 Scriptura
970 1455 1280 1520 consuevit;
1319 1470 1426 1511 non
1461 1457 1595 1512 mihi
1635 1460 1868 1515 occurrit
1898 1462 2236 1532 exemnlum,

658 1552 824 1599 totum
862 1560 958 1615 pro
1002 1556 1153 1616 parte
1190 1549 1352 1603 etiam
1398 1557 1525 1606 tunc
1570 1566 1727 1620 posse
1768 1553 1973 1625 accipi,
2026 1557 2238 1625 quando

655 1639 827 1707 ipsum
849 1639 1066 1694 verbum
1092 1640 1303 1696 additur
1332 1650 1386 1697 et
1408 1643 1601 1700 dicitur
1626 1653 1815 1701 totum.
1846 1647 1979 1703 Nam
2005 1658 2059 1705 et
2091 1652 2145 1707 in
2170 1667 2238 1709 eo

652 1728 790 1799 quod
833 1729 966 1785 dixit
1010 1731 1265 1788 Dominus
1301 1734 1355 1787 in
1386 1734 1706 1806 Evangelio,
1746 1738 1838 1794 Sic
1861 1741 1955 1795 erit
1994 1752 2039 1796 cl
2069 1741 2237 1801 Filius

651 1824 869 1878 hominis
901 1825 954 1879 in
994 1827 1143 1881 corde
1173 1835 1319 1899 temp
1346 1828 1503 1884 tribus
1537 1830 1710 1887 diebus
1736 1841 1781 1886 et
1813 1833 1969 1889 tribus
2007 1838 2233 1895 noctibus

652 1910 865 1987 (Matth.
891 1934 984 1985 xu,
1019 1918 1105 1990 40)
1128 1937 1142 1985 ;
1164 1920 1282 1976 ideo
1306 1928 1476 1977 totum
1502 1938 1600 1993 pro
1634 1933 1785 1995 parte
1805 1942 1913 1982 non
1944 1928 2233 1987 insolenter

647 2009 922 2080 accipitur,
966 2010 1086 2082 quia
1131 2027 1236 2066 non
1278 2015 1373 2083 ait,
1406 2014 1556 2071 Totis
1582 2016 1749 2073 tribus
1793 2017 1983 2076 diebus
2012 2030 2067 2077 et
2105 2024 2229 2081 totis

648 2104 815 2160 tribus
839 2106 1081 2161 noctibus
1112 2124 1124 2160 :
1156 2122 1289 2163 unus
1326 2111 1525 2180 quippe
1559 2111 1767 2169 medius
1794 2113 1889 2169 fuit
1917 2124 2058 2173 totus
2089 2117 2223 2184 dies,

643 2195 867 2251 duorum
912 2208 1088 2254 autem
1134 2208 1342 2270 partes;
1381 2203 1539 2271 primi
1580 2205 1800 2274 ultima,
1825 2207 1993 2262 ultimi
2030 2209 2222 2279 prima.

643 2286 699 2341 Si
730 2297 904 2344 autem
935 2305 1040 2346 non
1074 2305 1288 2347 crucem
1315 2307 1468 2349 suam
1498 2295 1549 2348 in
1596 2296 1696 2351 bac
1722 2297 1995 2367 prophetia
2026 2299 2224 2357 Psalmi

641 2378 959 2450 significavit
985 2382 1069 2438 his
1094 2384 1275 2439 verbis
1294 2426 1309 2451 ,
1340 2385 1437 2441 sed
1461 2387 1756 2443 orationem
1777 2431 1790 2454 ,
1819 2405 1977 2460 quam
2004 2406 2125 2447 eum
2154 2410 2223 2449 ex

642 2472 814 2529 forma
841 2475 981 2530 servi
1012 2474 1213 2533 fudisse
1240 2478 1350 2535 Deo
1378 2478 1541 2547 Patri,
1559 2481 1845 2553 Evangelia
1864 2493 2016 2551 teste,
2034 2486 2221 2544 didici-

642 2583 783 2635 mus,
798 2568 884 2624 ubi
900 2584 1025 2624 eum
1054 2580 1107 2625 et
1133 2571 1286 2641 longe
1302 2581 1424 2628 ante
1442 2574 1766 2643 passionem,
1792 2584 1847 2631 et
1863 2577 1962 2633 sub
1982 2578 2067 2634 die
2094 2595 2219 2650 pas-

634 2662 801 2717 sionis
819 2704 834 2730 ,
860 2671 914 2718 et
942 2663 993 2719 in
1015 2665 1126 2733 ipsa
1153 2679 1309 2721 cruce
1336 2681 1520 2724 orasse
1550 2669 1925 2738 meminimus;
1959 2688 2217 2745 nusquam

633 2751 736 2809 hoc
755 2770 875 2809 eum
904 2764 1015 2810 toto
1039 2755 1125 2811 die
1144 2756 1336 2815 fecisse
1355 2760 1600 2831 legimus.
1633 2763 1863 2821 Proinde
1891 2770 2217 2825 convenien-

632 2852 714 2900 ter
735 2860 833 2916 per
867 2854 1110 2902 extentas
1148 2863 1337 2904 manus
1380 2858 1485 2905 tota
1522 2852 1608 2908 die
1634 2856 2085 2914 continuationem
2111 2860 2215 2915 bo-

631 2951 821 2993 norum
848 2953 1067 3008 operum
1098 2940 1395 3017 intelligere
1420 2957 1704 3012 possumus
1722 2987 1737 3015 ,
1770 2961 1800 3002 a
1821 2964 2045 3019 quorum
2079 2969 2214 3009 nun-

630 3045 787 3100 quam
819 3031 1112 3088 intentione
1136 3036 1382 3090 cessavit.

697 3124 784 3180 10.
818 3122 967 3197 [υενδ.
993 3124 1106 3198 ll.]
1133 3126 1238 3182 Sed
1259 3128 1383 3198 quia
1401 3128 1531 3186 solis
1552 3130 1943 3201 praedestinatis
1961 3135 2027 3191 ad
2052 3146 2210 3193 aeter-

625 3232 746 3275 nam
792 3218 1037 3287 Salutem,
1090 3235 1194 3276 non
1243 3231 1420 3277 autem
1466 3224 1713 3280 omnibus
1750 3226 2083 3299 hominibus,
2111 3246 2210 3289 nec

624 3311 754 3381 ipsis
781 3312 917 3367 inter
945 3328 1080 3383 quos
1124 3313 1260 3370 facta
1302 3323 1461 3383 sunt,
1489 3316 1606 3385 ejus
1637 3319 1772 3373 bona
1818 3336 1979 3391 opera
2019 3322 2205 3392 profu-

623 3411 810 3467 erunt;
845 3402 965 3458 ideo
1007 3415 1396 3474 consequenter
1441 3407 1634 3478 adjecit
1662 3428 1676 3463 :
1706 3409 1971 3482 Numquid
1996 3417 2207 3472 mortuis

622 3495 779 3567 facies
805 3495 1055 3549 mirabilia
1073 3496 1099 3549 ?
1122 3496 1236 3553 Hoc
1263 3498 1402 3554 enim
1434 3500 1479 3553 si
1507 3500 1574 3555 de
1604 3500 1687 3555 his
1715 3502 1913 3558 dictum
1940 3508 2207 3575 putaveri-

622 3600 760 3653 mus,
794 3601 1018 3657 quorum
1040 3603 1166 3644 caro
1185 3590 1444 3646 exanimis
1471 3590 1607 3647 facta
1634 3602 1743 3658 est;
1776 3611 1964 3666 magna
1991 3597 2205 3654 mirabi-

621 3678 687 3734 lia
716 3682 849 3734 facta
878 3689 1002 3735 sunt
1024 3682 1276 3749 mortuis,
1306 3697 1424 3737 cum
1458 3683 1673 3755 quidam
1703 3701 1885 3741 eorum
1916 3688 2077 3743 etiam
2111 3705 2200 3746 res

619 3772 863 3827 vixerunt
889 3771 997 3844 (Id.
1023 3788 1188 3839 xxvn,
1218 3772 1310 3845 52)
1338 3782 1428 3831 :et
1451 3776 1592 3845 quod
1621 3777 1873 3834 Dominus
1909 3781 2204 3849 penetravit

1877 307 1939 369 s.
1979 297 2345 365 aucusrnu
2383 299 2686 377 EPISCOPl
3805 333 3911 415 ius

2363 420 2564 529 Spiritu
2585 430 2917 503 interpretati
2936 451 3057 496 esse
3081 442 3403 515 credantur;
3434 448 3505 505 de
3531 452 3681 511 vocis

2360 515 2485 624 dine
2505 560 2520 585 ,
2549 537 2654 592 qua
2678 526 2753 624 in
2782 527 2993 587 hebrtca
3033 534 3211 606 lingua
3252 539 3494 610 gigantes
3515 553 3572 599 et
3590 547 3777 611 medici

2358 613 2546 714 eodem
2569 618 2730 677 modo
2750 632 2963 692 sonant,
2985 635 3043 683 et
3066 629 3257 700 exigua
3282 630 3585 692 diﬁ‘erentia
3611 613 3905 714 distinguas;

2360 711 2463 773 tur,
2486 723 2595 766 non
2619 725 2803 772 errore
2826 755 2840 779 .
2868 716 2963 774 sed
2991 720 3167 788 potius
3195 725 3479 784 occasione
3497 769 3514 793 ,
3546 711 3802 800 quomodo
3825 739 3906 799 isto

2358 797 2474 892 loco
2503 804 2797 877 accipiendi
2821 822 3004 868 essent
3023 814 3283 886 gigantes,
3314 797 3616 891 signiﬁcare
3642 797 3903 892 voluerunt.

2355 888 2412 946 Si
2437 894 2578 950 enim
2600 899 2861 969 superbos
2886 903 3158 975 gigantum
3179 888 3396 967 nomine
3423 913 3719 975 insinuatas
3741 888 3903 981 intelli:

2351 997 2577 1081 gamus,
2619 989 2687 1046 de
2714 993 2908 1062 quibus
2950 996 3080 1057 dicit
3106 999 3394 1069 Apostolus
3417 1045 3431 1068 ,
3460 1004 3563 1062 Ubi
3591 1012 3818 1081 sapiens?
3837 1018 3904 1079 ubi

2350 1076 2557 1177 scribas
2606 1082 2693 1135 ubi
2738 1086 3043 1154 conquisitor
3093 1089 3248 1162 hujus
3294 1097 3465 1155 amuli
3493 1097 3543 1169 (ι
3566 1076 3682 1157 cui.
3725 1120 3759 1169 ι,
3794 1105 3902 1177 si)?

2349 1180 2456 1224 non
2477 1167 2575 1225 fuit
2598 1171 2946 1245 incongruum
2971 1180 3191 1245 eosdem
3218 1185 3455 1243 medicos
3473 1167 3786 1262 nuncupari,

2349 1267 2406 1323 ut
2442 1274 2539 1330 per
2566 1271 2735 1320 artem
2763 1268 3039 1337 sapientiai
3074 1287 3186 1331 sua:
3225 1278 3599 1346 promittentes
3637 1285 3897 1347 aniniarum

2345 1352 2618 1451 salutem:
2645 1370 2828 1417 contra
2852 1378 2986 1433 quos
3012 1366 3225 1436 dicitur,
3264 1368 3470 1428 Domini
3490 1386 3564 1430 est
3590 1378 3730 1435 salus
3750 1382 3894 1451 (Paul.

2344 1446 2539 1545 ιιιηθ).Δ
2564 1447 2621 1504 Si
2644 1460 2819 1545 autem
2853 1454 2905 1509 in
2937 1456 3077 1515 bono
3118 1463 3483 1531 acceperimus
3509 1446 3769 1538 gigantes;
3795 1475 3893 1545 Quia

2343 1545 2396 1591 et
2416 1537 2484 1593 de
2526 1540 2642 1610 ipso
2672 1544 2897 1603 Domino
2929 1548 3126 1613 dictum
3162 1563 3262 1617 est,
3286 1553 3579 1621 Exsultavit
3604 1570 3657 1614 ut
3698 1537 3893 1635 gigasad

2340 1633 2640 1727 currendum
2686 1636 2815 1691 uiam
2855 1638 3023 1711 (Psal.
3052 1658 3213 1707 mn,
3247 1644 3340 1717 6);
3378 1648 3523 1717 quod
3563 1651 3630 1706 ita
3675 1633 3889 1727 sit'gigas

2338 1720 2606 1791 gigantum
2630 1768 2645 1792 ,
2678 1744 2989 1799 magnorum
3032 1735 3241 1799 scilicet
3273 1746 3329 1793 et
3373 1720 3803 1813 fortissimorum:
3816 1720 3887 1819 {in

2339 1811 2391 1866 in
2421 1814 2536 1883 ejus
2562 1815 2803 1876 Ecclesia
2830 1822 3090 1891 spirituali
3118 1827 3311 1886 robore
3339 1833 3637 1900 excellunt;
3666 1811 3803 1894 sicuti

2338 1918 2490 1961 mons
2520 1908 2800 1976 montium,
2832 1913 2953 1983 quia
2978 1915 3047 1973 de
3072 1918 3164 1973 illo
3188 1922 3445 1994 scriptum
3467 1936 3553 1981 est
3570 1967 3583 1990 ,
3612 1926 3719 1983 Erit
3745 1930 3791 1987 in

2334 1994 2548 2052 cissimis
2573 2004 2878 2072 temporibus
2898 2009 3193 2079 manifestus
3220 2029 3362 2071 mons
3387 2014 3615 2083 Domini,
3638 2031 3827 2091 paratur
3843 2025 3882 2081 is

2331 2092 2589 2149 cacumine
2629 2097 2873 2152 montium
2908 2099 3057 2170 (1δαί.
3090 2118 3164 2171 tl,
3190 2103 3279 2174 2);
3327 2107 3469 2164 sicut
3506 2111 3663 2167 etiam
3705 2124 3883 2172 sanctus

2330 2190 2635 2277 sanctorum
2666 2204 2679 2239 :
2711 2202 2815 2244 non
2846 2198 2928 2245 est
2951 2191 3237 2259 absurdum
3271 2206 3327 2254 ut
3346 2199 3507 2256 iidem
3537 2203 3636 2274 ipsi
3662 2207 3821 2277 magni
3840 2216 3882 2266 et

2328 2270 2491 2330 fortes
2527 2277 2686 2333 etiam
2726 2281 2916 2343 medici
2965 2296 3240 2343 vocentur.
3282 2288 3435 2347 Unde
3480 2270 3610 2350 dicit
3644 2270 3880 2366 apostolus

2327 2364 2523 2423 Paulus
2551 2385 2566 2424 ε
2599 2369 2661 2425 Si
2701 2388 2797 2443 quo
2826 2376 2973 2430 modo
3007 2379 3239 2447 cumulari
3275 2391 3449 2453 potero
3490 2364 3693 2447 carnem
3726 2407 3875 2459 ouant,

2325 2468 2379 2533 ut
2425 2460 2589 2516 salvos
2626 2462 2812 2531 faciant
2844 2467 3039 2537 aliquos
3084 2487 3146 2526 ex
3168 2472 3273 2529 illis
3311 2472 3489 2547 (Rom.
3536 2494 3625 2543 x1,
3656 2481 3755 2553 id).
3793 2483 3876 2545 Sed

2325 2551 2482 2606 etiam
2510 2554 2643 2609 tales
2670 2556 2894 2623 medici,
2927 2563 3167 2631 quamvis
3190 2579 3293 2620 non
3323 2566 3391 2621 de
3417 2584 3519 2625 suo
3545 2551 3753 2639 cursui.
3777 2575 3873 2646 Qui:

2323 2657 2421 2698 nec
2442 2645 2627 2701 medici
2646 2650 2886 2718 corporis
2914 2662 3102 2708 curant
3130 2654 3196 2710 de
3241 2672 3370 2723 suo;
3399 2668 3578 2718 tamen
3596 2645 3873 2739 quantumu-

2321 2733 2409 2791 bet
2435 2752 2530 2807 per
2556 2738 2714 2797 ﬁdele
2739 2742 3089 2807 ministerium
3113 2747 3436 2817 opitulentur
3466 2733 3645 2823 saluti,
3672 2758 3871 2817 viventes

2319 2840 2507 2883 curare
2530 2840 2770 2899 possunt,
2802 2847 2907 2888 non
2936 2846 3177 2897 mortuos
3194 2842 3427 2901 excitare
3460 2863 3473 2898 :
3508 2846 3574 2901 de
3610 2848 3784 2918 quibus
3803 2848 3868 2904 di-

2318 2930 2460 2975 ctum
2495 2928 2611 2989 est,
2644 2922 2909 2997 Numquid
2952 2931 3161 2989 mortuis
3194 2932 3350 3002 facies
3399 2937 3688 2994 mirabilia?
3733 2939 3867 3007 Nimis

2316 3012 2456 3068 enim
2501 3016 2708 3072 occulta
2752 3018 2844 3075 Dei
2893 3021 3061 3092 gratia
3089 3032 3201 3093 est,
3234 3042 3335 3096 qua
3379 3027 3657 3091 hominum
3694 3042 3865 3087 mentes

2315 3104 2545 3174 quodam
2588 3108 2746 3165 modo
2789 3112 3138 3182 reviviscmit,
3166 3126 3221 3173 ut
3271 3121 3480 3189 possint
3522 3138 3552 3179 a
3582 3124 3864 3193 quibuslibet

2313 3199 2429 3268 ejus
2458 3201 2716 3263 ministris
2760 3218 3021 3276 praecepta
3047 3210 3289 3275 sanitatis
3328 3215 3535 3271 audire.
3569 3216 3726 3286 Quam
3768 3232 3862 3288 gra-

2313 3293 2438 3350 tiam
2469 3298 2807 3355 commendat
2844 3300 2897 3355 in
2925 3300 3215 3374 Evangelio
3250 3305 3453 3373 dicens,
3489 3328 3507 3362 (
3533 3309 3693 3365 Nemo
3718 3315 3861 3385 potest

2310 3386 2493 3442 venire
2514 3387 2579 3444 ad
2602 3404 2706 3456 me,
2731 3389 2832 3445 nisi
2855 3392 3009 3449 Pater
3028 3395 3117 3465 qui
3145 3396 3286 3452 misit
3314 3414 3420 3465 me,
3444 3401 3669 3461 traxerit
3690 3415 3801 3461 eum
3819 3414 3855 3459 ει

2308 3488 2361 3534 et
2384 3480 2542 3549 paulo
2572 3490 2691 3552 post
2715 3484 2949 3553 apertius
2971 3484 3071 3541 hoc
3101 3487 3270 3557 ipsum
3300 3500 3572 3558 repetens,
3593 3493 3678 3555 ait,
3710 3509 3725 3542 ‹
3752 3489 3859 3553 Ver:

2307 3568 2373 3624 ba
2400 3586 2515 3640 qua:
2546 3586 2643 3643 ego
2673 3572 2881 3629 locutus
2907 3589 3023 3630 sum
3051 3577 3197 3632 vobis
3219 3620 3233 3643 ,
3265 3581 3483 3649 spiritus
3518 3591 3571 3637 et
3599 3582 3696 3635 vita
3722 3589 3853 3642 sunt;

2306 3661 2401 3716 sed
2424 3673 2550 3719 sunt
2575 3665 2788 3735 quidam
2815 3682 2878 3725 ex
2919 3668 3067 3723 vobis
3094 3670 3182 3739 qui
3220 3687 3325 3726 non
3357 3673 3601 3729 credunt.
3637 3693 3654 3726 ι
3685 3670 3855 3729 Deinde

2305 3754 2596 3824 interponit
2625 3757 2981 3829 Evangelista,
3013 3779 3032 3813 ι
3059 3761 3270 3818 Sciebat
3297 3766 3436 3820 enim
3459 3766 3531 3821 ab
3560 3766 3701 3831 initio
3726 3764 3853 3821 Jesus

4030 1674 4037 1785 Ξ

4030 1802 4037 1879 4

4028 1884 4037 2225 ἶ

4026 2562 4035 2625 l

2304 3848 2393 3917 qui
2443 3859 2625 3904 essent
2671 3852 2950 3919 credentes
2996 3854 3036 3922 ί,
3069 3864 3122 3911 et
3164 3857 3280 3927 quis
3328 3860 3615 3925 traditurus
3655 3874 3762 3915 eum
3782 3871 3851 3912 es-

2303 3950 2385 3997 set
2415 3959 2427 3994 :
2470 3960 2488 3993 ι
2522 3950 2805 4005 etsecntus
2834 3956 2992 4023 atque
3036 3949 3198 4018 ipsius
3224 3950 3433 4007 Domini
3478 3956 3634 4010 verba
3658 3954 3848 4022 conjun-

2301 4047 2452 4102 gens,
2483 4034 2587 4100 ait,
2634 4053 2653 4088 t
2692 4034 2758 4090 Et
2786 4035 3027 4106 dicebat,
3060 4041 3348 4113 Pr0pterea
3392 4046 3503 4102 dixi
3533 4046 3677 4102 vobis
3698 4087 3711 4112 ,
3749 4043 3850 4115 quia

2301 4142 2458 4183 nemo
2490 4136 2663 4198 potest
2684 4130 2869 4186 venire
2893 4131 2959 4187 ad
2991 4149 3095 4199 me,
3123 4135 3222 4191 nisi
3257 4135 3416 4193 fuerit
3443 4139 3493 4199 ei
3524 4140 3695 4203 datum
3720 4154 3745 4191 a
3770 4137 3848 4191 Pa-

2300 4228 2380 4276 tre
2400 4236 2519 4277 meo
2554 4241 2573 4274 ›
2609 4221 2784 4294 (Joan.
2829 4241 2901 4292 vr,
2932 4227 3023 4293 44,
3054 4228 3143 4293 64,
3178 4230 3265 4297 65,
3296 4232 3407 4302 66).
3440 4234 3609 4305 Supra
3651 4234 3845 4295 dixerat,

617 3864 840 3928 inferna.
873 3873 1032 3936 atque
1069 3864 1193 3921 inde
1213 3866 1400 3923 mortis
1443 3868 1612 3924 victor
1640 3870 1877 3926 ascendit
1899 3910 1916 3938 ,
1952 3887 2199 3941 magnum

615 3959 836 4014 mortuis
852 3958 1164 4014 miraculum
1186 3958 1378 4015 factum
1404 3969 1504 4016 est.
1524 3961 1787 4033 Signiﬁcat
1810 3978 1937 4035 ergo
1954 3964 2056 4020 isto
2075 3980 2198 4021 ver-

615 4050 681 4103 bo
708 4065 814 4120 quo
839 4051 931 4116 ait,
956 4049 1222 4121 Numquid
1248 4054 1461 4107 mortuis
1483 4054 1636 4124 facies
1658 4054 1929 4121 mirabilia,
1952 4055 2198 4127 homines

614 4140 776 4195 corde
803 4142 872 4195 ita
899 4152 1159 4207 mortuos,
1194 4152 1251 4198 ut
1278 4158 1373 4200 eos
1400 4144 1466 4200 ad
1493 4146 1653 4203 vitam
1679 4145 1801 4202 fidei
1831 4156 1974 4204 tanta
1997 4148 2197 4206 Christi

617 4232 878 4288 mirabilia
910 4249 1017 4290 non
1046 4244 1342 4291 moverent.
1373 4236 1555 4307 Neque
1574 4238 1731 4294 enim
1760 4249 2037 4311 propterea
2062 4242 2198 4299 dixit

613 4340 719 4380 non
742 4326 820 4381 eis
850 4326 962 4381 tieri
989 4327 1273 4394 mirabilia,
1301 4330 1422 4400 quia
1460 4344 1567 4385 non
1607 4345 1672 4386 ea
1698 4331 1911 4396 vident;
1939 4332 2033 4389 sed
2070 4335 2194 4404 quia

612 4434 719 4473 non
749 4418 829 4474 eis
852 4428 1095 4490 prosunt.
1134 4419 1269 4475 Nam
1298 4422 1436 4478 sicut
1472 4420 1559 4478 hic
1586 4422 1679 4490 ait,
1712 4422 1839 4479 Tota
1863 4424 1946 4480 die
1974 4428 2195 4498 expendi

613 4529 792 4567 manus
826 4529 962 4567 meas
999 4514 1067 4568 ad
1102 4524 1181 4581 te;
1208 4515 1331 4585 quia
1371 4514 1547 4571 omnia
1575 4530 1735 4586 opera
1760 4531 1855 4598 sua
1886 4520 2094 4581 nonnisi
2124 4518 2192 4576 ad

612 4607 939 4662 voluntatem
964 4605 1160 4663 referat
1186 4606 1358 4663 Patris
1382 4651 1397 4673 ,
1418 4608 1712 4678 saepissime
1739 4618 2045 4667 contestans
2071 4610 2191 4668 ideo

609 4716 669 4757 se
690 4684 922 4768 venisse,
937 4708 995 4754 ut
1009 4700 1332 4756 voluntatem
1347 4699 1519 4756 Patris
1536 4700 1780 4771 impleret
1798 4700 2056 4773 (Joan.vt,
2074 4700 2186 4775 38):

612 4794 681 4847 ita
705 4835 719 4860 ,
752 4792 876 4863 quia
921 4792 1112 4847 eadem
1141 4805 1303 4861 opera
1331 4791 1491 4855 etiam
1523 4791 1750 4849 inﬁdelis
1774 4794 1997 4864 populus
2035 4794 2186 4863 vidit,

606 4887 742 4941 alius
783 4885 1043 4957 propheta
1070 4885 1226 4950 dicit,
1262 4883 1389 4940 Tota
1414 4885 1497 4940 die
1517 4887 1738 4955 expendi
1759 4904 1937 4942 manus
1959 4906 2095 4943 meas
2121 4890 2190 4943 ad

607 4980 853 5049 populum
883 4996 982 5033 non
1009 4978 1295 5033 credentem
1339 4986 1385 5033 et
1409 4978 1827 5034 contradicenlem
1864 4979 2015 5051 (Isai.
2058 4998 2184 5048 va,

606 5070 683 5142 2).
714 5071 817 5141 Ipsi
837 5079 961 5126 sunt
980 5070 1194 5139 mortui,
1226 5069 1419 5141 quibus
1443 5086 1551 5126 non
1577 5079 1702 5125 sunt
1729 5070 1865 5127 facta
1894 5072 2184 5141 mirabilia;

606 5179 714 5219 non
751 5163 893 5234 quod
924 5179 986 5220 ea
1030 5180 1135 5220 non
1172 5164 1436 5232 viderunt,
1492 5163 1586 5219 sed
1633 5164 1775 5235 quod
1823 5179 1917 5235 per
1962 5181 2025 5223 ea
2078 5183 2187 5225 non

605 5258 928 5314 revixerunt.
960 5256 1109 5324 Quod
1130 5265 1308 5313 autem
1347 5256 1606 5328 sequitur,
1636 5256 1736 5311 Aut
1756 5256 1935 5311 medici
1961 5260 2185 5314 exsusci-

606 5351 798 5414 tabunt,
832 5358 878 5405 et
902 5347 1270 5419 conﬁtebuntur
1296 5350 1418 5405 tibi?
1444 5351 1499 5413 id
1524 5359 1638 5416 est,
1668 5350 1790 5421 quia
1819 5366 1925 5406 non
1953 5366 1983 5406 a
2013 5352 2183 5410 medi-

603 5446 680 5500 cis
708 5442 1177 5499 exsuseitabuntur
1212 5443 1483 5511 homines,
1511 5453 1569 5500 ut
1602 5444 1955 5499 conﬁteantur
1980 5444 2095 5503 tibi.
2124 5443 2181 5501 In

602 5538 819 5595 hebran
842 5536 1055 5610 quidem
1084 5536 1235 5591 aliter
1272 5550 1331 5592 se
1357 5535 1553 5592 habere
1598 5535 1869 5604 ﬁrmatur;
1896 5552 2001 5592 non
2042 5536 2187 5594 enim

602 5632 791 5688 medici
818 5674 831 5687 .
884 5631 980 5687 sed
1021 5631 1257 5703 gigantes
1293 5644 1411 5685 esse
1439 5627 1824 5699 perhibentur:
1861 5643 2046 5685 verum
2088 5628 2186 5686 See.

602 5722 869 5798 ptuaginta
900 5735 1236 5795 interpretes,
1262 5737 1486 5794 quorum
1516 5722 1802 5778 auctoritas
1832 5730 1975 5777 tanta
1999 5730 2103 5791 est,
2126 5729 2185 5777 ut

599 5836 707 5903 non
734 5817 998 5899 immerito
1025 5826 1239 5913 propter
1261 5816 1556 5877 mirabilem
1576 5816 1977 5885 consonantiam
2000 5814 2180 5887 divino

2300 4310 2406 4367 Sed
2432 4322 2549 4367 sunt
2574 4314 2778 4385 quidam
2806 4333 2871 4376 ea;
2889 4318 3025 4375 vobis
3047 4321 3132 4390 qui
3156 4338 3255 4376 non
3278 4324 3524 4392 credunt;
3553 4334 3604 4383 et
3630 4334 3844 4392 tanquam

2298 4403 2453 4475 hujus
2479 4405 2555 4461 rei
2605 4422 2817 4463 causam
2862 4426 3176 4480 exponens,
3214 4414 3489 4484 Propterea
3514 4418 3647 4481 dixi,
3671 4412 3841 4483 inquit.

2296 4496 2451 4562 vobis,
2477 4498 2597 4569 quia
2626 4515 2770 4553 nemo
2799 4511 2959 4569 potest
2985 4503 3149 4558 venire
3173 4504 3243 4565 ad
3271 4522 3349 4560 me
3367 4549 3381 4572 ,
3420 4508 3516 4560 nisi
3541 4506 3683 4579 fuerit
3710 4503 3750 4557 ei
3769 4500 3841 4553 da-

2296 4601 2401 4645 tum
2442 4608 2475 4653 a
2502 4590 2657 4647 Patre
2684 4610 2792 4648 meo
2816 4609 2833 4647 :
2861 4603 2918 4649 ut
2959 4595 3265 4653 ostenderet
3304 4598 3463 4655 etiam
3510 4600 3669 4670 ipsam
3712 4593 3841 4649 ﬁdem

2294 4699 2395 4756 qua
2435 4685 2622 4751 credit,
2650 4695 2705 4742 et
2732 4702 2798 4741 ex
2832 4696 3002 4745 morte
3034 4689 3113 4744 sui
3163 4689 3340 4749 cordis
3378 4692 3557 4749 anima
3586 4684 3841 4753 reviviscit,

2293 4777 2407 4835 dari
2455 4778 2610 4834 nobis
2650 4795 2681 4845 a
2726 4779 2857 4837 Deo.
2902 4780 3301 4853 Quantumlibet
3344 4786 3515 4854 ergo'
3553 4781 3839 4839 excellentes

2297 4869 2439 4925 verbi
2487 4869 2893 4940 praedicatores,
2921 4880 2975 4928 et
3019 4874 3255 4928 veritatis
3300 4875 3457 4930 etiam
3488 4890 3582 4947 per
3622 4867 3837 4927 mit-acida

2293 4976 2559 5028 suasores,
2592 4972 2839 5033 tanquam
2870 4964 3045 5035 magni
3072 4964 3285 5031 medici,
3309 4976 3470 5038 agant
3494 4981 3611 5022 cum
3639 4955 3837 5017 homini-

2291 5052 2417 5118 bus;
2462 5052 2505 5107 si
2547 5053 2740 5108 mortui
2783 5062 2908 5109 sunt
2946 5063 3000 5109 et
3047 5063 3133 5109 tua
3185 5056 3352 5126 gratia
3401 5073 3503 5112 non
3545 5054 3835 5110 revixerunt.

2294 5144 2560 5217 Numquid
2587 5146 2799 5201 mortuis
2840 5146 2995 5215 [acies
3021 5147 3305 5215 mirabilia;
3332 5158 3419 5203 aut
3447 5146 3623 5202 medici
3648 5136 3836 5197 exsusci-

2290 5238 2498 5304 tabunt,
2527 5246 2571 5293 et
2596 5237 2647 5291 lii
2682 5252 2815 5308 quos
2864 5239 3291 5306 exsuscitabunt,
3338 5239 3695 5310 conﬁtebuntur
3727 5225 3837 5284 tibi?

2291 5330 2417 5387 Hmc
2453 5331 2594 5389 enim
2638 5331 2901 5387 confessio
2945 5330 3143 5387 indicat
3192 5332 3341 5388 vivos
3370 5350 3381 5385 :
3413 5349 3515 5387 non
3559 5330 3688 5385 sicut
3732 5315 3833 5375 alibi

2290 5424 2544 5494 scriptum
2571 5430 2670 5489 est,
2706 5423 2749 5477 Α
2770 5432 2985 5491 mortuo,
3019 5422 3151 5477 velut
3177 5425 3264 5496 qui
3289 5440 3389 5479 non
3410 5426 3488 5491 sit,
3517 5423 3641 5495 perit
3663 5411 3832 5481 confes-

2290 5517 2365 5572 sio
2388 5516 2572 5588 (Eccli.
2605 5532 2731 5581 xvn,
2763 5515 2877 5588 26).

2353 5631 2371 5662 ί
2405 5630 2540 5692 Edd.,
2558 5629 2806 5683 credituri.
2841 5637 2972 5691 Mss.,
3010 5628 3275 5683 credentes.
3301 5638 3355 5683 At
3386 5632 3434 5682 in
3466 5623 3720 5692 Evangelia,
3753 5624 3831 5666 παι

2288 5692 2551 5745 credentes.

2352 5740 2598 5807 iwSiculas.
2625 5762 2681 5805 Αι
2701 5756 2813 5819 Fdd.
2836 5755 3017 5807 addunt
3032 5756 3129 5817 hic,
3152 5757 3394 5817 existant;
3418 5762 3470 5807 et
3498 5751 3632 5819 paulo
3647 5750 3742 5812 Ροεῑ
3758 5740 3827 5792 κ’

2289 5822 2427 5883 bent,
2450 5830 2537 5885 per
2559 5816 2793 5870 nu'racula
2814 5832 2901 5871 sua
2921 5819 3082 5884 fortes,
3106 5816 3348 5893 tanquam,
3374 5816 3467 5871 etc.

4022 3780 4035 4533 κ
