4132 6464
226 345 390 404 1117
1292 341 1697 400 ΕΝΑΒΒΑἹΊΟ
1732 342 1800 401 ΙΝ
1835 340 2155 403 PSALMUM
2192 347 2497 408 LXXXVII.

306 463 419 520 11.
460 458 607 536 [σω.
640 456 757 533 13.]
784 457 1049 531 Numquid
1074 458 1330 517 manabit
1382 459 1495 531 quis
1526 461 1581 514 in
1611 462 1844 530 sepulcro

223 554 653 614 misericordiam
689 562 834 609 tuam
853 592 869 620 ,
891 560 937 608 et
968 554 1231 617 veritatem
1263 560 1401 606 tuam
1436 553 1489 606 in
1528 552 1846 623 perditione?

220 646 583 719 Subauditur
600 645 747 717 quod
767 658 930 715 supra
957 644 1159 701 dictum
1183 653 1293 711 est,
1325 645 1561 699 utetiam
1604 645 1701 699 iste
1722 659 1843 700 ver-

3402 364 3537 426 1118

1954 462 2209 521 discernit
2235 468 2303 524 ab
2345 469 2461 524 aliis
2503 470 2625 527 ﬁliis
2652 470 2746 531 irae
2769 515 2784 541 ,
2834 488 2955 531 cum
2984 475 3296 549 Apostolum
3326 481 3536 545 audiam
3568 472 3569 475 “

1952 554 2184 625 ingratos
2215 561 2521 619 terribiliter
2548 563 2943 636 increpantem,
2975 583 3039 625 ac
3063 570 3325 628 dicentem
3359 591 3372 628 :
3404 574 3529 640 Quis

1950 649 2083 703 enim
2112 660 2160 704 te
2195 651 2432 707 discernit
2455 654 2483 708 ?
2528 655 2663 721 Quid
2689 667 2855 719 autem
2882 660 3064 728 babes,
3094 663 3231 735 quod
3258 681 3358 727 non
3385 682 3534 722 acce-

229 756 335 798 sus
365 741 447 795 ita
470 754 530 794 se
553 737 770 804 habeat,
800 751 866 795 ac
892 737 937 792 si
967 735 1169 792 dictum
1196 737 1300 804 sit,
1328 736 1595 807 Numquid
1620 752 1840 792 enarra-

233 833 325 897 bit
348 832 483 902 quis
506 830 787 891 veritatem
816 838 961 884 tuam
988 828 1041 883 in
1063 828 1397 899 perditione?
1424 828 1842 886 Misericordiam

232 928 455 1000 quippe
495 935 549 982 et
576 925 857 989 veritatem
884 931 1030 979 amat
1050 922 1326 996 Scriptura
1352 924 1693 995 conjungere,
1721 938 1840 979 ma-

232 1023 397 1077 xime
429 1020 479 1074 in
506 1018 749 1075 Psalmis.
795 1017 951 1088 Quod
986 1033 1116 1075 vero
1157 1018 1259 1084 ait,
1304 1018 1358 1073 in
1399 1019 1709 1090 perditione,
1737 1019 1842 1075 alio

233 1113 420 1169 verbo
464 1111 709 1182 repetivit
742 1110 885 1181 quod
928 1126 1088 1181 supra
1112 1110 1356 1176 dixerat,
1389 1112 1442 1165 in
1468 1112 1719 1183 sepulcro.
1752 1112 1842 1169 Sic

233 1215 430 1261 autem
455 1204 657 1260 dictum
684 1211 801 1271 est,
832 1204 889 1257 in
910 1203 1163 1275 sepulcro,
1197 1211 1253 1258 ut
1289 1202 1648 1274 intelligantur
1685 1204 1721 1259 ii
1749 1203 1841 1277 qui

236 1306 375 1354 sunt
406 1298 457 1353 in
484 1296 765 1370 sepulcro,
797 1296 890 1368 qui
915 1304 971 1354 et
997 1296 1242 1368 superius
1284 1296 1564 1369 signiﬁcati
1595 1306 1717 1354 sunt
1738 1314 1839 1355 no-

239 1391 395 1446 mine
435 1398 790 1456 mortuorum,
839 1388 929 1446 ubi
968 1390 1059 1455 ait,
1116 1388 1381 1461 Numquid
1428 1391 1638 1446 mortuis
1685 1392 1849 1467 facies

241 1480 546 1537 mirabilia?
568 1481 777 1537 Animae
806 1496 1036 1553 namque
1064 1491 1289 1539 mortuas
1317 1496 1511 1551 corpus
1534 1482 1837 1553 sepulcrum

243 1583 353 1631 est.
384 1572 535 1645 Unde
562 1574 822 1629 Dominus
850 1574 903 1629 in
948 1573 1237 1646 Evangelio
1274 1574 1466 1630 talibus
1502 1575 1631 1631 dicit
1660 1593 1675 1634 :
1709 1594 1730 1628 ι
1756 1577 1838 1633 Si-

246 1666 407 1723 miles
441 1666 571 1722 estis
622 1665 885 1736 sepulcris
931 1665 1190 1725 dealbatis
1214 1707 1231 1735 ,
1272 1681 1392 1739 quae
1426 1665 1557 1727 foris
1583 1680 1838 1740 apparent

246 1758 558 1815 hominibus
604 1759 870 1829 speciosa,
923 1759 1065 1815 intus
1112 1775 1240 1817 vero
1286 1760 1440 1831 plena
1465 1770 1591 1818 sunt
1628 1763 1838 1820 ossibus

244 1865 583 1925 mortuorum
624 1862 681 1915 et
705 1854 851 1911 omni
882 1854 1139 1926 spurcitia
1168 1873 1183 1910 :
1211 1854 1290 1910 sic
1313 1862 1370 1919 et
1392 1868 1488 1917 vos
1526 1855 1690 1912 aleris
1715 1857 1835 1928 qui-

242 1948 365 2005 dem
397 1949 601 2019 paretis
636 1948 943 2007 hominibus
964 1947 1122 2017 justi;
1153 1949 1297 2005 intus
1332 1956 1511 2009 autem
1538 1949 1681 2020 pleni
1708 1950 1838 2006 estis

240 2040 517 2113 hypocrisi
542 2050 598 2097 et
647 2041 927 2112 iniquitate
954 2039 1162 2113 (Matth.
1194 2056 1349 2107 xxut,
1377 2040 1448 2096 27
1467 2042 1637 2114 et28).

313 2130 403 2186 12.
450 2129 623 2205 [rem
650 2129 787 2207 l5.]
832 2130 1097 2201 Numquid
1127 2142 1485 2205 cognoscentur
1525 2133 1578 2187 in
1616 2133 1835 2189 tenebris

239 2224 501 2279 mirabilia
533 2234 639 2291 tua,
672 2233 719 2278 et
737 2224 941 2296 justitia
969 2224 1135 2293 tuoin
1164 2232 1300 2280 terra
1320 2223 1476 2279 oblita
1499 2224 1524 2277 Ρ
1551 2224 1702 2291 Quod
1729 2235 1830 2293 est,

235 2316 292 2371 in
335 2316 599 2382 tenebris;
639 2315 742 2371 hoc
781 2322 896 2382 est,
921 2316 976 2370 in
1014 2325 1149 2369 terra
1189 2314 1364 2370 oblita.
1411 2314 1659 2372 lnlideles
1691 2316 1834 2373 enim

236 2410 620 2482 signiﬁcantur
650 2409 863 2466 nomine
890 2409 1229 2465 tenebrarum
1263 2426 1276 2462 :
1307 2409 1431 2464 hinc
1458 2408 1587 2466 dicit
1607 2410 1835 2479 Aposto-

234 2504 351 2572 lus,
383 2503 577 2559 Fuistic
610 2506 744 2559 enim
770 2504 1045 2575 aliquando
1080 2503 1296 2559 tenebrat
1319 2503 1537 2577 (Ephes.
1560 2522 1615 2571 v,
1639 2505 1717 2579 8).
1747 2507 1834 2563 Sic

234 2604 297 2653 et
327 2606 473 2652 terra
499 2596 691 2662 oblita,
724 2596 885 2652 homo
922 2606 1005 2653 est
1036 2598 1126 2668 qui
1154 2596 1349 2654 oblitus
1376 2607 1460 2654 est
1490 2598 1657 2654 Deum
1688 2618 1701 2653 :
1737 2615 1832 2669 po-

240 2698 355 2745 test
382 2704 612 2758 namque
641 2688 819 2743 anima
844 2688 1072 2744 inﬁdelis
1098 2704 1267 2759 usque
1291 2689 1358 2744 ad
1384 2698 1554 2745 tantas
1583 2690 1833 2748 tenebras

244 2783 551 2852 pervenire,
576 2791 634 2837 ut
657 2780 800 2837 dicat
828 2782 1018 2837 stultus
1044 2782 1097 2836 in
1126 2781 1288 2838 corde
1313 2795 1431 2847 suo,
1460 2781 1581 2836 Non
1601 2791 1672 2837 est
1691 2780 1832 2838 Deus

242 2872 424 2945 (Psal.
452 2890 563 2940 χιιι,
588 2873 667 2945 1).
698 2872 864 2929 Totus
890 2888 1016 2944 ergo
1054 2873 1155 2931 iste
1180 2888 1369 2929 sensus
1398 2873 1468 2928 ita
1495 2874 1834 2947 continuatur

243 2977 411 3041 atque
435 2969 734 3025 contexitur
762 2984 775 3021 :
807 2965 1036 3025 Clamaui
1062 2967 1133 3023 ad
1159 2976 1227 3035 te,
1262 2965 1511 3035 Domine,
1541 2968 1678 3023 inter
1709 2983 1831 3038 pas-

249 3063 433 3118 siones
458 3075 606 3116 meas
630 3076 646 3127 ;
679 3070 787 3115 tota
813 3060 895 3114 die
927 3059 1150 3130 expendi
1178 3076 1355 3113 manus
1393 3075 1529 3115 meas
1558 3059 1626 3113 ad
1661 3068 1707 3115 te
1731 3076 1749 3113 :
1778 3059 1832 3116 id

248 3163 340 3209 est
358 3195 372 3220 ,
401 3167 501 3208 non
530 3151 711 3207 destiti
736 3151 803 3206 ad
834 3161 885 3206 te
913 3150 1312 3222 gloriﬁcandum
1353 3149 1642 3207 extendere
1670 3165 1832 3221 opera

255 3261 397 3301 mea.
426 3245 530 3301 Cur
554 3259 685 3317 ergo
710 3244 763 3299 in
790 3259 877 3299 me
892 3244 1043 3314 impii
1067 3244 1311 3310 saeviunt,
1336 3244 1436 3298 nisi
1461 3243 1585 3314 quia
1608 3244 1832 3299 mortuis

255 3352 366 3392 non
390 3335 545 3392 facies
574 3335 879 3392 mirabilia?
921 3334 974 3390 id
1013 3342 1130 3403 est,
1177 3349 1286 3390 non
1314 3334 1393 3391 eis
1428 3343 1832 3390 commoventur

256 3429 325 3484 ad
355 3428 524 3494 ﬁdem,
549 3443 649 3484 nec
674 3427 867 3483 medici
894 3441 989 3483 eos
1018 3425 1435 3492 exsuscitabunt,
1458 3434 1516 3481 ut
1538 3424 1830 3481 conﬁtean-

261 3532 347 3580 tur
373 3523 492 3593 tibi,
534 3524 589 3591 in
637 3521 829 3594 quibus
870 3520 1076 3578 occulta
1103 3519 1272 3593 gratia
1302 3526 1392 3575 tua
1419 3533 1527 3579 non
1555 3526 1827 3589 operatur,

258 3631 360 3687 qun
396 3614 665 3670 trahantur
706 3622 764 3668 ut
800 3613 1053 3677 credant;
1099 3611 1223 3684 quia
1264 3625 1424 3666 nemo
1446 3610 1591 3667 venit
1626 3609 1693 3673 ad
1721 3625 1827 3679 me,

259 3707 360 3763 nisi
380 3722 529 3777 quem
557 3717 613 3761 tu
635 3705 942 3765 attraxeris.
966 3703 1103 3761 Nam
1122 3703 1235 3773 quis
1253 3702 1505 3765 enarrabit
1526 3703 1581 3757 in
1598 3702 1832 3775 sepulcro

259 3797 643 3869 utitericordiam
679 3807 859 3861 tuam;
898 3795 952 3852 id
995 3802 1109 3863 est,
1146 3795 1339 3851 animae
1382 3803 1633 3858 mortuas,
1680 3793 1831 3864 cujus

259 3902 399 3947 mors
420 3889 558 3957 jacet
579 3889 595 3919 ¹
627 3886 727 3943 sub
742 3886 979 3957 corporis
1004 3884 1282 3956 pondere?
1320 3894 1367 3938 et
1395 3885 1654 3941 ueritatem
1692 3893 1831 3939 tuam

261 3983 317 4037 in
358 3979 662 4052 perditione;
702 3979 807 4037 hoc
846 3988 962 4046 est,
1003 3978 1057 4033 in
1086 3977 1177 4033 tali
1215 3984 1389 4035 morte
1429 3976 1561 4032 nihil
1584 3976 1830 4039 'borum'

260 4074 444 4130 valenti
471 4072 691 4130 credere
715 4080 874 4143 atque
900 4068 1141 4126 sentire?
1173 4067 1435 4138 Numquid
1460 4068 1600 4135 enim
1621 4070 1675 4129 in
1697 4076 1832 4122 tene-

262 4167 359 4222 bris
385 4165 536 4237 hujus
566 4164 755 4229 mortis
773 4204 791 4237 ,η
819 4162 920 4219 hoc
957 4169 1071 4229 est,
1102 4160 1156 4217 in
1185 4158 1401 4216 homine
1430 4157 1519 4231 qui
1558 4167 1613 4214 te
1637 4157 1828 4213 oblivi-

260 4257 449 4316 scendo
492 4258 613 4321 vitae
655 4256 834 4312 lumen
875 4253 1086 4319 amisit,
1132 4261 1223 4307 tua
1255 4250 1511 4317 mirabilia
1550 4258 1605 4305 et
1627 4249 1832 4322 justitia

260 4358 606 4423 cognoscentur
625 4349 650 4403 ?

330 4443 410 4498 15.
443 4441 592 4517 [υετε.
622 4438 736 4513 14.]
762 4438 1087 4501 Occurrebat
1115 4446 1299 4505 autem
1317 4437 1561 4509 quaestio,
1586 4436 1834 4507 quisnam

259 4535 330 4593 sit
353 4548 475 4607 usus
504 4535 727 4589 istorum
768 4543 1132 4596 mortuorum;
1175 4529 1300 4601 quid
1326 4543 1390 4584 ex
1431 4527 1513 4583 bis
1541 4535 1665 4599 agat
1690 4528 1832 4585 Deus

259 4626 325 4683 ad
353 4626 625 4681 utilitatem
653 4623 893 4695 corporis
921 4622 1141 4686 Christi,
1168 4620 1313 4694 quod
1351 4628 1435 4677 est
1458 4619 1695 4676 Ecclesia
1724 4638 1737 4673 :
1770 4628 1835 4687 ut.

261 4719 315 4775 in
338 4719 410 4775 cis
445 4717 840 4783 demonstretur
864 4732 984 4787 quae
1013 4716 1083 4770 sit
1110 4713 1205 4770 Dei
1248 4713 1415 4786 gratia
1454 4712 1507 4768 in
1550 4713 1826 4785 praedesti-

262 4810 404 4873 natis,
444 4809 533 4881 qui
576 4807 865 4863 secundum
909 4806 1245 4878 propositum
1278 4803 1449 4859 vocati
1490 4813 1631 4858 sunt.
1681 4802 1837 4859 Unde

262 4901 421 4974 ipsum
450 4914 643 4971 corpus
670 4900 721 4955 in
750 4899 859 4957 alio.
884 4897 1091 4969 psalmo
1114 4896 1243 4951 dicit
1274 4913 1286 4948 :
1316 4894 1455 4950 Deus
1481 4911 1641 4956 utens,
1672 4895 1826 4951 mise-

262 4994 468 5048 ricordia
506 4993 615 5060 eius
655 4991 923 5062 praeveniet
957 5005 1056 5044 me.
1097 4988 1238 5043 Deus
1266 5001 1415 5043 meus
1442 4985 1830 5049 demonstrabit

259 5084 379 5142 mihi
417 5086 469 5139 in
496 5082 725 5138 inimicis
746 5082 879 5138 meis
909 5078 1091 5156 (Psal.
1116 5094 1241 5134 Lvut
1261 5121 1275 5146 ,
1305 5078 1366 5134 11
1386 5088 1433 5131 et
1457 5076 1576 5148 12).
1610 5077 1752 5149 Ergo
1775 5084 1831 5133 et

260 5179 340 5236 hic
365 5180 596 5250 sequitur
631 5193 692 5233 ac
720 5176 879 5245 dicit,
903 5173 971 5229 Et
1005 5191 1094 5244 ego
1133 5175 1200 5227 ad
1229 5182 1295 5239 te,
1326 5171 1560 5239 Domine,
1592 5172 1823 5226 clamavi.

260 5274 315 5332 ιιι
340 5272 523 5345 quibus
551 5270 731 5327 verbis
755 5269 869 5341 jam
889 5265 1263 5341 intelligendus
1289 5274 1373 5332 est
1393 5263 1650 5329 Dominus
1672 5263 1827 5322 Chri-

260 5376 365 5422 stus
407 5380 469 5420 ex
494 5378 626 5420 voce
672 5362 913 5433 corporis
950 5360 1035 5416 sui
1073 5357 1246 5430 loqui,
1289 5356 1343 5412 id
1381 5364 1498 5423 est,
1530 5355 1825 5421 Ecclesiae:

261 5458 377 5536 quid
400 5465 476 5517 est
504 5456 648 5514 enim
666 5496 689 5533 ,γ
714 5454 782 5509 Et
810 5468 936 5527 ego;
978 5450 1079 5509 nisi
1109 5452 1233 5523 quia
1272 5447 1465 5515 fuitnus
1492 5456 1547 5509 et
1584 5461 1682 5515 nos
1724 5448 1825 5502 ali-

261 5552 453 5627 quando
477 5559 668 5607 natura
694 5549 789 5604 ﬁlii
816 5549 928 5614 iraa,
962 5547 1098 5602 sicut
1124 5553 1179 5601 et
1203 5542 1380 5599 caeteri
1409 5541 1621 5617 (Ephes.
1646 5556 1704 5609 ιι,
1730 5540 1826 5612 5)?

262 5642 359 5705 Sed
380 5645 440 5700 ad
477 5654 527 5703 te
568 5642 819 5708 clamavi,
850 5649 909 5697 ut
945 5639 1125 5705 salvus
1165 5651 1362 5695 essem.
1411 5634 1543 5705 Quis
1570 5634 1712 5691 enim
1740 5649 1826 5691 me

316 5804 332 5839 ί
359 5809 508 5865 Forte,
525 5800 664 5853 latet.

311 5870 330 5920 l
354 5870 417 5922 Sic
438 5859 546 5919 uss.
575 5869 634 5913 At
666 5861 803 5925 add,
826 5859 995 5911 bonum

1950 743 2068 807 nisti
2088 743 2115 797 ?
2155 743 2217 800 Si
2244 755 2409 800 autem
2438 757 2483 802 et
2510 751 2775 820 accepisti,
2807 753 2928 822 quid
2968 754 3204 824 gloriaris
3244 758 3393 829 quasi
3430 776 3531 815 non

1948 842 2197 912 acceperis
2223 842 2242 913 (
2260 841 2279 896 l
2303 841 2419 897 Cor.
2448 859 2520 899 tv.
2548 845 2665 915 7)?
2706 846 2915 902 Domini
2942 857 3024 903 est
3048 849 3192 905 salus
3218 867 3232 903 :
3264 852 3412 922 gigas
3438 869 3535 908 auo

1951 942 2056 988 tem
2087 934 2139 989 in
2163 936 2503 994 multitudine
2526 938 2733 995 virtutis
2760 954 2867 996 suae
2896 956 3003 995 non
3026 942 3128 997 erit
3154 942 3330 1001 salvus
3357 942 3529 1012 (Pent.

1946 1026 2263 1102 xxxn,16);
2294 1028 2409 1097 sed,
2442 1031 2579 1087 sicut
2607 1032 2859 1102 scriptum
2891 1041 2991 1099 est,
3029 1051 3049 1086 ι
3080 1033 3179 1101 Qui
3207 1035 3533 1093 invocaverit

1947 1136 2140 1177 nomen
2169 1123 2376 1179 Domini
2402 1167 2416 1192 ,
2448 1124 2627 1181 salvus
2657 1126 2777 1181 erit.
2810 1125 3087 1195 Quomodo
3114 1136 3291 1183 autem
3318 1128 3531 1184 invoca-

1946 1214 2112 1282 bunt,
2146 1215 2197 1269 in
2225 1229 2383 1286 quem
2424 1232 2529 1271 non
2570 1216 2954 1272 crediderunt?
2995 1226 3087 1273 aut
3113 1219 3380 1289 quomodo
3408 1234 3530 1278 cre-

1945 1306 2070 1362 dent
2091 1308 2138 1363 ei
2162 1323 2319 1378 quem
2342 1324 2447 1363 non
2474 1308 2792 1364 audierunt?
2817 1310 3093 1377 Quomodo
3115 1320 3291 1367 autem
3315 1311 3533 1368 audient

1944 1402 2059 1457 sine
2088 1401 2447 1473 praedicante?
2491 1411 2581 1456 aut
2623 1403 2891 1474 quomodo
2923 1403 3318 1473 praedicabunt,
3349 1404 3394 1459 si
3424 1420 3531 1461 non

1944 1494 2262 1548 mittantur?
2309 1494 2448 1550 sicut
2477 1495 2730 1566 scriptum
2760 1505 2841 1551 est
2862 1538 2875 1561 ,
2913 1496 3082 1562 Quam
3114 1497 3340 1567 speciosi
3368 1496 3531 1567 pedes

1943 1602 2126 1642 eorum
2154 1587 2243 1657 qui
2269 1588 2583 1641 annuntiant
2621 1602 2803 1659 pacem
2828 1628 2841 1652 ,
2872 1588 2961 1659 qui
2991 1590 3302 1645 annuntiant
3342 1590 3481 1653 bona
3505 1608 3525 1644 ι

1944 1677 2115 1749 (Rom.
2144 1695 2201 1743 x,
2230 1679 2421 1747 15-15)
2448 1679 2460 1732 l
2507 1678 2607 1748 Ipsi
2653 1688 2775 1733 sunt
2801 1679 2990 1736 medici
3032 1689 3280 1735 curantes
3304 1696 3334 1734 a
3364 1682 3531 1739 latro-

1946 1772 2101 1827 nibus
2127 1772 2451 1836 sauciatum;
2491 1771 2583 1828 sed
2614 1772 2870 1827 Dominus
2897 1788 3015 1828 eum
3048 1773 3294 1844 perduxit
3320 1774 3385 1828 ad
3415 1783 3529 1829 sta-

1942 1861 2121 1918 bulum
2158 1861 2317 1935 (Luc.
2346 1879 2377 1917 x
2399 1905 2414 1929 ,
2442 1861 2547 1934 54)
2575 1881 2587 1917 :
2617 1864 2735 1935 quia
2768 1863 2869 1933 ipsi
2907 1874 3032 1919 sunt
3060 1864 3218 1919 etiam
3247 1873 3529 1934 operantes

1944 1954 1995 2008 in
2025 1969 2151 2025 agro
2182 1954 2482 2021 Dominico;
2525 1970 2624 2010 nec
2650 1963 2826 2011 tamen
2853 1956 2941 2026 qui
2972 1956 3176 2025 plantat
3203 1966 3283 2011 est
3309 1956 3527 2027 aliquid,

1942 2056 2031 2102 aut
2053 2048 2142 2117 qui
2169 2050 2335 2118 rigat,
2365 2047 2461 2103 sed
2502 2048 2592 2118 qui
2622 2052 3006 2122 incrementum
3037 2048 3129 2103 dat
3155 2048 3293 2103 Deus
3323 2048 3376 2121 (l
3406 2049 3526 2106 Cor.

1943 2155 2018 2204 ιιι,
2054 2139 2130 2207 7).
2163 2137 2287 2193 ldeo
2328 2146 2381 2193 et
2424 2153 2523 2209 ego
2548 2138 2613 2192 ad
2654 2138 2937 2194 Dominum
2975 2141 3231 2204 clamavi;
3283 2140 3384 2195 hoc
3424 2148 3525 2209 est,

1943 2231 2223 2286 Dominum
2251 2240 2309 2286 ut
2332 2232 2512 2287 salvus
2546 2247 2718 2287 essem
2751 2232 3010 2287 invocavi.
3043 2233 3321 2302 Quomodo
3348 2245 3526 2290 autem

1941 2324 2238 2379 invocarem
2259 2366 2274 2391 ,
2302 2324 2401 2378 nisi
2431 2324 2748 2379 crederem?
2790 2325 3055 2394 quomodo
3082 2324 3353 2385 crederem
3377 2368 3390 2393 ,
3419 2323 3526 2381 nisi

1940 2414 2222 2470 audirem?
2264 2415 2368 2471 Sed
2396 2425 2453 2470 ut
2475 2415 2651 2470 audita
2678 2415 2950 2471 crederem
2968 2458 2983 2481 ,
3012 2418 3123 2486 ipse
3151 2431 3241 2473 me
3266 2415 3482 2471 attraxit
3506 2433 3520 2483 ;

1940 2507 2061 2578 quia
2094 2507 2145 2561 in
2185 2507 2392 2562 occulto
2425 2522 2455 2562 a
2495 2515 2665 2562 morte
2703 2508 2880 2562 cordis
2910 2522 3014 2561 non
3050 2507 3270 2576 quilibet
3310 2506 3522 2573 medici,

1939 2596 2035 2652 sed
2081 2598 2194 2666 ipse
2237 2598 2505 2652 excitavit.
2556 2597 2685 2651 Nam
2734 2598 2888 2652 multi
2939 2598 3259 2663 audierunt;
3308 2596 3431 2668 quia
3472 2599 3525 2655 in

1939 2705 2150 2745 omnem
2180 2699 2373 2745 terram
2418 2690 2552 2745 exiit
2586 2705 2747 2743 sonus
2782 2706 2969 2745 eorum
2993 2731 3007 2755 ,
3037 2701 3089 2746 et
3121 2690 3173 2744 in
3214 2690 3345 2745 lines
3375 2688 3524 2747 orbis

1940 2793 2095 2836 terra:
2121 2780 2281 2837 verba
2311 2798 2497 2837 eorum
2527 2781 2698 2853 (Paul.
2721 2798 2868 2848 xvm,
2892 2782 2948 2852 5)
2976 2801 2988 2835 :
3025 2782 3117 2837 sed
3147 2797 3254 2837 non
3287 2784 3524 2839 omnium

1937 2882 2020 2929 est
2054 2872 2185 2929 ﬁdes
2214 2876 2233 2943 (
2251 2874 2290 2928 ll
2312 2873 2487 2929 Thess.
2519 2890 2595 2940 ιιι,
2622 2873 2679 2944 2)
2707 2892 2720 2938 ;
2750 2883 2803 2928 et
2832 2876 2979 2929 novit
3006 2875 3259 2941 Dominus
3288 2876 3374 2945 qui
3403 2884 3525 2932 sunt

1938 2964 2054 3036 ejus
2078 2965 2157 3039 (ll
2188 2965 2316 3020 Tim.
2344 2982 2402 3031 ιι,
2434 2966 2547 3036 19).
2575 2968 2650 3020 Ac
2679 2981 2772 3035 per
2803 2967 2923 3033 hoc,
2953 2982 3053 3023 nec
3076 2968 3295 3024 credere
3324 2969 3526 3039 potuis-

1937 3073 2073 3125 sem,
2120 3059 2218 3113 nisi
2248 3075 2333 3113 me
2364 3059 2456 3114 Dei
2496 3058 2859 3113 misericordia
2893 3061 3272 3129 praevenisset;
3318 3070 3371 3116 et
3400 3062 3522 3132 quia

1938 3158 2175 3205 mortuos
2199 3150 2441 3216 suscitat,
2471 3159 2525 3204 et
2551 3158 2704 3203 vocat
2731 3165 2795 3204 ea
2821 3164 2937 3220 qua:
2966 3165 3071 3204 non
3098 3159 3239 3215 sunt,
3270 3159 3517 3221 tanquam

1937 3257 2054 3312 qua:
2079 3248 2235 3307 sunt,
2266 3256 2353 3296 me
2380 3242 2431 3295 in
2470 3240 2691 3295 occultis
2716 3240 2987 3307 vocando,
3014 3250 3067 3295 et
3102 3241 3403 3297 suscitando
3423 3284 3436 3305 ,
3470 3249 3525 3297 et
3582 3306 3590 3315 ν

1938 3334 2218 3401 trahendo,
2246 3350 2273 3387 a
2302 3333 2534 3403 tenebris
2562 3332 2852 3397 eduxisset,
2880 3341 2934 3387 et
2957 3332 3021 3386 ad
3052 3333 3229 3388 lumen
3255 3332 3377 3389 ﬁdei
3404 3349 3525 3403 per-

1935 3428 2193 3483 duxisset.
2240 3426 2363 3483 ldeo
2404 3427 2645 3496 sequitur
2671 3444 2684 3478 :
2708 3424 2777 3479 Et
2816 3443 2961 3480 mane
2990 3426 3150 3480 oratio
3194 3442 3302 3481 mea
3334 3443 3523 3496 preve-

1935 3524 2037 3575 niet
2076 3532 2138 3574 te.
2186 3520 2301 3576 iam
2332 3535 2523 3586 mane,
2569 3530 2912 3589 posteaquam
2958 3536 3062 3574 nox
3106 3519 3429 3575 inﬁdelitatis
3469 3530 3524 3576 ct

1937 3614 2170 3669 tenebrae
2202 3613 2543 3667 transierunt.
2577 3611 2728 3678 Quod
2754 3626 2907 3665 mane
2930 3620 2987 3686 ut
3012 3610 3138 3666 mihi
3166 3622 3328 3677 esset,
3359 3611 3521 3666 mise-

1935 3705 2163 3762 ricordia
2206 3704 2418 3775 quidem
2460 3713 2546 3758 tua
2592 3704 2846 3774 prmvcnit
2894 3718 2980 3759 me
3010 3721 3021 3755 :
3055 3703 3148 3759 sed
3193 3704 3311 3774 quia
3358 3711 3523 3759 restat

1936 3798 2021 3853 ilia
2061 3796 2398 3860 clarilicatio,
2432 3795 2523 3851 ubi
2565 3795 2999 3850 illuminabuntur
3025 3797 3229 3851 occulta
3275 3796 3521 3851 tenebra-

1936 3908 2077 3960 rum,
2103 3899 2157 3947 et
2183 3888 2664 3946 manifestabuntur
2710 3889 3057 3960 cogitationes
3093 3889 3291 3954 cordis,
3328 3900 3380 3943 et
3405 3890 3520 3944 laus

1935 3985 2035 4038 erit
2078 3982 2360 4051 unicuique
2389 3998 2419 4035 a
2449 3988 2503 4035 te
2539 3978 2733 4049 (lCor.
2762 3995 2832 4043 tv,
2856 3980 2926 4049 5)
2952 3996 2966 4042 ;
3009 3993 3150 4033 nunc
3178 3980 3228 4033 in
3259 3980 3357 4032 ista
3390 3980 3517 4045 vita,

1936 4075 1991 4129 in
2018 4075 2116 4129 ista
2144 4073 2588 4143 peregrinatione,
2620 4071 2671 4125 in
2700 4071 2799 4126 hac
2824 4071 2941 4126 luce
2971 4071 3111 4135 ﬁdei,
3138 4086 3255 4143 qua:
3288 4070 3339 4125 in
3371 4086 3519 4125 cont—

1935 4165 2209 4235 paratione
2231 4163 2569 4219 tenebrarum
2599 4161 2888 4217 inﬁdelium
2914 4161 3024 4232 jam
3060 4162 3175 4217 dies
3209 4170 3312 4229 cst,
3343 4161 3434 4216 scd
3465 4161 3518 4223 in

1935 4255 2335 4326 comparatione
2376 4254 2479 4310 diei
2530 4254 2618 4309 ubi
2668 4253 2961 4309 videbimus
3007 4252 3142 4309 facie
3184 4253 3250 4308 ad
3306 4253 3517 4321 faciem,

1934 4347 2109 4404 adhuc
2132 4361 2237 4402 nox
2264 4356 2366 4411 est,
2394 4345 2567 4401 adhuc
2592 4346 2751 4400 oratio
2777 4362 2885 4399 mea
2911 4347 3175 4417 prwveniet
3206 4355 3270 4400 te.
3514 4330 3517 4333 Α

2006 4443 2095 4497 14.
2119 4438 2268 4514 [υεη.
2296 4437 2407 4511 15.]
2434 4438 2504 4496 Ut
2523 4446 2699 4493 autem
2728 4438 2825 4492 ista
2852 4437 3112 4493 fervescat
3132 4446 3186 4493 et
3205 4424 3519 4494 exerceatur

1934 4533 2127 4599 oratio,
2154 4532 2295 4603 quod
2326 4529 2479 4586 nobis
2506 4540 2761 4600 quantum
2791 4529 3071 4598 expediat,
3105 4529 3286 4596 nullis,
3320 4539 3375 4584 ut
3398 4529 3516 4599 opi-

1936 4641 2053 4689 nor,
2078 4625 2253 4681 verbis
2280 4623 2529 4693 explicari
2560 4630 2737 4692 potest
2761 4639 2776 4687 ;
2808 4621 3048 4676 dillertur
3072 4622 3267 4676 bonum
3297 4620 3436 4691 quod
3462 4620 3517 4674 in

1933 4728 2188 4773 aeternum
2242 4715 2487 4780 dabitur,
2533 4724 2587 4770 ct
2632 4714 2766 4770 mala
2816 4714 3103 4789 transitura
3150 4713 3512 4768 crebrescunt.

1934 4810 2062 4866 Ideo
2099 4809 2335 4879 sequitur
2379 4825 2392 4860 :
2439 4806 2646 4879 thuid,
2690 4804 2928 4873 Domine,
2973 4803 3201 4876 repuliin
3244 4804 3517 4857 orationem

1934 4903 2140 4957 meam?
2168 4901 2279 4957 Hoc
2308 4911 2362 4956 et
2388 4901 2439 4955 in
2470 4900 2571 4955 illis
2598 4900 2772 4955 verbis
2801 4899 2999 4955 dictum
3031 4910 3145 4963 est,
3173 4896 3314 4951 Deus
3334 4938 3347 4961 ,
3382 4896 3516 4949 Dcus

1933 5011 2095 5060 meus,
2124 4995 2313 5064 respice
2340 4994 2393 5048 in
2422 5009 2538 5058 me;
2567 4994 2743 5063 utquid
2770 5009 2846 5046 me
2872 4989 3177 5060 dereliquisti
3205 4987 3372 5059 (Psal.
3403 5004 3512 5050 χχι,

1933 5086 2007 5157 2)
2028 5086 2059 5139 ?-
2092 5086 2260 5140 Causa
2290 5083 2656 5155 cognoscenda
2686 5082 2951 5153 proposita
2978 5088 3061 5135 est
3080 5120 3092 5141 ,
3124 5094 3228 5149 non
3268 5087 3516 5149 tanquam

1933 5180 2050 5235 sine
2077 5192 2234 5234 causa
2262 5176 2363 5232 hoc
2394 5178 2589 5231 faceret
2630 5175 2724 5229 Dei
2754 5174 2962 5243 culpata
2989 5172 3006 5202 ί
3030 5171 3287 5241 sapientia
3322 5189 3333 5225 :
3368 5172 3435 5224 ila
3466 5184 3516 5224 ut

1935 5271 2040 5338 hic,
2068 5269 2275 5340 thnid,
2298 5267 2534 5333 Domine,
2558 5265 2789 5336 repulisti
2815 5262 3090 5317 orationem
3116 5262 3321 5316 meam?
3352 5262 3515 5331 lluju.

1933 5373 2115 5418 tamen
2142 5362 2219 5417 rei
2245 5374 2403 5416 causa
2442 5358 2487 5413 si
2529 5356 2808 5426 diligenter
2843 5353 3183 5420 advertatur,
3211 5354 3319 5424 jam
3363 5371 3460 5421 sup
3495 5384 3517 5393 -

1934 5456 2045 5511 rius
2089 5453 2316 5508 indicata
2357 5458 2439 5505 est
2488 5466 2499 5500 :
2548 5447 2613 5502 ad
2682 5448 2782 5503 hoc
2826 5446 2967 5502 enim
2999 5432 3513 5501 oratiosancturnm

1932 5544 2188 5602 dilatione
2217 5543 2345 5598 tanti
2373 5528 2644 5608 beneﬁcii,
2678 5548 2734 5595 et
2775 5539 3168 5596 tribulationum
3194 5534 3515 5593 adversum-1

1933 5640 2085 5711 quasi
2130 5634 2438 5707 repellitur,
2470 5645 2530 5689 ut
2558 5643 2809 5706 tanquam
2846 5633 2983 5704 ignis
3007 5630 3136 5687 ﬂatu
3172 5643 3513 5700 repercussus

1934 5731 2290 5789 inflammetur
2315 5726 2605 5785 ardentius.

2010 5848 2031 5885 ι
2063 5846 2138 5901 Sic
2157 5850 2267 5897 Uss.
2290 5843 2402 5897 add.
2427 5854 2565 5903 vero,
2585 5839 2787 5892 occulta.
