4132 6458
160 316 281 378 1121

152 434 286 491 sicut
328 432 628 505 temporalis
673 433 772 491 fuit
806 435 960 492 ruina
1008 435 1064 492 in
1093 452 1194 507 qua
1235 438 1615 507 destruuntur;
1655 450 1736 498 te-

152 527 259 583 nuit
302 542 363 583 se
401 527 532 595 iste,
562 528 711 599 cujus
755 542 815 583 os
858 530 1020 584 servit
1054 530 1257 585 veritati
1302 531 1433 599 Dei,
1476 532 1542 588 ad
1569 533 1736 603 ipsam

147 621 420 676 veritatem
476 621 589 676 Dei.
644 620 764 677 Ideo
812 623 1156 692 annuntiabo,
1209 624 1328 681 ideo
1382 625 1536 694 dico,
1595 628 1736 695 Quo-

148 711 280 766 niam
325 713 532 777 dixisti;
579 729 799 771 securus
845 715 1006 770 homo
1031 716 1172 785 dico,
1216 719 1463 789 quoniam
1498 729 1552 774 tu
1598 720 1736 778 Deus

145 804 322 859 dixisti
360 824 375 860 :
417 807 569 876 quia,
620 809 718 863 etsi
759 824 856 879 ego
903 809 954 864 in
1009 811 1176 866 verbo
1220 827 1340 868 meo
1384 813 1730 883 fluctuarem,

146 896 307 952 verbo
333 906 425 953 tuo
452 898 818 956 conlirmarer.
850 900 1099 969 Quoniam
1129 903 1321 959 dixisti.
1353 904 1487 974 Quid
1512 907 1733 963 dixisti?

146 987 207 1043 In
236 1000 476 1044 etet-nunt
504 992 848 1046 misericordia
876 993 1223 1063 cedi/icabitur.
1270 995 1337 1051 In
1366 998 1501 1052 caelis
1528 1015 1732 1069 prtepa-

143 1082 332 1136 rabitur
354 1083 534 1139 veritas
568 1094 675 1138 tua.
708 1084 986 1153 Quomodo
1013 1087 1256 1157 superius
1276 1130 1290 1156 ,
1319 1090 1388 1144 ita
1419 1090 1470 1144 in
1498 1105 1730 1161 sequen-

146 1172 298 1227 tibus.
333 1172 712 1231 Misericordias
739 1185 851 1229 tuas
872 1218 886 1241 ,
914 1175 1146 1244 Domine,
1180 1178 1381 1249 inquit,
1414 1181 1466 1235 in
1492 1190 1733 1237 a'ternum

144 1267 392 1320 cantabo:
430 1267 482 1319 in
522 1268 889 1339 generationem
925 1279 971 1323 et
1011 1271 1379 1339 generationem
1422 1274 1731 1329 annuntiabo

144 1359 391 1412 ceritatem
420 1367 559 1414 tuam
599 1361 651 1414 in
679 1377 765 1416 ore
804 1377 929 1416 meo.
960 1361 1099 1417 Dixit
1143 1362 1555 1431 misericordias,
1601 1366 1734 1422 dixit

142 1448 449 1515 veritatem;
494 1450 564 1506 ita
592 1465 779 1507 rursus
810 1462 1088 1524 utrumque
1118 1454 1430 1523 conjunxit:
1482 1456 1733 1524 Quoniam

144 1541 344 1614 dixisti,
374 1540 442 1595 In
469 1551 711 1597 teternum
742 1544 1084 1599 misericordia
1115 1546 1464 1617 azdiﬁcabitur.
1498 1547 1562 1603 In
1593 1550 1732 1606 caelis

144 1634 509 1705 pra-parabitur
547 1636 728 1691 veritas
766 1644 872 1689 tua.
917 1637 980 1691 Et
1021 1637 1109 1692 hic
1137 1639 1386 1707 repetivit
1431 1640 1733 1697 miscricor-

145 1725 277 1779 diam
309 1734 360 1781 et
388 1726 684 1783 veritatem.
718 1727 991 1784 liniversze
1017 1730 1157 1784 enim
1188 1731 1285 1785 viae
1316 1731 1521 1787 Domini
1565 1733 1729 1790 mise-

143 1816 364 1872 ricordia
411 1828 465 1874 et
509 1819 706 1875 veritas
752 1818 925 1885 (Psal.
974 1837 1139 1890 xxiv,
1195 1823 1308 1895 10).
1354 1822 1534 1894 Neque
1585 1825 1727 1881 enim

145 1906 480 1964 exhiberetur
521 1911 715 1973 veritas
756 1911 808 1965 in
839 1912 1145 1981 impletione
1172 1914 1556 1983 promissorum
1583 1958 1597 1984 ,
1628 1916 1730 1971 nisi

144 2000 470 2069 praecederet
511 2002 872 2057 misericordia
925 2003 977 2059 in
1025 2005 1337 2060 remissione
1368 2017 1725 2075 peccatorum.

147 2092 366 2161 Deinde,
401 2095 657 2165 quoniam
688 2097 880 2166 populo
906 2096 1068 2152 lsrael
1096 2098 1255 2153 etiam
1286 2098 1575 2155 secundum
1607 2116 1727 2156 car-

146 2201 255 2243 nem
280 2188 521 2244 venienti
545 2188 611 2244 de
632 2189 834 2244 semine
861 2188 1087 2244 Abrahae
1110 2190 1365 2261 promissa
1393 2203 1543 2247 erant
1565 2193 1725 2248 multa

147 2282 465 2354 prophetice,
492 2292 545 2338 et
575 2282 646 2337 ita
678 2282 764 2337 ille
797 2284 1019 2354 populus
1050 2295 1367 2355 propagatus
1398 2293 1513 2354 est,
1545 2288 1596 2340 in
1624 2302 1727 2355 quo

147 2372 486 2440 implerentur
516 2374 773 2443 promissa
807 2374 933 2440 Dei;
984 2390 1087 2428 non
1139 2385 1316 2430 autem
1353 2376 1543 2431 clausit
1586 2377 1726 2433 Deus

148 2461 330 2518 fontem
352 2465 611 2519 bonitatis
631 2480 740 2520 sua:
761 2466 918 2520 etiam
943 2466 994 2520 in
1022 2466 1346 2538 alienigenas
1366 2478 1569 2538 gentes,
1596 2483 1726 2539 quas

146 2555 235 2611 sub
260 2556 482 2627 Angelis
524 2557 906 2625 constituerat,
941 2559 1239 2627 portionem
1281 2560 1377 2615 sibi
1405 2558 1606 2616 faciens
1635 2575 1729 2632 po-

146 2647 307 2717 pulum
354 2648 565 2705 lsrael:
624 2650 679 2705 in
736 2650 850 2705 bare
899 2650 1005 2705 duo
1052 2660 1105 2707 et
1149 2652 1434 2721 Apostolus
1481 2651 1727 2708 distincte

146 2739 398 2796 distribuit
456 2742 872 2797 misericordiam
924 2743 1130 2798 Domini
1181 2753 1235 2799 et
1285 2745 1583 2801 veritatem.
1640 2745 1728 2801 Ait

146 2834 269 2889 enim
297 2834 560 2891 Christum
588 2836 872 2891 ministrum
899 2837 1055 2908 fuisse
1084 2837 1479 2892 circumcisionis
1522 2847 1728 2910 propter

147 2929 378 2983 veritatem
432 2930 546 2995 Dei,
573 2931 641 2984 ad
679 2932 1053 3000 confirmandus
1101 2932 1460 3003 promissiones
1503 2942 1722 3004 patrum.

146 3020 267 3080 Ecce
304 3025 433 3096 quia
474 3040 579 3081 non
610 3025 795 3081 fefellit
838 3025 1023 3092 Deus;
1056 3041 1181 3082 ecce
1226 3027 1345 3097 quia
1388 3042 1492 3082 non
1533 3028 1729 3098 repulit

146 3106 332 3185 plebem
357 3132 519 3175 suam
540 3162 553 3185 ,
586 3135 745 3192 quam
774 3120 1060 3190 prmscivit.
1094 3116 1311 3175 Etenim
1348 3135 1468 3175 cum
1499 3119 1567 3177 de
1600 3135 1727 3177 casu

145 3206 437 3265 Judzeorum
469 3219 744 3280 ageretur,
776 3225 841 3266 ne
868 3212 985 3282 quis
1015 3220 1220 3279 putaret
1246 3210 1322 3265 sic
1363 3211 1481 3266 illos
1524 3210 1724 3283 impro-

145 3302 300 3371 batus,
337 3312 407 3359 ut
452 3303 581 3358 nihil
618 3303 867 3359 frumenti
911 3320 979 3359 ex
1014 3304 1100 3358 illa
1149 3303 1491 3360 ventilatione
1518 3304 1569 3359 in
1603 3303 1728 3360 hor-

144 3409 277 3452 reum
322 3396 649 3459 mitteretur.
681 3397 754 3451 ait
800 3397 1124 3466 Apostolus:
1178 3394 1301 3451 Non
1350 3397 1533 3467 repulit
1586 3396 1725 3452 Deus

143 3487 315 3555 plebem
338 3504 512 3553 suam,
539 3504 694 3559 quant
722 3488 1008 3558 prtescivit;
1039 3504 1154 3542 nam
1176 3498 1219 3542 et
1243 3504 1333 3557 ego
1360 3487 1597 3542 Israelita
1615 3505 1726 3543 sum

142 3576 303 3650 (Rom.
333 3596 422 3648 xi,
454 3581 509 3645 1,
538 3579 620 3651 2).
649 3580 704 3636 Si
736 3587 902 3636 totum
931 3580 1056 3635 illud
1087 3581 1253 3652 spinte
1279 3583 1511 3648 fuerunt,
1536 3581 1675 3638 unde
1707 3584 1720 3614 '

141 3684 343 3743 granum
373 3672 531 3729 vobis
558 3672 791 3744 loquor?
819 3673 955 3745 Ergo
981 3673 1193 3744 impleta
1220 3681 1301 3729 est
1328 3674 1525 3730 veritas
1550 3676 1639 3731 Dei
1670 3675 1722 3731 in

142 3762 198 3818 iis
224 3765 308 3835 qui
347 3780 424 3822 ex
462 3760 709 3821 lsraelitis
747 3764 1106 3832 crediderunt,
1135 3772 1190 3821 et
1217 3765 1359 3820 venit
1387 3780 1523 3821 unus
1552 3766 1725 3837 paries

141 3854 200 3913 de
232 3858 638 3916 circumcisione
681 3858 953 3930 applicans
980 3873 1039 3915 se
1067 3857 1133 3914 ad
1158 3858 1385 3930 lapidem
1414 3860 1719 3931 angularem

143 3947 342 4020 (Ephes.
374 3967 418 4007 It
451 3992 467 4018 ,
492 3950 606 4023 20).
634 3949 740 4008 Sed
767 3951 857 4008 ille
884 3951 1016 4023 lapis
1044 3951 1295 4023 angulum
1334 3968 1438 4008 non
1482 3951 1719 4021 faceret,

142 4044 231 4099 nisi
256 4045 429 4101 alium
456 4045 705 4116 parietem
727 4060 791 4101 ex
814 4043 1072 4102 Gentibus
1095 4044 1408 4116 susciperet.
1432 4046 1526 4102 llle
1548 4047 1724 4119 itaque

141 4138 301 4207 paries
338 4148 592 4209 tanquam
637 4138 850 4211 proprie
894 4139 1125 4210 pertinet
1167 4138 1234 4195 ad
1280 4139 1576 4207 veritatem,
1626 4140 1726 4197 iste

142 4242 301 4287 autem
329 4232 475 4287 aiius
500 4231 564 4287 ad
596 4232 1034 4289 misericordiam.
1063 4232 1188 4289 Dico
1214 4233 1364 4299 enim,
1395 4233 1601 4305 inquit,
1630 4233 1725 4290 Je-

143 4338 242 4376 sum
264 4322 523 4379 Christum
562 4325 847 4380 ministrum
886 4326 1041 4396 fuisse
1082 4325 1473 4380 circumcisionis
1515 4335 1722 4398 propter

144 4418 382 4473 veritatem
412 4416 539 4485 Dei,
565 4417 634 4472 ad
672 4416 1047 4488 conﬁrmandus
1086 4417 1437 4487 promissiones
1482 4424 1679 4485 patrum
1701 4434 1722 4485 ;

148 4505 310 4566 Gentes
327 4520 501 4565 autem
520 4527 671 4581 super
694 4510 1036 4565 misericordia
1056 4511 1186 4581 glori
1189 4510 1342 4581 ﬁcare
1365 4508 1528 4564 Deum
1546 4510 1721 4582 (Rom.

148 4616 240 4670 xv,
268 4603 334 4670 8,
363 4602 451 4673 9).
478 4602 667 4659 Merito
686 4645 701 4669 ,
735 4601 804 4657 In
834 4604 971 4658 cretis
997 4603 1363 4675 prmparabitur
1387 4601 1570 4658 ueritas
1610 4612 1717 4659 tua.

148 4693 338 4752 Etenim
365 4710 558 4753 omnes
585 4697 656 4752 illi
685 4694 935 4752 Israelita:
962 4697 1132 4753 vocati
1160 4696 1421 4767 Apostoli,
1451 4696 1572 4753 caeli
1602 4698 1725 4754 facti

147 4801 255 4846 sunt
288 4791 380 4863 qui
407 4800 657 4848 enarrant
689 4791 912 4863 gloriam
954 4791 1068 4846 Dei.
1102 4790 1179 4847 De
1207 4791 1287 4846 his
1314 4791 1463 4847 ccelis
1493 4790 1686 4847 dicitur
1706 4832 1722 4857 ,

149 4880 256 4937 Cati
277 4893 520 4939 enarrant
548 4884 761 4955 gloriam
799 4882 896 4938 Dei
914 4925 928 4951 ,
968 4892 1014 4937 et
1043 4899 1194 4954 Opera
1222 4898 1465 4937 manuum
1494 4883 1606 4954 ejus
1633 4899 1727 4937 an-

151 4976 326 5029 nuntiat
353 4977 745 5046 ﬁrmamentum.
773 4973 841 5029 Et
867 4983 924 5029 ut
944 4973 1199 5029 noveritis
1221 4973 1285 5028 de
1311 4972 1393 5027 his
1420 4973 1570 5029 caelis
1595 4972 1723 5041 dici,

151 5074 280 5122 certe
321 5068 391 5124 de
432 5068 516 5123 his
555 5068 606 5123 in
651 5067 997 5138 consequenti
1033 5067 1336 5137 expressius
1378 5065 1574 5121 dictum
1621 5075 1721 5133 est,

157 5152 261 5210 Non
279 5169 393 5213 sunt
412 5158 625 5230 loquela:
644 5174 798 5229 neque
817 5174 1088 5217 sermones,
1107 5173 1317 5229 quarunt
1330 5172 1428 5211 non
1448 5156 1725 5211 audiantur

155 5259 279 5302 rores
306 5266 497 5304 eorum.
528 5250 721 5317 Qumre
748 5265 997 5321 quorum,
1030 5263 1133 5304 non
1167 5249 1404 5305 invenies
1433 5263 1590 5319 supra
1623 5248 1725 5304 nisi

157 5341 412 5397 titulorum.
440 5342 495 5397 Si
523 5358 651 5414 ergo
681 5343 915 5413 Apostoli
944 5351 1099 5408 sunt,
1132 5357 1354 5411 quorum
1391 5342 1445 5396 in
1480 5340 1726 5398 omnibus

159 5428 361 5502 loquelis
386 5450 485 5492 vox
512 5435 687 5490 audita
718 5445 818 5499 est,
847 5435 945 5507 ipsi
963 5444 1089 5491 sunt
1108 5434 1173 5489 de
1189 5433 1588 5505 quibusdictum
1620 5442 1721 5501 est,

159 5520 215 5576 in
237 5541 425 5582 omnem
460 5538 646 5585 terram
684 5528 803 5584 exiit
832 5545 983 5585 sonus
1021 5544 1192 5583 eorum
1213 5572 1227 5593 ,
1257 5536 1302 5581 et
1344 5527 1396 5581 in
1435 5527 1561 5597 ﬁnes
1593 5525 1726 5582 orbis

160 5623 288 5672 terra
313 5621 454 5676 verba
482 5638 655 5677 eorum
677 5620 850 5691 (Psal.
881 5636 1041 5688 xvm,
1068 5620 1104 5676 2
1124 5664 1136 5679 .
1159 5620 1223 5686 4,
1252 5619 1339 5691 5);
1369 5619 1489 5689 quia
1517 5619 1615 5675 etsi
1642 5633 1726 5675 as-

160 5712 337 5783 sumpti
362 5713 476 5771 hinc
501 5724 628 5773 sunt
661 5723 943 5786 antequam
975 5713 1207 5769 Ecclesia
1258 5712 1502 5784 impleret
1538 5711 1721 5768 orbem

216 5866 232 5902 ⁸
262 5867 389 5938 ω,
402 5870 487 5927 hoc
506 5884 729 5941 granum.
755 5872 919 5936 Abest,
942 5869 1051 5937 hoc,
1075 5884 1103 5925 a
1123 5871 1405 5925 melioribus
1423 5876 1535 5923 Mss.

1152 318 1547 380 ENARRATIO
1577 323 1641 381 ΙΝ
1680 322 1999 385 PSALMUM
2036 327 2366 389 LXXXVIII.

1848 450 2131 513 terrarum,
2161 457 2335 506 tamen
2383 452 2543 511 verba
2573 467 2757 514 eorum
2789 473 3149 531 pervenerunt
3178 483 3345 542 usque
3372 475 3443 532 ad

1848 538 2104 595 terminos
2132 542 2277 599 orbis
2323 553 2481 602 terrae
2511 567 2525 604 :
2558 548 2694 607 bene
2733 554 3021 625 accipimus
3061 560 3111 615 in
3142 562 3222 617 his
3254 538 3444 637 imple-

1846 637 1955 683 tum
1984 632 2126 702 quod
2154 650 2293 691 nunc
2321 637 2572 710 legimus,
2605 643 2671 700 In
2698 648 2835 703 caelis
2861 655 3235 723 prteparabitur
3260 632 3442 719 veritas

1844 730 1951 778 tua.

1912 817 1967 872 4.
2010 816 2180 892 (vers.
2239 823 2343 897 ὰ]
2384 825 2624 898 Disposui
2677 840 3021 894 testamentum
3071 842 3239 901 electis
3291 850 3434 907 meis.

1844 908 2033 965 Dixisti
2079 912 2405 987 (intelligitis
2434 919 2491 991 ¹)
2538 920 2639 977 hoc
2686 932 2892 983 totum:
2939 932 3138 1003 dixisti,
3192 936 3439 1011 Disposui

1852 1006 2195 1061 testamentum
2222 1008 2387 1065 electis
2417 1013 2555 1069 nteis.
2586 1014 2737 1085 Quod
2766 1028 3167 1095 testamentum,
3204 1006 3303 1086 nisi
3333 1049 3433 1090 no-

1841 1096 2011 1156 vum?
2050 1096 2199 1165 Quod
2247 1098 2644 1174 teStamentum,
2698 1111 2798 1167 nisi
2845 1128 2949 1184 quo
2998 1132 3319 1176 renovamur
3365 1125 3434 1181 ad

1840 1201 2030 1244 novam
2077 1192 2478 1252 hazreditatem?
2506 1198 2655 1269 Quod
2696 1211 3071 1264 testamentum
3099 1251 3115 1276 ,
3144 1212 3245 1266 nisi
3283 1215 3437 1284 cujus

1841 1278 2168 1341 haereditatis
2216 1287 2482 1347 desiderio
2524 1301 2579 1349 et
2616 1309 2798 1353 amore
2845 1311 3120 1360 cantamus
3164 1278 3433 1365 canticum

1840 1380 2082 1432 novum?
2126 1377 2385 1450 Disposui,
2438 1383 2629 1455 inquit,
2672 1398 3021 1448 testamentum
3068 1397 3235 1453 electis
3286 1401 3430 1458 meis.

1837 1467 2021 1523 Juravi
2046 1468 2213 1525 David
2238 1489 2378 1527 servo
2405 1491 2532 1531 meo.
2567 1476 2733 1545 Quam
2773 1496 2991 1540 securus
3027 1486 3257 1559 loquitur
3296 1492 3430 1560 iste,

1838 1561 1924 1630 qui
1950 1561 2213 1633 intelligit,
2237 1564 2388 1635 cujus
2410 1581 2470 1622 os
2490 1571 2653 1625 servit
2672 1572 2923 1629 veritati?
2942 1574 3200 1646 Quoniam
3224 1580 3428 1651 dixisti,

1838 1668 2054 1712 securus
2104 1657 2310 1729 loquor.
2350 1657 2407 1716 Si
2451 1677 2697 1718 securum
2734 1682 2818 1721 me
2856 1666 3006 1735 facis,
3053 1670 3175 1741 quia
3212 1672 3429 1742 dixisti;

1836 1759 2036 1819 quanto
2063 1752 2405 1820 securiorem,
2440 1757 2559 1826 quia
2586 1757 2814 1827 jurasti?
2844 1761 2932 1817 Dei
2964 1766 3159 1835 quippe
3182 1766 3381 1838 juratio
3409 1810 3427 1837 ,

1836 1842 2205 1910 promissionis
2249 1858 2331 1903 est
2370 1848 2720 1905 confirmatio.
2753 1854 2894 1910 Bome
2920 1857 3231 1927 prohibetur
3268 1859 3431 1917 homo

1833 1933 2014 2002 jurare
2045 1933 2257 2010 (Matth.
2284 1955 2338 2002 v,
2371 1938 2492 2013 54);
2526 1958 2591 1997 ne
2618 1948 3001 2004 consuetudine
3021 1950 3236 2019 jurandi
3258 1996 3274 2021 ,
3304 1955 3428 2024 quia

1836 2035 2011 2095 potest
2061 2028 2220 2084 homo
2266 2030 2404 2099 falli,
2453 2035 2612 2089 etiam
2665 2038 2717 2092 in
2767 2039 3052 2109 perjurium
3099 2045 3424 2113 prolabatur.

1837 2116 1982 2173 Deus
2010 2121 2156 2176 solus
2186 2137 2407 2181 securus
2427 2124 2590 2196 jurat,
2624 2129 2744 2198 quia
2774 2129 2881 2186 falli
2915 2149 3017 2187 non
3051 2144 3239 2204 potest.

1902 2212 1956 2267 5.
1999 2211 2168 2287 [vers.
2200 2217 2297 2290 5.]
2339 2218 2625 2277 Videamus
2664 2239 2791 2294 ergo
2831 2226 2953 2296 quid
2980 2227 3238 2298 juraterit
3265 2233 3425 2290 Deus.

1829 2300 2028 2372 Juravi,
2079 2308 2265 2379 inquit,
2304 2310 2470 2366 David
2510 2330 2649 2369 servo
2697 2333 2804 2372 meo
2828 2336 2846 2372 :
2894 2336 3047 2393 usque
3094 2324 3148 2378 in
3187 2336 3430 2383 (eternum

1834 2403 2134 2471 prwparabo
2162 2420 2330 2460 semen
2370 2415 2528 2462 tuum.
2563 2409 2757 2465 Semen
2803 2412 2964 2468 David
3010 2417 3150 2487 quod
3189 2430 3290 2486 est,
3326 2422 3430 2478 nisi

1830 2504 2010 2548 semen
2038 2495 2299 2551 Abrahte?
2346 2498 2496 2567 Quod
2540 2512 2718 2558 autem
2749 2519 2931 2561 semen
2964 2508 3227 2564 Ahruh-e?
3256 2511 3321 2566 Et
3348 2530 3431 2569 se-

1830 2584 1972 2648 mini,
1994 2586 2181 2657 inquit,
2205 2598 2309 2655 tuo,
2342 2591 2480 2662 quod
2505 2604 2575 2647 est
2595 2591 2821 2650 Christus
2851 2596 3045 2667 (Colat.
3078 2616 3155 2669 tu,
3182 2602 3297 2672 16).
3319 2602 3426 2660 Sed

1832 2676 1966 2732 forte
1996 2677 2086 2734 ille
2130 2678 2375 2737 Christus
2403 2694 2560 2754 caput
2589 2685 2862 2753 Ecclesia,
2914 2691 3147 2746 salvator
3188 2698 3429 2765 corporis

1833 2766 2047 2842 (Ep/tes.
2079 2787 2131 2838 v,
2164 2770 2278 2844 23),
2320 2788 2504 2830 semen
2548 2786 2631 2831 est
2669 2778 2918 2847 Abrahre,
2974 2791 3028 2837 et
3079 2783 3197 2840 ideo
3228 2786 3422 2855 David;

1831 2875 1930 2915 nos
1950 2870 2125 2917 autem
2173 2879 2278 2917 non
2302 2881 2484 2920 sumus
2533 2882 2713 2922 semen
2747 2870 3009 2926 Abrahae?
3040 2873 3150 2930 lmo
3170 2891 3297 2932 vero
3327 2894 3421 2935 suo

1831 2965 1972 3021 mus,
2000 2956 2139 3010 sicut
2163 2957 2449 3027 Apostolus
2477 2959 2555 3013 ait
2588 2978 2600 3014 :
2635 2960 2699 3016 Si
2721 2971 2887 3017 autem
2926 2979 3011 3018 vos
3054 2965 3258 3033 Christi,
3305 2986 3423 3042 ergo

1831 3045 2047 3102 Aura/ta:
2082 3064 2247 3103 semen
2293 3052 2432 3117 estis,
2463 3052 2736 3107 secundum
2780 3057 3159 3125 promissionem
3202 3061 3427 3117 hwredes

1832 3134 2027 3209 (Galat.
2058 3153 2133 3203 tu,
2174 3139 2289 3213 29).
2340 3141 2428 3196 Sic
2470 3157 2598 3214 ergo
2649 3143 2735 3199 hic
2809 3148 3150 3216 accipiamus,
3211 3150 3423 3220 fratres,

1836 3226 2003 3302 Usque
2019 3233 2071 3286 in
2098 3242 2336 3288 aeternum
2363 3235 2657 3306 prteparabo
2685 3253 2852 3293 semen
2876 3248 3054 3305 tuum;
3077 3257 3181 3296 non
3216 3252 3419 3299 tantum

1831 3325 1973 3380 illam
2030 3340 2245 3381 carnem
2290 3326 2487 3381 Christi
2538 3336 2716 3383 natam
2745 3344 2811 3384 ex
2864 3331 3064 3401 virgine
3104 3334 3287 3404 Maria,
3326 3335 3420 3393 sed

1829 3416 1987 3471 etiam
2016 3431 2113 3472 nos
2142 3432 2329 3473 omnes
2357 3418 2637 3474 credentes
2659 3420 2711 3474 in
2750 3419 3021 3477 Christum
3048 3441 3061 3477 :
3090 3423 3230 3480 illius
3277 3427 3419 3483 enim

1830 3509 2017 3579 capitis
2047 3510 2282 3565 membra
2309 3524 2512 3565 sumus.
2541 3509 2657 3566 Non
2694 3521 2868 3583 potest
2893 3512 2994 3568 hoc
3021 3529 3217 3585 corpus
3242 3517 3423 3574 decol-

1831 3602 1927 3657 lari
1960 3620 1973 3657 :
2005 3603 2048 3657 si
2092 3604 2143 3658 in
2182 3613 2439 3659 a:ternum
2468 3615 2646 3675 caput,
2672 3604 2724 3660 in
2765 3614 3023 3663 aeternum
3050 3611 3345 3680 gloriantur
3367 3622 3424 3671 et

1830 3694 2089 3762 membra,
2148 3704 2203 3750 ut
2247 3695 2318 3750 sit
2365 3695 2454 3751 ille
2492 3695 2737 3752 Christus
2778 3697 2980 3769 integer
3030 3700 3082 3755 in
3140 3710 3422 3760 aiternum.

1836 3786 2002 3859 Usque
2023 3788 2074 3842 in
2090 3797 2332 3843 aeternam
2348 3788 2646 3860 prteparabo
2665 3806 2830 3845 semen
2853 3802 3018 3858 tuum;
3030 3802 3075 3847 et
3089 3794 3349 3863 wdiﬁmbo
3368 3797 3425 3853 in

1829 3882 2195 3952 generationem
2212 3890 2259 3935 et
2271 3882 2646 3953 generationem
2665 3882 2831 3937 sedem
2848 3892 3006 3937 tuam.
3026 3884 3300 3951 Putamus,
3322 3890 3423 3944 hoc

1829 3971 1979 4036 dixit,
2004 3973 2056 4027 in
2074 3981 2337 4038 teternum,
2357 3973 2496 4044 quod
2510 3974 2562 4027 in
2578 3975 2947 4045 generationem
2966 3984 3013 4029 et
3027 3978 3422 4045 generationem;

1829 4065 2078 4137 quoniam
2097 4076 2149 4122 et
2169 4081 2329 4137 supra
2351 4066 2577 4133 dixerat,
2601 4064 2668 4121 In
2693 4070 3061 4138 generationem
3078 4078 3121 4123 et
3135 4072 3420 4142 generatio-

1829 4175 1943 4213 nem
1986 4159 2294 4214 annuntiabo
2323 4159 2579 4215 veritatem
2617 4168 2755 4215 tuam
2798 4161 2851 4217 in
2881 4178 2967 4217 ore
2987 4179 3115 4218 meo.
3139 4164 3275 4233 Quid
3314 4173 3420 4234 est,

1830 4252 1881 4306 in
1909 4253 2280 4323 generationem
2304 4261 2350 4307 et
2388 4250 2797 4324 generationem?
2825 4252 2881 4309 ln
2931 4270 3143 4312 omnem
3191 4271 3421 4328 genera-

1830 4347 2049 4403 tionem.
2079 4345 2193 4401 Non
2243 4346 2387 4401 enim
2420 4346 2577 4401 toties
2629 4347 2975 4417 repetendum
3028 4359 3145 4405 erat
3174 4352 3418 4423 verbum,

1830 4438 2035 4511 quoties
2063 4438 2336 4509 generatio
2367 4438 2511 4493 venit
2539 4446 2592 4493 et
2623 4439 2827 4493 transit.
2879 4438 3018 4511 Ergo
3050 4442 3421 4512 multiplicatio

1828 4533 2231 4604 generationum
2259 4533 2327 4587 in‘
2354 4532 2670 4604 repetitione
2716 4532 3009 4604 significata
3048 4545 3100 4591 et
3142 4551 3420 4595 commen-

1829 4627 1949 4683 data
1973 4636 2073 4683 est.
2098 4628 2177 4682 An
2203 4626 2336 4682 forte
2353 4625 2472 4681 dua:
2496 4626 2870 4697 generationes
2885 4637 3010 4682 sunt
3038 4628 3419 4701 intelligendas,

1830 4722 1966 4779 sicut
2001 4720 2192 4787 nostis,
2224 4720 2363 4775 sicut
2395 4718 2506 4789 jam
2554 4719 2877 4774 insinuatum
2921 4729 3112 4776 vestrm
3163 4721 3419 4779 Charitati

1830 4814 2103 4872 retinetis?
2126 4814 2216 4869 Est
2246 4813 2387 4868 enim
2427 4812 2702 4883 generatio
2738 4827 2878 4867 nunc
2905 4812 3101 4879 carnis,
3131 4814 3420 4885 etsangui-

1830 4908 1946 4975 nis;
1977 4908 2080 4964 erit
2106 4904 2380 4979 generatio
2425 4904 2600 4959 futura
2643 4904 2695 4960 in
2740 4905 3133 4961 resurrectione
3184 4917 3421 4962 mortuo-

1831 5016 1970 5057 rum.
2003 4999 2329 5056 Prtcdieatur
2358 4996 2446 5053 hic
2472 4997 2752 5063 Christus;
2790 4998 3160 5069 pradicabitur
3185 4997 3255 5052 ibi
3282 5015 3295 5051 :
3325 4998 3419 5052 sed

1831 5095 1918 5151 hic
1945 5093 2280 5167 praedicatur,
2311 5101 2371 5148 ut
2412 5090 2691 5154 credatur;
2720 5090 2791 5145 ibi
2836 5087 3226 5160 prtedicahitnr.
3259 5099 3314 5144 ut
3340 5090 3419 5145 vi-

1831 5188 2039 5245 deatur.
2069 5185 2363 5255 zEdi/icabo
2389 5185 2442 5239 in
2483 5184 2849 5256 generationem
2877 5192 2923 5236 et
2954 5182 3323 5253 generationem
3344 5199 3421 5237 se-

1831 5282 1943 5336 dem
1974 5289 2131 5335 tuam.
2185 5277 2336 5333 Nunc
2385 5275 2635 5331 Christus
2684 5272 2846 5329 habet
2902 5273 2953 5327 in
3010 5273 3160 5329 nobis
3212 5273 3419 5341 sedem,

1831 5372 2088 5428 tediiicala
2109 5380 2188 5425 est
2216 5368 2372 5424 sedes
2399 5368 2516 5438 ejus
2566 5366 2619 5420 in
2648 5364 2801 5421 nobis
2830 5382 2843 5419 :
2881 5365 2977 5420 nisi
3023 5365 3165 5420 enim
3211 5366 3423 5423 sederet

1833 5466 1885 5520 in
1914 5464 2088 5529 nobis,
2116 5478 2221 5518 non
2252 5475 2351 5517 nos
2374 5466 2616 5531 regeret;
2641 5457 2686 5513 si
2715 5466 2892 5514 autem
2916 5458 3096 5514 abillo
3129 5474 3233 5513 non
3264 5474 3417 5528 rege-

1832 5574 2033 5626 remur,
2057 5573 2086 5612 a
2115 5555 2268 5612 nobis
2309 5554 2438 5624 ipsis
2477 5552 2955 5625 prtecipitaremur.
2983 5552 3143 5607 Sedet
3195 5568 3322 5621 ergo
3368 5552 3419 5607 in

1895 5667 2260 5730 itidd.,ni.cisti,
2286 5664 2569 5730 intellexisti
2595 5679 2614 5718 :
2636 5665 2725 5718 hoc
2744 5673 2895 5730 totum
2918 5664 3102 5730 diristi.
3132 5673 3330 5730 states,
3348 5664 3423 5717 in-

1830 5727 2071 5799 telligitis';
2086 5732 2297 5799 quidam,
2320 5728 2628 5799 intelligimus
2650 5742 2786 5799 :_nec
2806 5728 2932 5799 aliud
2958 5728 3058 5799 vult
3082 5727 3306 5799 intelligi.
3328 5730 3421 5799 nisi

1830 5750 1909 5789 tell
1962 5750 2297 5796 ttts;qutuam,
2320 5750 2628 5796 tuteutgtmus
2650 5750 2667 5780 .'
2693 5750 2786 5780 nec
2806 5750 2932 5779 auuu
2959 5750 3058 5777 vuu.
3082 5750 3306 5799 tuteutgt,
3330 5750 3421 5780 una

1830 5750 1958 5865 (ιιιῶ
1984 5796 2281 5860 praemissum
2304 5795 2508 5844 verbum
2531 5795 2578 5844 in
2594 5792 2644 5859 ᾗ.
2661 5792 2710 5856 5,
2725 5790 2909 5854 dixisti,
2925 5798 3117 5855 spectet
3136 5799 3256 5843 istos
3275 5793 3422 5846 etim

1833 5863 2191 5926 Subsequentes
2213 5867 2407 5911 versus.
3424 5870 3425 5875 ‘
