4132 6462
711 491 887 556 nobis,
917 502 1146 559 regnans
1172 484 1223 543 in
1247 483 1395 541 nobis
1423 504 1434 538 :
1464 482 1615 540 sedet
1664 484 1823 539 etiam
1854 484 1907 538 in
1947 483 2046 537 alia
2070 498 2295 555 genera-

714 584 877 651 tione,
930 598 1047 653 qua:
1102 580 1261 636 fuerit
1310 593 1375 632 ex
1416 577 1803 632 resurrectione
1851 585 2203 632 mortuorum.
2243 576 2301 633 In

711 684 969 729 :I‘ternum
997 670 1244 726 Christus
1272 668 1513 739 regnabit
1539 670 1590 723 in
1623 668 1821 723 sanctis
1851 669 1982 723 suis.
2035 666 2148 724 Hoc
2172 683 2300 739 pro-

710 767 856 822 misit
884 767 1045 831 Deus,
1082 764 1181 819 hoc
1225 763 1361 818 dixit
1415 763 1552 818 Deus
1595 785 1607 816 :
1638 764 1680 817 si
1708 778 1895 834 parum
1930 771 2031 831 est,
2086 762 2189 820 hoc
2212 763 2300 834 ju-

710 858 845 912 ravit
874 856 1035 911 Deus.
1066 855 1198 922 Quia
1226 870 1352 926 ergo
1377 871 1485 910 non
1533 853 1826 910 secundum
1859 855 2049 910 merita
2095 865 2298 920 nostra,

710 946 805 1003 sed
835 947 1129 1003 secundum
1155 947 1296 1002 illius
1318 945 1733 1002 misericordiam
1763 948 1913 1001 lirma
1954 954 2037 1001 est
2067 946 2300 1018 promis-

710 1042 827 1107 sio;
861 1056 1016 1095 nemo
1042 1038 1347 1096 debetcum
1390 1039 1738 1110 trepidatione
1790 1038 2100 1109 praedicare,
2159 1037 2302 1093 unde

710 1148 818 1189 non
850 1142 1026 1205 potest
1068 1132 1331 1189 dubitare.
1384 1120 1506 1187 Fiat
1546 1146 1674 1203 ergo
1722 1130 1774 1185 in
1810 1130 2061 1185 cordibus
2105 1129 2302 1185 nostris

709 1226 873 1283 robur
917 1227 1069 1291 illud,
1119 1225 1260 1282 unde
1287 1223 1485 1281 Ethan
1527 1239 1721 1279 nomen
1774 1222 2001 1294 accepit,
2030 1221 2302 1277 Robustus

710 1318 917 1375 corde:
953 1317 1305 1389 praedicemus
1369 1317 1647 1372 veritatem
1705 1315 1823 1381 Dei,
1864 1315 2132 1386 eloquium
2182 1314 2298 1381 Dei,

710 1411 972 1483 promissa
999 1410 1114 1478 Dei,
1137 1409 1462 1481 jurationem
1490 1406 1617 1474 Dei;
1641 1415 1693 1462 et
1731 1406 1814 1461 his
1843 1405 2015 1461 modis
2056 1405 2202 1459 omni
2236 1419 2299 1459 ex

709 1513 859 1573 parte
888 1502 1081 1558 ﬁrmati
1132 1501 1500 1573 praedicemus,
1550 1507 1604 1557 et
1651 1499 1913 1571 portando
1945 1499 2135 1568 Deum,
2182 1497 2300 1555 cteli

850 1612 895 1648 S.

850 1612 895 1648 s.

709 1608 844 1741 sui]:
874 1684 1044 1759 [rem
1073 1684 1168 1760 6.]
1207 1684 1587 1756 Conﬁtebuntur
1620 1684 1731 1738 caeli
1760 1682 2010 1737 mirabilia
2039 1691 2126 1736 tua
2149 1725 2163 1751 ,
2197 1681 2303 1737 Do-

708 1778 861 1831 mine.
889 1775 1003 1832 Non
1035 1778 1222 1831 merita
1252 1790 1346 1831 sua
1372 1774 1767 1831 conﬁtebuntur
1794 1773 1936 1841 coeli,
1967 1773 2060 1829 sed
2096 1773 2304 1843 conﬁte-

709 1868 897 1922 buntur
919 1866 1032 1923 caeli
1052 1867 1303 1923 mirabilia
1329 1875 1435 1932 tua,
1466 1865 1699 1921 Domine.
1725 1864 1784 1921 In
1810 1866 1955 1921 omni
1980 1866 2122 1922 enim
2145 1866 2305 1922 mise-

708 1961 936 2017 ricordia
967 1960 1289 2032 perditorum
1312 2002 1325 2026 ,
1355 1961 1407 2015 in
1430 1957 1807 2030 justiﬁcatione
1837 1957 2143 2028 impiorum,
2177 1958 2301 2029 quid

710 2051 988 2108 laudamus
1018 2051 1120 2107 nisi
1150 2052 1409 2107 mirabilia
1442 2049 1578 2105 Dei?
1604 2048 1812 2105 Laudas
1841 2051 1960 2120 quia
1993 2064 2301 2106 resurrexe-

709 2151 836 2199 runt
862 2143 1051 2198 mortui
1084 2160 1098 2209 ;
1133 2143 1250 2214 plus
1290 2141 1443 2197 lauda
1470 2142 1591 2213 quia
1635 2140 1893 2211 redempti
1922 2148 2045 2196 sunt
2090 2142 2302 2211 perditi.

709 2232 838 2299 Quae
866 2234 1030 2304 gratia
1054 2275 1067 2299 ,
1110 2248 1228 2303 qum
1262 2231 1625 2289 misericordia
1665 2231 1796 2287 Dei!
1829 2230 1989 2288 Vides
2031 2228 2302 2288 hominem

710 2323 827 2380 lteri
871 2326 1179 2395 voraginem
1214 2324 1556 2390 ebriositatis,
1595 2321 1755 2379 hodie
1800 2331 2169 2379 ornamentum
2213 2338 2303 2380 so-

706 2414 947 2471 brietatis
973 2434 985 2470 :
1017 2415 1165 2471 vides
1191 2416 1459 2471 hominem
1487 2414 1602 2470 heri
1632 2426 1842 2471 caenum
1871 2415 2113 2481 luxuriae,
2146 2414 2303 2477 hodie

706 2504 870 2561 decus
896 2509 1296 2578 temperantiae:
1328 2505 1477 2562 vides
1514 2505 1786 2562 hominem
1827 2504 1942 2561 heri
1971 2505 2303 2576 blasphema-

707 2608 876 2655 torem
924 2599 1038 2669 Dei,
1086 2598 1245 2655 hodie
1308 2598 1637 2655 laudatorem
1684 2597 1815 2654 Del:
1845 2597 1993 2653 vides
2029 2596 2301 2654 hominem

707 2693 827 2751 heri
853 2705 1064 2751 serrum
1094 2702 1352 2749 creatura:
1376 2736 1391 2760 ,
1418 2690 1578 2748 hodie
1604 2692 1861 2748 cultorem
1889 2689 2181 2747 Creatoris.
2216 2691 2300 2749 Ab

706 2788 823 2845 istis
850 2787 1096 2843 omnibus
1124 2785 1585 2857 desperationibus
1607 2784 1682 2839 ita
1707 2784 1953 2840 homines
1982 2792 2304 2840 convertun-

706 2891 829 2937 tnr:
864 2896 969 2936 non
1010 2880 1297 2948 respiciant
1332 2878 1398 2933 ad
1452 2876 1641 2933 merita
1686 2889 1814 2944 sua;
1848 2877 1975 2932 ﬁant
2003 2876 2146 2945 coeli,
2174 2891 2303 2932 con-

704 2974 955 3030 ﬁteantnr
991 2971 1118 3029 eceli
1160 2968 1419 3025 mirabilia
1459 2969 1575 3039 ejus
1616 2982 1647 3023 a
1695 2982 1802 3040 quo
1832 2967 1955 3024 facti
1996 2977 2120 3024 sunt
2156 2970 2297 3025 coeli.

708 3066 960 3134 Quoniam
984 3063 1177 3131 videbo,
1202 3061 1392 3134 inquit,
1422 3059 1593 3129 caelos,
1622 3076 1773 3131 Opera
1795 3061 2069 3134 digitorum
2098 3069 2301 3116 tuorum

704 3153 877 3231 (Psal.
904 3170 996 3210 vm
1019 3195 1033 3220 ,
1064 3152 1142 3225 ι).
1191 3151 1572 3222 Conﬁtebuntur
1614 3152 1726 3212 cteli
1761 3151 2014 3209 mirabilia
2051 3159 2157 3220 tua,
2188 3150 2299 3206 Do-

703 3249 856 3304 mine.
885 3247 956 3304 Et
996 3255 1054 3303 ut
1085 3246 1343 3303 noveritis
1375 3245 1465 3316 qui
1504 3245 1624 3301 coeli
1654 3244 2049 3300 conﬁtebuntur
2072 3286 2088 3313 ,
2118 3243 2296 3302 videte

703 3340 795 3397 ubi
824 3338 1216 3396 conﬁteantur:
1249 3338 1487 3409 sequitur
1511 3337 1672 3402 enim,
1703 3334 1771 3390 Et
1795 3336 2051 3391 veritatem
2077 3346 2216 3392 tuam
2243 3338 2299 3392 in

703 3434 909 3490 ecclesia
936 3443 1242 3488 sanctorum.
1275 3431 1351 3487 De
1377 3430 1527 3487 ccelis
1553 3444 1681 3501 ergo
1710 3429 1853 3490 nulla
1883 3429 2143 3486 dubitatio
2171 3439 2254 3486 est
2278 3473 2293 3499 ,

703 3524 955 3596 quoniam
976 3522 1339 3594 intelligantur
1366 3518 1747 3592 praedicatores
1770 3520 1915 3576 verbi
1943 3520 2201 3576 veritatis.
2231 3520 2297 3575 Et

703 3614 793 3671 ubi
843 3613 1236 3671 conﬁtebuntur
1286 3612 1407 3669 coeli
1458 3610 1718 3674 mirabilia
1773 3620 1860 3667 tua
1912 3621 1965 3668 et
2017 3610 2295 3668 veritatem

702 3707 892 3764 tuam?
916 3706 984 3763 In
1011 3707 1219 3763 ecclesia
1249 3708 1560 3762 sanctorum.
1592 3704 1833 3776 Excipiet
1862 3705 2097 3761 Ecclesia
2118 3720 2294 3761 rorem

702 3802 1000 3868 cmlorum;
1052 3799 1249 3856 sitienti
1298 3802 1453 3855 terra:
1501 3797 1687 3870 plttant
1737 3797 1880 3865 coeli,
1928 3800 1982 3853 et
2035 3798 2297 3869 germinet

704 3895 976 3966 excipiens
1001 3893 1233 3965 pluviam
1261 3893 1497 3964 germina
1518 3890 1677 3959 bona,
1709 3904 1871 3961 opera
1900 3889 2037 3946 bona
2063 3907 2074 3942 :
2104 3904 2171 3944 ne
2199 3904 2297 3960 pro

701 3987 837 4051 bona
863 3987 1039 4059 pluvia
1059 3986 1148 4043 det
1168 3986 1369 4057 spinas,
1393 3995 1445 4042 et
1466 4000 1562 4057 pro
1583 3983 1779 4042 horreo
1799 3991 2073 4055 exspectet
2093 3983 2290 4055 ignem.

700 4080 1077 4149 Conﬁtebuntur
1109 4078 1220 4135 cali
1246 4079 1496 4133 mirabilia
1540 4087 1660 4146 tua,
1692 4075 1926 4145 Domine,
1957 4086 2002 4131 et
2039 4078 2295 4132 veritatem

701 4180 838 4226 tuam
880 4174 934 4227 in
977 4173 1183 4228 ecclesia
1218 4182 1525 4227 sanctorum.
1569 4170 1705 4228 Caeli
1749 4184 1875 4242 ergo
1903 4169 2296 4227 conﬁtebuntur

699 4264 960 4321 mirabilia
1006 4272 1097 4321 tua
1144 4274 1199 4322 et
1248 4266 1525 4321 veritatem
1578 4272 1747 4319 tuam.
1796 4264 1991 4320 Totum
2038 4265 2292 4335 quidquid

699 4356 989 4429 praedicant
1017 4358 1138 4415 coeli
1164 4398 1178 4423 ,
1226 4372 1291 4414 ex
1317 4366 1370 4414 te
1399 4366 1514 4423 est,
1545 4356 1611 4411 de
1640 4365 1692 4411 te
1722 4364 1839 4423 est;
1870 4365 1926 4412 et
1967 4355 2087 4413 ideo
2117 4357 2291 4412 securi

700 4452 1029 4524 praedicant:
1074 4454 1273 4508 norunt
1299 4452 1441 4509 enim
1482 4465 1641 4521 quem
1672 4449 1963 4521 praedicant
1985 4491 2000 4519 ,
2032 4451 2154 4520 quia
2184 4464 2289 4507 non

698 4552 923 4614 possunt
950 4543 1019 4600 de
1046 4543 1333 4615 praedicam
1361 4542 1699 4599 erubescere.

774 4635 826 4689 7.
860 4633 882 4708 [
907 4646 1034 4691 vers.
1062 4634 1115 4689 '7.
1142 4630 1164 4708 ]
1194 4633 1330 4704 Quid
1379 4633 1671 4705 przedicant
1719 4634 1839 4689 cceli
1865 4634 1888 4688 ‘l
1918 4633 2041 4704 quid
2070 4634 2291 4691 conﬁte—

699 4726 897 4784 buntur
924 4727 976 4782 in
1012 4726 1239 4782 ecclesia
1286 4726 1637 4782 sanctorum?
1686 4724 1938 4792 Quoniam
1976 4726 2089 4797 quis
2120 4726 2174 4781 in
2190 4744 2287 4781 nu-

698 4820 841 4875 bibus
863 4820 1144 4891 aequabitur
1164 4818 1384 4873 Domino
1416 4818 1440 4873 ?
1469 4818 1700 4874 Hoccine
1723 4817 1843 4873 caeli
1876 4817 2285 4886 conﬁtebuntur,

698 4912 801 4969 hoc
828 4912 949 4968 cceli
968 4912 1149 4983 pluent
1171 4909 1195 4965 Ἰ
1218 4908 1355 4978 Quid
1376 4909 1400 4965 ?
1430 4909 1680 4978 Quoniam
1693 4910 1803 4982 quis
1828 4910 1880 4965 in
1894 4910 2111 4965 nubibus
2128 4926 2290 4983 aqua-

700 5004 837 5059 bitur
891 5000 1149 5058 Domino?
1196 5001 1321 5058 Inde
1370 5002 1544 5057 securi
1594 5001 1989 5072 przedicatores,
2038 5004 2286 5074 quoniam

701 5111 860 5151 nemo
888 5096 939 5150 in
963 5095 1193 5151 nubibus
1226 5092 1519 5166 aequabitur
1563 5090 1807 5149 Domino.
1840 5094 2026 5165 Magna
2053 5095 2168 5150 laus
2194 5110 2289 5149 vo-

698 5187 782 5243 bis
837 5188 1065 5251 videtur,
1112 5187 1321 5254 fratres,
1377 5202 1483 5241 non
1509 5186 1706 5255 :equari
1744 5184 1911 5241 nubes
1936 5186 2197 5241 Creatori.
2228 5185 2287 5242 Si

699 5277 1027 5349 intelligatur
1055 5278 1171 5335 sine
1221 5277 1475 5350 mysterio
1515 5276 1581 5332 ad
1624 5275 1881 5343 litteram,
1934 5294 2039 5334 non
2091 5294 2284 5350 magna

699 5369 817 5425 lans
871 5379 974 5438 est,
1026 5369 1255 5425 Domino
1293 5385 1398 5425 non
1446 5368 1645 5440 aequari
1697 5368 1883 5425 nubes.
1931 5369 2065 5437 Quid
2099 5370 2285 5426 enim?

698 5462 868 5519 stella:
884 5477 1001 5533 qua:
1027 5470 1151 5518 sunt
1175 5476 1332 5533 supra
1356 5461 1524 5517 nubes
1545 5470 1821 5532 :equantur
1850 5463 2072 5518 Domino
2099 5464 2122 5519 ?
2147 5464 2283 5532 Quid

699 5552 887 5609 enim?
915 5553 1017 5618 sol,
1051 5552 1194 5620 luna,
1241 5554 1446 5625 Angeli,
1484 5553 1628 5621 coeli,
1680 5554 1767 5610 vel
1800 5556 2094 5625 comparari
2129 5565 2281 5626 pote-

696 5657 823 5702 runt
851 5646 1121 5704 Domino?
1147 5646 1282 5716 Quid
1303 5656 1385 5702 est
1410 5645 1549 5717 quod
1579 5659 1676 5717 pro
1701 5661 1893 5719 magno
1917 5648 2010 5715 ait,
2034 5646 2284 5717 Quoniam

697 5755 811 5811 quas
836 5740 893 5796 in
920 5740 1134 5797 nubibus
1183 5739 1458 5812 wquabitur
1483 5736 1703 5794 Domino
1731 5738 1759 5794 7
1787 5738 2148 5813 lntelligimus,
2178 5739 2282 5795 fra-

698 5838 834 5905 tres,
856 5832 1025 5894 nubes
1050 5833 1183 5893 istas
1208 5833 1347 5894 sicut
1391 5832 1579 5903 ctelos,
1603 5832 1974 5905 praedicatores
2000 5848 2119 5892 esse
2143 5833 2281 5894 veri-

1948 370 2005 427 S.
2045 368 2411 427 AUGUS’I‘INI
2450 370 2752 432 EPISCOPI

2413 489 2571 555 tatis;
2622 489 2914 561 Prophetas
2946 533 2961 557 ,
3019 491 3329 563 Apostolos,
3380 499 3781 558 annuutiatores
3836 509 3959 567 verbi

2408 581 2524 638 Dei.
2549 582 2680 639 Nam
2709 584 2807 640 ista
2834 587 3009 642 omnia
3033 603 3224 658 genera
3247 590 3651 659 praedicatorum
3675 596 3837 654 nubes
3863 618 3959 660 esse

2406 673 2596 743 dictas,
2627 692 2691 731 ex
2722 677 2809 732 illa
2833 680 3109 748 prophetia
3151 681 3514 753 intelligimus,
3539 685 3623 741 ubi
3656 687 3795 746 Deus
3820 692 3960 751 iratus

2408 764 2574 821 vinea:
2601 781 2710 822 suae
2747 767 2899 833 dixit,
2933 768 3190 826 Mandabo
3215 774 3426 829 nubibus
3454 777 3575 831 meis
3603 795 3668 834 ne
3699 781 3864 849 pluant
3889 804 3960 839 su-

2408 874 2626 928 peream
2662 861 3085 934 imbrem:quam
3117 864 3325 921 vineam
3368 868 3598 936 explicat
3639 880 3695 925 et
3745 873 3957 947 designat

2406 952 2763 1022 apertissime,
2793 954 2997 1020 dicens,
3062 955 3218 1011 Vinea
3272 957 3475 1015 Domini
3514 960 3756 1030 Sabaoth,
3805 968 3956 1026 domas

2406 1044 2577 1100 Israel
2601 1056 2670 1100 est
2695 1045 2844 1118 (Isai.
2874 1064 2926 1115 v,
2946 1048 3001 1115 6,
3022 1048 3096 1120 7).
3118 1048 3196 1104 Ne
3217 1059 3269 1104 tu
3296 1050 3452 1109 aliter
3473 1053 3737 1126 intelligas
3754 1059 3955 1131 vineam,

2406 1149 2459 1195 et
2485 1140 2686 1196 relictis
2711 1141 3015 1196 hominibus
3049 1144 3066 1175 ¹
3092 1145 3400 1214 signiﬁcatis
3449 1157 3644 1203 terram
3693 1157 3953 1211 scrutaris:

2417 1234 2595 1303 Vinea,
2627 1236 2814 1307 inquit,
2848 1236 3051 1292 Domini
3083 1238 3329 1309 Sabaoth,
3352 1240 3532 1297 domus
3552 1242 3718 1299 Israel
3756 1256 3841 1301 est.
3860 1248 3954 1305 Non

2408 1326 2662 1398 intelligat
2690 1327 2853 1395 aliud,
2872 1341 2929 1383 se
2959 1328 3214 1400 intelligat
3239 1330 3431 1388 domus
3454 1333 3613 1390 Israel
3630 1351 3747 1391 esse
3777 1338 3951 1395 vineam

2407 1434 2579 1474 meam
2603 1436 2617 1485 ;
2650 1434 2707 1474 se
2735 1420 2986 1490 intelligat
3010 1421 3139 1475 mihi
3164 1437 3267 1477 non
3294 1422 3507 1480 dedisse
3536 1441 3711 1492 uvam,
3744 1429 3833 1484 sed
3859 1432 3951 1500 Spi-

2406 1526 2535 1576 nas;
2566 1524 2624 1566 se
2647 1510 2905 1582 intelligat
2951 1511 3209 1583 ingratam
3236 1515 3503 1573 exstitisse
3520 1518 3800 1587 plantatori
3823 1529 3951 1592 atque

2406 1603 2619 1671 cultori,
2652 1604 2911 1675 ingratam
2960 1605 3229 1661 exstitisse
3273 1608 3556 1678 irrigatori.
3604 1609 3803 1680 Ergosi
3838 1604 3952 1669 vinea

2406 1692 2615 1750 Domini
2640 1694 2887 1764 Sabaoth,
2912 1696 3089 1751 domus
3132 1694 3298 1752 Israel
3323 1709 3415 1765 est,
3447 1698 3572 1770 quid
3613 1700 3747 1758 dixit
3773 1703 3951 1763 iratust

2406 1786 2665 1843 Mandabo
2707 1788 2920 1844 nubibus
2947 1790 3067 1845 meis
3111 1807 3174 1845 ne
3192 1792 3371 1861 pluant
3411 1810 3565 1863 super
3612 1812 3724 1850 eam
3756 1798 3949 1856 imbrem.

2406 1883 2474 1939 Et
2502 1898 2685 1939 revera
2710 1882 2780 1938 ita
2806 1882 2929 1939 fecit
2959 1902 2972 1939 :
2997 1883 3145 1939 missi
3187 1887 3573 1968 suntApostoli
3622 1898 3951 1963 tanquamnu-

2407 1974 2523 2043 bes,
2555 1986 2611 2030 ut
2640 1975 2884 2046 pluerent
2905 1975 3102 2032 Iudaeis
3127 1994 3141 2043 ;
3165 1978 3306 2033 etilli
3341 1980 3557 2035 verbum
3590 1982 3686 2037 Dei
3722 1986 3950 2055 repellen-

2410 2078 2490 2125 tes
2515 2069 2637 2139 quia
2666 2085 2762 2139 pro
2793 2084 2892 2124 uva
2939 2072 3119 2140 spinas
3146 2070 3299 2127 dede:
3314 2081 3428 2140 unt,
3458 2073 3706 2131 dixerunt
3728 2077 3948 2148 Apostoli,

2406 2160 2489 2214 Ad
2511 2177 2598 2216 vos
2626 2162 2765 2217 missi
2811 2178 3049 2228 eramus;
3080 2164 3167 2220 sed
3202 2166 3321 2235 quia
3357 2167 3613 2238 repulistis
3648 2170 3836 2227 verbum
3860 2170 3947 2238 Dei,

2406 2254 2537 2307 imus
2553 2253 2621 2307 ad
2649 2253 2831 2310 Gentes
2858 2255 2877 2325 (
2909 2256 3018 2309 Act.
3054 2272 3171 2323 xm,
3202 2258 3270 2313 46
3298 2256 3337 2331 ).
3363 2259 3439 2314 Ex
3462 2259 3555 2315 illo
3578 2274 3845 2332 coeperunt
3867 2279 3947 2319 nu-

2408 2343 2505 2401 bes
2525 2360 2629 2400 non
2678 2346 2861 2416 pluere
2890 2346 3122 2417 pluviam
3175 2363 3335 2419 super
3369 2350 3574 2407 vineam
3606 2354 3765 2409 illam.
3805 2356 3853 2411 Si
3878 2356 3949 2427 igi-

2406 2444 2493 2492 tur
2508 2436 2677 2493 nubes
2706 2445 2831 2493 sunt
2857 2438 3231 2509 praedicatores
3262 2441 3522 2511 veritatis,
3549 2459 3838 2515 quaeramus
3868 2448 3949 2518 pri-

2407 2546 2497 2587 mo
2517 2546 2682 2603 quare
2702 2531 2808 2587 sint
2826 2532 3015 2589 nubes.
3035 2532 3198 2589 Iidem
3221 2536 3416 2606 quippe
3439 2537 3580 2603 caeli,
3604 2539 3759 2595 iidem
3779 2540 3945 2604 nubes:

2405 2624 2528 2681 cteli
2554 2635 2772 2696 propter
2792 2624 3050 2697 fulgorem
3078 2628 3334 2697 veritatis,
3352 2630 3518 2688 nubes
3544 2642 3761 2705 propter
3780 2634 3947 2691 occulta

2405 2717 2583 2775 cannis
2617 2737 2630 2773 :
2664 2719 2833 2775 nubes
2885 2720 3028 2775 enim
3055 2735 3241 2778 omnes
3273 2723 3543 2780 nebulosa:
3584 2736 3730 2795 sunt,
3772 2738 3947 2799 propter

2406 2812 2782 2869 mortalitatem
2813 2830 2829 2880 ;
2876 2823 2930 2869 et
2957 2817 3195 2879 veniunt,
3220 2825 3275 2872 et
3302 2824 3595 2875 transeunt.
3629 2820 3841 2893 Propter
3858 2823 3943 2892 ipsa

2406 2909 2612 2965 occulta
2629 2908 2825 2977 carnis,
2859 2908 2909 2963 id
2922 2918 3023 2974 est,
3047 2911 3252 2966 occulta
3273 2913 3518 2980 nubium,
3549 2915 3628 2970 ait
3657 2917 3908 2987 Apostolus
3932 2934 3943 2970 :

2407 2999 2585 3056 Nolite
2605 3013 2719 3056 ante
2770 3011 2965 3074 tempus
2997 3003 3269 3073 quidquam
3304 3004 3560 3076 judicare,
3619 3009 3769 3064 donec
3817 3011 3945 3064 veniat

2403 3091 2676 3160 Dominus,
2724 3101 2770 3147 et
2809 3094 3069 3149 illuminet
3102 3097 3395 3153 abscondita
3444 3100 3793 3175 tenebrarum(
3819 3101 3940 3157 lCor.

2403 3181 2764 3259 tv,5).Nunc
2787 3201 2915 3256 ergo
2940 3186 3066 3256 quid
3109 3188 3353 3259 loquatur
3406 3190 3586 3261 homo,
3634 3194 3798 3261 vides;
3846 3192 3943 3265 quid

2401 3286 2573 3347 gestet
2598 3277 2650 3332 in
2670 3276 2851 3342 corde,
2873 3293 2980 3333 non
3010 3278 3156 3335 vides
3190 3298 3203 3333 :
3231 3279 3372 3351 quod
3394 3284 3710 3354 eXprimitur
3733 3286 3795 3341 de
3813 3285 3938 3351 nube,

2403 3368 2553 3425 vides
2592 3387 2605 3436 ;
2636 3369 2776 3441 quod
2798 3380 3038 3426 servatur
3064 3373 3114 3426 in
3142 3373 3302 3441 nube,
3336 3390 3441 3431 non
3470 3377 3644 3435 vides.
3670 3378 3819 3450 Cujus
3831 3378 3941 3433 enim

2401 3461 2540 3517 oculi
2567 3461 2760 3517 nubem
2786 3463 3112 3532 penetrant?
3141 3462 3284 3535 Ergo
3333 3466 3502 3523 nubes
3527 3469 3578 3524 in
3609 3485 3765 3527 carne
3783 3471 3939 3541 praedi-

2401 3562 2608 3609 catores
2647 3554 2907 3611 veritatis.
2948 3555 3103 3612 Venit
3144 3566 3198 3613 et
3246 3558 3358 3629 ipse
3397 3562 3638 3618 omnium
3668 3564 3867 3619 Greater
3901 3562 3939 3616 in

2400 3661 2580 3702 carne.
2608 3644 2713 3703 Sed
2753 3647 2864 3715 quis
2905 3648 2957 3702 in
2987 3648 3200 3704 nubibus
3247 3654 3525 3725 aequabitur
3570 3654 3783 3710 Domino
3803 3656 3825 3709 ?
3845 3655 3940 3721 Qui:

2400 3753 2528 3809 ergo
2556 3739 2610 3793 in
2639 3737 2850 3794 nubibus
2885 3742 3166 3811 aequabitur
3195 3740 3414 3798 Domino
3431 3745 3457 3799 ?
3478 3756 3524 3799 et
3550 3749 3664 3817 quis
3688 3748 3849 3803 similis
3869 3746 3940 3799 erit

2399 3829 2620 3885 Domino
2648 3832 2699 3885 in
2716 3832 2835 3900 ﬁliis
2861 3830 3002 3886 Dei?
3038 3834 3176 3904 Ergo
3216 3850 3372 3891 nemo
3401 3837 3453 3891 in
3500 3836 3627 3894 ﬁliis
3657 3839 3746 3894 Dei
3786 3836 3939 3892 similis

2400 3922 2502 3978 erit
2523 3921 2659 3977 Filio
2686 3922 2798 3977 Dei.
2832 3922 2897 3977 Et
2924 3924 3037 3993 ipse
3065 3923 3240 3980 dictus
3286 3935 3368 3982 est
3418 3927 3583 3984 Filius
3641 3931 3748 3997 Dei,
3792 3939 3839 3984 et
3862 3940 3938 3982 nos

2398 4012 2523 4069 dicti
2548 4028 2730 4068 sumus
2769 4012 2859 4068 ﬁlii
2912 4014 3004 4071 Dei
3035 4030 3049 4081 ;
3079 4015 3172 4071 sed
3205 4018 3316 4087 quis
3342 4019 3522 4073 similis
3558 4024 3655 4075 erit
3674 4020 3871 4076 Domino
3894 4020 3935 4073 in

2398 4108 2519 4177 ﬁliis
2549 4106 2689 4160 Dei?
2714 4107 2806 4163 Ille
2827 4108 3033 4177 unicus,
3066 4124 3163 4165 nos
3212 4111 3361 4166 multi
3391 4128 3406 4176 ;
3440 4113 3531 4169 ille
3579 4131 3736 4183 unus,
3784 4128 3867 4170 nos
3889 4112 3931 4166 in

2399 4199 2490 4254 illo
2512 4216 2675 4254 unum
2708 4216 2722 4266 ;
2752 4201 2840 4257 ille
2868 4211 3042 4270 natus,
3088 4218 3184 4257 nos
3226 4205 3463 4275 adoptati
3497 4222 3513 4273 ;
3545 4207 3639 4265 ille
3671 4209 3734 4265 ab
3772 4216 3936 4263 aeterno

2398 4291 2565 4348 Filius
2591 4294 2801 4364 genitus
2833 4311 2928 4363 per
2953 4305 3217 4364 naturam,
3246 4313 3345 4355 nos
3375 4316 3404 4355 a
3449 4310 3690 4372 tempore
3735 4302 3839 4357 lacti
3862 4314 3937 4370 per

2396 4385 2619 4455 gratiam
2645 4402 2659 4451 ;
2687 4386 2771 4441 ille
2797 4386 2912 4442 sine
2936 4388 3042 4443 ullo
3065 4399 3303 4458 peccato,
3337 4406 3434 4446 nos
3470 4407 3565 4463 per
3586 4393 3733 4449 illum
3762 4388 3933 4449 liberati

2396 4495 2426 4535 a
2457 4489 2693 4551 peccato.
2728 4480 2854 4547 Quis
2883 4498 3009 4554 ergo
3036 4484 3089 4537 in
3131 4484 3344 4540 nubibus
3392 4487 3670 4554 aequabitur
3703 4482 3935 4541 Domino?

2395 4582 2485 4627 aut
2498 4574 2607 4644 quis
2626 4574 2805 4628 similis
2821 4575 2913 4629 erit
2934 4572 3154 4630 Domino
3173 4576 3227 4630 in
3242 4576 3363 4647 filiis
3383 4576 3482 4632 Dei
3504 4578 3530 4632 7
3556 4564 3787 4635 Dicimur
3799 4574 3933 4631 nubes

2396 4673 2615 4736 propter
2639 4680 2876 4732 carnem,
2905 4675 2959 4720 et
2982 4682 3164 4722 sumus
3194 4667 3575 4739 praedicatores
3600 4670 3823 4726 veritatis
3836 4679 3933 4736 pro-

2396 4766 2514 4827 pter
2542 4757 2762 4812 imbrem
2782 4758 3000 4813 nubium
3032 4775 3048 4823 ;
3080 4746 3174 4814 sed
3225 4774 3350 4815 caro
3407 4771 3586 4817 nostra
3629 4763 3775 4818 aliter
3796 4758 3931 4822 venit,

2393 4864 2520 4905 caro
2547 4850 2686 4904 illius
2712 4850 2883 4904 aliter.
2933 4850 3169 4905 Dicimur
3194 4860 3252 4908 et
3280 4851 3371 4907 ﬁlii
3404 4854 3514 4921 Dei,
3545 4854 3637 4910 sed
3682 4854 3764 4909 ille
3806 4849 3933 4906 aliter

2392 4940 2559 4998 Filius
2607 4941 2719 4996 Dei.
2775 4939 2919 4996 Illius
2969 4941 3137 4998 nubes
3182 4959 3249 5000 ex
3297 4944 3521 5016 virgine,
3566 4940 3655 5001 ille
3708 4944 3855 4999 Filius
3881 4953 3931 4992 ex

2393 5035 2709 5099 arternitate,
2731 5034 2871 5089 Patri
2898 5035 3135 5105 aequalis.
3163 5035 3290 5102 Quis
3312 5053 3438 5109 ergo
3481 5042 3534 5093 in
3561 5038 3764 5093 nubibus
3787 5047 3927 5103 aqua-

2393 5126 2524 5182 bitur
2564 5124 2785 5183 Domino
2814 5127 2840 5182 ?
2865 5137 2951 5182 aut
2991 5130 3105 5201 quis
3141 5129 3321 5186 similis
3370 5133 3463 5186 erit
3496 5132 3714 5188 Domino
3738 5132 3785 5185 in
3831 5125 3929 5197 ﬁliis

2391 5217 2529 5275 Dei?
2588 5219 2736 5275 Dicat
2784 5222 2895 5290 ipse
2941 5220 3195 5276 Dominus
3244 5233 3420 5278 utrum
3453 5226 3677 5281 similem
3710 5218 3924 5278 inveniat.

2394 5310 2554 5378 Quem
2581 5327 2660 5364 me
2703 5310 2870 5366 dicunt
2911 5312 3136 5367 homines
3177 5330 3281 5369 esse
3325 5317 3487 5385 ﬁlium
3530 5313 3775 5386 hominis?
3817 5310 3929 5365 Ecce

2390 5404 2531 5459 enim
2558 5404 2681 5474 quia
2709 5404 2911 5472 videor,
2935 5405 3055 5476 quia
3076 5408 3395 5478 conspicior,
3423 5410 3542 5481 quia
3569 5411 3703 5465 inter
3731 5420 3813 5461 vos
3838 5414 3929 5453 am-

2388 5495 2517 5550 bulo
2536 5538 2551 5562 ,
2583 5505 2635 5551 et
2664 5494 2887 5552 fortasse
2917 5499 3197 5568 pricsentia
3224 5500 3380 5567 vilui;
3426 5501 3585 5558 dicite
3609 5517 3747 5571 quem
3774 5512 3842 5551 me
3864 5489 3927 5543 di-

2390 5598 2509 5643 cunt
2553 5590 2778 5643 homines
2807 5607 2911 5645 esse
2950 5591 3115 5662 ﬁlium
3141 5593 3358 5649 hominis
3379 5595 3406 5650 .9
3449 5594 3607 5651 Certe
3634 5594 3748 5667 quia
3786 5589 3923 5645 ﬁlium

2390 5683 2622 5739 hominis
2664 5682 2887 5754 vident,
2940 5685 3133 5743 nubem
3165 5687 3349 5744 vident
3379 5707 3395 5745 :
3424 5688 3633 5762 dicant,
3685 5686 3762 5745 vel
3793 5679 3929 5741 dicilﬁ

2453 5844 2469 5877 ¹
2504 5844 2577 5895 Sic
2596 5844 2808 5908 potiores
2826 5850 2937 5897 Mss.
2962 5851 3018 5898 At
3036 5846 3170 5913 add,
3195 5847 3431 5903 omnibus.
