4132 6444
260 360 417 419 ιιεδ

258 488 423 557 quae
463 499 541 539 nte
579 480 751 537 dicunt
780 480 1009 537 homines
1034 495 1158 536 esse.
1204 479 1273 535 Et
1298 479 1691 551 responderunt
1721 476 1863 533 dicta

261 580 550 635 hominum
573 597 585 632 :
613 577 716 633 Alii
734 577 908 632 dicunt
931 576 1226 643 Jeremiam,
1246 574 1336 630 alii
1364 572 1555 639 Etiam,
1585 573 1674 627 alii
1694 570 1862 626 Joan-

264 691 390 731 nem
414 673 715 745 Baptistant,
737 680 827 726 aut
850 686 1009 724 unum
1029 685 1091 724 ea:
1109 667 1403 739 Prophetis.
1423 666 1716 721 Nominatus
1737 672 1862 719 sunt

263 769 463 824 multa:
491 766 658 823 nubes
685 774 740 821 et
767 764 858 819 ﬁlii
886 764 1002 819 Dei.
1049 763 1257 817 Etenim
1288 761 1408 832 quia
1437 760 1566 830 justi
1591 768 1643 815 et
1669 758 1858 826 sancti,

266 863 465 932 utique
506 870 559 917 et
597 859 698 929 ipsi
743 858 837 913 ﬁlii
866 856 962 913 Dei
996 854 1325 918 :Jeremias,
1381 854 1559 920 Elias,
1604 852 1860 917 Joannes,

274 954 379 1010 ﬁlii
427 954 556 1019 Dei;
584 961 643 1009 et
665 951 875 1016 nubes,
918 948 1040 1020 quia
1070 947 1448 1019 praedicatores
1474 946 1588 1002 Dei.
1640 944 1864 1000 Dixistis

263 1059 413 1115 quas
434 1046 605 1099 nubes
622 1050 711 1099 me
736 1040 981 1096 homines
1004 1054 1123 1095 esse
1143 1048 1348 1110 putent,
1379 1046 1435 1094 et
1460 1040 1511 1094 in
1534 1037 1725 1109 quibus
1742 1036 1862 1090 ﬁliis

266 1137 373 1192 Dei
420 1149 509 1192 me
539 1136 785 1190 homines
814 1140 1106 1189 numerent
1135 1149 1148 1186 :
1183 1132 1343 1187 dicite
1368 1140 1425 1187 et
1463 1146 1562 1186 vos
1598 1146 1745 1201 quem
1784 1145 1864 1184 me

269 1230 445 1284 dicitis
466 1244 588 1283 esse.
623 1225 977 1297 Respondeas
998 1224 1189 1281 Petrus
1209 1238 1307 1295 pro
1329 1220 1595 1287 omnibus,
1626 1236 1724 1292 pro
1755 1221 1865 1275 uni-

268 1333 387 1379 tate
418 1326 551 1378 unus
584 1340 597 1377 :
631 1340 651 1373 ι
688 1320 769 1376 Tu
805 1334 899 1385 es,
928 1339 951 1373 ι
986 1319 1196 1391 inquit,
1233 1336 1253 1371 ι
1286 1317 1530 1373 Christus
1560 1316 1725 1372 Filius
1767 1315 1859 1370 Dei

271 1415 384 1473 vivi
436 1413 643 1487 (Matth.
674 1428 783 1479 tm,
811 1411 1025 1485 15—16).
1065 1411 1325 1481 Quoniam
1369 1411 1488 1481 quis
1532 1409 1587 1464 in
1632 1407 1863 1463 nubibus

275 1511 575 1581 aequabittn'
604 1508 871 1562 Domino?
899 1516 992 1561 aut
1020 1506 1139 1577 quis
1165 1504 1356 1561 similis
1393 1504 1496 1560 erit
1523 1503 1746 1558 Domino
1775 1502 1860 1556 in-

276 1612 369 1659 ter
392 1602 532 1657 ﬁlios
562 1601 697 1656 Dei?
744 1599 821 1655 Tu
851 1613 911 1655 es
936 1597 1179 1655 Christus
1208 1597 1375 1653 Filius
1402 1595 1495 1651 Dei
1523 1596 1661 1662 vivi;
1699 1614 1718 1647 ›
1753 1610 1860 1649 non

273 1694 547 1766 quomodo
588 1693 680 1748 ﬁlii
708 1693 803 1748 Dei
824 1692 933 1763 .qui
974 1691 1065 1748 tibi
1096 1704 1200 1746 non
1236 1697 1513 1761 aequantur
1544 1707 1557 1745 :
1584 1689 1776 1745 venisti
1810 1690 1860 1743 in

271 1801 482 1849 carne;
537 1784 631 1841 sed
676 1787 693 1818 ¹
742 1799 846 1840 non
895 1781 1165 1856 quomodo
1216 1782 1387 1839 nubes
1434 1797 1553 1853 quae
1605 1782 1699 1837 libi
1755 1778 1859 1836 non

273 1888 577 1948 aequantur.

348 1972 408 2025 8.
428 1968 581 2043 [νει-δ.
611 1968 688 2043 8.]
717 1971 847 2037 Quis
878 1970 1020 2025 enim
1053 1979 1107 2023 tu
1126 2010 1139 2033 ,
1169 1969 1253 2023 cui
1290 1968 1672 2039 respondetur,
1700 1967 1782 2022 Tu
1810 1985 1863 2023 es

270 2063 507 2120 Christus
531 2063 695 2119 Filius
722 2062 815 2117 Dei
842 2065 970 2127 vivi,-
998 2078 1153 2135 quem
1172 2062 1594 2134 putaveruntalii
1622 2062 1861 2117 homines

271 2170 387 2211 non
418 2157 611 2223 sancti,
640 2171 747 2210 non
771 2156 921 2226 justi,
954 2170 1116 2209 unum
1140 2170 1203 2209 ex
1232 2154 1531 2224 PrOplietis,
1560 2155 1857 2220 autEliam,

269 2258 365 2302 aut
396 2247 682 2303 Jeremiam
708 2290 722 2314 ,
775 2256 864 2302 aut
909 2246 1167 2302 Joannem
1212 2246 1501 2316 Baptistam
1535 2265 1548 2301 :
1579 2246 1697 2317 quis
1734 2260 1861 2316 ergo

270 2340 371 2393 tu?
406 2338 539 2394 Audi
566 2340 706 2409 quod
730 2339 967 2409 sequitur
994 2356 1006 2392 :
1042 2358 1060 2389 ι
1091 2338 1231 2393 Deus
1254 2338 1629 2408 gloriﬁcandus
1656 2338 1707 2392 in
1740 2352 1860 2393 con-

269 2432 694 2502 siliojustorum.
713 2430 843 2499 Quis
866 2449 883 2483 ι
906 2445 1033 2501 ergo
1058 2449 1078 2483 ι
1100 2430 1153 2485 in
1170 2430 1401 2485 nubibus
1426 2429 1722 2499 mquabitur
1752 2431 1859 2485 Do-

270 2524 466 2580 mino?
512 2532 603 2578 aut
649 2523 769 2593 quis
814 2522 1002 2577 similis
1045 2521 1147 2577 erit
1198 2521 1425 2576 Domino
1470 2521 1523 2575 in
1569 2520 1689 2575 ﬁliis
1740 2520 1855 2588 Dei,

268 2614 489 2686 quando
537 2614 628 2669 ille
674 2613 813 2668 Deus
844 2631 861 2665 ι
893 2619 976 2667 est
1004 2630 1022 2663 ι
1051 2611 1422 2683 gloriﬁcandus
1441 2612 1491 2666 in
1531 2611 1754 2667 consilio
1769 2612 1860 2680 ju-

268 2715 480 2762 storum
499 2706 549 2759 ‘2»
578 2706 838 2773 Quoniam
863 2718 965 2759 non
1000 2713 1217 2773 possunt
1232 2704 1715 2774 tequalesilliesse;
1739 2718 1859 2759 con-

267 2795 452 2851 silium
493 2795 729 2864 ipsorum
781 2794 851 2850 sit
898 2793 1120 2851 credere
1150 2794 1201 2848 in
1230 2794 1376 2849 illum
1414 2795 1707 2865 :quoniam
1752 2809 1858 2851 non

270 2896 500 2957 possunt
548 2886 781 2955 aequales
816 2885 889 2939 illi
921 2899 1041 2941 esse
1089 2885 1258 2942 nubes
1299 2894 1354 2941 et
1399 2885 1488 2940 ﬁlii
1520 2886 1642 2952 Dei;
1695 2895 1861 2943 restat

269 2977 558 3033 consilium
591 2976 837 3032 humanae
885 2976 1189 3047 fragilitati,
1239 2983 1298 3031 ut
1335 2977 1427 3047 qui
1467 2976 1762 3047 gloriatur,
1805 2978 1857 3033 in

267 3069 502 3125 Domino
530 3070 787 3139 glorietur
816 3067 856 3142 (Ι
883 3066 1002 3125 Cor.
1034 3085 1070 3135 ι,
1104 3068 1218 3139 51).
1263 3068 1397 3124 Deus
1423 3070 1787 3141 gloriﬁcandus
1804 3072 1859 3126 in

263 3144 487 3217 consilio
521 3164 781 3231 justontm
814 3178 832 3217 :
866 3180 1079 3233 magnus
1114 3172 1161 3219 et
1198 3162 1433 3218 terribilis
1474 3166 1527 3218 in
1570 3181 1740 3220 omnes
1775 3166 1861 3237 qui

267 3258 324 3313 in
341 3258 554 3311 circuitu
570 3258 679 3329 ejus
696 3267 833 3312 sunt.
862 3256 1069 3328 Ubique
1094 3257 1255 3313 Deus.
1283 3257 1383 3325 Qui
1404 3272 1531 3329 ergo
1550 3257 1605 3313 in
1634 3258 1858 3314 circuitu

269 3351 394 3419 ejus
419 3357 577 3416 sunt,
608 3350 699 3420 qui
731 3348 925 3419 ubique
963 3349 1084 3405 est?
1130 3348 1185 3405 Si
1212 3348 1355 3405 enim
1384 3348 1544 3404 habet
1569 3350 1778 3421 aliquos
1804 3352 1858 3407 in

268 3442 501 3498 circuitu
522 3483 538 3508 ,
570 3442 721 3512 quasi
753 3442 987 3512 undique
1014 3442 1195 3497 ﬁnitus
1224 3441 1554 3513 intelligitur.
1607 3442 1776 3499 Porro
1813 3444 1857 3500 si

273 3548 461 3589 verum
489 3534 689 3590 dictum
716 3547 798 3590 εει
829 3534 938 3589 Deo
971 3543 1024 3589 et
1052 3533 1118 3589 de
1148 3534 1256 3588 Deo
1275 3573 1291 3601 ,
1340 3532 1710 3605 Magnitudinis
1749 3537 1860 3607 ejus

271 3643 383 3681 non
403 3635 472 3681 est
499 3626 616 3696 ﬁnis
644 3624 813 3698 (Psal.
841 3641 1019 3692 cxuv,
1054 3626 1138 3696 5);
1166 3626 1254 3696 qui
1282 3636 1590 3693 remanent,
1622 3626 1712 3697 qui
1736 3636 1861 3683 sunt

271 3719 332 3776 in
358 3719 580 3774 circuitu
608 3719 725 3789 ejus
746 3761 761 3787 ,
811 3718 911 3773 nisi
941 3718 1063 3789 quia
1092 3718 1182 3774 ille
1210 3719 1299 3789 qui
1329 3719 1524 3789 ubique
1549 3728 1664 3785 est,
1696 3720 1861 3775 voluit

270 3824 378 3883 per
402 3826 614 3866 carnem
645 3812 697 3865 in
729 3825 835 3865 uno
865 3811 982 3866 loco
1013 3811 1195 3878 nasci,
1227 3811 1279 3865 in
1308 3826 1412 3866 una
1453 3820 1613 3881 gente
1636 3827 1861 3869 conver-

272 3906 413 3971 sari,
442 3906 493 3959 in
525 3919 629 3959 uno
659 3905 777 3960 loco
802 3905 1057 3975 cruciﬁgi,
1090 3921 1160 3961 ex
1186 3920 1290 3959 uno
1313 3905 1434 3961 loco
1460 3921 1762 3978 resurgere,
1792 3921 1861 3963 ex

271 4012 391 4053 uno
417 3997 535 4051 loco
572 3996 624 4051 in
659 3998 851 4052 coelum
876 3997 1209 4053 ascendere?
1240 3997 1339 4054 Ubi
1368 3999 1467 4054 hoc
1494 3997 1649 4067 fecit,
1677 4001 1729 4055 in
1752 4001 1861 4055 cir-

271 4090 427 4146 cuitu
453 4089 568 4159 ejus
596 4088 795 4146 Gentes
811 4097 951 4144 sunt.
983 4088 1035 4145 Si
1056 4089 1124 4144 ibi
1151 4098 1451 4145 remaneret
1467 4089 1559 4145 ubi
1586 4089 1685 4146 ista
1713 4090 1856 4158 fecit,

270 4198 386 4238 non
416 4190 559 4237 esset
586 4198 800 4254 magnus
822 4192 870 4237 et
895 4181 1129 4236 terribilis
1154 4183 1208 4236 in
1232 4199 1402 4236 omnes
1431 4183 1517 4253 qui
1553 4183 1607 4238 in
1648 4184 1861 4239 circuitu

271 4280 389 4349 ejus
418 4285 532 4331 sunt
556 4293 575 4331 :
601 4276 723 4347 quia
763 4292 890 4332 vero
930 4276 1006 4331 ibi
1050 4276 1128 4332 sic
1154 4276 1488 4347 praedicavit,
1537 4286 1592 4332 ut
1631 4276 1755 4333 inde
1778 4278 1858 4334 sui

270 4370 513 4426 nominis
539 4370 771 4425 mitteret
794 4370 1169 4440 prredicatores
1189 4384 1285 4440 per
1300 4385 1486 4426 omnes
1515 4369 1715 4427 Gentes
1745 4379 1857 4428 toto

271 4463 411 4520 orbe
431 4473 723 4530 terrarum;
755 4461 997 4518 faciendo
1015 4462 1269 4518 miracula
1287 4478 1383 4533 per
1402 4477 1586 4519 servos
1607 4477 1752 4529 suos,
1785 4463 1861 4518 la-

271 4566 397 4612 ctus
425 4563 509 4610 est
544 4572 756 4627 magnus
792 4563 839 4610 et
872 4554 1105 4611 terribilis
1142 4555 1195 4609 in
1240 4571 1411 4610 omnes
1438 4556 1526 4627 qui
1566 4555 1620 4609 in
1646 4556 1860 4610 circuitu

272 4648 388 4718 ejus
416 4656 553 4701 sunt.

354 4737 405 4793 9.
436 4736 585 4812 [νοτε.
612 4737 665 4803 9,
688 4736 802 4813 ια]
833 4736 1044 4792 Domine
1070 4737 1206 4792 Deus
1234 4738 1503 4806 virtutum,
1546 4741 1659 4811 quis
1684 4739 1861 4794 similis

275 4828 417 4883 tibi?
447 4827 634 4884 Potens
655 4847 707 4884 es
722 4872 736 4897 ,
778 4827 997 4885 Domine
1016 4872 1029 4895 ,
1061 4839 1107 4884 et
1125 4830 1306 4884 veritas
1329 4840 1416 4884 tua
1440 4830 1492 4884 in
1512 4830 1723 4884 circuitu
1752 4839 1859 4885 tuo.

274 4921 467 4993 Magna
498 4923 730 4992 potentia
772 4932 897 4989 tua;
946 4932 999 4978 tu
1031 4921 1198 4978 fecisti
1228 4922 1423 4979 cmlum
1453 4932 1507 4979 et
1539 4933 1732 4978 terram
1752 4964 1767 4991 ,
1809 4933 1863 4978 et

275 5014 461 5068 omnia
484 5028 603 5084 qua:
628 5014 681 5068 in
703 5013 781 5069 eis
806 5024 963 5071 sunt:
995 5013 1088 5069 sed
1115 5013 1233 5085 plus
1258 5023 1340 5069 est
1360 5015 1722 5071 misericordia
1751 5025 1857 5081 tua,

277 5119 404 5175 qua:
433 5103 676 5161 exhibuit
700 5105 975 5161 veritatem
998 5114 1141 5160 tuam
1174 5105 1224 5160 in
1248 5107 1470 5162 circuitu
1495 5116 1607 5162 tuo.
1640 5106 1694 5163 Si
1719 5107 1859 5162 enim

278 5196 357 5254 ibi
385 5198 556 5253 solum
587 5198 953 5269 prtedicareris
975 5239 993 5268 ,
1026 5199 1112 5255 ubi
1152 5200 1332 5267 nasci,
1367 5198 1452 5254 ubi
1483 5200 1589 5269 pati
1616 5242 1631 5266 ,
1663 5198 1749 5255 ubi
1775 5190 1863 5255 re-

276 5304 522 5361 surgere,
555 5289 697 5346 unde
739 5291 1027 5347 ascendere
1056 5290 1310 5357 voluisti;
1354 5291 1570 5361 impleta
1597 5299 1745 5346 esset
1770 5292 1855 5347 illa

274 5383 478 5438 veritas
516 5383 765 5454 promissi
804 5383 937 5450 Dei,
975 5384 1042 5437 ad
1084 5385 1460 5453 conﬁrmandas
1504 5384 1860 5453 promissiones

276 5486 484 5549 patrum
512 5492 533 5530 :
562 5475 655 5531 sed
682 5491 790 5531 non
819 5476 1127 5547 impleretur
1146 5518 1160 5543 ,
1189 5475 1367 5532 Gentes
1401 5486 1567 5530 autem
1587 5492 1738 5547 super
1765 5478 1861 5531 mi-

276 5570 559 5626 sericordia
586 5572 874 5643 gloriﬁcare
908 5571 1072 5626 Deum
1096 5572 1269 5645 (Rom.
1302 5588 1390 5639 xv,
1421 5571 1454 5627 8
1473 5582 1517 5625 et
1535 5570 1613 5642 9),
1638 5571 1740 5627 nisi
1770 5572 1859 5626 illa

270 5665 474 5741 veritas
492 5664 903 5743 expanderetur,
933 5673 986 5721 et
1012 5663 1079 5719 ab
1109 5664 1211 5745 illo_
1229 5664 1348 5718 loco
1375 5664 1462 5719 ubi
1483 5678 1741 5735 apparere
1760 5678 1858 5719 vo-

269 5755 444 5824 luisti,
469 5758 527 5813 in
550 5756 774 5816 circuitu
794 5756 1195 5814 diﬁunderetur.
1214 5756 1295 5812 Tu
1320 5756 1533 5827 quidem
1558 5757 1613 5815 iu
1635 5756 1725 5817 illo
1743 5758 1859 5817 loco

340 5875 364 5905 δ
396 5877 469 5925 ιιι
486 5877 565 5926 Er.
585 5879 710 5927 ven.
730 5879 787 5928 et
801 5877 916 5932 tm.
933 5879 1105 5939 Deest,
1123 5872 1232 5939 sed,
1250 5872 1304 5926 in
1322 5878 1374 5927 Β.
1435 5879 1496 5925 ιι.

1333 354 1730 416 ENARRATIO
1765 352 1834 412 IN
1870 351 2196 416 PSALMUM
2234 357 2565 419 LXXXVIII.

3414 374 3553 433 “96

1971 475 2040 532 de
2063 478 2204 534 nube
2234 482 2446 550 propria
2494 481 2769 537 intonuisti
2790 524 2804 549 ,
2834 480 2932 539 sed
2957 484 3025 539 ad
3064 485 3343 557 rigaudum
3372 490 3429 546 in
3452 494 3554 550 cir-

1972 568 2115 623 cuitu
2142 570 2390 625 Gentium
2435 572 2567 628 alias
2594 573 2763 629 nubes
2798 574 3009 630 misisti.
3062 576 3199 634 Vere
3244 590 3431 650 potens
3458 584 3557 639 im-

1971 660 2126 732 plesti
2160 663 2301 734 quod
2342 664 2525 719 dixisti
2556 707 2572 731 ,
2622 668 2817 723 Amodo
2858 670 3084 726 videbitis
3111 670 3302 729 Filium
3340 676 3557 735 hominis

1969 755 2245 809 venientem
2269 757 2321 810 iu
2349 756 2563 812 nubibus
2592 760 2702 813 caeli
2724 758 2936 832 (Matth.
2965 779 3110 833 xxvn,
3133 764 3246 837 64).
3280 766 3467 825 Potens
3479 788 3552 839 es,

1968 844 2205 913 Domine,
2238 856 2282 904 et
2303 850 2483 905 veritas
2505 860 2592 905 tua
2610 853 2663 906 in
2683 853 2893 908 circuitu
2922 863 3028 910 tuo.

2041 938 2130 995 10.
2176 939 2281 995 Sed
2307 956 2428 997 cum
2462 944 2624 1013 coepit
2664 945 2861 999 veritas
2892 955 2977 1001 tua
3015 948 3067 1003 in
3098 949 3325 1008 circuitu
3360 956 3556 1024 prendi-

1969 1032 2116 1100 cari,
2158 1034 2341 1105 utique
2378 1036 2711 1094 fremuerunt
2734 1038 2933 1096 Gentes
2956 1082 2971 1107 ,
3018 1051 3073 1097 et
3100 1045 3280 1114 populi
3309 1048 3549 1105 meditati

1967 1134 2095 1178 sunt
2117 1126 2290 1180 inania
2316 1144 2331 1193 ;
2360 1128 2644 1185 astiterunt
2668 1146 2822 1201 reges
2848 1139 3028 1201 terrae,
3058 1143 3111 1189 et
3139 1135 3400 1207 principes
3430 1155 3554 1196 con-

1969 1225 2231 1272 venerunt
2250 1219 2300 1273 in
2320 1236 2505 1288 unum,
2519 1221 2772 1278 adversus
2784 1223 3067 1280 Dominum
3078 1237 3132 1281 et
3146 1226 3395 1285 adversus
3409 1231 3557 1289 Chri-

1968 1316 2108 1363 stum
2131 1310 2246 1380 ejus
2269 1310 2439 1382 (Psal.
2462 1328 2521 1381 ιι,
2549 1315 2598 1379 l,
2625 1313 2702 1387 2).
2733 1314 2925 1387 Utique
2940 1332 3059 1372 cum
3077 1319 3329 1390 coepisset
3356 1324 3554 1379 veritas

1969 1408 2059 1454 tua
2087 1402 2362 1470 praedicari
2392 1405 2442 1458 in
2464 1404 2689 1460 circuitu
2720 1414 2830 1474 tuo,
2861 1416 3111 1479 tanquam
3131 1412 3343 1467 venires
3363 1412 3430 1468 ad
3462 1414 3553 1469 du-

1966 1492 2189 1548 cendam
2215 1495 2494 1566 conjugcm
2513 1512 2577 1552 ex
2595 1497 2923 1569 alienigenis,
2942 1501 3173 1555 occurrit
3187 1501 3273 1558 leo
3294 1502 3549 1570 fremens,

1967 1593 2021 1640 et
2048 1584 2332 1642 suffocatus
2350 1596 2434 1643 est
2465 1604 2496 1643 a
2537 1597 2607 1644 te.
2659 1589 2770 1645 lloc
2790 1590 2931 1646 enim
2962 1594 3353 1663 praeliguratum
3378 1606 3458 1651 est
3498 1597 3551 1652 in

1966 1675 2191 1733 Samson
2217 1678 2414 1750 (Judic.
2445 1697 2553 1751 xiv,
2576 1683 2631 1750 5,
2655 1682 2723 1753 6)
2749 1700 2762 1737 :
2795 1694 2848 1739 et
2872 1684 2974 1740 illis
2998 1685 3014 1717 ¹
3040 1686 3219 1743 verbis
3246 1690 3402 1759 meis,
3433 1692 3551 1748 sine

1967 1771 2182 1826 nomine
2211 1772 2350 1826 illius
2371 1772 2550 1841 dictis,
2578 1789 2685 1829 non
2714 1776 3102 1847 acclamarelis,
3145 1780 3247 1834 nisi
3285 1796 3548 1852 agnosce-

1966 1863 2134 1930 retis;
2179 1864 2401 1922 audistis
2445 1867 2587 1922 enim
2613 1909 2628 1934 ,
2670 1878 2725 1924 ut
2772 1869 2847 1923 illi
2894 1870 2979 1940 qui
3022 1871 3206 1928 soletis
3245 1875 3478 1947 complui
3518 1893 3548 1932 a

1965 1955 2198 2011 nubibus
2246 1957 2362 2014 Dei.
2406 1959 2547 2031 Ergo
2592 1961 2774 2015 veritas
2818 1971 2903 2016 tua
2936 1963 2989 2017 in
3031 1964 3247 2020 circuitu
3290 1977 3395 2021 tuo.
3442 1967 3549 2025 Sed

1965 2047 2179 2117 quando
2216 2049 2334 2104 sine
2385 2051 2844 2120 persecutionibus
2867 2094 2883 2121 ,
2926 2054 3137 2124 quando
3176 2057 3292 2113 sine
3331 2068 3547 2115 contra-

1966 2136 2309 2205 dictionibus,
2332 2155 2453 2195 cum
2476 2141 2673 2196 dictum
2701 2144 2769 2198 sit
2789 2159 2910 2199 eum
2935 2156 3113 2201 natum
3145 2148 3197 2202 in
3233 2150 3440 2221 signum
3462 2153 3547 2208 cui

1965 2231 2530 2300 contradicetur(Luc.
2558 2249 2615 2301 ιι,
2643 2234 2733 2305 54)
2760 2235 2783 2290 τ
2808 2236 2939 2302 Quia
2978 2253 3106 2308 ergo
3137 2239 3226 2294 illa
3264 2255 3417 2309 gens,
3460 2243 3547 2299 ubi

1965 2322 2151 2384 nasci,
2185 2323 2274 2378 ubi
2320 2326 2623 2379 conversari
2669 2326 2903 2395 voluisti,
2954 2336 3206 2401 tanquam
3251 2341 3391 2388 terra
3432 2343 3548 2392 erat

1963 2421 2207 2482 separata
2234 2428 2263 2466 a
2288 2412 2536 2471 ﬂuctibus
2554 2416 2825 2487 Gentium,
2848 2429 2906 2474 ut
2926 2431 3207 2491 appareret
3231 2424 3376 2480 arida
3401 2441 3547 2483 com-

1963 2504 2212 2574 pluenda,
2241 2508 2457 2578 reliquae
2481 2518 2659 2565 autem
2687 2510 2886 2567 Gentes
2922 2529 3070 2571 mare
3097 2526 3246 2571 erant
3274 2518 3325 2572 in
3352 2522 3547 2575 amari-

1966 2598 2150 2653 tudine
2179 2600 2475 2657 sterilitatis
2502 2618 2651 2669 suae;
2686 2604 2813 2675 quid
2840 2606 3037 2661 faciunt
3063 2609 3436 2679 praedicatores
3470 2614 3545 2669 tui

1961 2700 2274 2759 spargentes
2294 2692 2573 2749 veritatem
2611 2702 2753 2749 tuam
2782 2697 2833 2750 in
2875 2697 3097 2753 circuitu
3141 2710 3252 2768 tuo,
3294 2704 3543 2772 quoniam

1964 2779 2195 2838 fremunt
2222 2784 2415 2841 ﬂuctus
2457 2787 2665 2843 maris?
2704 2788 2831 2860 quid
2872 2790 3114 2847 faciunt?
3155 2792 3231 2848 Tu
3268 2796 3546 2853 dominaris

1962 2878 2192 2945 potestati
2225 2878 2400 2933 maris.
2439 2877 2573 2934 Nam
2604 2880 2727 2951 quid
2772 2880 2897 2938 fecit
2937 2899 3087 2940 mare
3113 2886 3413 2954 saeviendo,
3444 2890 3546 2946 nisi

1962 2965 2106 3022 diem
2166 2984 2323 3039 quem
2375 2970 2535 3028 hodie
2587 2973 2964 3032 celebramus?
3020 2977 3280 3052 Martyres
3329 2983 3545 3050 occidit,

1962 3059 2167 3115 semina
2197 3062 2468 3132 sanguinis
2507 3064 2742 3135 sparsit,
2771 3080 2925 3137 seges
2952 3066 3207 3125 Ecclesia:
3248 3072 3544 3141 pullulavit.

1962 3149 2176 3207 Securae
2220 3168 2347 3224 ergo
2392 3166 2618 3226 pergant
2662 3157 2870 3226 nubes;
2928 3159 3227 3218 diﬂ'undaut
3267 3155 3544 3223 veritatem

1963 3254 2107 3301 tuam
2136 3246 2187 3301 in
2215 3248 2442 3304 circuitu
2472 3258 2593 3319 tuo,
2639 3267 2744 3306 non
2786 3253 3009 3329 timeant
3049 3255 3266 3311 rabidos
3304 3257 3499 3316 ﬂuctus
3531 3280 3543 3316 :

1962 3336 2045 3393 Tu
2070 3339 2348 3396 dominaris
2375 3342 2610 3412 potestati
2640 3343 2817 3397 maris.
2846 3342 3087 3400 Movetur
3117 3346 3330 3417 quidem
3373 3365 3544 3419 mare,

1962 3432 2281 3489 contradicit
2304 3450 2473 3502 mare,
2503 3435 2787 3507 perstrepit
2815 3452 3002 3504 mare;
3043 3438 3137 3494 sed
3174 3439 3344 3498 ﬁdelis
3384 3443 3545 3512 Deus,

1962 3524 2055 3596 qui
2097 3541 2203 3581 non
2248 3541 2346 3581 vos
2391 3527 2531 3582 sinat
2580 3529 2773 3584 tentari
2833 3544 2993 3600 supra
3041 3531 3092 3586 id
3139 3534 3281 3603 quod
3325 3538 3547 3606 potestis

1967 3614 2019 3688 (l
2042 3616 2158 3672 Cor.
2181 3634 2233 3685 ιι,
2264 3617 2375 3693 15).
2400 3619 2530 3689 Quia
2566 3635 2695 3690 ergo
2735 3620 2909 3678 ﬁdelis
2936 3625 3135 3696 estqui
3166 3640 3270 3682 non
3300 3643 3395 3683 vos
3422 3630 3549 3686 sinit

1965 3710 2157 3765 tentari
2184 3725 2343 3781 supra
2370 3711 2421 3766 id
2444 3712 2585 3783 quod
2610 3714 2831 3785 potestis
2855 3712 3085 3772 :Motum
3112 3726 3277 3774 autem
3300 3721 3548 3791 ﬂuctuum

1963 3803 2072 3874 ejus
2101 3812 2155 3857 tu
2183 3804 2409 3875 mitigas.

2036 3897 2121 3951 ll.
2152 3894 2302 3968 [vers.
2331 3893 2443 3970 11.]
2474 3897 2710 3967 Denique
2730 3907 2789 3954 ut
2814 3899 3110 3969 placaretur
3137 3916 3305 3969 mare,
3351 3904 3458 3959 imo
3484 3916 3543 3962 ut

1963 3999 2309 4045 enervaretur
2336 3989 2511 4045 rabies
2538 3991 2718 4057 maris,
2762 3992 2888 4061 quid
2936 3992 2989 4047 in
3021 3994 3138 4064 ipso
3166 3998 3300 4052 mari
3330 3996 3546 4055 fecisti?

1965 4078 2043 4135 Tu
2068 4080 2342 4135 ltumiliasti
2371 4081 2500 4135 sicut
2531 4082 2844 4136 vulneratum
2885 4086 3173 4155 superbum.
3205 4085 3302 4144 Est
3328 4090 3543 4160 quidam

1962 4173 2222 4243 superbus
2250 4172 2412 4229 draco
2446 4173 2498 4228 in
2536 4175 2698 4239 mari,
2731 4174 2798 4230 de
2822 4191 2927 4247 quo
2953 4177 3054 4232 alia
3076 4177 3346 4251 Scriptura
3375 4182 3537 4250 dicit,

1963 4265 2222 4321 Mandabo
2255 4266 2465 4321 draconi
2486 4266 2556 4321 ibi
2584 4276 2638 4320 ut
2659 4267 2883 4322 mordeat
2902 4285 3018 4324 eum
3043 4268 3223 4341 (Amos
3250 4288 3325 4341 ix,
3349 4273 3428 4346 5);
3459 4286 3544 4332 est

1963 4359 2126 4416 draco
2150 4359 2217 4416 de
2242 4373 2348 4431 quo
2374 4359 2587 4427 dicitur,
2618 4359 2785 4415 Draco
2823 4361 2904 4415 hic
2928 4379 3072 4429 quem
3105 4364 3299 4433 [insisti
3322 4367 3389 4420 ad
3424 4368 3544 4424 illu-

1962 4453 2183 4508 dendum
2208 4454 2253 4508 ei
2281 4451 2451 4525 (Psal.
2485 4468 2593 4518 cm,
2621 4451 2713 4526 26)
2744 4470 2759 4506 :
2788 4453 2939 4523 cujus
2969 4463 3127 4524 caput
3155 4458 3430 4513 contundit
3450 4474 3544 4515 su-

1964 4558 2059 4615 per
2086 4558 2294 4614 aquam.
2347 4542 2460 4610 Tu,
2498 4543 2696 4613 inquit,
2741 4542 3019 4599 humiliasti
3061 4545 3191 4599 sicut
3226 4548 3542 4605 vulneratum

1963 4638 2250 4708 superbum.
2293 4634 2592 4692 Humiliasti
2616 4644 2710 4704 .te,
2738 4645 2787 4691 et
2817 4635 3122 4692 humiliatus
3149 4647 3233 4694 est
3259 4642 3539 4711 superbus.

1963 4730 2237 4802 Superbus
2269 4731 2408 4787 enim
2438 4745 2533 4801 per
2557 4729 2859 4800 superbiam
2886 4720 3142 4801 superbos
3168 4732 3412 4787 tenebat:
3440 4734 3541 4789 liu-

1962 4826 2197 4883 miliatus
2242 4831 2325 4881 est
2366 4838 2622 4894 magnus,
2664 4821 2887 4877 credens
2915 4830 3092 4878 autem
3128 4822 3179 4876 in
3209 4837 3331 4877 eum
3377 4823 3546 4880 factus

1964 4929 2046 4978 est
2069 4932 2282 4990 parvus.
2317 4917 2448 4972 Dum
2475 4916 2705 4971 nutritur
2728 4930 2924 4988 parvus
2947 4916 3196 4985 exemplo
3222 4918 3395 4986 magni
3424 4918 3542 4973 lacti

1966 5012 2113 5084 parvi
2137 5052 2153 5079 ,
2181 5008 2411 5082 perdidit
2429 5006 2569 5079 quod
2596 5007 2811 5063 tenebat
2833 5005 3110 5070 diabolus;
3142 5005 3262 5075 quia
3283 5006 3545 5076 superbus

1965 5106 2171 5162 nonnisi
2189 5104 2447 5175 superbos
2462 5101 2691 5158 tenebat.
2716 5101 2849 5155 Dato
2866 5107 3012 5154 tanto
3033 5097 3346 5154 humilitatis
3361 5115 3544 5157 exem-

1937 5201 2055 5272 ‘plo
2081 5242 2094 5265 ,
2134 5197 2436 5254 didicerunt
2474 5195 2720 5252 homines
2743 5193 2994 5248 damnare
3023 5191 3323 5263 superbiam
3354 5210 3502 5250 suam
3526 5238 3541 5263 ,

1966 5289 2160 5348 imitari
2186 5290 2538 5346 humilitatem
2579 5286 2694 5343 Dei.
2741 5286 2815 5340 Ita
2841 5300 2969 5357 ergo
2995 5284 3084 5341 ille
3113 5286 3382 5356 perdendo
3407 5304 3542 5359 quos

1965 5384 2180 5442 tenebat
2204 5425 2219 5452 ,
2272 5382 2430 5439 etiam
2460 5381 2574 5451 ipse
2620 5377 2925 5433 humiliatus
2951 5385 3069 5443 est;
3118 5390 3222 5432 non
3249 5385 3539 5445 correctus,

1964 5479 2056 5536 sed
2085 5486 2399 5549 prostratus.
2449 5472 2527 5529 Tu
2551 5471 2828 5529 Itttmiliasti
2860 5472 2988 5526 sicut
3026 5472 3340 5526 vulneratum
3365 5486 3543 5539 super-

1964 5571 2100 5626 bum.
2126 5568 2442 5625 Humiliatus
2467 5581 2527 5623 es
2550 5607 2565 5630 ,
2606 5573 2661 5621 et
2688 5564 3004 5631 humiliasti;
3037 5563 3344 5619 vulneratus
3368 5576 3447 5627 es,
3489 5571 3543 5616 et

1962 5660 2253 5717 vulnerasti
2282 5677 2296 5713 :
2325 5672 2498 5729 neque
2525 5657 2667 5713 enim
2704 5671 2825 5712 eum
2856 5671 2960 5710 non
2986 5655 3289 5709 vulneraret
3326 5664 3541 5721 sanguis

1964 5764 2083 5813 tuus
2108 5796 2121 5820 ,
2152 5752 2242 5824 qui
2268 5750 2417 5808 {usus
2442 5760 2525 5807 est
2548 5759 2608 5806 ut
2630 5750 2833 5806 deleret
2861 5744 3265 5818 chirographum
3291 5752 3540 5815 peccato-

2029 5870 2048 5902 ⁸
2079 5869 2154 5919 Sic
2173 5866 2355 5933 aliquot
2372 5871 2482 5919 ηδε.
2507 5864 2595 5917 Alii
2616 5875 2728 5918 cum
2746 5863 2881 5925 add,
2902 5859 3051 5914 illius.
