4132 6466
657 371 794 433 1127
830 422 832 425 ,

657 506 797 552 rum.
842 486 994 547 Unde
1035 483 1176 543 enim
1226 478 1591 554 superbiebat,
1622 473 1726 531 nisi
1767 472 1886 544 quia
1934 469 2234 526 cautionem

659 596 843 646 contra
874 598 972 640 nos
1001 578 1249 637 tenebat?
1290 576 1435 631 llanc
1482 581 1535 627 tu
1576 569 1901 634 cautionem,
1936 564 2039 619 hoc
2068 562 2240 619 chiro—

662 678 919 753 graphum
951 685 1039 730 tuo
1069 669 1323 741 sanguine
1377 665 1618 723 delevisti
1668 662 1885 733 (Coloss.
1916 675 1975 725 tl,
2010 655 2097 725 14)
2137 674 2149 709 :
2178 654 2242 709 il-

659 774 767 830 lum
811 786 937 841 ergo
964 765 1280 830 vulnerasti,
1327 762 1411 818 cui
1456 770 1531 816 tot
1575 757 1859 815 abstulisti.
1892 753 2240 810 Vulneratum

659 866 801 923 enim
827 861 1093 929 intelligas
1119 856 1407 922 diabolum,
1440 870 1545 909 non
1574 857 1848 924 penetrata
1875 863 2054 911 carne,
2082 856 2238 916 quam

660 974 763 1014 non
792 955 981 1019 habet;
1014 952 1108 1008 sed
1137 964 1389 1023 percusso
1419 947 1600 1012 corde,
1633 944 1721 1000 ubi
1751 941 2012 1013 superbus
2039 946 2138 994 est.
2173 935 2241 991 Et

656 1050 707 1103 in
733 1048 937 1103 brachio
958 1044 1153 1101 virtutis
1171 1055 1269 1097 tua:
1290 1040 1570 1111 dispersisti
1584 1037 1810 1092 inimicos
1825 1045 1955 1089 tuos.

731 1141 818 1197 12.
852 1138 1112 1213 [vers.12,
1143 1134 1256 1211 15.]
1290 1134 1514 1190 Tuisuut
1545 1131 1655 1187 coeli
1674 1173 1687 1196 ,
1715 1138 1763 1184 et
1790 1138 1875 1183 tua
1906 1136 1975 1182 est
2015 1137 2166 1182 terra.
2196 1127 2237 1179 A

660 1243 713 1290 te
759 1234 978 1303 pluunt,
1026 1244 1187 1302 super
1216 1222 1357 1283 tuam
1411 1226 1596 1297 pluunt
1624 1225 1662 1277 ¹.
1694 1222 1791 1277 Tui
1832 1228 1946 1276 sunt
1974 1220 2085 1274 caeli
2103 1261 2116 1285 ,
2147 1232 2244 1288 per

658 1340 791 1399 quos
820 1323 1103 1396 prtedicata
1148 1329 1230 1378 est
1278 1319 1474 1376 veritas
1518 1318 1571 1373 in
1618 1314 1841 1372 circuitu
1871 1322 1962 1367 tuo
1996 1330 2007 1365 :
2039 1321 2127 1365 tua
2170 1318 2244 1364 est

659 1430 813 1485 terra,
847 1432 962 1487 qua:
992 1414 1200 1486 excepit
1232 1413 1508 1468 veritatem
1533 1409 1584 1466 in
1616 1407 1839 1463 circuitu
1867 1415 1977 1461 tuo.
2006 1403 2245 1473 Denique

660 1509 783 1581 quid
811 1508 876 1562 de
906 1507 991 1561 illa
1020 1504 1193 1576 pluvia
1218 1503 1412 1559 factum
1441 1500 1564 1555 est?
1589 1498 1770 1553 Orbem
1801 1507 2047 1552 terrarum
2069 1504 2113 1550 et
2139 1494 2246 1565 ple-

658 1600 933 1655 nitudinem
950 1599 1057 1668 ejus
1078 1605 1131 1651 tu
1148 1595 1409 1667 fundasti;
1439 1593 1724 1665 aquilonem
1749 1599 1795 1645 et
1834 1590 1995 1643 maria
2021 1598 2072 1642 tu
2100 1602 2245 1641 crea-

667 1696 749 1751 sti.
790 1692 906 1750 Non
948 1692 1088 1747 enim
1119 1689 1313 1761 aliquid
1354 1698 1537 1745 contra
1581 1696 1634 1742 te
1661 1684 1837 1751 valet,
1867 1691 2049 1740 contra
2084 1680 2246 1736 Crea-

659 1796 827 1841 torem
871 1800 1045 1840 suum.
1076 1783 1139 1838 Et
1170 1782 1367 1836 malitia
1395 1779 1607 1851 quidem
1635 1793 1757 1844 sua,
1792 1792 1887 1848 per
1925 1792 2035 1831 suae
2054 1775 2244 1830 volun«

660 1878 782 1933 tatis
812 1876 1212 1946 perversitatem
1257 1873 1446 1929 smvire
1475 1881 1648 1942 potest
1691 1868 1957 1935 mundus;
1990 1866 2245 1938 numquid

660 1978 835 2025 tamen
868 1967 1075 2024 excedit
1118 1965 1335 2022 modum
1367 1964 1596 2036 positum
1624 1978 1653 2017 a
1682 1962 1935 2018 Creatore
1958 2004 1971 2027 ,
2002 1959 2091 2031 qui
2121 1959 2246 2015 fecit

660 2060 881 2116 omnia?
910 2058 1046 2128 Quid
1079 2073 1207 2131 ergo
1235 2058 1397 2113 timeo
1422 2054 1765 2127 aquilonem?
1795 2053 1920 2123 quid
1944 2052 2106 2107 timeo
2134 2065 2247 2104 ma-

658 2151 774 2209 ria?
802 2152 892 2206 Est
923 2150 1134 2222 quidem
1168 2149 1217 2204 in
1248 2149 1494 2219 aquilone
1521 2146 1786 2211 diabolus,
1817 2145 1903 2214 qui
1940 2143 2090 2206 dixit,
2138 2141 2246 2196 Po-

660 2261 779 2298 nam
806 2243 975 2299 sedem
1004 2258 1165 2297 meam
1192 2242 1243 2295 in
1271 2241 1574 2311 aquilonem,
1604 2248 1651 2293 et
1677 2254 1761 2293 ero
1787 2236 1965 2291 similis
1993 2234 2246 2289 Altissimo

660 2333 810 2406 (1δαὶ.
855 2349 968 2401 xiv,
1018 2330 1257 2404 15,14);
1306 2331 1399 2388 sed
1428 2328 1717 2385 humiliasti
1746 2328 1882 2383 sicut
1911 2327 2247 2382 vulneratum

659 2430 968 2499 superbum.
1003 2426 1143 2495 Ergo
1171 2424 1309 2496 quod
1340 2426 1392 2480 in
1423 2424 1527 2480 illis
1559 2430 1613 2477 tu
1642 2422 1834 2488 feciSti,
1866 2421 1986 2491 plus
2019 2420 2159 2475 valet
2179 2419 2246 2475 ad

658 2518 1074 2575 dominationem
1101 2525 1261 2582 tuam,
1291 2531 1448 2586 quam
1477 2515 1687 2569 illorum
1713 2514 1955 2569 voluntas
1985 2512 2051 2568 ad
2090 2511 2245 2566 mali-

659 2613 784 2669 tiam
815 2626 985 2667 suam.
1015 2610 1313 2683 Aquilonem
1340 2617 1386 2662 et
1407 2608 1567 2663 maria
1590 2615 1643 2660 tu
1670 2608 1869 2663 creasti.
1969 2617 1981 2622 ‘

732 2713 817 2767 13.
854 2710 1053 2765 Thabor
1078 2718 1122 2763 et
1147 2707 1373 2763 Hermon
1398 2710 1418 2739 ¹
1457 2708 1511 2761 in
1556 2706 1755 2761 nomine
1789 2715 1875 2759 tuo
1909 2703 2245 2760 exsultabant.

662 2803 867 2859 Montes
896 2802 979 2856 isti
1005 2801 1393 2871 intelliguntur,
1427 2798 1521 2853 sed
1543 2798 1739 2868 aliquid
1757 2797 2077 2868 signiﬁcant.
2102 2794 2247 2850 Tha-

659 2895 751 2950 bor
780 2904 824 2948 et
867 2892 1089 2947 llermon
1110 2893 1162 2945 in
1204 2892 1402 2946 nomine
1445 2900 1529 2943 tuo
1564 2890 1903 2944 exsultabant.
1928 2888 2143 2943 Thabor
2170 2888 2249 2942 in-

658 2988 940 3058 terpretari
979 2987 1170 3041 dicitur
1194 2985 1421 3040 Veniens
1466 2984 1665 3039 lumen.
1694 2982 1801 3038 Sed
1833 2982 1973 3037 unde
1998 2982 2140 3036 venit
2171 2980 2248 3035 lu-

659 3098 781 3139 men
809 3083 873 3139 de
895 3095 1001 3153 quo
1027 3080 1227 3136 dictum
1252 3090 1355 3146 est,
1392 3077 1493 3133 Vos
1511 3078 1624 3132 estis
1646 3079 1812 3131 lumen
1838 3076 2016 3131 mundi
2036 3073 2244 3147 (Matth.

658 3191 711 3241 v,
744 3172 853 3247 1.1);
887 3173 986 3228 nisi
1018 3171 1198 3227 abillo
1227 3171 1292 3226 de
1318 3186 1426 3242 quo
1454 3169 1651 3224 dictum
1681 3177 1783 3235 est,
1817 3167 1941 3221 Erat
1969 3167 2135 3221 lumen
2161 3182 2247 3220 ve-

658 3283 789 3333 rum,
823 3266 958 3335 quod
983 3264 1235 3319 illuminat
1258 3279 1455 3318 omnem
1483 3262 1732 3316 hominem
1756 3260 2026 3315 venientem
2046 3259 2099 3313 in
2118 3258 2277 3313 hunc.

658 3357 902 3413 mundum
934 3356 1108 3426 (Joan.
1137 3371 1175 3423 ι,
1204 3355 1259 3428 9)
1286 3356 1309 3409 :7
1338 3354 1468 3409 lllud
1519 3368 1648 3424 ergo
1688 3354 1867 3409 lumen
1893 3351 2031 3424 quod
2060 3360 2141 3408 est
2169 3350 2249 3406 lu-

660 3465 784 3506 men
813 3448 995 3503 mundi
1022 3490 1038 3516 ,
1069 3448 1137 3505 ab
1184 3447 1276 3503 illo
1301 3446 1502 3503 lumine
1543 3448 1690 3503 venit
1727 3446 1868 3518 quod
1899 3462 2003 3501 non
2031 3444 2247 3501 aliunde

659 3541 991 3607 accenditur,
1034 3549 1092 3595 ut
1136 3539 1429 3596 timendum
1473 3539 1542 3594 sit
1586 3554 1653 3594 ne
1680 3538 2067 3609 exstinguatur.
2102 3537 2242 3608 Ergo

660 3632 804 3689 venit
833 3632 1007 3688 lumen
1035 3630 1233 3698 abillo,
1267 3629 1483 3686 lucerna
1513 3629 1602 3685 illa
1627 3645 1746 3701 qua:
1775 3644 1880 3685 non
1912 3628 2124 3700 ponitur
2148 3627 2247 3684 sub

660 3722 862 3790 modio,
884 3722 979 3780 sed
1004 3737 1165 3795 super
1191 3721 1570 3778 candelabrum
1588 3763 1603 3789 ,
1629 3721 1850 3777 veniens
1889 3721 2068 3776 lumen
2099 3719 2245 3775 Thac

660 3817 778 3874 hor.
824 3816 1057 3872 Hermou
1106 3823 1284 3871 autem
1333 3814 1712 3886 interpretatur
1766 3814 2062 3870 Anathema
2107 3814 2245 3885 ejus.

658 3907 845 3965 Merito
865 3906 1008 3963 venit
1023 3905 1205 3962 lumen
1222 3914 1277 3962 et
1297 3904 1491 3961 factum
1509 3916 1589 3961 est
1609 3904 1886 3961 anathema
1903 3905 2035 3977 ejus.
2060 3903 2244 3975 Cujus,

657 4000 759 4057 nisi
790 3998 1011 4065 diaboli,
1043 3997 1344 4065 vulnerati,
1376 3997 1633 4069 superbi?
1657 3996 1727 4055 Ut
1763 4012 1891 4071 ergo
1918 3997 2244 4055 illuminare-

659 4107 799 4158 mur,
831 4091 925 4147 abs
952 4100 1004 4146 te
1032 4090 1210 4146 datum
1243 4098 1351 4157 est;
1383 4098 1442 4146 ut
1477 4090 1754 4147 anathema
1793 4090 1947 4147 nobis
1977 4100 2120 4147 esset
2156 4090 2247 4162 qui

663 4198 761 4240 nos
794 4183 845 4237 in
889 4198 986 4237 suo
1015 4198 1197 4238 errore
1227 4190 1280 4238 et
1326 4182 1571 4253 superbia
1612 4183 1882 4239 detinebat
1902 4225 1916 4249 ,
1958 4198 1987 4237 a
2017 4192 2068 4239 te
2093 4182 2247 4238 nobis

660 4282 762 4330 est.
791 4273 933 4344 Ergo
961 4270 1167 4327 Thabor
1194 4282 1238 4326 et
1258 4269 1483 4327 Hermon
1504 4273 1554 4326 in
1576 4275 1773 4327 nomine
1795 4283 1878 4327 tuo
1895 4273 2209 4328 exsultabant
2228 4292 2247 4327 :

660 4381 767 4421 non
796 4365 849 4419 in
886 4364 1091 4419 meritis
1130 4364 1270 4430 suis,
1307 4360 1400 4418 sed
1429 4364 1481 4416 in
1508 4364 1707 4417 nomine
1743 4373 1848 4418 tuo.
1888 4364 2075 4420 Dicent
2102 4364 2243 4420 enim

661 4459 768 4526 isti,
813 4457 932 4513 Non
972 4456 1131 4525 nobis,
1162 4455 1394 4524 Domine,
1425 4473 1525 4511 non
1553 4456 1710 4521 nobis,
1745 4460 1831 4513 sed
1859 4460 2049 4513 nomini
2070 4468 2153 4513 tuo
2179 4459 2247 4513 da

662 4551 916 4626 gloriam;
946 4558 1165 4622 propter
1191 4565 1337 4605 mare
1377 4550 1608 4606 saeviens
1637 4567 1649 4602 :
1673 4568 1736 4605 ne
1765 4553 1893 4623 forte
1919 4552 2087 4608 dicant
2114 4551 2247 4608 Gen-

663 4653 753 4710 tes,
790 4641 886 4698 Ubi
912 4653 983 4698 est
1010 4641 1143 4697 Deus
1182 4641 1545 4714 eorunr(I’sal.
1578 4658 1709 4699 exnt
1744 4647 1946 4700 secund.
1973 4646 2024 4713 1,
2050 4646 2135 4720 2)?

738 4734 822 4790 14.
853 4732 1002 4808 [uers.
1034 4732 1148 4807 14.]
1179 4732 1348 4789 Tuum
1372 4734 1632 4790 brachium
1662 4752 1775 4791 cum
1806 4740 2045 4808 potentia.
2077 4738 2245 4797 Nemo

662 4827 763 4885 sibi
812 4826 1008 4899 aliquid
1051 4836 1282 4899 arroget.
1334 4827 1377 4883 Τ
1379 4846 1495 4883 uam
1521 4828 1781 4884 brachium
1822 4847 1936 4885 cum
1981 4835 2244 4904 potentia:

664 4937 695 4977 a
721 4930 770 4977 tc
797 4919 921 4976 lacti
952 4935 1156 4987 sumus,
1185 4935 1215 4975 a
1242 4929 1295 4976 te
1318 4919 1523 4976 defensi
1550 4937 1752 4978 sumus.
1786 4922 1951 4979 Tuum
1984 4925 2245 4981 brachium

664 5033 776 5072 cum
804 5016 1064 5087 potentia;
1088 5014 1413 5086 conﬁrmetur
1437 5030 1617 5070 manus
1642 5026 1748 5084 tua,
1778 5025 1823 5071 et
1849 5016 2095 5073 exaltetur
2118 5018 2243 5073 dea:-

664 5117 769 5165 tera
794 5118 900 5163 tua.

740 5203 827 5259 15.
861 5200 1009 5276 [vers.
1044 5200 1155 5275 15.]
1190 5200 1399 5257 Iustitia
1429 5211 1474 5257 et
1503 5202 1757 5274 judicium
1790 5205 2090 5275 prazparatio
2115 5206 2259 5262 sedis

671 5304 788 5350 tum.
818 5294 1109 5365 Apparebit
1146 5295 1198 5349 in
1222 5295 1324 5350 ﬁne
1345 5295 1546 5365 justitia
1578 5303 1662 5349 tua
1694 5304 1749 5350 et
1774 5294 2028 5364 judicium
2061 5304 2243 5353 tuum:

672 5401 810 5442 nunc
849 5385 1054 5441 occulta
1098 5394 1221 5441 sunt
1260 5387 1383 5441 ista.
1431 5386 1496 5441 Et
1521 5385 1589 5441 de
1610 5386 1810 5456 judicio
1855 5396 1946 5443 tuo
1970 5388 2165 5445 dicitur
2193 5390 2243 5445 in

671 5477 777 5532 alio
802 5478 1027 5549 psalmo,
1070 5475 1175 5531 Pro
1202 5476 1408 5531 occultis
1439 5477 1533 5544 ﬁlii
1562 5476 1736 5549 (Psal.
1767 5493 1846 5545 tx,
1883 5477 1960 5547 1).
1994 5478 2107 5534 Erit
2136 5496 2249 5535 ma-

672 5572 941 5631 nil'estatio
963 5571 1144 5644 judicii
1173 5571 1245 5626 tui
1271 5580 1323 5627 et
1345 5570 1564 5641 justitia:
1590 5580 1711 5626 luat.
1743 5571 2011 5628 Ponentur
2034 5572 2247 5644 quidam

736 5752 755 5818 ξ
789 5752 867 5818 sle
881 5758 988 5818 uss.
1015 5758 1070 5805 At
1091 5750 1223 5818 edd,
1244 5749 1427 5817 pluunt,
1442 5764 1597 5818 super
1620 5756 1802 5818 terrain
1824 5752 2007 5817 pluunt.

736 5817 757 5849 ³
790 5816 986 5887 Quidam
1020 5825 1125 5868 MSS.
1164 5813 1255 5868 hic
1288 5823 1340 5868 et
1383 5813 1529 5881 intra,
1574 5813 1882 5870 Hennonim:
1921 5824 1975 5870 et
2016 5813 2254 5881 nonnulli,

672 5884 981 5935 ltermonnm.

1895 351 1951 409 S.
1994 341 2359 406 AUGUSTINI
2396 343 2695 405 EPISCOPI

3788 363 3907 426 1198

2350 463 2416 520 ad
2432 464 2724 534 dexteram,
2754 476 2805 522 et
2825 467 3037 539 quidam
3055 468 3122 526 ad
3138 470 3406 530 sinistram
3426 472 3636 549 (Matth.
3654 491 3784 549 xxv,
3805 483 3906 559 35);

2347 566 2401 613 et
2441 567 2792 628 expavescent
2838 561 3111 631 inﬁdeles,
3160 580 3280 621 cum
3326 568 3559 627 viderint
3594 574 3738 645 quod
3767 580 3907 638 modo

2347 648 2652 707 deridentes
2678 666 2782 708 non
2812 654 3073 722 credunt;
3115 659 3419 728 gaudebunt
3440 662 3599 732 justi,
3630 681 3750 722 cum
3775 671 3904 729 vide-

2348 740 2456 796 rint
2481 744 2621 813 quod
2649 745 2808 800 modo
2835 744 3212 807 non‘videntes
3242 752 3485 809 credunt.
3518 754 3729 812 Iustitia
3764 772 3809 816 et
3826 765 3908 834 ju-

2347 836 2534 892 dicium
2583 842 2889 911 praeparatio
2935 843 3065 898 sedis
3093 853 3239 901 tuae:
3285 847 3469 919 utique
3498 849 3549 904 in
3594 850 3683 908 die
3721 852 3907 923 judicii.

2345 927 2497 985 Nunc
2525 945 2653 1002 ergo
2687 933 2847 1003 quid?
2890 932 3243 992 Misericordia
3271 948 3315 994 et
3339 942 3523 997 veritas
3548 956 3773 1014 praeeunt
3809 959 3910 1005 ante

2347 1022 2527 1093 faciem
2546 1031 2704 1079 tuam.
2730 1025 3173 1098 Przeparationem
3196 1030 3337 1088 sedis
3361 1043 3484 1100 ωω,
3504 1033 3762 1105 justitiam
3784 1047 3908 1098 tuam

2347 1122 2401 1168 et
2437 1114 2694 1185 judicium
2720 1126 2866 1173 tuum
2901 1108 3184 1177 venturum
3213 1124 3485 1191 timerem,
3513 1126 3616 1182 nisi
3642 1118 3909 1190 antecede-

2347 1214 2430 1261 ret
2478 1213 2531 1262 te
2575 1206 2939 1267 misericordia
2983 1221 3038 1268 et
3082 1213 3275 1271 veritas
3302 1224 3391 1271 tua
3424 1234 3437 1271 :
3471 1218 3595 1288 quid
3630 1220 3836 1279 timeam
3863 1225 3908 1281 in

2349 1298 2453 1356 ﬁne
2476 1300 2673 1371 judicia
2702 1312 2808 1371 tua,
2842 1305 3053 1376 quando
3080 1309 3415 1379 pracedente
3443 1313 3805 1372 misericordia
3830 1325 3903 1376 tua

2348 1392 2495 1449 deles
2521 1405 2738 1464 peccata
2782 1413 2901 1453 mea
2926 1441 2941 1466 ,
2992 1408 3045 1455 et
3091 1400 3393 1458 exhibendo
3420 1406 3698 1463 veritatem
3735 1409 3905 1481 imples

2349 1487 2608 1557 promissa
2640 1490 2769 1543 tua?
2800 1489 3153 1548 Misericordia
3181 1504 3227 1550 et
3251 1497 3433 1552 veritas
3460 1509 3687 1568 praeeunt
3710 1510 3818 1557 ante
3841 1506 3909 1567 [a-

2349 1580 2475 1635 ciem
2500 1591 2655 1637 tuam.
2690 1582 2963 1641 Universae
3010 1587 3153 1643 enim
3198 1590 3298 1645 vim
3325 1590 3534 1647 Domini
3564 1592 3905 1653 misericordia

2349 1682 2402 1727 et
2422 1673 2617 1728 veritas
2640 1674 2809 1748 (Psal.
2834 1693 2979 1742 xxtv,
3006 1678 3116 1752 10).
3330 1680 3335 1684 ’
3906 1742 3909 1745 γ

2420 1764 2507 1820 16.
2540 1763 2688 1839 [vers.
2720 1768 2805 1835 16,
2846 1768 2957 1844 17.]
2996 1770 3050 1826 1η
3100 1771 3183 1830 his
3216 1777 3460 1834 omnibus
3501 1795 3609 1837 non
3640 1784 3907 1843 exsultabi-

2350 1860 2510 1913 mus?
2534 1870 2625 1915 aut
2652 1862 2793 1932 quod
2822 1866 3149 1923 cxsultamus
3177 1870 3492 1941 capiemus?
3515 1885 3609 1931 aut
3635 1878 3788 1935 verba
3813 1882 3905 1936 sul-

2351 1950 2531 2006 ﬁcient
2567 1952 2762 2009 lcetitize
2790 1958 3026 2013 nostrae?
3055 1969 3146 2015 aut
3191 1961 3367 2034 lingua
3414 1965 3604 2023 idonea
3635 1971 3734 2025 erit
3760 1973 3905 2043 expli-

2352 2057 2475 2098 care
2494 2044 2739 2115 gaudium
2764 2057 3001 2105 nostrum
3023 2052 3045 2106 ?
3070 2050 3124 2108 Si
3145 2069 3274 2125 ergo
3294 2057 3435 2113 nulla
3455 2061 3617 2117 verba
3639 2062 3897 2133 sufﬁciunt;

2351 2133 2535 2191 Beatus
2575 2139 2791 2209 populus
2828 2144 2987 2197 sciens
3014 2144 3389 2214 jubilationem.
3422 2150 3466 2206 Ο
3505 2151 3661 2210 beate
3701 2158 3899 2227 popule!

2353 2240 2529 2300 putas,
2553 2231 2802 2304 intelligis
2830 2235 3245 2305 jubilationem?
3274 2240 3427 2298 Nullo
3454 2245 3617 2301 modo
3641 2247 3815 2305 beatus
3838 2265 3901 2319 es,

2351 2323 2450 2378 nisi
2475 2324 2738 2396 intelligas
2770 2327 3164 2397 jubilationem.
3196 2334 3332 2400 Quid
3360 2345 3477 2406 est,
3512 2338 3770 2413 intelligas
3790 2343 3906 2413 jubi-

2352 2415 2646 2472 lationem?
2675 2419 2821 2475 Scias
2852 2423 2991 2479 unde
3018 2425 3249 2495 gaudeas
3280 2430 3420 2499 quod
3455 2433 3636 2490 verbis
3670 2437 3903 2507 explicem

2352 2524 2457 2603 non
2508 2512 2698 2581 possis.
2732 2513 2991 2571 Gaudium
3020 2519 3160 2573 enim
3196 2529 3340 2577 tuum
3386 2539 3490 2581 non
3523 2526 3593 2584 de
3640 2538 3688 2585 te
3712 2572 3726 2594 ,
3765 2532 3905 2603 utqui

2352 2602 2629 2672 gloriatur,
2674 2606 2725 2660 in
2776 2607 3000 2665 Domino
3046 2612 3302 2683 glorietur
3332 2616 3391 2691 (1
3438 2616 3556 2674 Cor.
3591 2637 3629 2689 r,
3660 2623 3766 2695 5|).
3808 2623 3905 2681 Noli

2353 2709 2479 2765 ergo
2523 2697 2792 2755 exsultare
2842 2701 2894 2756 in
2936 2705 3184 2773 superbia
3232 2716 3354 2776 tua,
3410 2711 3503 2766 sed
3534 2712 3589 2767 in
3628 2715 3786 2784 gratia
3812 2715 3903 2771 Dei.

2354 2787 2487 2844 Vide
2507 2789 2671 2858 ipsam
2694 2794 2918 2862 gratiam
2943 2803 3142 2852 tantam
3170 2814 3310 2868 esse,
3341 2803 3425 2857 cui
3458 2804 3637 2876 lingua
3664 2807 3903 2879 explican-

2354 2878 2435 2934 dae
2461 2896 2568 2937 non
2596 2884 2665 2937 sit
2692 2884 2880 2941 idonea
2903 2928 2916 2953 ,
2949 2898 3005 2943 et
3035 2889 3339 2948 intellexisti
3362 2895 3755 2965 jubilationcm.

2425 2975 2509 3029 17.
2544 2975 2779 3048 Denique
2821 2980 2864 3034 si
2906 2980 3211 3041 intellexisti
3245 2986 3295 3042 in
3341 2990 3903 3063 gratiajubilationem,’

2353 3067 2519 3137 ipsius
2570 3072 2755 3140 gratiae
2796 3073 2920 3128 audi
2970 3080 3512 3139 commendationem.
3566 3084 3755 3143 Beatus
3787 3096 3905 3159 certe

2354 3159 2574 3231 populus
2595 3164 2754 3219 sciens
2769 3165 3143 3237 jubilationem.
3176 3171 3345 3240 Quam
3369 3173 3777 3243 jubilationcm?
3801 3177 3904 3235 Vide

2353 3251 2397 3306 si
2426 3267 2531 3308 non
2561 3253 2628 3309 de
2655 3257 2845 3326 gratia,
2875 3257 2999 3315 vide
3025 3261 3071 3315 si
3113 3275 3219 3317 non
3247 3262 3312 3319 de
3343 3264 3473 3331 Deo,
3506 3277 3559 3323 et
3590 3272 3797 3327 omnino
3817 3284 3903 3326 non

2352 3345 2419 3401 de
2452 3356 2521 3403 te.
2564 3347 2804 3418 Domine,
2834 3352 2888 3406 in
2916 3352 3107 3409 lumine
3134 3356 3299 3412 vultus
3327 3360 3399 3413 tui
3422 3360 3766 3419 ambulabunt.
3788 3363 3903 3419 Tha-

2352 3440 2451 3496 bor
2477 3441 2596 3509 ille,
2628 3443 2858 3501 Veniens
2904 3446 3083 3505 lumen
3110 3491 3124 3517 ,
3164 3450 3267 3506 nisi
3320 3452 3375 3508 in
3419 3453 3627 3514 lumine
3665 3457 3823 3512 vultus
3844 3455 3903 3511 tui

2353 3534 2629 3603 ambulet,
2676 3547 2835 3594 vento
2872 3541 3132 3611 superbiae
3173 3544 3389 3602 lucerna
3420 3548 3786 3621 exstinguitur.
3814 3546 3904 3603 Da-

2352 3627 2505 3696 mine,
2526 3628 2580 3683 in
2609 3630 2797 3686 lumine
2820 3632 2985 3687 vultus
3007 3634 3080 3688 tui
3103 3635 3455 3707 ambulabunt;
3480 3650 3527 3697 et
3555 3642 3613 3697 in
3632 3643 3816 3698 nomine
3837 3650 3905 3695 tuo

2351 3723 2669 3779 exsultabant
2704 3733 2805 3781 tota
2853 3726 2951 3781 die.
2996 3726 3209 3786 Thabor
3252 3731 3340 3788 ille
3379 3743 3433 3789 et
3475 3734 3708 3793 Hermon
3748 3736 3796 3790 in
3828 3749 3904 3788 no-

2350 3816 2485 3871 mine
2512 3826 2595 3872 tuo
2635 3819 2955 3875 exsultabant
2981 3837 2999 3876 :
3027 3822 3070 3878 si
3104 3823 3286 3879 volunt
3338 3834 3443 3881 tota
3463 3826 3546 3883 die
3568 3869 3586 3895 ,
3640 3830 3689 3885 in
3720 3828 3904 3885 nomine

2351 3919 2471 3977 tuo;
2495 3911 2576 3967 sin
2594 3921 2768 3969 autem
2790 3914 3128 3971 exsultabant
3146 3917 3199 3972 in
3222 3919 3439 3975 nomine
3458 3935 3577 3988 suo,
3604 3938 3707 3979 non
3728 3932 3820 3978 toni
3834 3918 3904 3975 die

2351 4005 2708 4061 exsultabunt.
2726 4005 2842 4063 Non
2860 4007 3001 4064 enim
3025 4008 3077 4064 in
3097 4009 3291 4080 gaudio
3310 4017 3742 4083 perseverabunt,
3761 4027 3903 4085 quan-

2350 4096 2419 4153 do
2453 4097 2520 4153 de
2562 4099 2750 4170 seipsis
2794 4100 3127 4172 gaudebunt,
3154 4112 3210 4160 et
3247 4120 3342 4176 per
3378 4109 3682 4179 superbiam
3722 4109 3905 4167 cadent:

2350 4188 2490 4259 Ergo
2519 4198 2575 4245 ut
2600 4199 2707 4246 tota
2732 4190 2821 4248 die
2845 4194 3129 4262 exsultent,
3161 4196 3214 4250 in
3242 4198 3445 4253 nomine
3471 4208 3558 4255 tuo
3585 4200 3903 4264 exsultabant;

2350 4290 2396 4334 et
2422 4281 2474 4334 in
2508 4291 2593 4335 tua
2609 4282 2811 4352 justitia
2836 4284 3206 4344 excitabuntur.
3232 4286 3346 4344 Non
3371 4290 3425 4345 in
3454 4305 3549 4346 sua
3568 4291 3784 4363 justitia,
3810 4286 3887 4346 sed

2350 4374 2402 4428 in
2427 4382 2513 4428 tua
2539 4391 2557 4429 :
2580 4390 2645 4430 ne
2661 4377 2766 4431 sint
2787 4377 2958 4433 zelum
2986 4379 3078 4435 Dei
3099 4380 3354 4438 habentes
3372 4424 3387 4449 ,
3404 4383 3499 4441 sed
3522 4400 3629 4442 non
3650 4383 3902 4443 secundum

2350 4468 2622 4523 scientiam
2649 4509 2663 4523 .
2686 4468 2910 4536 Quidam
2937 4473 3077 4528 enim
3126 4483 3376 4532 notantur
3394 4477 3461 4533 ab
3486 4478 3757 4551 Apostolo,
3788 4472 3903 4549 quod

2350 4559 2520 4616 zelum
2543 4561 2636 4616 Dei
2662 4560 2919 4632 habeant,
2939 4564 3031 4620 sed
3051 4580 3154 4622 non
3172 4568 3461 4625 secundum
3483 4574 3770 4638 scientiam;
3786 4572 3903 4642 igno-

2347 4664 2516 4709 rantes
2531 4654 2630 4710 Dei
2639 4657 2912 4727 justitiam,
2932 4668 2979 4714 et
3005 4676 3149 4715 suam
3169 4662 3388 4719 volentes
3410 4668 3727 4734 constituere,
3747 4675 3794 4721 et
3816 4677 3901 4720 non

2349 4746 2403 4801 in
2428 4746 2627 4803 lumine
2648 4756 2738 4803 tuo
2759 4749 3105 4817 exsultantes,
3111 4754 3327 4823 justitia:
3347 4754 3445 4811 Dei
3462 4773 3562 4813 non
3579 4769 3695 4816 sunt
3709 4754 3897 4829 subjecti.

2351 4840 2456 4897 Sed
2486 4841 2669 4898 unde?
2693 4842 2825 4910 Quia
2866 4845 3028 4898 zelum
3049 4843 3147 4900 Dei
3180 4847 3380 4917 habent,
3404 4852 3494 4905 sed
3530 4869 3631 4907 non
3665 4847 3901 4908 secundum

2350 4934 2607 4989 scientiam
2625 4934 2799 5005 (Rom.
2822 4952 2879 5001 x,
2897 4935 2932 4990 2
2949 4948 2993 4991 et
3008 4938 3085 5009 ὅ).
3106 4939 3339 5010 Populus
3351 4950 3527 4999 autem
3548 4944 3718 5001 sciens
3741 4939 3903 5012 jubila-

2352 5028 2546 5084 tionem
2571 5027 2827 5099 (illienim
2854 5046 2958 5087 non
2985 5033 3275 5090 secundum
3300 5037 3605 5104 scientiam;
3639 5040 3808 5093 beatus
3831 5048 3903 5088 au-

2351 5130 2457 5177 tem
2488 5121 2712 5192 ponulus
2755 5136 2860 5178 non
2897 5124 3161 5193 nesciens,
3192 5126 3289 5181 sed
3330 5129 3506 5185 sciens
3526 5125 3900 5201 jubilationem).

2351 5214 2491 5271 unde
2521 5214 2678 5269 debet
2699 5214 2944 5286 jubilare,
2969 5218 3108 5273 unde
3127 5217 3285 5275 debet
3310 5222 3606 5293 exsultare,
3638 5223 3734 5278 nisi
3757 5220 3803 5276 in
3830 5231 3903 5271 no-

2352 5308 2495 5364 mine
2525 5317 2613 5363 tuo
2633 5351 2647 5375 ,
2666 5309 2940 5364 ambulans
2968 5310 3021 5364 in
3052 5310 3251 5367 lumine
3292 5314 3469 5370 vultus
3498 5316 3604 5371 tui?
3629 5304 3903 5371 Etexaltari

2353 5399 2564 5470 quidem
2584 5400 2892 5468 merebitur,
2907 5400 2999 5457 sed
3025 5400 3076 5456 in
3094 5411 3182 5458 tua
3198 5403 3400 5474 justitia
3422 5425 3435 5463 :
3453 5407 3657 5465 auferat
3682 5406 3743 5462 de
3758 5398 3904 5459 medio

2348 5476 2606 5550 iustitiam
2657 5508 2829 5562 suam,
2857 5502 2912 5550 et
2941 5494 3283 5565 humilietur;
3311 5501 3488 5557 veniet
3515 5503 3603 5559 Dei
3627 5498 3831 5572 justitia,
3861 5498 3903 5546 et

2355 5588 2689 5644 exaltabitur.
2715 5588 2781 5642 Et
2805 5589 2857 5644 in
2884 5599 2971 5645 tua
2982 5591 3184 5662 justitia
3204 5595 3571 5654 exaltabuntur.

2431 5682 2520 5738 18.
2553 5682 2704 5757 [vers.
2748 5683 2861 5759 18.]
2892 5686 3143 5754 Quoniam
3170 5688 3335 5761 gloria
3359 5691 3555 5747 virtutis
3581 5703 3745 5746 eorum
3771 5692 3816 5740 tu
3840 5694 3901 5745 θεν

2364 5784 2409 5830 et
2449 5775 2501 5828 iu
2532 5774 2840 5847 beneplacito
2886 5787 2972 5833 tuo
3001 5779 3306 5836 exaltabitur
3347 5799 3506 5839 cornu
3535 5770 3903 5851 nostram:qllla

2378 5865 2471 5923 tibi
2496 5865 2853 5941 beneplacuit,
2881 5885 2989 5929 non
3014 5871 3137 5945 quia
3166 5887 3265 5932 nos
3289 5873 3433 5952 digni
3461 5889 3663 5938 sumus.
