4132 6470
313 360 454 421 “29

386 482 471 539 l9.
497 479 648 556 [rem
683 481 798 556 19.]
827 481 1081 549 Quoniam
1121 479 1324 535 Domini
1362 487 1433 534 est
1461 477 1732 548 susceptio.
1769 474 1902 530 Nam

309 590 413 644 ego
439 584 497 628 ut
521 575 766 630 cumulus
791 592 968 630 arena:
1002 576 1258 645 impulsus
1285 590 1424 636 sum,
1456 583 1514 627 ut
1537 573 1818 634 caderem;
1849 577 1907 624 et

308 666 649 732 cecidissem,
696 667 796 721 nisi
830 667 1086 722 Dominus
1137 666 1463 734 suscepisset
1507 680 1612 718 me.
1651 663 1905 731 Quoniam

309 757 524 812 Domini
559 767 628 814 est
656 759 942 827 susceptio,-
965 769 1011 813 et
1037 758 1199 812 sancti
1223 757 1388 812 Israel
1416 756 1547 827 regis
1576 756 1754 810 nostri.
1790 755 1906 824 Ipse

307 849 602 919 susceptio,
632 850 749 920 ipse
780 860 832 906 te
859 850 1122 904 illuminat
1158 867 1170 902 :
1203 850 1254 902 iu
1281 848 1396 917 ejus
1422 847 1623 902 lumine
1652 854 1796 899 tutus
1821 861 1902 910 es,

309 940 366 994 in
390 940 509 1010 ejus
541 941 742 996 lumine
770 941 1033 1007 ambulas,
1056 940 1262 1012 justitia
1283 939 1401 1009 ejus
1453 937 1764 993 exaltaris‘.
1789 935 1906 1006 Ipse

310 1047 366 1086 te
395 1035 669 1105 suscepit,
700 1034 1061 1090 inﬁrmitatem
1092 1045 1235 1089 tuam
1267 1035 1380 1104 ipse
1409 1032 1672 1096 custodit;
1702 1031 1816 1100 ipse
1855 1038 1908 1084 te

309 1125 443 1180 facit
475 1128 750 1182 robustum
781 1127 849 1184 de
868 1143 949 1195 se,
983 1144 1088 1182 non
1111 1126 1177 1182 de
1207 1140 1277 1182 te.

385 1218 478 1272 20.
508 1217 658 1291 [vers.
689 1217 807 1292 20.]
840 1218 979 1273 Tum:
1007 1219 1202 1273 locutus
1230 1235 1282 1274 es
1315 1219 1368 1273 in
1393 1226 1599 1287 aspectu
1629 1217 1748 1286 ﬁliis
1786 1215 1904 1278 tuis,

309 1318 363 1362 et
405 1308 601 1364 dixisti.
650 1309 873 1364 Locutus
918 1327 970 1364 es
1020 1311 1074 1364 in
1123 1321 1331 1377 aspectu
1364 1319 1480 1373 tuo,
1511 1308 1760 1364 rcvelasti
1807 1310 1909 1363 hoc

311 1399 601 1470 Prophetis
628 1402 750 1456 tuis.
784 1402 906 1458 Ideo
936 1403 1144 1458 locutus
1165 1419 1223 1460 es
1247 1403 1326 1458 eis
1356 1403 1406 1456 in
1442 1412 1658 1472 aspectu
1679 1442 1694 1468 ,
1722 1401 1774 1456 id
1803 1409 1905 1467 est,

311 1494 372 1548 in
400 1495 724 1551 revelatione
755 1513 768 1550 :
797 1496 938 1552 unde
981 1498 1261 1568 PrOph'eta:
1293 1497 1549 1553 Videntes
1596 1497 1909 1552 dicebantur

313 1588 334 1652 (
360 1586 378 1640 I
408 1583 536 1658 Reg.
566 1603 646 1649 ix.
673 1588 754 1660 9).
783 1588 1040 1644 Viderunt
1072 1589 1320 1661 quiddam
1348 1589 1488 1645 intus
1511 1589 1910 1660 quoddicerent

314 1677 484 1743 foris;
511 1688 566 1734 et
593 1680 645 1733 in
668 1680 875 1735 occulto
900 1681 1184 1735 audierunt
1206 1680 1346 1755 quod
1371 1682 1542 1751 palam
1584 1681 1906 1750 praedicave-

313 1779 468 1824 runt.
497 1769 642 1825 Tunc
691 1772 886 1828 locutus
926 1790 978 1826 es
1018 1774 1067 1828 in
1095 1784 1300 1845 aspectu
1338 1774 1460 1843 ﬁliis
1485 1774 1601 1834 tuis.
1627 1782 1674 1826 et
1712 1773 1904 1838 dixisti,

319 1859 486 1914 Posui
512 1863 825 1934 adjutorium
853 1881 1003 1936 super
1027 1876 1297 1935 potentem.
1322 1863 1619 1936 lntelligitis
1643 1881 1799 1935 quem
1822 1881 1910 1936 po-

317 1962 545 2008 tentem.
579 1954 818 2010 Exaltavi
868 1957 1079 2010 electum
1118 1957 1181 2010 de
1229 1957 1417 2026 popqu
1452 1973 1582 2011 meo.
1617 1956 1910 2028 lutelligitis

310 2060 480 2114 quem
506 2047 767 2109 electum;
795 2063 952 2116 quem
978 2047 1087 2115 jam
1109 2048 1351 2118 gaudetis
1375 2049 1689 2103 exaltatum.

390 2135 482 2189 2|.
513 2134 665 2210 [νινε.
695 2137 810 2212 2L]
839 2136 1014 2193 Inveni
1033 2137 1194 2193 David
1221 2156 1418 2194 servum
1442 2158 1603 2195 meum
1645 2157 1663 2195 :
1701 2141 1859 2196 istum
1886 2143 1907 2174 ¹

314 2228 488 2284 David
513 2246 576 2284 ex
609 2232 815 2286 semine
843 2232 1024 2286 David.
1057 2231 1121 2286 In
1147 2233 1255 2287 oleo
1275 2243 1448 2289 sancto
1480 2250 1587 2288 meo
1608 2235 1730 2289 anxi
1749 2252 1861 2288 eum
1890 2250 1909 2289 :

313 2318 390 2376 de
433 2321 522 2375 illo
567 2324 707 2377 enim
744 2323 956 2389 dicitur,
989 2323 1148 2380 Unasit
1177 2335 1254 2390 te,
1286 2324 1458 2389 Deus,
1489 2327 1626 2380 Deus
1656 2338 1772 2382 tuus
1800 2327 1908 2381 oleo

315 2412 672 2470 “saltationis
690 2432 798 2487 prce
811 2418 1139 2489 participibus
1169 2419 1269 2472 tuis
1289 2416 1458 2491 (Psal.
1483 2435 1625 2486 xuv,
1653 2421 1730 2491 8).

393 2503 466 2558 22
517 2503 667 2579 [item
848 2507 1036 2562 Manus
1081 2511 1215 2564 enim
1243 2527 1355 2565 mea
1401 2512 1729 2566 auxiliabitur
1757 2513 1834 2579 ei,
1863 2524 1910 2568 et

317 2597 586 2652 brachium
613 2616 778 2654 meum
797 2601 1098 2672 conforlabit
1121 2619 1235 2656 eum
1259 2618 1277 2656 :
1299 2603 1590 2658 secundum
1622 2604 1762 2673 quod
1789 2619 1909 2660 sus-

314 2691 500 2762 ceptio
525 2690 757 2748 hominis
783 2691 916 2747 faeta
943 2702 1044 2754 est,
1075 2694 1368 2752 secundum
1386 2695 1526 2766 quod
1544 2711 1669 2750 caro
1687 2698 1738 2750 in
1762 2707 1911 2752 utero

314 2781 546 2853 virginis
573 2793 843 2852 assumpta
889 2794 971 2839 est
1001 2783 1151 2858 (Luc.
1189 2801 1226 2852 t,
1258 2783 1384 2858 5|),
1433 2785 1724 2842 secundum
1769 2789 1910 2859 quod

314 2871 394 2927 ab
424 2873 513 2927 illo
533 2874 620 2944 qui
639 2875 691 2928 in
719 2874 887 2930 {arma
917 2877 1006 2932 Dei
1037 2877 1257 2947 (aqualis
1284 2877 1543 2936 estPatri.
1573 2877 1741 2933 forma
1769 2881 1912 2935 servi

314 2977 568 3037 suscepta
597 2977 702 3035 est,
728 2980 781 3022 et
812 2972 975 3024 tactus
996 2981 1074 3026 est
1098 2971 1357 3027 obediens
1378 2985 1544 3042 usque
1563 2971 1631 3026 ad
1661 2983 1908 3040 mortem,

315 3069 548 3113 mortem
575 3070 752 3116 autem
774 3062 948 3117 crucis
976 3061 1235 3135 (Philipp.
1269 3079 1329 3126 tt.
1355 3063 1502 3131 6-8).

391 3148 483 3204 25.
511 3149 662 3223 [uers.
701 3150 819 3226 23.]
867 3151 990 3208 Non
1034 3155 1262 3224 proﬁciet
1305 3156 1538 3212 inimicus
1562 3155 1617 3211 in
1645 3173 1722 3212 eo.
1750 3155 1914 3214 vait

314 3242 537 3310 quidem
568 3243 814 3299 inimicus
837 3286 852 3308 ,
881 3246 972 3298 sed
1003 3261 1109 3301 non
1138 3248 1378 3316 proﬁciet
1402 3248 1453 3303 in
1479 3263 1547 3304 eo
1589 3267 1602 3302 :
1635 3249 1772 3305 solet
1797 3251 1914 3321 qui-

315 3333 444 3388 dem
477 3350 691 3402 nocere,
720 3336 813 3392 sed
844 3354 948 3394 non
976 3338 1204 3393 nocebit.
1234 3338 1371 3407 Quid
1400 3352 1483 3396 est
1507 3356 1636 3412 ergo
1663 3341 1806 3412 quod
1833 3343 1909 3395 al-

318 3425 512 3496 ﬂiget?
537 3425 840 3495 Exercebit,
873 3446 978 3484 non
1026 3430 1240 3485 nocebit
1271 3449 1285 3486 :
1320 3431 1560 3502 proderit
1606 3435 1911 3502 sariendo,

321 3519 447 3588 quia
497 3519 550 3574 in
589 3535 725 3589 quos
770 3520 957 3584 szevit,
1006 3522 1409 3578 coronabuntur
1455 3524 1736 3580 vincendo.
1776 3526 1912 3594 Quid

325 3609 466 3663 enim
495 3610 744 3678 vincitur,
773 3612 815 3667 si
846 3612 973 3667 nihil
1001 3623 1183 3668 contra
1226 3630 1323 3669 nos
1365 3616 1556 3671 saevit?
1593 3627 1684 3670 aut
1705 3617 1788 3674 ubi
1817 3619 1911 3673 ad-

319 3700 466 3772 jutor
490 3715 673 3758 noswr
702 3704 841 3760 Deus
860 3747 876 3770 ,
930 3705 971 3758 si
1018 3721 1116 3760 nos
1141 3721 1245 3761 non
1271 3706 1621 3764 dimicamus?
1664 3709 1913 3766 Inimicus

320 3808 452 3863 ergo
481 3793 633 3849 faciet
670 3795 810 3866 quod
850 3811 1005 3851 suum
1032 3808 1146 3864 est;
1177 3799 1269 3854 sed
1303 3817 1402 3854 non
1428 3802 1655 3870 pro/iciet
1681 3804 1912 3860 inimicus

319 3887 374 3938 in
407 3902 486 3948 eo,
517 3896 563 3939 et
585 3886 724 3954 [ilius
755 3889 1030 3957 iniquitatis
1058 3907 1156 3944 non
1187 3901 1403 3962 apponet
1435 3910 1611 3948 nocere
1637 3896 1701 3950 ei.

393 3977 488 4031 24.
531 3975 676 4050 [πη.
702 3978 816 4052 24.]
861 3979 925 4033 lit
955 3982 1214 4035 concidam
1240 3984 1466 4038 inimicos
1486 3987 1595 4056 ejus
1623 4004 1654 4040 a
1683 3988 1811 4056 [acie
1843 3989 1914 4043 il-

322 4071 448 4124 lius.
503 4071 862 4128 Coucidnutur
891 4091 920 4129 a
947 4077 1338 4147 conspiratione
1376 4093 1492 4144 sua,
1535 4090 1588 4134 et
1631 4081 1770 4150 quod
1797 4098 1915 4138 cre-

320 4166 458 4219 dunt
495 4167 862 4222 conciduntur.
913 4167 1165 4223 Paulatim
1192 4171 1334 4224 enim
1377 4172 1634 4236 credunt;
1665 4183 1914 4243 tauquam

319 4258 654 4311 comminuto
671 4261 844 4327 capite
867 4259 1037 4326 vituli,
1066 4261 1278 4314 venient
1307 4262 1358 4315 in
1382 4272 1563 4332 putum
1589 4264 1765 4333 populi
1797 4263 1911 4321 Dei.

321 4350 650 4405 Cmnmiuuit
677 4353 816 4406 enim
849 4361 1005 4422 caput
1027 4353 1174 4407 vituli
1207 4353 1434 4426 Moyses,
1458 4357 1652 4425 sparsit
1675 4356 1724 4409 in
1755 4372 1911 4427 aqua,

321 4453 370 4495 et
404 4444 547 4497 dedit
579 4445 758 4500 bibere
787 4445 908 4499 filiis
933 4445 1091 4500 Israel
1127 4446 1318 4517 (Exod.
1341 4465 1508 4514 χχχιι,
1536 4449 1648 4522 20).
1677 4450 1914 4506 Cuuuui-

323 4545 564 4590 ttttttnlttr
593 4555 778 4590 omnes
819 4537 1078 4604 infideles,
1108 4538 1334 4594 credunt
1359 4542 1641 4609 paulatim;
1683 4552 1736 4597 et
1764 4559 1793 4596 a
1822 4559 1918 4613 po-

323 4628 450 4694 pulai
499 4627 590 4680 Dei
621 4629 892 4695 bibuntur,
934 4629 983 4682 in
1016 4645 1212 4700 corpus
1236 4631 1432 4686 Christi
1473 4635 1819 4703 trajiciuntur.
1851 4635 1918 4690 Et

325 4718 588 4771 concidam
618 4720 846 4774 inimicos
874 4721 982 4787 ejus
1007 4739 1038 4774 a
1062 4723 1192 4793 facie
1219 4723 1356 4776 illius
1376 4741 1395 4789 ;
1425 4734 1472 4776 et
1492 4741 1573 4780 eos
1594 4727 1680 4796 qui
1708 4727 1917 4781 oderunt

326 4827 472 4873 cum,
507 4811 742 4881 fugabo:
789 4827 855 4866 ne
902 4823 1144 4868 noceant.
1196 4813 1300 4868 Sed
1349 4812 1644 4883 fugatorum
1699 4817 1917 4872 istorum

327 4899 464 4956 forte
493 4902 654 4972 aliqui
681 4903 864 4959 dicunt
909 4921 920 4957 :
970 4904 1083 4970 Quo
1119 4905 1196 4959 ibo
1225 4922 1255 4956 a
1291 4906 1469 4974 spiritu
1499 4915 1582 4960 tuo
1605 4907 1631 4960 ?
1656 4916 1700 4960 et
1731 4925 1761 4960 a
1791 4909 1922 4978 facie

327 5002 414 5046 tua
435 5010 534 5063 quo
559 4995 750 5066 fugiant
781 4993 953 5065 (Psal.
983 5012 1234 5062 CX\X\’lll,
1266 4997 1360 5062 7)?
1392 4997 1454 5051 Et
1474 4997 1710 5054 videntes
1736 5015 1840 5054 non
1863 5016 1922 5058 se

327 5085 528 5142 habere
553 5101 658 5157 quo
689 5087 882 5156 fugiant
908 5087 976 5142 ab
1004 5087 1412 5157 Omnipotente,
1443 5093 1684 5145 conversi
1719 5090 1924 5161 fugiunt

325 5177 392 5232 ad
413 5177 867 5248 Omnipotcnlcm.
901 5177 966 5232 Et
987 5196 1070 5233 cos
1096 5181 1179 5249 qui
1211 5180 1422 5233 oderunt
1448 5198 1580 5249 eum,
1606 5183 1812 5253 fugabo.

397 5269 490 5324 25.
533 5267 554 5343 [
581 5285 708 5324 rers.
738 5269 858 5341 25.]
898 5269 960 5323 Et
1002 5271 1185 5324 ueritas
1213 5287 1322 5324 mea
1355 5280 1402 5323 et
1441 5273 1784 5326 misericordia
1814 5291 1924 5328 mea

328 5378 447 5416 cum
484 5363 596 5432 ipso
627 5373 718 5417 est.
766 5361 1038 5418 Universa:
1080 5364 1182 5416 via!
1225 5362 1428 5416 Domini
1486 5365 1843 5420 misericordia
1872 5376 1924 5422 et

330 5454 548 5508 veritas.
607 5454 947 5520 Mementote,
998 5464 1249 5524 quantum
1297 5457 1536 5524 poleSlis,
1585 5472 1742 5526 quam
1785 5471 1927 5528 smpe

331 5543 490 5601 nobis
513 5545 1076 5600 connuendeuturdno
1106 5546 1217 5600 haec
1238 5588 1253 5612 ,
1285 5556 1340 5600 ut
1369 5546 1651 5601 reddamus
1681 5548 1764 5601 illa
1798 5548 1923 5604 Deo.

332 5637 487 5695 Sicut
512 5641 655 5694 enim
686 5638 800 5709 ipse
825 5638 1063 5694 exhibuit
1091 5638 1244 5694 nobis
1271 5637 1712 5704 misericordiam,
1747 5649 1804 5695 ut
1829 5640 1926 5698 de-

395 5774 419 5846 !
450 5772 835 5846 !53-’.e’.‘"““§3
924 5836 985 5846 _.
1004 5837 1017 5846 .
1232 5835 1243 5846 .

395 5837 420 5870 ³
451 5838 527 5888 sic
551 5835 774 5899 plerique
798 5844 901 5887 Mss.
924 5836 1036 5885 Edd.
1063 5849 1199 5895 vero,
1214 5835 1416 5897 justum.

623 5921 842 5984 SANCT.
891 5924 1166 5983 AUGUST.
1213 5921 1312 5987 IV.

1309 352 1701 412 ENARRATIO
1739 345 1805 408 IN
1842 345 2169 410 PSALMUM
2196 351 2533 412 LXXXVIII.

3464 371 3608 434 H30

2017 472 2151 528 lcret
2181 483 2396 544 peccata
2424 485 2644 543 nostra;
2675 485 2730 534 et
2768 480 3064 550 veritatem,
3114 493 3170 541 ut
3209 485 3454 560 impleret
3482 507 3612 564 pro-

2015 564 2174 621 missa
2200 583 2294 622 sua
2317 585 2330 621 :
2358 570 2435 624 sic
2457 579 2511 624 et
2539 584 2636 625 uos
2666 572 2995 629 ambulantes
3021 576 3074 632 in
3095 577 3176 633 via
3197 579 3333 650 ejus,
3354 581 3614 642 debemus

2014 655 2064 712 ei
2111 656 2335 714 reddere
2378 660 2796 717 misericordiam
2837 674 2891 721 et
2940 669 3246 738 veritatem;
3305 674 3614 732 misericor-

2015 747 2178 814 diam,
2207 759 2267 804 ut
2303 751 2620 808 miserorum
2658 755 3040 825 misereamur;
3073 761 3372 831 veritatem,
3421 775 3619 825 utnon

2015 837 2195 909 inique
2218 840 2538 910 judicemus.
2588 843 2702 899 Non
2750 846 2840 901 tibi
2890 848 3040 904 tollat
3071 853 3266 908 veritas
3307 855 3614 914 misericor-

2015 930 2178 995 diam,
2225 947 2324 987 uec
2362 933 2727 990 misericordia
2757 937 3011 1008 impediat
3035 943 3311 1000 veritatem
3347 963 3360 998 :
3393 949 3437 1002 si
3468 949 3617 1005 enim

2015 1037 2110 1093 per
2140 1020 2559 1081 misericordiam
2600 1027 2919 1098 iudicaveris
2959 1045 3142 1089 contra
3187 1039 3485 1104 veritatem,
3525 1049 3621 1098 aut

2014 1117 2166 1188 quasi
2220 1118 2384 1188 rigida
2429 1120 2652 1176 veritate
2697 1123 2894 1179 oblitus
2945 1124 3110 1182 fueris
3155 1130 3618 1202 misericordiam;

2015 1224 2120 1262 non
2149 1209 2445 1267 ambulabis
2473 1212 2524 1266 in
2557 1213 2637 1267 via
2667 1213 2793 1279 Dei,
2825 1217 2911 1270 ubi
2942 1217 3305 1276 misericordia
3339 1232 3395 1278 et
3421 1226 3618 1282 veritas

2014 1309 2364 1356 occurrerunt
2411 1302 2509 1357 sibi
2557 1302 2726 1378 (Psal.
2779 1322 3002 1375 Lxxxw,
3066 1309 3174 1382 li).
3223 1310 3290 1366 Et
3325 1313 3378 1368 in
3417 1318 3622 1373 nomine

2015 1407 2126 1445 meo
2155 1391 2458 1447 exaltabitur
2485 1411 2642 1450 cornu
2671 1398 2804 1469 ejus.
2836 1398 2974 1466 Quid
3005 1413 3140 1470 opus
3168 1413 3249 1458 est
3277 1413 3332 1458 ut
3363 1405 3620 1463 immore-

2019 1485 2180 1538 mur?
2208 1485 2490 1542 Christiani
2512 1489 2662 1556 estis,
2693 1489 2963 1546 Christum
2992 1496 3281 1562 agnoscite.

2084 1574 2176 1630 26.
2217 1574 2390 1650 [vet-s.
2440 1577 2556 1653 26.]
2597 1579 2664 1633 Et
2709 1598 2895 1652 ponam
2940 1584 2992 1638 in
3043 1588 3172 1639 mari
3222 1606 3428 1644 umnam
3465 1595 3573 1664 ejus
3603 1610 3624 1649 :

2017 1667 2117 1722 hoc
2143 1677 2220 1724 est
2248 1712 2262 1736 ,
2304 1670 2664 1728 dominabitur
2685 1673 2963 1731 Gentibus.
2993 1676 3061 1731 Et
3085 1679 3138 1732 in
3167 1681 3462 1750 ﬂuminibus
3497 1687 3625 1741 dea:-

2016 1769 2176 1813 teram
2198 1762 2328 1832 ejus.
2360 1761 2606 1818 Flumina
2635 1777 2854 1822 currunt
2876 1768 2931 1822 in
2962 1785 3142 1834 mare;
3169 1775 3346 1844 cupidi
3373 1777 3623 1837 homines

2015 1850 2073 1905 in
2120 1853 2528 1910 amaritudinem
2578 1855 2737 1926 hujus
2785 1860 2964 1914 smculi
2996 1863 3393 1932 prolabuntur:
3439 1874 3623 1928 omnia

2016 1949 2192 1996 tamen
2223 1959 2416 2012 genera
2449 1946 2546 2001 ista
2573 1946 2787 2004 Christo
2813 1950 3022 2008 subdita
3053 1965 3231 2010 erunt.

2087 2031 2180 2089 27.
2222 2033 2371 2107 [verm
2413 2035 2642 2112 27.28.]
2685 2037 2804 2111 Ipse
2833 2042 3078 2098 invocabit
3123 2063 3237 2114 me,
3279 2049 3437 2106 Pater
3481 2070 3623 2109 meus

2014 2141 2066 2180 es
2096 2135 2169 2190 tu,
2199 2125 2332 2182 Deus
2359 2145 2498 2182 meus
2538 2140 2586 2184 et
2625 2142 2884 2204 susceptor
2911 2135 3092 2192 salutis
3119 2155 3261 2194 mea-2.
3298 2141 3364 2196 Et
3394 2161 3486 2215 ego
3514 2147 3626 2217 pri-

2014 2221 2320 2290 mogenitum
2361 2239 2547 2290 ponam
2591 2241 2726 2292 eum,
2776 2229 3028 2284 excelsum
3078 2234 3221 2301 apud
3266 2252 3407 2305 reges
3449 2248 3620 2296 terrw.

2013 2310 2272 2384 Martyres
2316 2316 2504 2382 nostri,
2553 2333 2778 2388 quorum
2822 2322 3057 2377 natalitia
3100 2325 3454 2394 celebramus,
3497 2347 3623 2387 san-

2013 2407 2225 2476 guinem
2255 2422 2408 2462 suum
2440 2421 2658 2481 propter
2681 2412 2791 2468 haec
2817 2415 3018 2470 credita
3045 2426 3100 2472 et
3127 2419 3362 2475 nondum
3394 2423 3506 2478 visa
3533 2425 3622 2480 fu-

2014 2499 2206 2556 derunt
2231 2522 2244 2558 :
2271 2514 2468 2572 quanto
2494 2505 2743 2564 fortiores
2771 2525 2868 2564 nos
2894 2527 3012 2567 esse
3033 2512 3310 2584 debemus,
3345 2519 3574 2575 videndo
3600 2505 3619 2537 ⁸

2014 2592 2155 2661 quod
2202 2594 2276 2648 illi
2318 2595 2698 2653 crediderunt?
2753 2600 3036 2658 Excelsum
3084 2606 3226 2662 enim
3277 2610 3417 2679 apud
3462 2627 3618 2683 reges

2016 2691 2171 2739 terra:
2218 2685 2291 2741 illi
2325 2687 2560 2744 nondum
2592 2690 2832 2747 viderant
2861 2692 3168 2760 Christum;
3201 2699 3377 2756 adhuc
3406 2702 3611 2774 princi-

2015 2789 2110 2844 pes
2135 2778 2520 2835 conveniebant
2543 2781 2593 2836 in
2622 2797 2804 2846 unum,
2837 2784 3094 2842 adversus
3123 2789 3406 2848 Dominum
3436 2802 3490 2849 et
3515 2797 3616 2851 ad-

2016 2881 2202 2922 versus
2237 2868 2507 2927 Christum
2553 2871 2671 2943 ejus
2700 2893 2713 2929 :
2749 2875 2983 2931 nondmu
3027 2879 3299 2950 impletum
3329 2895 3444 2939 erat
3472 2889 3621 2956 quod

2017 2956 2069 3010 in
2122 2957 2236 3028 ipso
2277 2961 2483 3030 psalmo
2524 2965 2784 3034 sequitur,
2825 2967 2890 3022 Et
2915 2986 3070 3038 nunc,
3110 2989 3271 3046 reges.
3305 2977 3612 3048 intelligitc;

2016 3050 2287 3106 erudimini
2324 3070 2496 3109 omnes
2535 3057 2621 3126 qui
2635 3057 2884 3128 judicatis
2910 3070 3096 3116 terram
3123 3062 3295 3135 (Psal.
3325 3084 3381 3131 ll,
3411 3071 3465 3134 2,
3501 3071 3614 3140 10).

2016 3139 2134 3195 Jam
2183 3157 2312 3214 ergo
2361 3144 2532 3202 iactus
2564 3157 2648 3203 est
2695 3149 2939 3207 Christus
2989 3154 3235 3210 excelsus
3275 3158 3415 3227 apud
3463 3139 3623 3233 rcges

2021 3242 2176 3289 terra!
2183 3275 2196 3289 .

2087 3324 2176 3380 28.
2219 3326 2494 3401 iuers.29.]
2531 3327 2596 3384 1η
2612 3340 2854 3387 ceternum
2879 3336 3084 3391 servabo
3129 3339 3174 3393 ei
3211 3340 3614 3400 misericordiam

2017 3433 2197 3484 meam,
2224 3428 2271 3472 et
2289 3427 2639 3477 testamentum
2668 3439 2830 3478 meum
2857 3426 3008 3494 ﬁdele
3033 3428 3151 3499 ipsi.
3174 3429 3398 3504 Propter
3417 3435 3618 3506 ipsum,

2018 3507 2174 3565 ﬁdele
2205 3520 2614 3580 testamentum;
2660 3517 2710 3570 in
2739 3515 2854 3586 ipso
2885 3517 3172 3576 mediatum
3202 3533 3285 3578 est
3328 3534 3622 3585 testamen-

2019 3611 2165 3670 tum;
2203 3604 2318 3674 ipse
2345 3606 2605 3662 mediator
2650 3612 2993 3679 testamenti,
3027 3613 3139 3683 ipse
3178 3616 3414 3687 signator
3456 3631 3623 3678 testa—

2018 3695 2201 3760 menti,
2219 3695 2331 3766 ipse
2348 3697 2629 3767 tidejussor
2645 3704 2967 3772 testamenti,
2985 3704 3098 3776 ipse
3119 3711 3268 3764 testis
3291 3717 3629 3786 testamenti,

2019 3785 2134 3856 ipse
2156 3787 2440 3844 lunreditas
2470 3795 2794 3861 testamenti,
2819 3795 2932 3865 ipse
2948 3795 3187 3855 cohaeres
3209 3807 3536 3861 testamenti.

2087 3879 2177 3937 29.
2199 3878 2348 3954 [vers.
2369 3881 2483 3957 50.]
2505 3883 2567 3938 Et
2585 3901 2769 3956 ponam
2785 3887 2837 3941 in
2854 3889 3097 3944 saxulum
3112 3894 3286 3946 seaculi
3297 3911 3463 3952 semen
3479 3902 3621 3970 ejus.

2016 3969 2132 4026 Non
2152 3983 2353 4029 tantum
2375 3976 2428 4029 in
2459 3975 2559 4032 hoc
2587 3978 2806 4044 sarculo,
2838 3980 2932 4034 sed
2950 3982 3003 4035 in
3018 3985 3258 4038 secutum
3274 3989 3449 4043 saeculi
3462 4007 3484 4053 ;
3503 3969 3622 4062 quo

2020 4063 2264 4118 transibit
2283 4065 2460 4136 utique
2475 4080 2658 4122 semen
2675 4068 2810 4138 ejus,
2830 4086 2950 4138 quin
2965 4083 3047 4127 est
3063 4073 3348 4134 hmreditas
3363 4079 3502 4150 ejus,
3530 4099 3622 4140 se-

2017 4169 2141 4208 men
2169 4153 2395 4209 Abraha:
2414 4158 2555 4226 quod
2581 4169 2663 4214 est
2689 4159 2951 4216 Christus.
2979 4163 3033 4218 Si
3067 4174 3243 4221 autem
3273 4185 3367 4226 vos
3393 4171 3618 4241 Chrisﬁ,

2019 4261 2147 4319 ergo
2170 4246 2399 4303 Abrahae
2429 4265 2610 4306 semen
2631 4253 2759 4307 estis
2781 4251 2975 4322 (Galat.
3005 4272 3082 4321 tu,
3108 4259 3174 4313 16
3194 4271 3239 4314 et
3258 4261 3352 4334 29)
3376 4275 3461 4321 :et
3489 4268 3532 4322 si
3564 4268 3621 4324 in

2019 4348 2274 4394 teternum
2302 4342 2571 4412 accepturi
2595 4344 2982 4415 hmreditatem,
3012 4363 3171 4420 ponet
3188 4354 3237 4407 in
3259 4357 3502 4413 swculum
3519 4377 3620 4416 saa-

2019 4434 2122 4488 culi
2143 4450 2309 4490 semen
2332 4437 2459 4507 ejus.
2490 4435 2555 4490 Et
2574 4438 2807 4492 thronum
2848 4441 2959 4511 ejus
2979 4443 3110 4498 sicut
3126 4445 3234 4500 dies
3257 4449 3390 4503 caeli.
3417 4451 3620 4509 Throni

2023 4541 2204 4593 regum
2225 4534 2558 4584 terrenorqu
2583 4531 2720 4586 sicut
2736 4531 2850 4586 dies
2871 4541 3053 4592 terrai.
3075 4537 3176 4592 Alii
3200 4542 3452 4599 suntdics
3473 4548 3618 4614 coeli,

2021 4615 2107 4670 alii
2133 4627 2255 4672 sunt
2282 4618 2397 4674 dies
2431 4631 2606 4675 terrm.
2637 4622 2757 4678 Dies
2780 4623 2899 4680 coeli
2927 4628 3051 4680 anui
3077 4640 3200 4684 sunt
3227 4631 3300 4685 illi
3330 4633 3398 4689 de
3422 4638 3622 4706 quibus

2023 4705 2216 4762 dicitur
2240 4729 2252 4765 :
2282 4707 2356 4761 Tu
2377 4720 2541 4764 autem
2571 4711 2702 4766 idem
2728 4715 2835 4783 ipse
2857 4732 2930 4783 es,
2959 4727 3003 4771 et
3021 4721 3146 4772 anni
3165 4723 3239 4774 tui
3261 4740 3360 4778 non
3382 4705 3623 4796 deﬁcient

2028 4797 2196 4870 (Psal.
2251 4817 2321 4868 CI,
2373 4803 2487 4870 28).
2535 4805 2656 4860 Dies
2697 4817 2854 4862 terra:
2890 4811 3300 4870 succedentibus
3336 4831 3618 4889 urgentur.

2023 4891 2386 4960 prmcedentes
2412 4895 2784 4965 excluduntur,
2807 4915 2904 4956 nec
2923 4901 3013 4970 qui
3041 4906 3336 4960 succedunt
3362 4923 3618 4978 manent;

2025 4981 2117 5036 sed
2149 4982 2368 5037 veniunt
2399 4993 2453 5038 ut
2483 4997 2602 5040 eaut
2627 5029 2642 5053 ,
2675 4997 2729 5043 et
2751 5005 2884 5058 pene
2913 5002 3198 5063 antequam
3227 4998 3442 5055 veniant
3468 5013 3620 5059 eunt.

2025 5071 2100 5128 Ita
2147 5083 2270 5129 sunt
2296 5075 2412 5131 dies
2443 5086 2616 5133 terrm.
2649 5081 2768 5135 Dies
2797 5091 2972 5136 autem
3017 5085 3137 5140 coeli
3165 5096 3219 5141 et
3247 5089 3321 5144 illi
3348 5093 3469 5148 anni
3511 5111 3620 5153 non

2025 5165 2336 5222 deﬁcientes
2360 5209 2375 5235 ,
2422 5185 2519 5225 nec
2561 5170 2768 5225 initium
2800 5172 2999 5228 habent
3028 5191 3126 5232 nec
3159 5181 3444 5239 terminum
3473 5203 3489 5253 ;
3522 5204 3624 5247 nec

2029 5259 2166 5315 ullus
2195 5260 2265 5315 ibi
2295 5261 2413 5318 dies
2452 5273 2762 5334 angustatur
2796 5264 2938 5320 inter
2981 5266 3291 5329 hesternmn
3337 5286 3391 5332 et
3428 5283 3623 5336 crasti-

2029 5370 2156 5408 nmn
2189 5372 2202 5408 :
2236 5371 2394 5410 nemo
2422 5356 2490 5411 ibi
2513 5366 2806 5428 exspectat
2846 5358 3114 5430 futurum,
3148 5380 3306 5422 nemo
3337 5369 3406 5425 ibi
3447 5373 3624 5442 perdit

2030 5447 2392 5516 praeteritum;
2424 5447 2516 5502 sed
2562 5449 2675 5503 dies
2709 5451 2831 5506 cmli
2871 5469 3087 5525 semper
3134 5470 3428 5526 praesentes
3469 5476 3620 5532 sunt,

2032 5540 2118 5594 ubi
2163 5541 2264 5595 erit
2311 5539 2539 5595 thronus
2580 5541 2697 5612 ejus
2737 5544 2788 5598 iu
2834 5554 3116 5602 internum.
3165 5550 3315 5618 Quod
3359 5564 3542 5625 restat,
3574 5560 3622 5614 si

2033 5632 2238 5703 placet,
2271 5647 2580 5695 servemus;
2621 5635 2870 5706 quoniam
2904 5638 3093 5710 longus
3121 5653 3204 5696 est
3243 5644 3483 5702 Psalmus
3505 5689 3522 5715 ,
3568 5663 3624 5707 et

2032 5727 2208 5782 adhuc
2240 5726 2516 5784 vobiscum
2545 5729 2741 5802 aliquid
2775 5724 2824 5785 iu
2855 5732 3072 5789 nomine
3111 5733 3308 5790 Christi
3335 5739 3503 5795 acturi
3532 5755 3622 5798 su-

2108 5840 2127 5874 ⁸
2157 5839 2288 5901 add,
2315 5839 2524 5891 videndo
2547 5855 2634 5906 per
2657 5843 2802 5905 quod,
2829 5851 2923 5894 etc.
2950 5845 3115 5902 Abest,
3139 5860 3244 5910 per,
3268 5861 3295 5898 a
3317 5855 3424 5900 Mss.

2791 5932 3262 6013 (Trente-siar.)
