4132 6468
508 373 643 440 usi
691 361 695 366 '

506 535 646 577 mus.
676 510 904 569 “elicite
930 520 1056 578 ergo
1088 503 1262 569 vires;
1298 512 1401 555 non
1428 479 1546 551 dico
1572 489 1733 546 animi
1755 487 1940 554 vestri,
1973 498 2097 540 nam

505 607 666 670 video
717 604 859 680 quod
888 601 1066 658 animo
1112 589 1464 664 infatigabiles
1511 586 1640 642 estis
1684 602 1698 640 :
1743 579 1838 637 sed
1882 585 2102 650 propter

507 716 694 762 servos
720 677 910 754 animae
931 695 950 726 ί
978 735 994 762 ,
1021 700 1081 746 ιιι
1107 688 1300 745 durent
1327 684 1381 738 in
1420 677 1714 737 ministerio
1760 685 1984 743 corpora
2011 683 2102 724 ve-

508 807 618 853 stra
644 837 658 862 ,
708 783 1093 862 aliquantulum
1145 774 1469 844 relicimini,
1518 781 1572 830 et
1616 766 1800 850 refecti
1846 764 1915 822 ad
1953 763 2104 821 cibos

508 888 702 946 redite.

1127 980 1299 1024 saeuo
1335 979 1371 1018 ιι
1399 960 1501 1034 (a).

935 1065 1012 1122 De
1035 1062 1255 1120 secunda
1283 1067 1426 1131 parte
1457 1051 1676 1109 Psalmi.

591 1167 646 1222 1.
685 1161 766 1220 Ad
791 1161 996 1230 reliqua
1028 1154 1216 1229 psalmi
1246 1151 1313 1207 de
1342 1163 1447 1222 quo
1474 1147 1526 1203 in
1551 1142 1813 1201 matutino
1831 1138 1992 1194 locuti
2021 1151 2109 1191 su-

433 1294 437 1301 -
515 1279 655 1326 mus,
683 1259 922 1314 animum
948 1250 1206 1308 intendite
1225 1289 1240 1315 ,
1269 1255 1324 1301 et
1352 1243 1498 1316 pium
1524 1239 1760 1296 debitum
1791 1233 2014 1305 exigite;
2043 1245 2108 1285 eo

515 1324 794 1407 reddituro
828 1362 920 1416 per
947 1358 1063 1406 nos,
1098 1339 1185 1410 qui
1217 1339 1340 1394 fecit
1374 1344 1429 1390 et
1462 1348 1561 1389 nos
1592 1340 1653 1387 et
1691 1344 1804 1383 vos.
1853 1324 2110 1379 Dominus

517 1444 763 1502 Christus
789 1441 839 1494 in
869 1434 1234 1508 superioribus
1262 1427 1455 1484 Psalmi
1480 1441 1549 1480 ex
1585 1421 1852 1494 promisso
1877 1416 1972 1472 Dei
2010 1431 2109 1470 an-

519 1537 887 1598 nuntiabatur,
917 1541 972 1586 et
995 1527 1168 1583 adhuc
1194 1526 1246 1579 in
1278 1523 1360 1577 his
1386 1521 1547 1576 etiam
1569 1513 1749 1572 verbis
1773 1528 1891 1583 quae
1919 1518 2113 1564 tracta-

520 1631 623 1686 turi
653 1641 858 1691 snmus,
904 1625 1018 1693 ipse
1045 1617 1412 1674 annuntiatur.
1447 1611 1523 1666 De
1552 1609 1646 1664 illo
1672 1606 1812 1662 enim
1847 1603 1987 1658 inter
2009 1616 2114 1655 cae-

520 1733 631 1779 tera
661 1719 816 1791 paulo
838 1715 1081 1786 superius
1111 1711 1309 1764 dictmn
1332 1714 1483 1761 erat:
1518 1700 1583 1756 Et
1609 1716 1698 1772 ego
1728 1693 2113 1769 primogenitum

520 1831 708 1886 ponam
748 1827 881 1874 cum,
931 1806 1183 1860 excelsum
1217 1796 1356 1871 apud
1383 1812 1521 1868 reges
1563 1804 1727 1848 terrw.
1771 1788 1838 1843 In
1871 1796 2114 1857 a'ternum

521 1903 726 1962 servabo
756 1903 832 1956 illi
861 1894 1260 1953 misericordiam
1284 1906 1467 1956 meam,
1506 1897 1552 1942 et
1576 1891 1925 1939 testamentum
1949 1893 2116 1933 meum

525 1997 674 2069 ﬁdele
700 1995 816 2067 ipsi.
852 1991 914 2046 Et
959 2005 1144 2061 ponam
1174 1986 1227 2038 in
1259 1982 1501 2038 sceculum
1527 1976 1700 2033 saeculi
1719 1991 1884 2036 semen
1910 1973 2042 2038 eius,
2069 1979 2116 2022 et

527 2066 763 2145 tln'onum
784 2087 894 2158 ejus
921 2084 1047 2137 sicut
1075 2081 1178 2134 dies
1200 2078 1332 2132 caeli.
1364 2076 1440 2130 De
1469 2072 1552 2126 his
1573 2081 1626 2126 et
1655 2067 1720 2124 de
1749 2066 1997 2123 omnibus
2023 2078 2116 2118 su-

525 2199 619 2255 pra
641 2182 708 2236 ab
729 2179 842 2252 ipso
865 2173 1108 2240 exordio,
1140 2186 1258 2242 qute
1291 2165 1578 2240 potuimus,
1609 2161 1860 2216 diximus.

595 2275 651 2329 2.
695 2250 844 2346 [vers
875 2265 1086 2338 ’ὀὶ-35]
1125 2263 1376 2334 Sequitur
1413 2266 1614 2323 autem,
1663 2273 1681 2306 ι
1716 2252 1774 2309 Si
1813 2250 2116 2319 derelique-

525 2370 635 2425 rint
678 2343 773 2422 lilii
822 2367 940 2435 ejus
979 2362 1150 2432 legem
1184 2371 1380 2422 meam,
1412 2363 1467 2408 et
1515 2352 1567 2406 in
1607 2347 1821 2420 judieiis
1852 2343 1985 2399 meis
2011 2357 2116 2396 non

525 2457 951 2522 ambulaverint;
1001 2453 1045 2510 si
1071 2447 1480 2526 justilicationes
1522 2457 1669 2497 meas
1699 2435 2116 2510 profanaverint,

527 2566 584 2613 ct
619 2551 865 2610 mandata
894 2562 1012 2603 mea
1043 2561 1147 2600 non
1192 2536 1540 2598 custodieriut
1580 2554 1593 2591 :
1631 2531 1857 2588 visitabo
1891 2529 1944 2584 in
1974 2528 2121 2598 virga

529 2647 836 2718 iniquitates
863 2655 1070 2704 eorum,
1104 2645 1158 2691 et
1185 2635 1241 2689 in
1267 2630 1490 2703 ﬂagellis
1517 2626 1709 2682 delicta
1736 2637 1943 2679 eorum.
1972 2617 2122 2674 Misc-

530 2715 818 2797 ricordiam
857 2749 986 2789 vero
1025 2743 1198 2786 meam
1239 2741 1345 2780 non
1382 2721 1683 2792 dispergam
1725 2715 1792 2770 ab
1829 2730 1917 2777 eo,
1947 2724 2122 2782 neque

532 2832 737 2889 nocebo
763 2832 784 2861 ²
817 2828 868 2882 in
894 2825 1115 2881 veritate
1136 2834 1252 2875 mea
1283 2835 1296 2871 :
1327 2831 1496 2886 neque
1519 2809 1813 2884 profanabo
1837 2815 2125 2863 testamen-

533 2934 646 2980 tum
676 2898 889 2985 meum;
918 2926 969 2972 et
1000 2930 1118 2986 qua:
1140 2907 1432 2982 procedunt
1457 2904 1524 2959 de
1549 2902 1702 2958 labiis
1727 2900 1880 2966 meis,
1905 2914 2012 2952 non
2042 2912 2125 2951 re-

531 3016 791 3090 probabo.
828 3032 846 3065 ι
889 3010 1133 3080 Magnum
1173 3006 1568 3059 lirmamcntum
1613 2991 1982 3066 promissionis
2010 2989 2122 3044 Dei.

534 3081 653 3167 ᾖΙῆ
685 3107 841 3177 hujus
869 3101 1056 3165 David,
1081 3097 1175 3152 ﬁlii
1201 3102 1325 3150 sunt
1351 3092 1532 3163 sponsi
1564 3107 1576 3143 :
1608 3102 1797 3142 omnes
1823 3098 1950 3155 ergo
1976 3081 2128 3138 Chri-

537 3200 719 3263 stiani,
754 3173 859 3251 lilii
900 3194 1016 3264 ejus
1055 3191 1324 3246 dicuntur.
1372 3183 1592 3238 Multum
1635 3187 1718 3235 est
1763 3188 1940 3232 autem
1985 3173 2129 3247 quod

540 3291 804 3366 promittit
848 3288 1007 3351 Deus,
1032 3282 1156 3354 quia
1197 3279 1258 3336 Si
1281 3274 1586 3340 Christiani,
1621 3272 1722 3328 hoc
1749 3278 1851 3335 est,
1883 3269 1978 3338 [itii
2020 3269 2130 3348 ejus

535 3362 908 3459 dereliquerint,
956 3376 1148 3446 inquit,
1177 3374 1335 3443 legem
1363 3384 1562 3434 meam,
1606 3376 1654 3421 et
1688 3365 1742 3419 in
1762 3363 1974 3436 judiciis
2008 3362 2132 3417 meis

536 3494 640 3532 non
672 3454 1067 3532 ambulaverint;
1093 3467 1137 3520 si
1149 3462 1543 3535 justiﬁcationes
1565 3474 1701 3512 meas
1727 3454 2141 3528 profanaverint,

537 3579 585 3625 et
611 3564 850 3621 mandatu
870 3577 981 3614 mea
1007 3575 1108 3613 non
1131 3553 1495 3616 custodieriut;
1523 3565 1629 3605 non
1653 3555 1994 3603 contemnam
2016 3558 2128 3611 eos,

539 3676 713 3730 neque
743 3659 794 3712 in
822 3653 1120 3729 perditione
1146 3648 1407 3705 dimittam
1440 3659 1533 3700 eos
1563 3662 1576 3698 :
1606 3641 1702 3698 sed
1739 3639 1865 3712 quid
1899 3635 2134 3694 faciam?

548 3728 779 3806 Visitabo
835 3728 894 3801 in
953 3745 1095 3815 virga
1136 3739 1427 3810 iniquitates
1473 3751 1678 3801 eorum,
1726 3742 1772 3787 et
1815 3732 1867 3786 in
1919 3728 2135 3802 flagellis

540 3846 725 3902 delicta
778 3855 971 3898 eorum.
1028 3835 1146 3908 Non
1194 3846 1322 3902 ergo
1352 3838 1556 3885 tantum
1615 3821 1986 3880 misericordia
2036 3835 2132 3876 vo-

546 3938 718 4012 cantis
745 3942 846 4002 est,
876 3930 971 3987 sed
997 3938 1051 3984 et
1075 3923 1410 3992 verberantis
1440 3929 1494 3977 et
1514 3917 1847 3990 ﬂagellantis.
1882 3915 1964 3970 Sit
1988 3913 2009 3945 ³
2040 3913 2140 3968 ita-

547 4005 654 4106 que
685 4042 874 4086 manus
897 4033 1119 4096 paterna
1141 4035 1299 4091 super
1321 4027 1395 4080 te,
1418 4023 1474 4070 et
1497 4015 1542 4069 si
1567 4013 1707 4068 ﬁlius
1726 4010 1898 4068 bonus
1924 4024 2004 4075 es,
2028 4005 2138 4062 noli

543 4101 810 4197 repellere
832 4117 1164 4190 disciplinam
1191 4132 1204 4169 :
1234 4113 1351 4183 quis
1374 4119 1458 4166 est
1473 4109 1616 4164 enim
1637 4105 1795 4171 illius,
1817 4104 1902 4160 cui
1920 4119 2028 4159 non
2051 4101 2140 4157 dat

550 4217 884 4287 disciplinam
905 4221 1056 4282 pater
1077 4208 1230 4278 ejus?
1259 4207 1355 4261 Det
1385 4203 1743 4274 disciplinam,
1763 4200 1890 4256 dum
1914 4214 2019 4254 non
2047 4213 2142 4253 au-

549 4316 685 4368 ferat
709 4305 1164 4369 misericordiam;
1190 4300 1361 4357 caedat
1390 4307 1782 4361 contumacem,
1809 4293 1936 4349 dum
1962 4302 2141 4348 tamen

555 4401 748 4460 reddat
792 4397 1182 4454 haereditatem.
1239 4392 1344 4454 Tu,
1378 4391 1421 4446 si
1478 4388 1739 4460 promissa
1796 4386 1960 4456 patris
2005 4385 2144 4441 bene

555 4493 850 4568 agnovisti,
901 4505 1006 4545 non
1053 4489 1240 4544 timeas
1281 4483 1572 4554 ﬂagellari,
1620 4479 1714 4536 sed
1761 4477 2140 4534 exhacredari:

555 4602 714 4660 quem
751 4584 892 4640 enim
921 4578 1090 4651 diligit
1118 4578 1390 4642 Dominus,
1430 4573 1680 4643 corripit;
1711 4570 1943 4642 ﬂagellat
1967 4577 2144 4624 autem

556 4694 770 4736 omnem
801 4675 966 4731 ﬁlium
993 4689 1154 4743 quem
1181 4670 1370 4741 recipit
1401 4666 1580 4741 (Hebr.
1613 4681 1726 4733 χιι,
1754 4663 1900 4736 5-7).
1945 4664 2145 4720 Pecca-

555 4785 644 4828 tor
664 4771 801 4826 ﬁlius
821 4767 1135 4838 dedignatur
1155 4761 1433 4834 ﬂagellari,
1455 4775 1576 4816 cum
1602 4758 1716 4814 sine
1736 4765 1952 4828 peccato
1972 4756 2147 4813 videat

559 4863 785 4923 Unicum
829 4855 1190 4931 ﬂagellatam?
1229 4853 1452 4910 Visitabo
1481 4867 1630 4925 ergo,
1669 4851 1762 4919 ait,
1802 4852 1854 4905 in
1879 4852 2018 4922 virga
2045 4851 2146 4906 ini-

562 4957 776 5027 quitates
805 4968 998 5007 eorum.
1037 4948 1146 5020 Sic.
1167 4956 1224 5006 et
1261 4945 1547 5016 Apostolus
1582 4944 1936 5000 comminatur
1964 4960 1978 4995 :
2011 4942 2148 5008 Quid

561 5047 710 5102 vultis
731 5045 755 5098 ?
775 5046 828 5098 in
851 5043 990 5115 virga
1017 5040 1213 5096 veniam
1238 5039 1306 5094 ad
1334 5053 1416 5092 vos
1439 5036 1484 5106 (l
1515 5035 1632 5091 Cor.
1667 5051 1737 5102 iv,
1759 5034 1892 5105 21)?
1916 5034 2069 5090 Absit
2092 5043 2162 5089 ut:

557 5140 800 5195 dicerent
817 5136 889 5206 pii
919 5135 1030 5200 lilii,
1057 5133 1113 5190 Si
1133 5148 1252 5188 cum
1274 5131 1416 5200 virga
1443 5140 1694 5185 venturus
1714 5143 1791 5192 es,
1815 5127 1921 5182 noli
1943 5126 2145 5183 venire.

557 5228 746 5286 Melius
776 5235 858 5282 est
883 5225 1025 5280 enim
1053 5224 1248 5282 erudiri
1274 5224 1324 5278 in
1353 5222 1497 5293 virga
1529 5219 1713 5291 patris,
1744 5235 1898 5290 quam
1925 5220 1976 5274 in
2001 5219 2149 5275 blan-

622 5347 638 5377 ι
674 5351 796 5393 't‘res
830 5347 954 5399 Mss,
990 5353 1156 5392 sensus
1192 5338 1367 5390 manu?
1395 5351 1411 5389 :
1438 5346 1491 5389 et
1512 5336 1654 5400 paulo
1673 5341 1799 5400 post,
1823 5342 1875 5400 et,
1912 5335 2078 5400 refecti
2118 5350 2151 5387 a

554 5406 661 5473 cibo
684 5405 854 5473 redite.
882 5397 1058 5466 Regius
1083 5409 1182 5462 31s.,
1200 5415 1246 5473 _a
1266 5400 1386 5473 cibis
1414 5397 1603 5473 {atque
1641 5397 1768 5448 idem
1793 5399 1948 5449 codex
1968 5397 2150 5462 aliique

554 5470 732 5535 plures
745 5465 928 5535 addunt
949 5461 1213 5535 ἷςοηυειςεί
1229 5463 1294 5513 ad
1322 5461 1589 5535 hominum.

619 5534 640 5564 ³
674 5531 788 5580 Edd.
812 5529 906 5578 hoc
925 5535 1113 5578 tantum
1152 5525 1258 5578 loco
1279 5525 1540 5583 addebant,
1577 5523 1666 5584 eis,
1702 5523 1799 5582 vel,
1825 5535 1903 5573 eos
1929 5536 1946 5573 :
1970 5524 2096 5587 quod
2121 5538 2148 5574 a

552 5591 808 5666 plerisque
832 5599 938 5666 Mss:
959 5597 1018 5666 et
1039 5603 1070 5666 ξι
1226 5589 1389 5666 abest.
1405 5615 1466 5623 —
1480 5587 1623 5666 Paulo
1667 5600 1826 5666 supra,
1853 5600 1939 5666 pro
1957 5623 1969 5646 ,
1996 5587 2054 5666 al)
2076 5602 2149 5648 eo,

556 5600 808 5704 plerisque
832 5600 938 5641 Mss.
966 5600 1018 5641 et
1039 5603 1069 5639 a
1100 5600 1210 5637 LXX
1231 5600 1389 5638 abest.
1405 5600 1623 5637 —t’auto
1667 5600 1826 5649 supra,
1853 5600 1939 5696 pro
1957 5623 1969 5646 ,
1996 5600 2054 5636 av
2076 5602 2146 5648 eo,

556 5669 609 5705 ιιι
623 5663 673 5715 Β,
692 5668 722 5703 a
763 5667 850 5713 ets,
866 5654 1084 5716 subjecta
1097 5659 1210 5701 nota
1226 5652 1273 5700 in
1285 5650 1413 5700 hunc
1436 5649 1654 5716 "nodum;
1679 5657 1848 5716 «Forte
1883 5650 2146 5716 egelidum,

556 5711 706 5778 abeo,
731 5711 878 5781 quam
907 5711 1173 5781 lectionem
1201 5719 1372 5776 postea
1401 5711 1692 5775 explicando
1719 5711 1934 5775 praeibat,
1970 5718 2021 5762 et
2048 5713 2152 5762 vui.

559 5775 918 5845 garem'fuisse
945 5775 1248 5845 significatita
1319 5782 1376 5824 tu.

622 5843 647 5908 ξ
677 5840 866 5908 aliquas
885 5837 1015 5900 Mss;
1037 5837 1098 5908 si.

626 5904 700 5970 (a)
736 5901 936 5955 Habitus
959 5901 1135 5956 eodem
1147 5902 1232 5956 die
1253 5913 1363 5958 etut!
1387 5902 1628 5966 superiori
1652 5915 1898 5954 sermone.

1801 353 1858 410 S.
1901 343 2263 408 AUGUSTI-Nl
2305 337 2606 398 El’lSCUPl

3656 328 3790 389 “3‘3

2208 456 2448 512 dimento
2478 453 2652 524 perire
2671 447 2957 522 praedonis.

2278 549 2330 605 ὅ.
2385 545 2626 611 Visitabo,
2660 543 2849 616 inquit,
2879 543 2935 597 in
2959 540 3102 612 virga
3129 536 3422 610 iniquitates
3447 551 3640 604 eorum,
3669 546 3715 592 et
3741 537 3791 592 in

2207 639 2428 713 ﬂagellis
2464 639 2648 694 delicta
2679 653 2872 692 eorum.
2915 631 3322 690 Misericordia»:
3362 646 3476 685 vero
3509 647 3671 686 meam
3697 646 3790 685 non

2209 733 2498 806 dispergam
2519 732 2583 786 ab
2606 747 2684 786 ea.
2717 731 2763 784 A
2787 744 2894 800 quo
2907 728 2939 782 ‘i‘
2959 727 3042 783 Ah
3069 725 3159 782 illo
3184 725 3391 782 scilicet
3418 724 3583 780 David
3613 724 3700 780 cui
3725 734 3792 779 ta-

2209 829 2281 884 lia
2304 827 2542 901 promisi,
2575 840 2736 897 quem
2761 823 2890 878 unxi
2915 822 2968 878 in
2992 822 3116 878 oleo
3143 829 3330 876 sancto
3357 833 3479 874 meo
3500 833 3609 889 prae
3635 819 3794 888 parti-

2210 920 2417 992 cipibus
2440 920 2552 975 suis
2574 916 2745 992 (Paul.
2774 930 2915 980 xuv,
2939 913 3018 984 8).
3045 910 3348 984 Agnoscitis
3363 926 3485 966 eum
3513 926 3544 964 ιι
3569 914 3678 980 quo
3696 925 3792 965 non

2212 1015 2481 1086 disperget
2523 1014 2664 1068 Deus
2705 1006 3124 1065 misericordiam
3170 1005 3361 1062 suam?
3389 1003 3468 1060 Ne
3511 1003 3630 1074 quis
3668 1003 3795 1058 forte

2212 1107 2471 1164 sollicitus
2505 1104 2668 1173 dicat,
2700 1100 3142 1173 Quandoquidem
3167 1098 3438 1156 Christum
3467 1096 3616 1163 dicit,
3646 1113 3673 1150 a
3698 1110 3796 1166 quo

2214 1215 2276 1256 se
2294 1197 2714 1255 misericordiam
2737 1210 2888 1252 suam
2923 1209 3030 1250 non
3059 1192 3424 1264 dispersurum
3450 1204 3571 1246 esse
3608 1189 3796 1244 contir-

2214 1303 2344 1362 mat,
2373 1292 2502 1364 quid
2543 1305 2671 1363 ergo
2702 1288 2984 1362 peccator?
3021 1285 3285 1358 Numquid
3325 1285 3468 1340 enim
3505 1282 3610 1338 hoc
3651 1283 3794 1349 dixit,

2215 1383 2628 1441 lllisericordiam
2668 1392 2845 1438 autem
2891 1394 3064 1436 meam
3110 1392 3217 1434 non
3255 1377 3553 1447 dispergam
3595 1373 3664 1428 ab
3690 1372 3798 1428 eisi

2225 1479 2470 1546 Visitabo,
2498 1477 2686 1549 inquit,
2716 1477 2772 1531 in
2791 1475 2934 1547 virga
2953 1473 3238 1544 iniquitates
3263 1486 3456 1537 eorum,
3487 1468 3605 1522 etin
3625 1466 3801 1538 μηθείς

2218 1578 2282 1633 lis
2311 1577 2494 1633 delicta
2521 1591 2715 1630 eorum.
2757 1569 3118 1642 Exspectabas
3157 1567 3226 1622 ad
3258 1567 3602 1622 securitatem
3643 1573 3796 1628 tuam,

2218 1669 2624 1726 Niserieordiam
2649 1683 2764 1722 vero
2783 1683 2946 1721 nteam
2963 1681 3065 1719 non
3086 1662 3375 1734 dispergam
3394 1659 3456 1714 ab
3477 1660 3576 1714 eis.
3607 1657 3675 1713 Et
3693 1657 3802 1729 qui-

2217 1762 2339 1819 dem
2358 1761 2459 1818 boc
2474 1760 2713 1816 nonnulli
2725 1755 2938 1814 codices
2954 1756 3170 1822 habent,
3186 1754 3277 1808 sed
3295 1750 3686 1809 emendatiores
3705 1763 3801 1806 non

2219 1857 2418 1913 habent
2445 1875 2456 1911 :
2490 1869 2667 1912 tamen
2695 1863 2750 1911 et
2777 1854 2866 1924 qui
2895 1853 2993 1909 hoc
3014 1850 3230 1910 habent.
3261 1847 3389 1902 nihil
3418 1845 3486 1901 ab
3511 1861 3572 1901 re
3594 1837 3800 1901 habent.

2219 1950 2500 2019 Quomodo
2518 1950 2660 2004 enim
2677 1963 2707 2002 a
2728 1945 2942 2002 Christo
2955 1939 3376 1999 misericordiam
3399 1953 3552 1993 suam
3574 1953 3679 1992 non
3701 1937 3801 1991 dis-

2220 2045 2430 2118 pergit?
2451 2041 2714 2113 Numquid
2743 2039 2856 2110 ipse
2876 2038 3120 2094 Salvator
3139 2032 3378 2106 corporis
3393 2031 3475 2088 vel
3495 2033 3548 2086 in
3567 2038 3706 2086 terra
3729 2029 3804 2086 vel

2223 2138 2274 2193 in
2303 2137 2441 2194 coelo
2483 2134 2752 2207 peccavit;
2781 2132 2872 2204 qui
2909 2129 3060 2186 sedet
3087 2127 3154 2183 ad
3182 2127 3457 2184 dexteram
3480 2125 3619 2195 ejus,
3652 2133 3707 2179 et
3729 2122 3803 2178 in-

2223 2230 2468 2302 terpellat
2486 2243 2581 2300 pro
2611 2227 2764 2282 nobis
2789 2223 2964 2301 (Rom.
2991 2237 3101 2289 vm,
3125 2221 3256 2293 διν
3277 2220 3324 2276 Α
3348 2218 3564 2274 Christo
3593 2225 3763 2272 tamen
3791 2233 3802 2269 :

2223 2324 2315 2382 sed
2341 2341 2370 2379 a
2396 2321 2650 2379 membris
2678 2321 2816 2392 ejus,
2843 2334 2873 2373 a
2893 2331 3118 2389 corpore
3140 2313 3255 2387 ejus
3279 2312 3419 2386 quod
3445 2320 3527 2367 est
3560 2309 3802 2365 Ecclesia.

2224 2418 2315 2474 Sic
2343 2417 2487 2474 enim
2519 2431 2618 2488 pro
2647 2429 2840 2486 magno
2866 2412 2997 2469 dicit
3025 2409 3166 2483 quod
3204 2408 3273 2464 ab
3298 2407 3388 2464 illo
3415 2422 3518 2462 non
3547 2405 3808 2475 dispergat

2225 2508 2642 2568 misericordiam
2671 2522 2843 2571 suam,
2867 2503 3017 2577 quasi
3042 2519 3148 2559 non
3169 2498 3504 2573 agnoscimus
3527 2497 3546 2530 ¹
3578 2495 3808 2570 unigeni-

2224 2614 2335 2660 tum
2361 2602 2552 2658 Filium
2582 2601 2672 2673 qui
2701 2609 2784 2656 est
2809 2599 2860 2654 in
2890 2597 3010 2655 sinu
3035 2595 3206 2652 Patris
3235 2612 3250 2650 :
3278 2607 3382 2648 non
3409 2591 3552 2647 enim
3584 2603 3678 2661 pro
3699 2604 3809 2661 per.

2227 2713 2355 2753 sona
2399 2711 2497 2751 sua
2535 2694 2608 2750 ibi
2635 2698 2973 2763 computatur
2999 2687 3160 2744 homo
3179 2728 3197 2753 ,
3227 2684 3320 2741 sed
3352 2699 3455 2739 una
3482 2694 3711 2754 persona
3737 2686 3812 2736 est

2226 2793 2366 2848 Deus
2381 2799 2434 2846 et
2455 2789 2634 2844 homo.
2664 2786 2804 2857 Ergo
2823 2784 2891 2840 ab
2906 2799 2972 2840 eo
2996 2797 3100 2838 non
3121 2779 3376 2852 dispergit
3396 2775 3809 2834 misericordiam

2228 2901 2403 2950 suam,
2447 2897 2567 2939 cum
2593 2898 2624 2937 a
2649 2878 2906 2936 membris
2932 2876 3070 2949 ejus,
3107 2889 3226 2931 cum
3253 2889 3283 2928 a
3314 2885 3538 2943 corpore
3571 2869 3686 2942 ejus
3715 2874 3811 2924 non

2228 2977 2485 3048 dispergit
2505 2971 2924 3030 misericordiam
2959 2983 3132 3036 suam,
3170 2967 3226 3022 in
3253 2981 3360 3037 quo
3379 2973 3432 3021 et
3459 2964 3578 3035 ipse
3606 2964 3657 3018 in
3682 2955 3840 3018 terra"

2228 3069 2632 3142 persecutiones
2653 3065 2969 3137 patiebatur,
2988 3062 3230 3132 cumjam
3255 3059 3465 3116 sederet
3490 3058 3542 3112 in
3569 3057 3736 3125 ccelo;
3764 3061 3818 3112 et

2232 3163 2298 3220 de
2317 3157 2455 3219 coelo
2475 3159 2760 3225 olamabat,
2787 3157 2964 3224 Saule,
2992 3155 3170 3223 Saule,
3190 3169 3316 3222 non,
3333 3152 3467 3223 Quid
3487 3150 3813 3224 persequeris

2233 3272 2418 3312 servos
2433 3270 2609 3320 meos;
2629 3269 2754 3321 non,
2767 3251 2904 3320 Quid
2918 3248 3251 3322 persequeris
3267 3255 3480 3303 sanctos
3498 3261 3679 3313 meos;
3698 3253 3812 3308 noui,

2233 3348 2367 3419 Quid
2390 3347 2726 3419 persequeris
2745 3343 3037 3415 discipulos
3057 3357 3207 3398 meos
3235 3360 3250 3397 :
3273 3341 3388 3409 sed,
3410 3335 3548 3410 Quid
3573 3358 3652 3395 me
3671 3355 3817 3411 perse-

2235 3441 2399 3513 queris
2420 3437 2557 3513 (Act.
2588 3454 2661 3505 ιιι,
2689 3436 2787 3509 4)?
2811 3436 2959 3493 Sicut
2979 3450 3106 3507 ergo
3128 3476 3146 3504 ,
3175 3449 3294 3490 cum
3319 3448 3440 3489 eum
3470 3431 3747 3488 sedentem
3771 3430 3818 3485 in

2237 3534 2372 3590 caelo
2394 3548 2553 3589 nemo
2571 3540 3004 3602 persequeretur,
3025 3527 3292 3595 clamavit,
3315 3525 3452 3594 Quid
3472 3543 3550 3582 me
3569 3520 3820 3597 perseque-

2235 3628 2308 3682 ris
2324 3629 2350 3681 τ’
2367 3641 2488 3682 cum
2517 3636 2675 3697 caput
2691 3622 2929 3680 membra
2951 3637 3047 3678 sua
3063 3628 3429 3699 cognosceret,
3447 3628 3503 3676 et
3528 3635 3559 3675 a
3579 3631 3821 3690 compage

2238 3719 2478 3789 corporis
2521 3719 2603 3773 sui
2641 3727 2798 3786 caput
2827 3715 3059 3771 charitas
3105 3729 3213 3769 non
3239 3721 3553 3785 separaret:
3586 3712 3685 3780 sic,
3711 3726 3819 3766 eum

2241 3808 2661 3866 misericordiam
2687 3823 2838 3862 suam
2868 3823 2973 3862 non
2995 3803 3253 3877 dispergit
3277 3805 3345 3861 ab
3369 3820 3455 3873 eo,
3484 3817 3513 3859 a
3544 3804 3702 3860 nobis
3726 3801 3821 3858 uti-

2241 3918 2344 3973 que
2368 3917 2472 3958 n0n
2495 3900 2772 3973 dispergit,
2815 3899 2904 3970 qui
2931 3913 3116 3954 sumus
3142 3897 3384 3954 membra
3409 3896 3524 3968 ejus
3552 3906 3612 3953 et
3640 3899 3821 3967 corpus

2241 3995 2378 4067 ejus.
2435 3993 2547 4050 Nec
2594 3993 2714 4050 ideo
2768 4001 2945 4048 tamen
2980 3990 3240 4047 debemus
3276 3990 3449 4046 securi
3492 4005 3738 4062 peccare,
3775 3995 3824 4042 et

2244 4103 2492 4161 perverse
2522 4087 2676 4143 nobis
2701 4075 2939 4158 polliceri
2964 4085 3214 4157 quoniam
3244 4082 3500 4156 quidquid
3525 4083 3819 4146 fecerimus,

2245 4196 2350 4236 non
2378 4180 2629 4252 perimus.
2677 4179 2813 4234 Sunt
2837 4178 2981 4234 enim
3003 4175 3243 4248 quaedam
3268 4185 3484 4247 peccata
3509 4185 3563 4232 et
3594 4175 3823 4249 quasdam

2247 4273 2549 4343 iniquitates
2570 4271 2637 4326 de
2663 4270 2855 4343 quibus
2884 4270 3094 4342 quidem
3121 4271 3385 4328 disserere
3424 4280 3582 4343 atque
3612 4270 3824 4328 delinire

2246 4373 2338 4418 aut
2367 4363 2695 4434 impossibile
2724 4364 2876 4419 nobis
2901 4373 3002 4430 est,
3037 4372 3161 4430 aut,
3186 4363 3229 4419 si
3255 4363 3367 4435 jam
3395 4373 3537 4420 esset
3558 4362 3820 4435 possibile,

2248 4465 2391 4511 certe
2419 4457 2645 4526 tempori
2673 4455 2884 4527 IOngum
2913 4465 3074 4512 esset.
3097 4454 3264 4511 Nemo
3290 4455 3444 4511 enim.
3461 4464 3638 4528 potest
3660 4455 3823 4511 dicere

2249 4564 2368 4606 esse
2395 4565 2454 4605 se
2497 4550 2611 4606 sine
2647 4559 2896 4620 peccato;
2927 4549 3047 4621 quia
3077 4548 3122 4603 si
3161 4547 3387 4615 dixerit,
3415 4549 3702 4605 mentietur
3732 4567 3744 4604 :
3771 4545 3824 4602 Si

2251 4643 2392 4700 enim
2422 4643 2695 4698 dixerinnts
2723 4643 2841 4715 quia
2868 4649 3125 4714 peccatum
3151 4659 3251 4696 non
3279 4640 3516 4698 habemus
3540 4685 3556 4712 ,
3587 4658 3677 4698 nos
3701 4642 3823 4711 ipsos

2251 4739 2554 4805 seducimus,
2590 4749 2636 4792 et
2664 4738 2844 4792 veritas
2886 4737 2940 4790 in
2968 4736 3106 4791 nobis
3132 4754 3233 4792 non
3275 4745 3346 4792 est
3385 4733 3631 4809 (lJoan.
3674 4737 3724 4801 l,
3752 4733 3822 4803 8).

2253 4830 2394 4903 Ergo
2422 4830 2781 4901 unusquisque
2811 4846 2906 4900 pro
2931 4830 3159 4899 peccatis
3189 4830 3300 4886 suis
3329 4831 3631 4887 necessario
3657 4826 3824 4901 ﬂagel-

2255 4923 2423 4988 latur;
2457 4922 2549 4978 sed
2577 4923 2644 4976 ab
2669 4939 2752 4986 eo,
2787 4922 2831 4977 si
2873 4922 3191 4978 Christianus
3219 4933 3322 4991 cst,
3354 4923 3446 4980 Dei
3474 4921 3824 4980 misericordia

2255 5032 2360 5071 non
2385 5015 2723 5086 dispergitur.
2770 5013 2935 5069 Plane
2965 5015 3010 5069 si
3046 5015 3100 5070 in
3133 5023 3306 5070 tantas
3345 5015 3469 5071 ieris
3511 5015 3822 5087 iniquitates,

2256 5117 2312 5164 ut
2354 5109 2580 5179 repellas
2609 5124 2637 5162 a
2669 5117 2718 5162 te
2748 5107 2947 5178 virgam
2976 5109 3308 5164 verberantis
3328 5150 3341 5174 ,
3373 5110 3416 5164 si
3464 5111 3688 5181 repellas
3717 5123 3822 5163 ma-

2257 5217 2379 5255 nmn
2410 5199 2746 5269 ﬂagellantis,
2771 5208 2819 5253 et
2842 5198 3199 5269 dedisciplina
3225 5201 3318 5256 Dei
3343 5200 3650 5273 indigneris,
3678 5209 3725 5255 et
3754 5198 3824 5252 lu-

2256 5295 2366 5364 gias
2394 5309 2421 5347 a
2449 5293 2606 5347 Patre
2635 5291 2892 5358 candente,
2923 5301 2975 5347 et
3004 5293 3139 5348 nolis
3162 5310 3281 5348 eum
3311 5304 3513 5366 patrem
3543 5293 3646 5365 pati
3671 5335 3682 5358 ,
3711 5291 3822 5361 quia

2257 5405 2361 5464 non
2404 5387 2570 5458 parcit
2612 5387 2886 5457 peceanti;
2921 5394 2973 5440 tu
3007 5395 3057 5441 te
3085 5386 3328 5442 alienasti
3360 5389 3379 5419 ²
3406 5387 3472 5442 ab
3504 5385 3820 5448 hereditate,

2258 5481 2369 5552 ipse
2399 5490 2448 5535 te
2475 5496 2576 5535 non
2605 5479 2796 5551 ahjecit
2829 5497 2841 5532 :
2883 5495 3001 5532 nam
3033 5480 3077 5534 si
3115 5495 3358 5537 maneres
3388 5479 3697 5553 ﬂagellatus,
3727 5492 3824 5532 non

2258 5589 2560 5632 remanercs
2607 5573 2993 5629 exhan‘edatus.
3027 5571 3428 5628 Misericordiam
3467 5591 3602 5640 vero,
3645 5570 3824 5642 inquit,

2323 5715 2337 5744 ι
2373 5714 2445 5761 sic
2457 5718 2562 5761 Mss.
2576 5710 2687 5773 md.
2703 5724 2837 5771 vero,
2853 5721 3265 5773 agnoscamusmc
3288 5709 3429 5772 paulo
3451 5716 3554 5773 post
3575 5706 3829 5762 habebant.

2257 5781 2560 5848 conqmratur
2578 5771 2850 5848 ItOan,"ul)i
2878 5771 2937 5823 ex
2972 5771 3208 5828 nonnulli
3235 5771 3429 5837 optimae
3452 5771 3586 5824 noue
3629 5773 3734 5821 Mss.
3762 5778 3836 5822 tie-

2261 5841 2495 5902 ponimus,
2522 5841 2839 5902 computatur.

2324 5902 2343 5931 ³
2376 5906 2555 5948 r‘errar.
2578 5896 2678 5960 Ms,
2703 5896 2899 5950 alienas.

3439 6027 3558 6053 νοτ·-
