4132 6458
371 394 501 451 1135

368 526 522 563 meum
573 524 674 563 non
715 509 1003 582 dispergant
1029 509 1090 564 ab
1129 527 1205 575 eo,
1240 526 1398 582 neque
1427 509 1622 564 nocebo
1654 508 1704 561 in
1745 506 1950 560 veritate

367 622 489 658 mest.
521 603 601 658 Ad
631 605 731 659 hoc
755 604 901 659 enim
926 622 1030 660 non
1055 604 1391 676 dispergetnr
1419 602 1782 660 misericordia
1814 602 1950 656 libe-

366 697 542 763 rantis,
571 713 641 752 ne
669 707 859 752 noceat
881 698 1074 753 veritas
1097 697 1428 752 vindicamus.

410 791 480 846 4.
513 789 696 862 Neque
716 791 999 864 profanabo
1024 797 1592 857 téstamentmnmeum;
1621 801 1666 845 et
1696 805 1808 861 qua:
1828 804 1948 859 pro-

362 885 541 939 cedunt
567 884 632 937 de
655 883 804 938 labiis
826 883 949 939 meis
969 901 1070 938 non
1091 884 1384 954 reprobabo.
1414 882 1528 938 Non
1560 882 1682 953 quia
1711 881 1801 935 lilii
1829 880 1947 950 ejus

361 988 602 1049 peccant,
640 979 762 1034 ideo
787 983 886 1050 ego
915 977 1143 1034 mendax
1175 977 1418 1033 inveniar
1452 995 1463 1030 :
1498 976 1751 1048 promisi,
1782 973 1941 1031 facio.

361 1075 500 1130 Pone
527 1074 650 1144 quia
689 1071 876 1127 volunt
906 1071 978 1126 illi
1015 1070 1177 1127 etiam
1208 1087 1330 1127 eum
1356 1070 1731 1139 deSperatione
1751 1083 1942 1139 pecca-

357 1183 434 1233 re,
465 1176 520 1220 et
540 1166 619 1220 sic
641 1163 723 1220 ire
746 1164 968 1218 omnino
995 1163 1046 1217 in
1075 1171 1317 1232 peccata,
1348 1169 1407 1216 ut
1444 1160 1718 1216 oﬂ‘endant
1756 1160 1943 1218 oculos

362 1258 535 1314 Patris
560 1301 574 1322 ,
629 1267 687 1313 et
723 1255 1058 1312 exlneredari
1089 1263 1428 1320 mereantur;
1484 1269 1663 1309 nonne
1703 1253 1818 1324 ipse
1859 1263 1943 1310 est

355 1351 493 1408 Deus
519 1351 587 1406 de
615 1351 950 1422 quodictum
974 1357 1058 1405 est
1091 1367 1103 1403 :
1136 1347 1216 1402 De
1236 1346 1494 1418 lapidibus
1521 1347 1632 1401 istis
1681 1345 1941 1401 suscitabit

353 1443 487 1513 ﬁlios
516 1442 736 1496 Abrahae
756 1441 974 1514 (Matth.
1003 1457 1080 1508 ιιι,
1108 1439 1211 1511 9)?
1241 1439 1424 1508 Itaque
1461 1437 1584 1493 dico
1624 1438 1796 1502 vobis,
1831 1438 1939 1492 fra-

353 1535 458 1594 tres
488 1555 500 1590 :
538 1536 690 1592 multi
713 1535 989 1590 christiani
1021 1534 1368 1590 tolerabiliter
1390 1539 1633 1603 peccant,
1662 1530 1813 1586 multi
1845 1531 1942 1585 fla-

347 1631 488 1705 gello
510 1648 540 1686 a
569 1638 791 1702 peccato
817 1629 1174 1700 corriguntur,
1202 1637 1256 1684 et
1276 1627 1649 1694 emendantur,
1672 1635 1725 1682 et
1746 1641 1940 1681 sanan-

352 1737 467 1785 tur:
503 1725 658 1780 multi
706 1723 928 1777 omnino
973 1720 1166 1786 aversi,
1195 1719 1327 1776 dura
1377 1719 1589 1775 cervice
1635 1718 1938 1774 obnitentes

347 1821 606 1876 adversus
633 1817 972 1887 disciplinam
1027 1815 1218 1879 Patris,
1269 1823 1324 1869 et
1386 1813 1556 1884 ipsam
1590 1812 1810 1868 omnino
1843 1811 1937 1866 Dei

346 1913 722 1986 paternitatem
765 1912 782 1943 ³
809 1917 1121 1966 recusantes
1149 1949 1166 1974 ,
1207 1905 1464 1961 habentes
1497 1916 1674 1961 tamen
1725 1905 1934 1976 signum

342 2005 565 2071 Christi,
606 2012 735 2059 eunt
763 2001 814 2058 in
849 2001 979 2057 tales
1024 1998 1363 2070 iniquitates,
1392 2008 1450 2052 ut
1479 2013 1583 2051 non
1617 1997 1784 2067 possit
1833 1995 1936 2051 nisi

343 2100 559 2157 recitari
590 2107 781 2155 contra
812 2112 927 2161 eos,
966 2095 1218 2164 Quoniam
1246 2093 1332 2165 qui
1360 2093 1482 2146 talia
1521 2101 1700 2163 agunt,
1724 2108 1935 2164 regnum

343 2195 440 2249 Dei
478 2209 582 2247 non
636 2181 956 2264 possidebunt
995 2187 1189 2261 (Galat.
1215 2201 1268 2252 v,
1296 2185 1412 2258 21).
1441 2184 1556 2240 Non
1587 2195 1762 2240 tamen
1813 2200 1937 2255 pro-

339 2293 464 2360 pter
498 2286 600 2341 hos
643 2282 940 2340 remanebit
985 2282 1230 2338 Christus
1279 2282 1395 2335 sine
1440 2278 1794 2334 hereditate:
1829 2293 1932 2335 non

340 2387 566 2455 prdpter
583 2379 789 2451 paleam
817 2378 974 2434 etiam
1002 2375 1267 2431 frumenta
1292 2372 1585 2428 interibunt
1607 2372 1821 2442 (Matth.
1854 2387 1930 2440 m,

343 2467 471 2547 12);
531 2491 636 2530 nun
679 2481 903 2544 propter
927 2471 1105 2541 pisces
1134 2469 1303 2523 malos
1331 2466 1462 2522 nihil
1494 2483 1559 2521 ex
1600 2466 1686 2521 illa
1739 2479 1934 2538 sagena

338 2565 587 2624 mittetur
615 2567 668 2621 in
693 2563 905 2620 vascula
931 2563 949 2632 (
977 2560 1064 2619 Id.
1092 2577 1206 2629 xm,
1237 2560 1326 2623 47,
1350 2559 1462 2632 48).
1495 2559 1651 2615 Novit
1679 2559 1934 2614 Dominus

338 2661 436 2736 qui
468 2671 594 2717 sunt
618 2661 736 2730 ejus
766 2660 835 2730 (ll
878 2657 1010 2713 Tim.
1060 2673 1118 2724 ιι,
1148 2656 1265 2726 19).
1295 2653 1531 2710 Securus
1557 2655 1698 2708 enim
1729 2649 1930 2724 promi-

337 2755 437 2824 Sit,
465 2757 555 2829 qui
603 2770 704 2810 nos
735 2763 1018 2823 antequam
1048 2765 1292 2806 essemus
1316 2747 1715 2820 prmdestinavit
1751 2767 1763 2803 :
1797 2749 1934 2814 Quos

337 2847 927 2920 autemprtedestinavit,
960 2846 1076 2900 illos
1102 2854 1148 2900 et
1178 2844 1367 2898 vocavit
1384 2861 1404 2910 ,°
1433 2861 1556 2914 quos
1584 2854 1752 2897 autem
1780 2858 1932 2897 voca.

336 2945 445 3009 vit,
487 2942 605 2998 illos
642 2949 690 2996 et
724 2939 1064 3014 justi/ienuit;
1105 2955 1230 3009 quos
1257 2948 1426 2991 autent
1445 2937 1772 3008 justiﬁcavit,
1818 2936 1934 2992 it'los

335 3031 388 3093 et
440 3035 764 3107 gloriﬁcavit.
823 3031 1052 3089 Peccent
1108 3040 1364 3102 quantum
1396 3028 1583 3085 volent
1619 3027 1930 3098 des;:erati:

337 3125 710 3199 respondeant
741 3124 977 3180 membra
1007 3121 1226 3190 Christi,
1259 3122 1320 3178 Si
1357 3120 1499 3177 Deus
1521 3138 1613 3192 pro
1635 3120 1797 3186 nobis,
1820 3121 1935 3195 quis

337 3229 522 3279 eontra
545 3239 634 3276 nos
657 3220 831 3292 (Rom.
852 3235 965 3285 vm,
995 3217 1191 3290 29-51)
1211 3217 1236 3270 ?
1257 3214 1372 3272 Non
1400 3231 1526 3286 ergo
1555 3216 1772 3271 nocebit
1797 3217 1934 3271 Deus

336 3319 397 3373 in
429 3315 652 3372 veritate
703 3327 827 3376 sua,
878 3326 974 3366 nec
1007 3304 1308 3381 prefanabit
1345 3316 1725 3364 testamentum
1754 3323 1931 3365 suum.

339 3411 526 3468 Manet
578 3407 854 3464 immobile
894 3412 1272 3461 testamentum
1313 3403 1448 3473 ejus,
1481 3403 1606 3473 quia
1666 3403 1779 3472 ipse
1833 3401 1933 3458 sibi

341 3503 638 3578 prm'sciens
667 3497 1064 3574 praedestinavit
1098 3493 1340 3556 lneredes
1371 3514 1383 3551 :
1410 3503 1464 3551 et
1493 3509 1610 3566 qua:
1640 3496 1936 3568 procedunt

345 3593 416 3649 de
442 3587 599 3647 labiis
637 3588 774 3658 ejus,
808 3599 915 3641 non
941 3579 1269 3656 reprob‘abit.

419 3687 471 3743 5.
509 3684 664 3759 [vers.
699 3678 918 3752 36-58.]
960 3677 1098 3735 Audi
1151 3676 1216 3731 ad
1245 3675 1702 3733 confirmationem
1748 3684 1891 3730 tuam
1917 3719 1932 3745 ,

340 3779 470 3837 audi
497 3779 564 3835 ad
590 3777 935 3835 securitatem
963 3783 1143 3835 tuam,
1177 3771 1219 3826 si
1250 3781 1298 3828 te
1332 3773 1383 3826 in
1439 3759 1710 3830 membri!
1735 3771 1935 3829 Christi

340 3888 470 3928 esse
494 3869 794 3943 cognoscis.
826 3865 996 3924 Semel
1033 3866 1207 3938 juravi
1239 3866 1292 3920 in
1332 3874 1503 3920 sancto
1528 3883 1658 3933 meo,
1683 3866 1725 3920 si
1769 3864 1938 3919 David

343 3967 586 4018 mentiar.
621 3961 919 4032 Exspectas
954 3967 1010 4014 ut
1069 3959 1258 4014 iterum
1311 3958 1454 4029 juret
1507 3959 1688 4013 Deus?
1715 3958 1938 4026 Quoties

339 4064 620 4136 juraturus
643 4068 745 4125 est,
787 4057 831 4112 si
863 4055 1024 4112 semel
1049 4053 1280 4125 jurando
1321 4054 1624 4109 mentitur?
1649 4051 1824 4108 Unam
1846 4050 1938 4121 ju-

341 4151 612 4212 ratio'nc'm
647 4167 741 4226 pro
769 4151 874 4205 vita
927 4156 1104 4204 nostra
1157 4146 1363 4214 habuit,
1404 4147 1490 4218 qui
1534 4159 1628 4216 pro
1669 4146 1822 4201 nobis
1870 4143 1939 4199 ad

339 4225 581 4306 inertem
631 4225 856 4302 Unicum
897 4259 1049 4298 suum
1075 4241 1240 4297 misit.
1276 4237 1444 4295 Semel
1482 4238 1659 4310 juravi
1688 4237 1740 4292 in
1767 4244 1939 4292 sancto

343 4360 482 4408 meo,
509 4341 553 4396 si
590 4333 757 4394 David
787 4337 1037 4392 mentiar:
1060 4351 1227 4391 semen
1258 4333 1368 4406 ejus
1395 4333 1449 4387 in
1472 4341 1718 4388 attentum
1765 4347 1941 4386 mane-

343 4438 439 4492 bit.
466 4435 526 4490 In
555 4443 814 4489 internum
843 4439 1019 4485 manet
1044 4419 1227 4485 semen
1255 4426 1405 4498 ejus;
1433 4426 1555 4498 quia
1582 4423 1735 4481 novit
1757 4424 1940 4480 Domi-

345 4547 453 4586 nus
485 4527 574 4599 qui
603 4535 725 4582 sunt
751 4523 886 4594 ejus.
915 4520 983 4576 Et
1013 4520 1155 4576 sedes
1189 4521 1297 4592 ejus
1325 4517 1450 4574 sicut
1476 4519 1552 4574 sol
1575 4519 1630 4573 in
1668 4525 1942 4588 conspectu

343 4642 484 4692 meo,
506 4634 549 4677 et
578 4621 708 4678 sicut
734 4620 857 4674 luna
875 4621 1097 4689 perfecta
1117 4617 1171 4670 in
1192 4625 1430 4670 wtcruum
1455 4633 1472 4680 ;
1504 4624 1550 4669 et
1579 4613 1718 4668 testis
1741 4614 1794 4667 in
1816 4612 1940 4667 caelo

347 4711 542 4791 ﬁdelis.
594 4715 765 4773 Sedes
791 4713 928 4782 ejus,
967 4709 1160 4783 quibus
1187 4709 1513 4776 dominatur,
1544 4709 1600 4763 in
1635 4708 1827 4779 quibus
1853 4721 1941 4761 se-

347 4814 462 4879 det,
493 4812 544 4866 in
576 4811 769 4883 quibus
796 4814 998 4879 regnat.
1027 4801 1084 4862 Si
1110 4805 1265 4862 sedes
1291 4803 1428 4876 ejus,
1453 4812 1507 4859 et
1526 4801 1766 4859 membra
1790 4800 1941 4871 ejus;

349 4908 478 4978 quia
510 4904 672 4959 etiam
699 4901 940 4957 membra
970 4908 1151 4955 nostra
1194 4897 1352 4956 sedes
1377 4906 1504 4954 sunt
1527 4897 1719 4967 capitis
1750 4894 1939 4950 nostri.

353 4977 550 5057 Videte
589 4993 1038 5070 quemadmodum
1065 5004 1258 5050 cretera
1287 4991 1467 5048 omnia
1493 4989 1732 5047 membra
1761 4999 1943 5045 nostra

352 5085 520 5165 caput
543 5099 759 5163 portent
782 5107 794 5144 :
821 5097 983 5159 caput
1012 5096 1187 5143 autem
1211 5085 1386 5158 ipsum
1414 5099 1577 5155 super
1602 5098 1660 5186 se
1689 5098 1794 5138 non
1817 5096 1943 5186 por-

355 5183 434 5241 tat
463 5182 664 5257 aliquid
687 5225 714 5250 ,_
739 5181 837 5239 sed
871 5182 1040 5253 ipsum
1093 5187 1334 5251 portatur
1372 5194 1403 5232 a
1452 5176 1660 5233 carteris
1689 5175 1944 5231 membris

358 5277 561 5334 nostris
581 5319 597 5346 ,
629 5273 778 5347 quaSi
811 5282 977 5329 totum
1022 5287 1219 5343 corpus
1246 5271 1481 5325 hominis
1521 5269 1678 5325 sedes
1707 5269 1776 5323 sit
1802 5269 1949 5360 capi-

361 5375 450 5429 tis.
482 5353 651 5427 Sedes
679 5359 809 5441 ergo
855 5368 990 5440 ejus,
1023 5383 1211 5422 omnes
1243 5367 1294 5421 in
1327 5365 1520 5436 quibus
1544 5371 1733 5434 regnat
1759 5363 1900 5418 Deus
1931 5406 1945 5431 ,

361 5467 441 5522 sic
480 5474 639 5523 erunt
668 5507 681 5530 ,
714 5465 883 5534 inquit
913 5502 928 5529 ,
961 5464 1012 5516 in
1039 5469 1327 5532 conspectu
1354 5477 1475 5515 meo
1505 5459 1642 5513 sicut
1667 5459 1749 5514 sol
1783 5476 1793 5512 :
1828 5453 1948 5528 quia

360 5559 490 5630 justi
519 5557 794 5628 fulgebunt
822 5557 872 5610 in
901 5572 1066 5626 regno
1089 5554 1260 5610 Patris
1291 5547 1395 5609 mei
1419 5557 1437 5586 ³
1464 5553 1600 5608 sicut
1630 5552 1707 5608 sol
1737 5550 1948 5625 (Matth.

365 5666 478 5719 ant,
509 5648 745 5724 45).Sed
775 5650 851 5705 sol
879 5639 1256 5719 spiritualiter;
1287 5663 1392 5703 non
1415 5645 1784 5719 corporaliter,
1818 5645 1955 5701 Sicut

369 5733 638 5801 lucetist'e
685 5735 752 5801 de
800 5743 958 5811 coelo,
1010 5759 1167 5814 quem
1201 5742 1324 5799 facit
1350 5743 1477 5799 oriri
1505 5757 1666 5814 super
1696 5741 1866 5797 bonos
1902 5747 1955 5797 et

431 5880 450 5949 ξ
481 5879 552 5930 sic
569 5885 675 5949 μεθ.
703 5886 759 5929 At
780 5877 913 5949 add,
937 5867 1281 5932 (nereditatem.

432 5942 452 5973 ³
484 5942 615 5994 Corb.
640 5949 747 6005 313.,
768 5942 858 5993 sui.

1365 393 1759 452 ENAllllA'l‘lO
1798 390 1862 445 XN
1903 389 2222 450 essenon
2262 397 2589 460 Lxxxvut.
2641 371 2653 382 ’

3513 423 3652 480 H54-

2063 508 2228 562 malus
2255 510 2467 580 (ΜαιιΙι.
2486 518 2665 590 v,45).
2696 519 2932 594 Denique
2956 525 3052 582 iste
3079 529 3158 584 sol
3181 531 3230 585 in
3249 546 3536 606 conspectu
3567 551 3650 597 est

2060 614 2163 653 non
2193 603 2364 658 solum
2392 606 2689 680 hominum,
2714 629 2900 670 verum
2933 621 3091 675 etiam
3120 639 3370 691 pecorum
3396 631 3645 686 minutis-

2057 693 2421 769 simarumque
2444 719 2750 762 muscarum
2781 727 2794 761 :
2819 713 2960 780 quod
2989 716 3132 769 enim
3157 723 3517 786 quorumlibet
3563 730 3642 781 vi-

2055 785 2381 848 lissimorum
2429 797 2738 854 animalium
2769 818 2876 858 non
2927 806 3074 862 videt
3121 810 3288 865 solem
3333 815 3532 872 istum?
3574 823 3644 876 At

2057 895 2184 936 vero
2221 883 2290 939 de
2334 886 2426 942 illo
2471 889 2584 945 sole
2629 892 2758 964 quid
2794 896 2869 950 ait
2898 901 3148 969 preprie?
3177 902 3322 959 Stt‘ttl
3346 910 3423 961 sol
3444 910 3493 963 in
3521 928 3642 966 con-

2051 985 2224 1044 specm
2246 993 2376 1032 meo.
2405 979 2519 1036 Non
2567 983 2618 1040 in
2644 997 2937 1057 conspectu
2960 992 3256 1064 hominum,
3290 1001 3466 1055 nonin
3505 1019 3639 1058 eon-

2051 1078 2236 1137 speetu
2258 1073 2452 1137 carnis,
2473 1090 2577 1130 non
2607 1077 2659 1132 in
2676 1091 2967 1151 conspectu
2989 1088 3288 1144 mortalium
3307 1093 3636 1160 animalium,

2050 1159 2144 1213 sed
2187 1162 2240 1216 in
2266 1177 2538 1236 conspectu
2564 1186 2689 1224 meo.
2724 1169 2794 1225 Et
2832 1175 2960 1229 sicut
2989 1177 3111 1232 luna
3156 1196 3175 1234 :
3204 1182 3297 1236 sed
3319 1201 3437 1254 qua:
3466 1187 3589 1243 luna
3614 1191 3639 1243 Ἰ

2051 1249 2289 1324 Perfecta
2317 1257 2369 1311 in
2399 1269 2663 1316 internum.
2701 1263 2934 1335 Etenim,
2962 1270 3062 1324 etsi
3093 1273 3366 1342 perlicitur
3387 1277 3506 1332 luna
3538 1281 3637 1335 ista

2048 1359 2204 1415 quam
2254 1351 2523 1418 novimus,
2582 1356 2686 1411 alio
2727 1358 2816 1414 die
2857 1361 3038 1433 incipit
3066 1365 3266 1431 minui,
3294 1379 3636 1442 posteaquam

2048 1440 2278 1508 perlecta
2333 1441 2512 1500 fuerit.
2569 1449 2715 1504 Sicut
2763 1451 2906 1518 luna,
2938 1455 3128 1526 inquit,
3163 1465 3383 1532 perfecta
3417 1466 3469 1518 in
3495 1440 3640 1519 teter-

2047 1550 2168 1588 num
2191 1553 2210 1590 :
2238 1537 2316 1594 sic
2370 1542 2673 1609 perficietur
2701 1546 2858 1603 sedes
2886 1550 3000 1618 ejus
3053 1563 3300 1624 tauquam
3331 1556 3453 1612 luna
3480 1575 3493 1621 ;
3542 1559 3638 1615 sed

2045 1626 2169 1682 luna
2198 1629 2249 1683 in
2277 1640 2532 1687 mternum
2558 1637 2810 1704 perfecta.
2841 1640 2894 1696 Si
2918 1644 2995 1696 sol
3021 1687 3034 1711 ,
3069 1662 3234 1715 quare
3263 1658 3317 1703 et
3339 1649 3506 1704 luna?
3533 1652 3636 1708 Per

2045 1716 2223 1774 lunam
2252 1722 2426 1778 solent
2452 1725 2752 1796 signiﬁcare
2779 1731 3072 1802 Scripturte
3105 1739 3484 1796 mortalitatem
3508 1759 3632 1798 car-

2043 1814 2127 1867 nis
2153 1813 2339 1885 hujus,
2367 1814 2586 1890 propter
2609 1836 2892 1894 augmenta
2942 1839 2994 1883 et
3023 1829 3383 1898 decrementa,
3417 1847 3636 1909 prept‘er

2044 1907 2401 1965 transitoriam
2457 1915 2712 1984 speciem.
2766 1918 3005 1991 Denique
3034 1932 3087 1978 et
3115 1925 3328 1983 Jericho
3357 1907 3635 1987 Lunavin-

2045 2005 2367 2070 terpretatur
2385 2022 2398 2056 :
2419 2013 2474 2060 et
2497 2008 2680 2080 utique
2706 2011 2923 2082 quidam
2944 2016 3032 2085 qui
3059 2017 3422 2078 descendebat
3442 2024 3510 2079 ab
3535 2025 3632 2081 Je~

2043 2095 2274 2150 rusalem
2303 2097 2356 2153 in
2383 2098 2620 2172 Jericho,
2659 2104 2845 2162 incidit
2883 2109 2934 2164 iu
2969 2111 3203 2170 latrones
3230 2115 3376 2186 (Luc.
3402 2135 3455 2183 x,
3498 2120 3628 2192 50);

2041 2185 2401 2248 descendebat
2425 2195 2566 2250 enim
2594 2198 2663 2252 ab
2693 2199 3093 2261 immortalitate
3120 2208 3187 2262 ad
3228 2185 3626 2268 mortalitatem.

2039 2277 2240 2336 Similis
2269 2293 2350 2338 est
2375 2299 2503 2358 ergo
2527 2304 2653 2344 caro
2677 2290 2776 2347 ista
2803 2294 2962 2362 lume,
2990 2312 3108 2368 quae
3137 2303 3280 2355 (nntti
3311 2313 3548 2373 tempore
3577 2316 3633 2360 et

2039 2375 2186 2429 Omni
2215 2389 2395 2434 mense
2415 2382 2611 2450 patitur
2627 2399 2910 2457 augmenta
2932 2401 2986 2445 et
3014 2384 3385 2451 decrementa:
3410 2399 3502 2453 sed
3530 2401 3634 2455 erit.

2039 2481 2166 2522 caro
2197 2471 2294 2525 ista
2326 2483 2506 2530 nostra
2532 2476 2584 2531 in
2616 2484 3009 2540 resurrectione
3049 2490 3317 2557 perlecta;
3347 2502 3392 2546 et
3424 2495 3557 2547 testis
3577 2495 3631 2548 in

2039 2559 2164 2614 cazlo
2189 2561 2378 2630 ﬁdelis.
2427 2565 2606 2638 Itaque
2645 2572 2690 2624 si
2726 2572 2780 2625 in
2835 2574 2950 2629 solo
3003 2579 3182 2634 animo
3222 2581 3626 2652 perfice-remur,

2041 2656 2408 2711 tantummodo
2435 2660 2534 2713 soli
2566 2677 2662 2715 nos
2688 2678 3022 2735 compararet
3050 2685 3063 2732 ;
3098 2685 3282 2726 rursus
3303 2716 3316 2740 ,
3353 2675 3396 2728 si
3429 2675 3482 2729 in
3512 2678 3627 2732 solo

2042 2756 2268 2814 Corpore
2296 2749 2693 2818 perliceretnur,
2719 2759 3086 2814 tantummodo
3114 2762 3254 2819 [unm
3283 2781 3380 2821 nos
3407 2783 3625 2839 compa-

2040 2850 2185 2895 raret
2211 2859 2224 2896 :
2255 2841 2348 2898 sed
2380 2845 2502 2915 quia
2533 2847 2771 2916 perficiet
2817 2867 2915 2907 nos
2945 2853 3085 2909 Deus
3106 2866 3158 2910 et
3181 2857 3232 2911 in
3264 2859 3445 2914 animo
3487 2872 3541 2916 et
3575 2863 3626 2917 in

2039 2950 2284 3005 corpore,
2331 2939 2624 2995 secundum
2679 2943 2913 2998 anitnum
2945 2945 3144 3002 dictum
3170 2958 3270 3012 est.
3302 2953 3431 3006 sicut
3458 2954 3536 3008 sol
3574 2959 3629 3010 in

2040 3038 2308 3099 cortspectu
2331 3048 2477 3099 meo;
2506 3038 2628 3104 quia
2657 3036 2892 3092 animmn
2924 3057 3028 3093 non
3053 3041 3196 3097 videt
3226 3044 3330 3098 nisi
3360 3047 3500 3101 Deus
3533 3065 3544 3101 :
3576 3059 3624 3102 ct

2037 3120 2165 3174 sicut
2189 3122 2340 3190 luna,
2368 3122 2475 3194 jam
2503 3140 2668 3192 caro;
2715 3115 2936 3201 perfecta
2974 3132 3026 3186 in
3060 3143 3323 3201 retentum,
3362 3137 3418 3190 in
3444 3153 3624 3192 resur-

2041 3213 2279 3269 rectione
2330 3220 2699 3272 mortuorum:
2753 3231 2799 3274 et
2847 3224 2986 3276 testis
3012 3225 3063 3277 in
3109 3226 3233 3280 caelo
3274 3227 3477 3296 ﬁdelis;
3505 3231 3626 3299 quia

2040 3321 2164 3360 vera
2195 3305 2509 3363 dicebantur
2528 3311 2705 3365 omnia
2757 3312 2823 3368 de
2849 3317 3240 3373 resurrectione
3271 3328 3622 3376 mortuorum.

2039 3397 2275 3453 Obsecro
2300 3415 2414 3464 vos,
2459 3403 2639 3456 audite
2684 3404 2784 3458 hoc
2824 3405 3013 3461 iterum
3042 3408 3269 3478 planius,
3301 3420 3356 3466 et
3382 3428 3625 3468 memen-

2042 3500 2184 3547 tote:
2215 3494 2326 3549 scio
2351 3495 2492 3549 enim
2516 3495 2774 3566 quosdam
2807 3495 3154 3570 intellexisse,
3193 3505 3324 3561 alios
3358 3522 3487 3563 vero
3514 3510 3626 3562 l‘or-

2043 3585 2203 3640 tassis
2227 3586 2352 3655 quid
2391 3586 2617 3642 dixerim
2654 3589 2827 3645 adlmc
2856 3592 3143 3663 inquirere.
3197 3596 3254 3650 ln
3290 3599 3430 3652 nulla
3464 3615 3522 3655 re
3550 3601 3628 3655 sic

2041 3677 2423 3733 contradicitur
2449 3677 2570 3734 ﬁdei
2595 3665 2929 3751 christiana),
2966 3701 3124 3756 quam
3153 3687 3206 3741 in
3233 3692 3626 3747 resurrectione

2041 3771 2237 3825 Carnis.
2271 3771 2506 3842 Denique
2535 3772 2621 3828 ille
2651 3774 2740 3845 qui
2769 3785 2922 3831 natus
2952 3789 3033 3833 est
3062 3779 3114 3833 in
3149 3779 3354 3850 signum
3386 3784 3470 3836 cui
3498 3800 3628 3838 cott-

2043 3864 2317 3918 tradicitur
2349 3863 2456 3936 (Id.
2489 3883 2542 3932 ιι,
2577 3865 2690 3940 54),
2735 3878 2790 3924 ct
2817 3869 2982 3940 ipsam
3015 3888 3227 3928 carnem
3266 3891 3415 3930 suam
3444 3894 3628 3934 resus-

2042 3957 2252 4024 citavit,
2291 3967 2351 4013 ut
2381 3959 2586 4015 obviam
2639 3963 2736 4017 iret
2773 3964 3182 4033 contradictori;
3239 3977 3294 4023 et
3320 3970 3407 4039 qui
3448 3983 3632 4040 posset

2043 4051 2283 4105 membra
2315 4067 2407 4106 sua
2452 4053 2529 4108 sic
2555 4069 2775 4123 sanare,
2810 4066 2866 4111 ut
2913 4073 2975 4114 ea
3008 4059 3283 4116 vulnerata
3327 4062 3490 4120 fuisse
3522 4081 3630 4122 non

2045 4152 2349 4213 appareret,
2381 4145 2657 4202 cicatrices
2683 4150 2914 4204 servavit
2958 4150 3010 4204 in
3051 4167 3295 4223 corpore,
3332 4164 3390 4210 ut
3439 4158 3632 4215 vulnus

2044 4233 2388 4290 dubitationis
2434 4246 2644 4291 sanaret
2682 4239 2733 4293 in
2765 4240 2946 4296 corde.
2980 4241 3036 4298 ln
3068 4242 3210 4299 nulla
3244 4261 3373 4317 ergo
3419 4264 3476 4304 re
3523 4260 3630 4306 tam

2047 4328 2420 4396 vehementer,
2457 4339 2560 4384 tam
2591 4333 2952 4402 pertinaciter,
2984 4347 3088 4391 tam
3120 4339 3312 4396 obnixe
3339 4350 3393 4396 et
3419 4353 3635 4400 conten-

2048 4424 2183 4481 tiose
2196 4424 2575 4481 contradicitur
2595 4425 2715 4482 fidei
2742 4426 3066 4498 christiaum,
3097 4431 3315 4488 sicutde
3340 4436 3517 4490 carnis
3543 4453 3633 4492 re-

2047 4518 2394 4574 surrectione.
2424 4517 2554 4573 Nam
2583 4518 2649 4574 de
2671 4519 2832 4574 animi
2860 4521 3256 4580 immortalitate
3295 4526 3446 4581 multi
3470 4528 3630 4583 etiam

2048 4613 2349 4685 philosophi
2378 4613 2626 4670 Gentium
2665 4616 2827 4670 multa
2859 4616 3286 4688 disputaverunt,
3313 4631 3367 4676 et
3411 4622 3634 4677 immor-

2055 4709 2218 4764 talem
2246 4723 2366 4764 esse
2394 4709 2631 4763 animum
2659 4708 2947 4765 lmmanum
2977 4712 3217 4782 pluribus
3246 4722 3300 4769 et
3323 4715 3634 4786 multiplici-

2049 4804 2150 4861 bus
2180 4803 2330 4859 libris
2384 4803 2742 4876 conscriptmn
2794 4807 3065 4861 memoriae
3113 4808 3440 4878 reliquerunt
3475 4824 3632 4863 :cum

2050 4907 2266 4953 ventum
2290 4895 2448 4951 fuerit
2473 4895 2537 4952 ad
2565 4899 3005 4954 resurrectionem
3035 4899 3229 4965 carnis,
3260 4915 3362 4953 non
3385 4899 3633 4969 titubant,

2050 4989 2145 5046 sed
2188 4989 2523 5061 apertissime
2548 4989 2940 5058 contradicunt,
2985 4999 3036 5044 et
3065 4991 3416 5045 contradictio
3445 5006 3632 5047 eorum

2053 5083 2175 5139 talis
2195 5093 2293 5148 est,
2318 5082 2574 5140 utdicant
2604 5084 2714 5139 fieri
2745 5099 2846 5138 non
2881 5080 3036 5153 pnsse
3067 5092 3124 5137 ut
3151 5098 3275 5140 caro
3297 5084 3392 5141 ista
3428 5095 3637 5142 terrena

2053 5177 2220 5248 possit
2251 5177 2302 5232 in
2333 5178 2524 5233 coelum
2557 5175 2864 5231 ascendere.
2895 5174 3018 5228 Ideo
3042 5175 3160 5228 luna
3192 5175 3288 5232 ista
3323 5177 3556 5248 perfer-ta
3586 5179 3636 5234 in

2055 5283 2334 5340 :eterrmm,
2368 5281 2421 5326 et
2443 5271 2696 5326 adversus
2720 5285 2906 5324 omnes
2938 5270 3358 5328 eotttradictores
3389 5273 3538 5328 testis
3588 5273 3640 5328 in

2054 5369 2190 5424 00310
2218 5367 2406 5421 ﬁdelis.

2128 5460 2180 5516 6.
2211 5459 2361 5533 [ret-3.
2412 5455 2622 5531 59-46.]
2654 5457 2774 5512 Ιιίυε
2822 5457 2889 5513 de
2925 5458 3137 5515 Christo
3190 5463 3450 5532 promissa
3498 5474 3642 5530 sunt,

2060 5570 2216 5626 quam
2248 5562 2413 5618 certa,
2469 5567 2626 5622 quam
2681 5552 2852 5620 firma,
2885 5570 3042 5623 quam
3067 5565 3270 5625 aperta,
3303 5573 3459 5627 quam
3491 5557 3644 5612 indu-

2063 5647 2246 5704 bitata.
2279 5647 2430 5713 Nam,
2463 5646 2562 5701 etsi
2594 5647 2833 5717 quaedam
2866 5659 2990 5702 sunt
3014 5659 3147 5716 tecta
3179 5652 3469 5722 mysteriis,
3498 5668 3642 5724 quae~

2065 5741 2186 5798 dam
2229 5751 2402 5797 tamen
2433 5741 2511 5796 sic
2540 5740 2842 5808 manifesta,
2875 5749 2937 5795 ut
2970 5757 3031 5796 ex
3075 5742 3204 5812 ipsis
3233 5743 3485 5801 facillime
3521 5763 3640 5820 ape-

2066 5838 2270 5894 riantur
2291 5836 2536 5892 obscura.
2566 5834 2690 5890 lltee
2711 5849 2830 5889 cum
2860 5834 2930 5889 ita
2961 5836 3088 5904 sint,
3119 5835 3295 5894 videte
3329 5839 3455 5908 quid
3480 5843 3642 5911 sequi-

2069 5941 2151 5987 tur
2187 5949 2198 5986 :
2240 5949 2256 5982 ‹
2297 5929 2374 5984 Tu
2428 5944 2554 5983 vero
2586 5925 2827 5997 repulisti
2853 5967 2866 5996 ,
2897 5934 2951 5984 et
2979 5927 3045 5984 ad
3096 5928 3322 5988 nihilum
3351 5931 3643 6002 deduxisn,
