4132 6460
571 303 716 366 ms
1600 277 1608 286 '
1801 291 1859 348 ε.
1899 286 2270 349 AUGUSTINI
2308 285 2612 346 EPISCOPI
3717 289 3845 345 uss

570 396 1150 478 distulistbChristum
1206 423 1374 471 tuum.
1448 408 1699 468 Evertiin
1773 414 2149 463 testamentum

578 517 724 571 servi
757 515 863 576 tui;
901 511 1187 582 j‘vrot'aoasti
1227 511 1276 564 in
1309 519 1444 564 terra
1488 506 1822 561 sanctitatem
1853 501 1993 571 ejus.
2046 499 2152 553 De-

574 608 811 663 strnxisti
839 621 1025 661 omnes
1075 604 1328 660 macerias
1359 602 1507 670 ejus;
1555 598 1776 670 posuisti
1827 594 2152 652 munitiones

570 701 690 767 ejus
717 699 1070 754 [ιιτιιιὶιΙίιιυιη.
1114 697 1451 764 Diripuerunt
1470 708 1593 748 eum
1637 703 1824 745 omnes
1869 698 2152 742 transeun-

569 805 652 847 tes
681 794 849 855 viam;
879 792 1047 845 factus
1081 799 1165 845 est
1210 787 1551 858 approbrium
1598 785 1785 840 vicinis
1829 786 1958 836 suis.
1994 779 2155 836 Exan

570 886 691 940 tasti
735 886 1008 938 dexteram
1065 881 1398 936 inimiéorum
1451 874 1930 948 ejus;jncuodasti
1963 887 2152 928 omnes

571 978 815 1032 inimicos
845 976 977 1045 ejus.
1037 973 1288 1030 Avertisti
1339 970 1660 1040 adjutorium
1704 967 1863 1038 gladii
1910 965 2025 1035 ejus
2054 1005 2069 1030 ,
2101 971 2156 1018 ct

566 1085 672 1125 non
721 1084 780 1124 es
833 1069 1119 1139 opitulatus
1165 1067 1212 1121 ei
1256 1065 1307 1121 iu
1357 1064 1516 1120 bello.
1563 1061 1860 1117 Dissolvisti
1913 1075 2032 1114 eum
2087 1056 2155 1112 ab

566 1163 944 1218 enumdatione
979 1181 992 1216 :
1023 1163 1202 1216 sedem
1225 1159 1340 1229 ejus
1387 1157 1437 1211 in
1485 1167 1678 1210 terram
1721 1153 1960 1210 collisisti
1984 1152 2022 1202 ι.
2056 1150 2156 1206 Mi-

569 1255 730 1309 nuisti
780 1254 895 1308 dies
923 1252 1066 1307 sedis
1113 1252 1264 1321 ejus;
1300 1248 1714 1319 perlutlistienm
1765 1244 2096 1301 confusione.
2129 1261 2150 1295 ι

566 1345 703 1414 Quid
727 1356 802 1398 est
830 1344 963 1397 hoc?
990 1343 1080 1397 Illa
1105 1342 1280 1396 omnia
1315 1339 1599 1411 promisisti
1625 1355 1640 1403 ;
1671 1349 1723 1392 tu
1746 1353 1870 1391 vero
1897 1337 1993 1391 ista
2027 1348 2158 1389 con—

570 1437 731 1492 traria
783 1435 974 1490 fecisti.
1030 1435 1129 1490 Ubi
1160 1441 1286 1486 sunt
1336 1430 1718 1502 promissiones
1746 1427 1811 1482 ad
1842 1441 1975 1496 quas
1996 1424 2156 1495 paulo

567 1537 689 1582 ante
727 1526 1087 1597 gaudebamus
1116 1566 1131 1591 ,
1179 1525 1244 1579 de
1286 1523 1477 1594 quibus
1541 1531 1646 1577 tam
1713 1520 1959 1575 alacriter
2002 1518 2156 1587 plan-

567 1619 827 1676 dcbamus
857 1661 871 1683 ,
919 1618 987 1672 de
1033 1617 1223 1686 quibus
1270 1615 1444 1670 securi
1515 1611 1958 1684 gratulabantur?
1993 1609 2152 1678 Quasi

569 1711 706 1764 alius
758 1710 1100 1779 promiserit,
1140 1709 1274 1763 alius
1332 1708 1600 1763 everterit.
1651 1705 1800 1774 Quod
1855 1703 2152 1760 mirandum

564 1813 674 1866 est,
709 1819 812 1856 non
857 1802 1026 1866 alius;
1059 1800 1173 1864 sed,
1211 1799 1288 1853 Tu
1335 1815 1484 1865 vero,
1538 1808 1594 1853 tu
1640 1799 1728 1866 qui
1778 1794 2149 1866 promittebas,

567 1905 622 1948 tn
669 1895 755 1963 qui
813 1893 1196 1954 eonﬁrmabas,
1253 1901 1306 1945 tu
1361 1891 1450 1961 qui
1514 1899 1732 1960 propter
1769 1887 2153 1943 dubitationem

566 1986 851 2040 humanam
889 1987 1045 2038 etiam
1073 1983 1311 2054 jurabas,
1346 1983 1430 2037 illa
1461 1980 1772 2052 promisisti,
1801 1990 1854 2034 et
1897 1980 1995 2033 ista
2021 1978 2152 2032 ieci-

565 2077 654 2132 sti.
687 2077 782 2132 Ubi
816 2074 1395 2145 tenebujusjurandum
1424 2083 1594 2136 tuum,
1628 2072 1714 2128 ubi
1738 2073 2001 2126 inveniam
2032 2085 2152 2139 pro-

568 2171 786 2224 tnissmn
811 2171 996 2224 tntttn?
1018 2169 1153 2238 Quid
1184 2178 1264 2223 est
1291 2168 1426 2222 hoc?
1458 2167 1527 2221 ita
1555 2182 1681 2222 vero
1714 2165 1902 2221 falsum
1929 2164 2151 2234 promit-

568 2271 704 2316 teret
739 2263 878 2316 Deus
901 2303 916 2327 ,
951 2271 1042 2315 aut
1064 2262 1250 2316 talsnm
1277 2259 1517 2330 juraret?
1545 2260 1722 2327 Quare
1751 2273 1878 2329 ergo
1913 2256 2001 2310 illa
2036 2271 2150 2324 pro-

566 2355 731 2419 misit,
758 2363 812 2408 et
843 2356 938 2408 ista
971 2353 1138 2408 fecit?
1183 2352 1293 2422 Ego
1321 2352 1438 2406 dico
1465 2353 1588 2421 quia
1619 2351 1715 2405 ista
1762 2350 1906 2413 fecit,
1941 2359 1997 2402 nt
2025 2363 2150 2418 pro.

565 2447 724 2500 miser
755 2446 1009 2500 ﬁrmaret.
1039 2443 1144 2498 Sed
1169 2442 1289 2513 quis
1317 2458 1416 2514 ego
1444 2442 1532 2511 qui
1561 2442 1660 2495 hoc
1685 2440 1841 2495 dico?
1869 2438 2152 2493 Videunns

564 2539 610 2592 si
644 2537 743 2591 hoc
768 2537 963 2591 veritas
1013 2535 1174 2600 dicit;
1207 2545 1330 2589 tunc
1362 2550 1464 2587 non
1495 2533 1599 2590 erit
1637 2534 1790 2586 inane
1819 2531 1961 2602 quod
2005 2529 2146 2585 dico.

573 2629 737 2684 David
781 2630 984 2700 positus
1012 2628 1232 2682 eratcui
1265 2627 1705 2698 promittereutur
1737 2624 1851 2680 ha'c
1871 2623 2048 2678 omnia
2095 2624 2146 2677 in

566 2725 774 2778 semine
800 2723 911 2793 ejus
933 2765 946 2789 ,
977 2722 1118 2792 quod
1169 2732 1250 2775 est
1278 2719 1524 2775 Christus
1550 2761 1565 2784 ,
1612 2718 1897 2788 implenda.
1925 2717 2150 2788 Propter

564 2818 827 2887 promissa
874 2831 1003 2884 ergo
1029 2831 1148 2885 qua:
1190 2813 1329 2867 dicta
1383 2820 1504 2867 sunt
1531 2811 1597 2866 ad
1649 2809 1829 2874 David,
1861 2818 2145 2878 exspecta-

566 2910 693 2962 bant
727 2908 969 2961 homines
994 2921 1054 2960 ca
1089 2904 1295 2975 impleri
1341 2904 1392 2958 in
1427 2903 1609 2957 David.
1629 2902 1883 2967 Proinde,
1911 2918 1978 2955 ne
2000 2901 2150 2972 quis-

571 3016 730 3067 quant
789 2997 1111 3052 christianos
1146 3012 1265 3050 cum
1306 2995 1548 3061 diceret,
1603 2994 1678 3048 De
1716 2993 1926 3048 Christo
1979 2992 2145 3052 dixit;

561 3091 698 3144 alius
729 3090 948 3153 diceret,
980 3088 1116 3153 Non,
1145 3086 1238 3142 sed
1269 3087 1335 3141 dc
1385 3086 1477 3141 illo
1509 3085 1667 3139 David
1698 3085 1868 3147 dixit;
1919 3095 1973 3140 et
1996 3098 2146 3140 erra-

563 3194 663 3244 ret.
696 3198 814 3236 eum
847 3181 1051 3235 videret
1101 3179 1313 3247 impleta
1363 3177 1540 3232 omnia
1591 3193 1709 3232 esse
1741 3178 1790 3230 in
1826 3175 1988 3231 David
2017 3174 2149 3231 :de-

563 3273 756 3329 struxit
806 3289 867 3328 ea
922 3271 972 3326 iu
1009 3270 1192 3337 David,
1236 3280 1293 3325 ut
1331 3285 1451 3324 cum
1506 3269 1655 3325 vides
1701 3285 1764 3326 ea
1813 3270 1863 3322 in
1897 3269 1988 3323 illo
2037 3284 2144 3323 non

564 3367 801 3435 isxpfeta,
839 3381 956 3434 quae
984 3377 1203 3418 necesse
1232 3373 1313 3418 est
1344 3362 1572 3433 impleri,
1599 3377 1810 3432 qua~ras
1836 3363 2059 3416 alterum
2094 3362 2146 3417 itt

562 3475 669 3526 quo
699 3455 1050 3510 ostendantur
1071 3454 1302 3525 impleri.
1337 3455 1407 3509 Ita
1435 3455 1594 3510 etiam
1625 3458 1692 3510 de
1721 3454 1857 3509 Esau
1885 3463 1934 3510 et
1958 3453 2143 3517 Jacob,

563 3542 864 3602 invenimus
904 3546 1158 3616 majorem
1211 3545 1483 3600 adoratum
1515 3561 1543 3598 a
1574 3546 1811 3606 minore.
1845 3561 1965 3601 cum
2012 3547 2146 3601 scri-

563 3649 711 3710 ptutn
735 3640 824 3704 sit,
858 3637 1028 3709 Major
1047 3639 1222 3693 serviet
1247 3637 1428 3691 minori
1457 3635 1604 3707 (Ceu.
1635 3653 1756 3700 xxv,
1788 3637 1917 3708 25);
1950 3647 2006 3692 ut
2027 3652 2145 3693 cum

566 3732 620 3785 iu
651 3731 756 3784 illis
775 3731 981 3784 duolms
1009 3729 1436 3800 pra-cedentibus
1462 3728 1655 3784 videris
1703 3745 1805 3784 non
1841 3729 2142 3799 impletum,

563 3833 843 3892 exspectes
869 3822 1000 3875 duos
1029 3821 1270 3891 populos,
1297 3821 1346 3874 in
1369 3821 1563 3890 quibus
1585 3821 1862 3889 impleatur
1879 3820 2020 3891 quod
2043 3835 2144 3875 non

562 3916 788 3970 mendax
823 3916 960 3968 Deus
982 3914 1217 3984 polliceri
1244 3913 1509 3983 dignatur.
1550 3911 1678 3966 Ecce
1717 3929 1779 3967 es:
1814 3914 1999 3968 semine
2038 3923 2144 3980 tuo,

561 4008 693 4062 dixit
725 4005 908 4068 David,
944 4023 1130 4076 ponam
1169 4022 1320 4076 super
1359 4006 1525 4061 sedem
1577 4014 1711 4058 luant
1742 4003 1912 4074 (Psul.
1945 4020 2104 4060 CXXXI
2128 4046 2142 4070 ,

566 4103 672 4168 ll).
711 4100 957 4153 Promisit
985 4113 1049 4154 ex
1079 4100 1283 4153 semine
1311 4100 1430 4168 ejus
1458 4101 1508 4152 in
1539 4109 1797 4154 arternum
1828 4098 2061 4169 aliquid;
2093 4107 2149 4153 et

567 4204 724 4246 natus
775 4192 1052 4254 Salomon,
1087 4191 1255 4246 factus
1283 4201 1365 4245 est
1391 4203 1549 4246 tanta:
1589 4193 1894 4261 sapientitc,
1940 4201 1996 4245 ιιι
2023 4206 2148 4261 pro-

561 4286 750 4341 missio
787 4285 877 4339 Dei
900 4284 966 4338 de
1007 4285 1211 4338 semine
1254 4284 1412 4338 David
1445 4285 1495 4337 in
1527 4285 1614 4338 illo
1649 4293 1923 4352 putaretur
1955 4284 2144 4352 imple-

562 4389 612 4431 ta
646 4376 776 4431 :scd
814 4375 1004 4429 cecidit
1053 4374 1339 4440 Salomon,
1393 4386 1446 4431 et
1471 4375 1618 4429 dedit
1677 4378 1848 4431 locum
1880 4375 2145 4446 sperando

571 4469 788 4524 Christo
816 4485 828 4530 ;
860 4476 914 4520 ttt
944 4467 1192 4536 quoniam
1219 4469 1355 4522 Deus
1378 4483 1473 4522 nec
1501 4468 1608 4522 falli
1641 4477 1840 4538 posset,
1875 4485 1970 4524 nec.
2000 4468 2144 4524 falle-

561 4579 637 4627 re,
665 4575 818 4630 quem
848 4559 1046 4614 Sttieltttl
1075 4575 1340 4625 casurum,
1368 4577 1470 4614 non
1504 4561 1552 4614 itt
1584 4576 1650 4634 eo
1670 4570 1892 4631 poneret
1921 4561 2145 4629 promis-

557 4672 677 4709 ειυιιι
701 4670 875 4718 suum,
905 4651 998 4708 sed
1031 4663 1147 4722 post
1173 4669 1352 4708 casum
1381 4657 1494 4722 ejus
1525 4657 1816 4723 respiceres
1845 4664 1896 4708 tu
1935 4655 2098 4709 licunt
2125 4697 2140 4719 ,
2187 4708 2196 4716 ,

559 4757 614 4802 et
642 4745 908 4816 ﬂagitares
942 4746 1279 4812 jtl‘OllllSSllm.
1312 4746 1466 4814 Ergo,
1498 4746 1738 4811 Domine,
1769 4747 2019 4801 fllCllllllh
2048 4747 2144 4803 es?

558 4839 673 4894 Non
705 4837 894 4907 imples
934 4837 1075 4907 quod
1114 4839 1440 4905 promisisti?
1471 4855 1574 4892 non
1620 4839 1838 4894 exhiln-s
1888 4842 2028 4910 quod
2059 4842 2140 4911 ju-

561 4928 732 4985 rasti?
761 4927 921 4983 Forte
952 4930 1036 4982 ltic
1077 4928 1315 4983 dieturus
1349 4929 1438 4982 tibi
1479 4940 1591 4983 erat
1621 4931 1755 4985 Deus
1781 4950 1793 4985 :
1821 4931 1997 4986 .lnravi
2021 4936 2142 5001 qui-

560 5020 681 5075 dem
731 5030 784 5074 et
830 5019 1093 5088 promisi,
1125 5021 1218 5075 sed
1263 5023 1360 5074 iste
1403 5022 1569 5075 noluit
1616 5039 1974 5092 perseverare.
2006 5024 2140 5094 Quid

558 5110 729 5181 ειςοἳ
758 5119 833 5174 tu,
868 5110 1089 5164 Domine
1140 5111 1299 5177 Dens,
1335 5128 1438 5167 non
1487 5114 1802 5183 przttseicbas
1833 5117 1987 5170 istum
2035 5132 2140 5172 non

557 5201 1066 5275 perseveraturum?
1096 5201 1284 5273 Utique
1315 5204 1544 5259 sciebas.
1597 5207 1772 5274 Quare
1794 5223 1919 5278 ergo
1951 5209 2000 5262 in
2035 5225 2139 5264 non

559 5303 964 5366 perseveratnro
990 5293 1114 5347 tnilti
1142 5295 1281 5364 quod
1308 5310 1563 5352 :rternum
1594 5309 1735 5354 esset
1763 5301 2143 5370 promittebas?

553 5383 745 5442 Nonne
776 5395 827 5437 tu
877 5384 1055 5438 dixisti
1078 5402 1089 5437 :
1115 5385 1174 5440 Si
1211 5387 1562 5456 dereliqucrittt
1607 5391 1764 5460 legem
1801 5409 1985 5457 meum,
2015 5405 2060 5448 et
2089 5396 2141 5450 in

558 5477 763 5545 iudiciis
805 5477 928 5530 meis
978 5493 1078 5530 non
1126 5479 1506 5538 ambulaverint.
1537 5493 1580 5535 et
1630 5483 1869 5537 mundata
1897 5502 2005 5538 mea
2041 5503 2142 5540 non

555 5570 902 5636 custodierint,
946 5579 990 5623 ct
1014 5578 1358 5627 testamentum
1386 5591 1548 5628 meum
1594 5577 2143 5646 profanaverint;ma-

660 5730 732 5842 pic
751 5736 858 5778 Mss.
876 5732 1017 5794 juxta
1040 5734 1164 5778 LXX.
1197 5736 1248 5778 Αι
1278 5729 1410 5794 Fdd.,
1434 5738 1480 5780 et
1503 5731 1663 5782 sedem
1697 5733 1800 5795 ejus
1824 5733 1871 5784 in
1891 5741 2021 5784 terra
2049 5735 2143 5786 col-

635 5807 709 5843 st.

635 5807 675 5843 ει
679 5807 709 5843 ι.

2262 401 2409 457 nebit
2438 411 2614 458 tamen
2641 399 2928 472 promissio
2952 415 3091 465 mea,
3118 399 3432 469 implebitur
3470 398 3669 470 juratio
3695 407 3849 458 mea?

2263 492 2434 548 Semel
2451 495 2625 564 λιιι-ιιιιὶ
2656 495 2706 548 in
2736 504 2910 547 sancto
2941 509 3068 555 meo,
3105 493 3244 546 intus
3272 493 3321 546 in
3351 504 3556 548 secreto
3581 493 3808 562 quodam
3833 537 3846 561 ,

2263 583 2313 637 iu
2345 585 2458 653 ipso
2491 586 2635 640 fonte
2666 586 2806 639 unde
2832 584 3113 650 Propheta?
3139 584 3407 650 biberunt,
3437 585 3524 654 qui
3549 584 3706 639 nobis
3744 586 3848 644 lucc

2262 685 2645 731 ructavernnt:
2681 675 2868 739 Semel,
2907 677 3093 746 inquit,
3131 678 3320 748 juravi,
3353 677 3397 730 si
3419 675 3585 729 David
3615 679 3846 732 mentiar.

2263 767 2468 822 Exhibe
2511 783 2640 839 ergo
2700 767 2840 836 quod
2881 767 3074 838 jurasti
3105 808 3117 830 ,
3158 765 3323 822 redde
3363 766 3502 837 quod
3541 767 3844 836 promisisti.

2261 859 2537 913 Snblatnm
2560 869 2642 913 est
2669 858 2736 914 de
2765 859 2866 912 isto
2913 857 3098 920 David,
3125 873 3192 913 ne
3229 867 3632 928 exspectaretur
3673 859 3723 912 in
3754 859 3848 914 isto

2264 949 2449 1005 David.
2475 950 2732 1020 Exspecta
2762 965 2890 1020 ergo
2910 947 3053 1021 quod
3078 949 3322 1019 promisi‘
3341 988 3355 1002 .

2335 1041 2386 1095 7.
2419 1040 2572 1097 Novit
2604 1041 2730 1096 illud
2756 1051 2808 1096 et
2830 1043 2946 1111 ipse
2977 1040 3159 1095 David.
3192 1039 3323 1094 Vide
3349 1039 3491 1096 enim
3521 1040 3649 1110 quid
3674 1041 3844 1098 dicat:

2266 1133 2342 1188 Tu
2365 1150 2481 1190 vero
2509 1135 2758 1203 repulisti,
2789 1145 2836 1189 et
2857 1134 2924 1187 ad
2944 1133 3158 1188 nihilum
3188 1132 3464 1188 deduxisti.
3488 1133 3629 1204 Ergo
3659 1134 3745 1189 ubi
3771 1146 3848 1192 est

2264 1226 2407 1296 quod
2437 1226 2768 1297 promisisti?
2816 1225 3065 1281 Distulisti
3104 1224 3358 1281 Christum
3399 1235 3560 1280 tuum.
3602 1226 3847 1294 Quamvis

2263 1318 2474 1373 tristitia
2492 1318 2733 1388 quaedam
2765 1326 3060 1377 enunieret.
3094 1318 3145 1372 in
3166 1317 3267 1374 hoc
3293 1328 3465 1374 tamen
3495 1319 3664 1375 verbo
3685 1320 3848 1377 reiicit

2263 1420 2608 1466 ttoszmanet
2658 1410 2896 1478 omnino,
2944 1411 3104 1478 Deus,
3158 1409 3300 1484 quotl
3348 1410 3674 1481 promisisti;
3730 1427 3843 1466 nam

2261 1506 2528 1561 Christum
2581 1515 2729 1560 tuum
2784 1521 2890 1560 non
2940 1504 3224 1570 abstulisti,
3267 1504 3362 1560 sed
3407 1503 3670 1560 distulisti.
3720 1505 3844 1562 Huic

2260 1614 2389 1669 ergo
2439 1598 2622 1665 David,
2666 1600 2720 1652 in
2763 1613 2870 1669 quo
2914 1598 3200 1668 sperabant
3229 1596 3396 1667 ignari
3449 1598 3712 1668 promissa
3757 1612 3842 1653 sua

2263 1690 2431 1746 Deum
2461 1692 2881 1761 completurum,
2910 1689 3083 1746 videte
3109 1689 3233 1759 quid
3263 1688 3474 1754 accidit,
3503 1700 3563 1744 ut
3593 1690 3841 1760 promissa

2264 1781 2357 1836 Dei
2412 1784 2614 1838 lirtnius
2663 1784 2712 1838 in
2766 1784 2867 1836 alio
2907 1791 3117 1853 sperata
3165 1780 3844 1852 compleanturzllistulisti

2260 1871 2515 1928 Christum
2569 1884 2710 1927 tuum
2749 1889 2768 1927 :
2811 1874 3024 1928 euertisti
3053 1882 3400 1927 testamentum
3439 1873 3570 1927 servi
3615 1873 3710 1927 tui.
3752 1873 3839 1930 Ubi

2257 1977 2341 2020 est
2393 1965 2534 2019 enim
2582 1974 2960 2023 testamentum
3015 1972 3165 2018 vetus
3219 1963 3573 2019 Judmorum?
3623 1963 3711 2020 ubi
3769 1973 3843 2020 est

2261 2068 2399 2113 terra
2433 2059 2518 2114 illa
2561 2058 2949 2128 promissionis,
2982 2055 3035 2110 in
3068 2072 3169 2127 qua
3219 2055 3518 2111 habitantes
3541 2066 3837 2128 pecunrunt,

2258 2166 2359 2220 qui
2389 2150 2560 2204 deleta
2594 2149 2928 2219 migrat-unt?
2975 2148 3219 2218 Regnum
3273 2147 3582 2203 Judteorum
3635 2149 3836 2219 quaeris,

2259 2257 2364 2296 non
2390 2250 2474 2296 est
2506 2258 2518 2293 :
2550 2241 2717 2296 altare
2753 2239 3058 2294 Jutlzcorttnt
3103 2239 3318 2310 qua-ris,
3352 2254 3456 2294 non
3495 2248 3620 2294 est:
3651 2240 3842 2294 sacriﬁ-

2255 2334 2395 2388 cium
2417 2332 2719 2388 Juda'orum
2737 2334 2952 2402 qtncris,
2973 2347 3075 2386 nou
3104 2343 3187 2386 est
3212 2331 3610 2386 :sacerdotium
3635 2331 3836 2388 Judaeu-

2255 2443 2374 2482 rum
2425 2427 2636 2497 qua-ris,
2693 2443 2796 2481 non
2822 2438 2923 2482 εει.
2956 2424 3194 2480 Evertisti
3214 2435 3564 2479 testamentum
3592 2426 3719 2479 servi
3739 2426 3838 2488 tui;

2257 2521 2538 2590 profanasti
2588 2521 2640 2572 in
2689 2529 2821 2573 terra
2861 2519 3176 2573 suucti.’atem
3214 2519 3346 2589 ejus.
3387 2517 3585 2573 Sancta
3617 2518 3700 2572 illa
3727 2533 3836 2590 qua:

2255 2613 2541 2677 habebunt,
2589 2624 2795 2666 terrena
2828 2627 2948 2666 esse
2996 2610 3295 2666 ostendisti.
3327 2608 3638 2664 Destruxisti
3680 2627 3836 2665 omnes

2253 2706 2497 2761 umcerias
2545 2709 2673 2774 ejus,
2724 2705 2918 2776 quibus
2960 2720 3081 2759 eum
3127 2703 3673 2775 munieraszquando
3706 2705 3834 2759 enim

2253 2799 2596 2867 diriperetur,
2651 2797 2748 2851 nisi
2791 2797 3035 2852 maceria:
3074 2795 3262 2850 dirutze
3307 2795 3578 2850 fuissent?
3631 2794 3836 2850 Posuisti

2255 2891 2554 2943 munitiones
2582 2890 2692 2959 ejus
2727 2889 3067 2958 formidinem.
3098 2887 3233 2955 Quid
3263 2898 3364 2952 est,
3393 2887 3713 2959 formidinem
3733 2887 3756 2940 .’
3775 2887 3835 2942 Ut

2251 2979 2460 3035 dicatur
2510 2981 2870 3051 peccantibus,
2904 2979 2964 3034 Si
3012 2978 3145 3033 Dens
3183 2979 3495 3033 naturalibus
3544 2982 3701 3033 ramis
3744 2995 3833 3033 non

2254 3073 2489 3142 pepercit,
2523 3088 2680 3139 neque
2694 3072 2782 3125 tibi
2820 3079 2990 3143 parcet
3029 3070 3202 3140 (Rom.
3254 3087 3327 3132 xl.
3367 3070 3481 3140 21).
3510 3068 3832 3140 Diripueruat

2252 3181 2364 3219 eum
2391 3181 2560 3219 omnes
2601 3172 2910 3219 transeuntes
2943 3164 3073 3217 viam
3099 3179 3117 3216 .·
3143 3178 3330 3219 omnes
3377 3163 3585 3217 scilicet
3625 3162 3826 3229 Gentes,

2253 3273 2348 3328 per
2377 3258 2529 3323 vium,
2558 3256 2660 3314 hoc
2692 3265 2793 3323 est,
2836 3272 2928 3327 per
2959 3257 3118 3310 vitam
3153 3256 3304 3311 istam
3353 3263 3691 3312 transeuntes
3717 3255 3830 3310 diri-

2253 3357 2484 3419 pucruut
2531 3347 2726 3416 Israel,
2771 3348 3103 3419 diripuerunt
3151 3347 3331 3403 David.
3379 3347 3618 3403 Primum
3673 3347 3829 3404 videte

2253 3442 2416 3496 frusta
2445 3442 2560 3514 ejus
2591 3443 2640 3497 in
2671 3442 2918 3498 omnibus
2932 3442 3215 3514 gentibus:
3243 3443 3308 3498 de
3331 3442 3459 3513 ipsis
3483 3443 3628 3498 enim
3645 3442 3827 3498 dictttm

2251 3544 2353 3600 est,
2384 3531 2563 3588 Partes
2579 3536 2803 3605 vulpium
2821 3523 2975 3589 erunt
2999 3534 3170 3607 (Psal.
3190 3551 3315 3599 an,
3332 3536 3353 3589 l
3370 3536 3439 3605 l).
3459 3533 3638 3607 Reges
3650 3535 3829 3606 quippe

2255 3625 2448 3696 impios
2477 3627 2668 3696 vulpes
2698 3626 2982 3696 appellavit
3003 3626 3296 3696 Scriptura,
3315 3625 3529 3681 dolosas
3551 3639 3608 3682 et
3633 3625 3828 3682 timidos

2253 3733 2385 3787 quos
2417 3726 2582 3774 torret
2613 3719 2779 3773 virtus
2821 3719 3012 3774 aliena.
3045 3718 3170 3775 Ideo
3198 3719 3310 3789 ipse
3341 3719 3602 3774 Dominus
3629 3735 3743 3775 cum
3767 3716 3849 3792 de,

2254 3808 2464 3866 Herode
2486 3811 2846 3866 comminante
2873 3810 3182 3881 loqueretur
3211 3829 3223 3863 :
3260 3809 3440 3876 Dicite,
3478 3811 3672 3882 inquit.
3704 3809 3827 3880 vulpi

2251 3901 2328 3955 illi
2359 3901 2512 3971 (Luc.
2544 3917 2657 3968 xm,
2678 3901 2790 3973 5‘2).
2826 3902 2938 3957 Rex
2964 3902 3053 3972 qui
3075 3903 3340 3957 neminem
3365 3901 3642 3956 hominum
3671 3902 3824 3962 timet.

2253 3993 2367 4065 ipse
2396 3997 2576 4065 vulpes
2601 4009 2704 4048 non
2737 4001 2819 4049 est
2850 4011 2863 4049 :
2896 3993 2979 4049 leo
3009 3993 3099 4049 ille
3121 3993 3187 4049 de
3217 3993 3356 4048 tribu
3403 3992 3558 4059 Juda,
3593 3994 3675 4048 etti
3711 3992 3826 4046 dici-

2254 4092 2359 4151 tur,
2383 4084 2662 4139 Asrendisti
2679 4085 2987 4148 recumbens,
3015 4084 3244 4139 dormisti
3267 4085 3393 4139 sicut
3418 4085 3494 4140 leo
3516 4085 3672 4156 (Gen.
3696 4099 3822 4148 xm,

2251 4173 2330 4248 9).
2374 4175 2646 4232 Potestate
2697 4176 3023 4243 ascendisti,
3074 4184 3333 4246 potestate
3387 4175 3668 4242 dormisti;
3715 4175 3824 4246 quia

2250 4270 2485 4337 voluisti,
2534 4269 2776 4325 dormisti
2805 4271 2847 4323 ³.
2881 4269 3003 4325 Ideo
3045 4269 3097 4324 iu
3128 4269 3232 4324 alio
3288 4269 3488 4338 psalmo
3535 4268 3684 4334 dicit,
3727 4266 3824 4338 Ego

2252 4362 2483 4417 donuivi.
2510 4361 2697 4417 Nonne
2723 4362 2876 4432 plena
2902 4373 3014 4418 erat
3035 4362 3293 4418 sententia
3327 4404 3340 4430 ,
3376 4361 3624 4428 Dormivi,
3669 4369 3713 4416 et
3745 4375 3822 4414 so-

2251 4470 2423 4508 mnum
2450 4454 2575 4525 cozpi
2598 4464 2669 4508 :et
2686 4454 2964 4522 exsurrexi,
2981 4453 3220 4524 quoniam
3233 4451 3477 4506 Dominus
3493 4453 3728 4524 suscipiet
3755 4464 3823 4502 me

2252 4544 2424 4616 (Psal.
2450 4561 2524 4606 ut,
2549 4545 2638 4617 6)?
2659 4561 2823 4618 quare
2847 4544 3082 4600 additum
3111 4554 3212 4612 est,
3239 4543 3389 4616 Ego?
3420 4545 3482 4599 Et
3505 4561 3626 4600 cum
3651 4557 3822 4614 magno

2251 4636 2486 4709 pondere
2511 4637 2956 4710 pronuntiandum
2987 4637 3122 4705 est',
3154 4637 3296 4708 Ego;
3345 4636 3456 4708 Ego
3496 4637 3721 4692 dormivi.
3753 4633 3820 4690 llli

2251 4730 2555 4793 szevierunt,
2590 4729 2663 4783 illi
2692 4728 2952 4800 persecuti
2975 4738 3133 4796 sunt,
3178 4728 3272 4783 sed
3307 4729 3350 4782 si
3382 4729 3686 4792 noluissem,
3725 4739 3819 4782 non

2250 4820 2589 4877 dormissem.
2621 4819 2732 4893 Ego
2758 4821 2993 4876 dormivi.
3021 4821 3158 4892 Ergo
3179 4821 3246 4875 de
3270 4821 3461 4892 quibus
3481 4821 3675 4876 dictum
3697 4824 3816 4880 erat,

2256 4913 2437 4970 Partes
2465 4915 2691 4985 vulpium
2721 4924 2908 4980 erunt;
2955 4913 3020 4968 de
3050 4914 3131 4967 his
3161 4929 3304 4968 nunc
3332 4912 3529 4968 dictum
3558 4922 3658 4979 est,
3688 4908 3818 4964 Diri-

2251 5019 2467 5079 pttcrttnt
2495 5024 2607 5062 eum
2629 5023 2801 5061 omnes
2823 5016 3137 5061 transeuntes
3167 5007 3295 5059 riam
3317 5024 3336 5073 ;
3371 5009 3536 5078 factus
3561 5015 3632 5060 est
3650 5016 3815 5072 oppro-

2249 5105 2410 5160 brium
2433 5104 2608 5158 vicinis
2637 5105 2759 5157 suis.
2792 5101 3045 5158 Exultasti
3071 5103 3329 5159 dexteram
3348 5103 3663 5158 inimicorum
3686 5098 3818 5168 ejus;

2249 5199 2540 5262 iucundusti
2577 5213 2745 5252 unum
2782 5198 3011 5252 inimicos
3037 5199 3165 5268 ejus.
3213 5198 3485 5253 Advertite
3507 5195 3732 5254 Judzeos,
3771 5196 3820 5244 et

2249 5289 2424 5345 videte
2455 5291 2632 5345 omnia
2665 5289 2881 5360 impleta
2912 5305 3030 5358 quae
3059 5290 3308 5358 prtedicta
3335 5298 3479 5344 sunt.
3498 5286 3722 5342 Avertisn’
3744 5280 3818 5335 ad-

2251 5382 2493 5447 iutorium
2509 5382 2668 5453 gladii
2695 5382 2823 5452 ejus.
2838 5381 3117 5449 Quomodo
3135 5382 3377 5437 solebant
3395 5383 3545 5454 pauci
3561 5378 3816 5438 dimicare,

2250 5475 2444 5530 multos
2474 5474 2858 5545 prosternere?
2887 5473 3116 5529 Arertisti
3163 5474 3471 5546 adjutorium
3507 5472 3659 5545 gladii
3699 5469 3814 5538 ejus,

2315 5612 2332 5644 ι
2366 5613 2438 5661 Sic
2455 5617 2563 5661 Mss.
2583 5607 2694 5659 ald.
2720 5621 2857 5672 vero,
2877 5607 3114 5672 promisit.

2315 5677 2334 5706 ²
2369 5675 2451 5723 Hic
2472 5672 2648 5721 addunt
2668 5671 2798 5732 Μὰ,
2825 5666 2938 5735 quia
2962 5668 3166 5728 voluisti,
3189 5667 3446 5723 ostendisti
3468 5682 3485 5722 :
3509 5666 3629 5735 quod
3662 5679 3687 5714 ει
3724 5671 3814 5712 “SS-

2251 5736 2443 5846 ab:Ss'ic
2475 5805 2579 5847 Mss.
2607 5796 2718 5846 add.
2746 5809 2882 5858 vero,
2907 5796 3258 5860 pronuntiatum
3277 5802 3364 5847 est.
