4132 6444
327 399 463 456 1137

322 618 528 678 captus,
551 612 738 664 merito
755 627 786 666 a
816 626 978 679 regno
989 628 1084 664 suo
1101 612 1378 677 alienatus,
1404 614 1590 667 merito
1610 613 1914 683 dispersus:

319 718 439 757 eam
469 703 614 756 enim
642 712 838 758 terram
871 703 1117 773 perdidit,
1143 719 1238 774 pro
1261 721 1362 774 qua
1388 705 1663 758 Dominum
1696 705 1909 759 occidit.

318 795 560 848 Avertisti
586 795 898 865 adjutorium
925 795 1084 866 gladii
1107 796 1234 865 ejus,
1280 805 1326 848 et
1355 813 1453 850 non
1483 813 1534 850 es
1569 795 1844 866 opitulatus
1870 798 1917 851 ei

315 887 370 940 in
401 887 553 940 bello.
589 886 876 943 Dissolvisti
893 905 1004 943 eum
1030 888 1091 943 ab
1112 890 1481 945 emundatione.
1515 889 1650 959 Quid
1672 890 1914 945 esthoc?

313 977 459 1032 Inter
482 980 662 1035 omnia
690 981 825 1035 mala
854 996 1074 1053 magnus
1091 982 1174 1037 hic
1201 991 1388 1037 terror.
1419 981 1912 1052 Quantumcumque

310 1070 456 1124 enim
487 1070 660 1126 cedat
691 1071 858 1136 Deus,
905 1073 1291 1143 quantmnlibet
1313 1073 1588 1139 irascatur,
1621 1083 1909 1142 quantum-

308 1161 444 1217 libet
498 1165 778 1230 verberet,
827 1163 1089 1236 ﬂagellet;
1140 1164 1358 1235 ligatum
1413 1173 1592 1220 tamen
1645 1164 1904 1236 ﬂagellet,

307 1273 467 1326 quem
496 1258 736 1325 mundet,
761 1275 863 1314 non
880 1258 1132 1316 dissolvat
1154 1259 1221 1314 ab
1243 1259 1616 1316 ennmdatione
1647 1276 1662 1312 :
1694 1260 1737 1313 si
1763 1263 1906 1316 enim

306 1348 558 1404 dissolvit
602 1351 670 1406 ab
698 1350 1107 1418 emundatioue;
1149 1353 1257 1421 jam
1303 1367 1407 1406 non
1439 1350 1596 1406 habet
1646 1352 1903 1407 mundan-

304 1439 457 1504 dum,
486 1442 582 1497 sed
609 1442 1011 1513 projiciendum.
1048 1446 1084 1498 Α
1118 1460 1217 1516 qua
1243 1459 1371 1515 ergo
1395 1445 1770 1500 cmumlatioue
1795 1446 1903 1501 dis-

307 1532 537 1586 solvitur
561 1532 778 1589 Jutlteus
801 1535 824 1587 ?
855 1537 893 1589 Λ
921 1535 1042 1589 title.
1068 1535 1143 1590 Ex
1176 1535 1279 1590 fide
1295 1535 1437 1590 enim
1460 1537 1682 1590 vivimus
1704 1535 1898 1608 (Colat.

316 1633 384 1687 rt,
420 1621 548 1695 ll);
599 1633 654 1678 et
691 1625 760 1680 de
807 1624 908 1680 tide
945 1624 1146 1680 dictum
1189 1637 1292 1693 est,
1325 1624 1455 1680 Fide
1477 1627 1726 1683 mundam
1744 1629 1899 1683 corda

297 1731 476 1769 eorum
511 1718 646 1785 (Act.
678 1735 764 1783 xv,
791 1720 845 1790 9)
879 1729 960 1774 :et
991 1720 1110 1789 quia
1142 1721 1252 1776 sola
1285 1721 1416 1775 Iides
1433 1719 1628 1776 Christi
1657 1723 1894 1792 mundat,

297 1822 406 1861 non
437 1809 707 1864 credendo
737 1811 786 1864 iu
817 1811 1080 1865 Christum
1100 1812 1254 1867 solttti
1273 1822 1394 1867 sunt
1413 1812 1480 1868 ab
1499 1815 1891 1870 etnumlatione.

296 1896 590 1954 Dissolvisti
617 1918 729 1956 eum
769 1903 829 1954 ab
855 1904 1241 1970 emundatione;
1268 1905 1433 1958 sedem
1480 1908 1589 1978 ejus
1637 1907 1687 1960 in
1711 1918 1892 1962 terram

291 1993 534 2046 collisisti
574 2011 593 2048 :
620 1997 808 2049 merito
836 2005 887 2049 et
920 1995 1139 2067 fregisti.
1177 1995 1407 2053 Minuisti
1434 1999 1539 2053 dies
1565 2001 1696 2054 sedis
1741 2003 1891 2073 ejus:

291 2084 558 2153 putabant
587 2101 645 2140 se
670 2087 720 2140 in
752 2095 1008 2141 aatcrutun
1038 2097 1348 2159 regnaturus
1367 2091 1406 2142 ¹.
1463 2088 1742 2162 Perfudisti
1775 2109 1888 2146 eam

284 2181 611 2249 confusione.
637 2179 761 2234 [ire
794 2183 970 2236 omnia
1002 2191 1294 2238 evenerunt
1321 2181 1538 2249 Judaei-3,
1573 2201 1676 2240 nou
1711 2195 1886 2240 tamen

283 2270 470 2327 ablato
496 2272 730 2338 Christo,
756 2274 847 2328 sed
869 2273 1046 2329 dilato.

351 2366 413 2422 8.
457 2364 609 2438 [υεη.
642 2364 754 2440 47.]
789 2367 1070 2424 Videamus
1111 2384 1237 2440 ergo
1277 2378 1452 2425 utrum
1488 2371 1699 2444 impleat
1744 2373 1884 2428 Deus

280 2461 554 2532 promissa
598 2477 712 2516 sua.
765 2463 888 2517 Post
942 2462 1055 2518 haec
1101 2463 1230 2518 (Iura
1286 2481 1403 2534 qtae
1450 2468 1883 2522 commetmmavit

277 2556 538 2611 evenisse
568 2556 640 2610 illi
667 2556 857 2625 populo
873 2567 924 2611 et
946 2557 1018 2611 illi
1050 2571 1231 2625 regno,
1259 2573 1324 2612 ne
1347 2559 1415 2611 ibi
1442 2569 1712 2628 putaretur
1738 2560 1880 2615 Deus

278 2647 593 2717 implevisse
621 2647 760 2718 quod
817 2650 1149 2718 promiserat,
1185 2650 1277 2705 et'
1324 2666 1426 2703 non
1463 2651 1607 2704 daret
1652 2653 1876 2705 alterum

277 2754 508 2810 regnum
535 2741 584 2793 in
606 2738 838 2805 Christo,
871 2741 1020 2806 cujus
1046 2741 1190 2807 regni
1224 2757 1325 2794 non
1353 2743 1446 2795 erit
1476 2744 1626 2805 linis;
1653 2743 1875 2813 alloqui-

276 2840 365 2886 tur
389 2848 515 2886 eum
542 2831 826 2900 Propheta,
859 2843 910 2886 ct
934 2832 1062 2887 dicit
1093 2851 1105 2886 :
1134 2833 1418 2904 Quousque,
1456 2832 1686 2895 Domine.
1731 2851 1875 2888 aver-

274 2924 402 2978 teris
431 2923 484 2976 in
512 2923 704 2993 ﬁnem?
732 2923 890 2978 Forte
935 2923 1074 2978 enim
1122 2941 1224 2978 una
1256 2925 1305 2978 in
1350 2924 1506 2979 liueat
1537 2935 1589 2979 et
1620 2926 1686 2979 ah
1712 2926 1872 2996 ipsis;

273 3017 403 3086 quia
456 3017 669 3071 caecitas
717 3033 781 3070 ex
821 3026 971 3087 parte
1002 3015 1157 3070 lsruci
1209 3015 1340 3071 facta
1382 3030 1480 3080 est,
1515 3027 1568 3072 nt
1608 3019 1876 3084 tlcuittnlo

273 3108 536 3165 Gentium
588 3109 828 3176 intraret,
881 3118 935 3164 et
977 3108 1052 3163 sic
1099 3109 1271 3164 ouuiis
1315 3109 1476 3165 Israel
1522 3111 1700 3166 salvus
1729 3111 1876 3166 fieret

271 3199 460 3266 (Rom.
487 3219 563 3272 ιι,
610 3202 724 3278 25).
757 3201 959 3258 Interea
989 3215 1183 3268 tamen,
1217 3202 1522 3260 Exardcscet
1572 3206 1698 3260 sicut
1743 3207 1876 3278 ignis

272 3295 348 3350 ira
386 3305 477 3350 tua

345 3390 407 3444 9.
440 3389 593 3462 [verm
625 3391 714 3455 48,
743 3387 858 3464 49.]
892 3389 1144 3445 Memento
1170 3407 1281 3461 qua
1305 3400 1376 3446 est
1416 3391 1691 3445 substantia
1741 3408 1870 3445 mea.

275 3482 443 3539 David
475 3483 578 3540 iste
604 3483 731 3540 dicit
759 3485 958 3554 positus
991 3484 1042 3538 iu
1087 3499 1248 3539 Carne
1279 3484 1327 3537 iu
1351 3483 1567 3550 ιιιιιιίυὶε,
1598 3485 1797 3554 positus
1822 3484 1870 3537 iu

278 3595 376 3648 spe
406 3579 455 3631 in
485 3575 718 3642 Christo,
750 3577 999 3634 .llcmento
1040 3593 1153 3650 qua:
1190 3587 1262 3631 est
1291 3577 1567 3631 substantia
1597 3593 1724 3630 mea.
1757 3576 1870 3632 Non

273 3672 422 3726 enim
455 3671 577 3742 quia
617 3669 784 3726 Judaei
816 3669 1143 3730 defecerunt,
1173 3667 1364 3723 defecit
1393 3670 1684 3722 substantia
1733 3684 1869 3723 mea.

271 3763 494 3819 Etenim
525 3763 590 3817 de
617 3763 706 3818 illo
734 3764 929 3832 populo
970 3763 1115 3832 virgo
1147 3760 1330 3825 Maria,
1377 3761 1444 3815 de
1468 3762 1669 3832 virgine
1711 3761 1871 3816 Maria

269 3871 408 3910 caro
432 3853 664 3918 Christi;
694 3863 746 3910 et
767 3869 890 3909 caro
919 3853 1003 3908 illa
1038 3869 1138 3907 non
1173 3853 1437 3922 peccatrix
1463 3869 1476 3914 ;
1502 3853 1594 3906 ς.υά
1624 3860 1872 3922 peccate-

269 3963 396 4002 rum
429 3947 730 4002 mundatrix
766 3965 776 3996 :
812 3947 882 4000 ibi
910 3955 1010 4009 est,
1046 3947 1234 4016 inquit,
1263 3946 1555 4000 substantia
1587 3961 1723 3999 mea.
1755 3944 1871 3998 Me-

270 4049 443 4093 mento
473 4054 585 4111 qute
603 4048 676 4093 est
703 4037 978 4092 substantia
997 4055 1124 4092 mea.
1152 4037 1264 4091 Non
1295 4037 1434 4090 etlim
1466 4037 1683 4090 otiinino
1708 4037 1874 4092 inter-

271 4133 332 4187 iit
367 4132 515 4186 radix
542 4149 558 4196 ;
585 4132 762 4186 veniet
789 4147 972 4185 semen
1025 4130 1108 4186 cui
1141 4131 1458 4200 promissum
1489 4139 1590 4193 est,
1639 4127 1871 4200 disposi-

267 4237 388 4279 tum
425 4240 517 4294 per
539 4225 770 4295 Angelos
811 4225 860 4280 in
888 4242 1044 4279 manu
1075 4223 1378 4279 Mediatoris
1422 4220 1596 4296 (Colat
1647 4237 1724 4286 tu,
1761 4222 1866 4291 19).

269 4317 534 4370 Memento
587 4333 702 4388 qua:
740 4326 811 4370 est
862 4317 1141 4370 substantia
1199 4332 1309 4369 mea
1355 4330 1374 4370 :
1414 4331 1514 4368 non
1568 4315 1698 4368 enim
1749 4330 1874 4369 vane

266 4410 579 4465 constituisti
631 4425 803 4464 omnes
853 4410 985 4479 ﬁlios
1030 4409 1306 4462 hominum.
1364 4408 1501 4464 Ecce
1544 4423 1730 4461 omnes
1779 4408 1871 4484 lilii

267 4504 552 4558 hominum
607 4503 782 4557 ierunt
831 4503 882 4557 in
929 4505 1253 4566 vanitatem;
1302 4510 1353 4556 tu
1402 4510 1574 4555 tamen
1607 4515 1709 4553 non
1737 4516 1872 4555 vane

269 4596 394 4650 illos
424 4595 764 4650 constituisti.
787 4593 920 4649 Cttm
946 4609 1072 4664 ergo
1091 4594 1462 4648 icruutomnes
1485 4592 1535 4646 in
1564 4592 1874 4658 vanitatem,

268 4703 407 4757 quos
439 4696 491 4740 tu
524 4702 628 4740 non
659 4701 794 4740 vane
821 4685 1176 4748 Constituis-ti;
1213 4683 1352 4737 unde
1383 4698 1476 4736 eos
1524 4683 1810 4737 mundares
1840 4699 1868 4736 a

272 4777 532 4844 vanitate,
562 4776 813 4848 numquid
847 4778 974 4830 nihil
1010 4777 1099 4830 tibi
1131 4773 1396 4832 servasti?
1443 4773 1570 4828 Illud
1605 4774 1746 4844 quod
1779 4773 1870 4828 tibi

271 4871 502 4924 servasti
534 4869 673 4924 unde
718 4869 1002 4924 mundares
1030 4868 1276 4923 homines
1320 4883 1347 4920 a
1376 4867 1625 4931 vanitate,
1658 4877 1873 4921 sanctus

271 4961 368 5016 ille
400 4970 543 5026 tuus,
576 4961 628 5014 in
656 4976 723 5015 eo
747 4960 1041 5015 substantia
1063 4977 1198 5014 mea.
1230 4959 1304 5013 Ex
1330 4959 1418 5012 illo
1447 4959 1588 5014 cnim
1612 4958 1874 5012 mundan-

271 5053 471 5106 dantur
497 5067 708 5119 omnes,
739 5067 872 5124 quos
901 5071 1003 5106 non
1035 5054 1222 5106 h-ustra
1247 5051 1565 5105 constituisti
1599 5067 1628 5104 a
1662 5052 1871 5121 propria

270 5146 512 5198 vanitate
549 5164 561 5198 :
590 5144 785 5215 quibus
807 5144 1018 5207 dicitur,
1050 5143 1174 5197 Filii
1197 5143 1454 5196 hominum
1481 5158 1736 5212 quousque
1756 5159 1873 5213 gra-

271 5252 356 5288 ues
381 5237 572 5290 corde?
597 5237 777 5309 utquid
796 5238 1007 5310 diligitis
1037 5238 1325 5298 vanitatem,
1349 5247 1396 5289 et
1415 5237 1640 5306 queritis
1666 5237 1873 5290 menda-

271 5332 450 5385 cium?
479 5329 638 5386 Forte
668 5332 882 5388 solliciti
912 5332 1030 5388 facti
1062 5339 1502 5387 converterentur
1543 5346 1573 5385 a
1621 5330 1869 5396 vanitate,

276 5423 582 5479 invenirent
611 5440 670 5480 se
720 5426 952 5481 vanitate
1001 5426 1324 5495 inquinatos,
1372 5433 1676 5494 quzererent
1733 5422 1874 5477 unde

273 5515 664 5571 mundarentur
693 5533 708 5574 :
736 5530 1011 5581 succurre,
1053 5516 1136 5571 fac
1175 5529 1409 5572 securos.
1447 5513 1510 5568 Et
1549 5515 1722 5568 sci'ote
1745 5531 1871 5582 quo-

272 5605 411 5658 niam
440 5608 727 5677 miriﬁcauit
759 5606 1011 5662 Dominus
1046 5617 1274 5664 sanctum
1319 5622 1466 5662 suum
1511 5604 1682 5679 (Psal.
1710 5619 1783 5669 tv,
1816 5605 1870 5670 5,

271 5697 352 5767 ι).
380 5701 631 5757 Sanctum
663 5718 820 5757 suum
852 5701 1220 5760 admirabilem
1275 5699 1428 5763 fecit;
1477 5700 1598 5753 inde
1617 5712 1805 5752 onuies
1843 5714 1870 5750 a

339 5797 357 5829 ¹
393 5805 442 5871 In
465 5801 577 5871 Edd.
599 5802 924 5871 repetebatur.
958 5803 1072 5864 hic:
1098 5799 1311 5855 Mittuisti
1333 5799 1437 5854 dies
1459 5797 1586 5853 sedis
1609 5798 1746 5862 ejus:
1784 5797 1874 5857 sed

269 5857 591 5916 abestalss.

340 5923 362 5958 ⁸
392 5929 549 5990 Forte,
574 5936 642 5982 ut.

1341 403 1734 461 ENARRATIU
1772 406 1835 460 IN
1876 407 2192 466 PSALSIUM
2231 414 2560 474 LXXXVIII.

323 529 498 572 etnon
538 533 590 572 es
618 517 897 588 apitulatus
927 519 973 573 ei
1013 519 1065 574 in
1089 519 1236 574 bello.
1282 519 1468 575 Merito
1496 521 1684 586 victus,
1729 522 1919 576 merito

2032 527 2262 582 vanitate
2312 531 2580 587 nnunlavit
2611 552 2623 587 :
2654 535 2721 587 ibi
2768 544 2866 599 est,
2913 537 3097 608 inquit.
3131 541 3420 596 substantia
3452 561 3565 598 mea
3594 565 3608 609 ;

2025 631 2293 673 memento
2315 621 2448 689 ejus.
2482 621 2599 678 Non
2626 628 2754 679 enim
2783 644 2904 680 rane
2939 631 3242 684 constituisti
3265 648 3434 686 omnes
3475 636 3612 704 ﬁlios

2027 709 2308 767 hominum.
2354 715 2494 786 Ergo
2536 722 2755 773 servasti
2784 722 2976 790 aliquid
3011 724 3149 777 unde
3199 725 3602 782 Inundarentur.

2021 801 2148 870 Quis
2175 814 2256 858 est
2284 806 2380 860 iste
2403 825 2556 876 quem
2587 814 2806 865 servasti
2828 815 2849 864 ’ἰ
2875 812 2999 878 Quis
3023 825 3093 868 est
3122 817 3268 870 homo
3296 819 3381 886 qui
3410 821 3533 873 vivet
3560 830 3608 875 et

2019 913 2119 951 non
2166 899 2345 953 videbit
2390 905 2636 956 mortem?
2662 905 2901 974 Ergoitle
2929 907 3084 960 homo
3115 909 3202 978 qui
3233 911 3370 964 vivet
3399 922 3450 965 et
3499 929 3602 967 non

2017 987 2215 1044 videbit
2240 1001 2488 1058 mortem,
2523 994 2633 1064 ipse
2662 996 2879 1050 mundat
2905 1013 2935 1051 a
2961 999 3210 1053 vanitate.
3241 999 3355 1055 Non
3387 1003 3527 1057 enim
3549 1005 3599 1058 in

2019 1079 2246 1136 vanitate
2272 1084 2544 1138 constituit
2573 1101 2761 1141 omnes
2787 1087 2920 1140 tilios
2943 1087 3238 1155 hotuinum,
3291 1101 3380 1146 aut
3425 1103 3599 1162 potest

2014 1167 2130 1223 illos
2157 1182 2499 1230 contemnere
2523 1177 2609 1245 qui
2641 1176 2759 1232 fecit
2792 1177 2928 1246 illos,
2961 1179 3045 1234 ut‘
3073 1196 3177 1236 non
3201 1197 3295 1238 eos
3318 1195 3596 1240 converte-

2011 1272 2092 1317 ret
2120 1273 2174 1318 et
2203 1283 2304 1319 non
2329 1268 2624 1323 tumularet.

2083 1355 2169 1409 10.
2215 1356 2340 1422 Quis
2369 1368 2440 1410 est
2462 1359 2610 1414 homo
2637 1362 2723 1429 qui
2753 1363 2874 1415 vivet
2913 1372 2956 1415 et
2987 1381 3086 1418 non
3117 1365 3297 1419 videbit
3339 1377 3544 1420 mortem
3569 1372 3594 1423 .’

2008 1447 2242 1517 Surgens
2265 1452 2404 1505 enim
2427 1469 2455 1505 a
2484 1455 2705 1507 mortuis
2729 1456 2837 1520 jam
2867 1470 2972 1509 non
2997 1459 3238 1522 moritur,
3268 1469 3321 1514 et
3360 1474 3504 1514 mors
3540 1462 3592 1515 ei

2007 1540 2140 1595 ultra
2174 1556 2275 1597 non
2302 1543 2658 1600 dominabitur
2685 1545 2856 1615 (liam.
2891 1563 2958 1609 vt,
2991 1547 3066 1615 9).
3107 1548 3339 1618 Denique
3378 1566 3494 1605 cum
3538 1553 3588 1606 in

2003 1633 2106 1687 alio
2139 1636 2340 1704 psalmo
2361 1638 2612 1708 scriptum
2636 1639 2860 1708 legatur,
2884 1639 3000 1694 Non
3023 1641 3333 1710 derelinquas
3353 1645 3574 1698 animam

2002 1742 2162 1781 meant
2190 1730 2240 1782 in
2270 1729 2485 1798 inferno,
2515 1731 2768 1785 nco-dabis
2799 1733 3039 1787 Sanctum
3058 1744 3195 1786 tuum
3226 1736 3390 1790 videre
3408 1754 3584 1790 ξονι-ιιι

1999 1819 2215 1888 ptiouem
2237 1821 2406 1877 ll‘sal.
2436 1839 2523 1887 xv,
2551 1824 2663 1892 l0),
2695 1825 2915 1879 assumit
2943 1826 3042 1879 hoc
3070 1828 3425 1882 testimtmium
3448 1846 3581 1900 apo-

1998 1919 2058 1964 stt
2084 1911 2182 1965 lira
2235 1912 2551 1982 disciplina,
2603 1928 2656 1970 et
2701 1917 2766 1969 ita
2821 1917 2870 1970 in
2920 1917 3139 1971 Actibus
3206 1920 3577 1989 Apostolorum

1995 2013 2175 2058 contra
2212 2005 2450 2060 inﬁdeles
2479 2006 2730 2074 disputat,
2761 2009 2942 2063 dicens
2977 2027 2989 2062 :
3031 2007 3138 2063 Viri
3158 2013 3357 2081 fratres,
3394 2013 3580 2066 scimus

1993 2096 2109 2165 quia
2139 2093 2302 2149 David
2330 2098 2618 2166 patriarcha
2658 2110 2883 2154 mortuus
2935 2110 3026 2166 est,
3075 2110 3119 2154 et
3169 2117 3286 2155 caro
3325 2105 3432 2174 ejus
3459 2105 3579 2157 vidit

1991 2190 2366 2259 corruptionem
2392 2207 2412 2256 ;
2444 2207 2546 2244 non
2572 2207 2697 2262 ergo
2718 2191 2784 2245 de
2823 2193 2911 2246 illo
2937 2193 3134 2248 dictum
3165 2202 3266 2260 est,
3300 2194 3408 2249 Nec
3435 2197 3576 2250 dabis

1991 2280 2237 2334 Sanctum
2265 2291 2404 2334 tuum
2445 2284 2612 2336 videre
2658 2285 3027 2354 corruptionem
3082 2285 3216 2353 (Act.
3282 2303 3317 2346 ι.
3353 2287 3571 2357 ’Ξῖ-51).

1988 2371 2044 2427 Si
2076 2388 2201 2442 ergo
2234 2389 2336 2426 non
2382 2375 2446 2428 de
2479 2374 2567 2428 illo
2609 2374 2806 2430 dictum
2853 2387 2964 2439 est,
2997 2377 3188 2447 dequo
3226 2378 3423 2432 dictant
3470 2393 3570 2442 est,

1991 2463 2117 2532 Quis
2139 2476 2209 2518 est
2236 2467 2384 2520 homo
2405 2469 2488 2536 qui
2511 2469 2632 2521 vivet
2658 2479 2704 2520 et
2721 2486 2818 2520 non
2849 2467 3028 2521 videbit
3047 2479 3252 2521 mortem
3271 2470 3296 2522 ξ)
3311 2470 3415 2524 Sed
3439 2472 3571 2526 forte

1987 2557 2278 2611 Itullusest.
2331 2561 2454 2619 lino,
2491 2558 2614 2622 Quis
2642 2569 2730 2621 est,
2762 2569 2813 2610 ut
2849 2574 3055 2627 qtta'ras
3083 2559 3280 2614 dictum
3311 2570 3411 2626 est,
3463 2579 3568 2616 non

1985 2656 2039 2700 ut
2060 2649 2310 2716 desperes
2363 2648 2466 2702 Sed
2495 2650 2626 2702 forte
2652 2661 2731 2702 est
2757 2649 2946 2720 aliquis
2974 2650 3131 2703 homo
3152 2651 3236 2719 qui
3261 2652 3382 2705 vivet
3409 2662 3453 2706 et
3468 2671 3568 2706 non

1982 2738 2159 2792 uidebit
2181 2750 2386 2818 mqrtem
2406 2755 2424 2804 ;
2443 2757 2544 2794 non
2575 2751 2748 2795 tamen
2788 2741 2854 2794 de
2881 2741 3093 2796 Christo
3119 2741 3274 2809 dixit,
3302 2743 3387 2812 qui
3419 2759 3566 2798 mor-

1983 2840 2102 2886 tmts
2128 2843 2209 2886 est
2227 2839 2252 2886 Υ
2274 2833 2458 2889 Nullus
2486 2835 2704 2888 oumiuo
2736 2834 2894 2888 homo
2921 2843 3002 2888 est
3028 2835 3113 2903 qui
3137 2835 3260 2890 vivet
3286 2846 3333 2889 et
3361 2852 3460 2889 non
3490 2838 3566 2889 ui-

1981 2923 2110 2977 debit
2151 2936 2376 2990 mortem,
2428 2926 2525 2980 nisi
2580 2926 2667 2996 qui
2711 2926 2818 2995 jam
2849 2942 2942 2996 pro
2971 2926 3280 2981 mortalibus
3327 2939 3567 2982 mortuus

1979 3026 2062 3071 est
2110 3017 2237 3071 Nam
2266 3028 2322 3072 ut
2346 3019 2482 3073 scias
2503 3021 2620 3089 quia
2639 3019 2706 3075 de
2733 3019 2824 3073 illo
2851 3019 3002 3082 dixit,
3025 3018 3142 3072 vide
3161 3019 3283 3089 quid
3306 3019 3563 3090 sequitur.

1983 3108 2108 3174 Quis
2134 3121 2204 3163 est
2240 3111 2388 3164 homo
2423 3111 2506 3178 qui
2536 3112 2660 3164 vivet
2702 3121 2748 3164 et
2775 3127 2874 3164 non
2918 3109 3096 3163 videbit
3125 3119 3330 3162 mortem
3352 3109 3379 3162 7
3418 3108 3562 3179 Ergo

1982 3215 2247 3272 nunquam
2283 3201 2377 3255 iuit
2409 3203 2458 3255 in
2492 3204 2698 3255 morte?
2729 3201 2864 3256 Fuit.
2893 3198 3169 3268 Quomodo
3204 3213 3332 3270 ergo
3359 3199 3484 3254 viret
3512 3211 3562 3254 et

1980 3306 2078 3343 non
2107 3289 2288 3344 videbit
2313 3291 2563 3345 mortem?
2591 3289 2748 3344 Etuet
2777 3291 2996 3344 animam
3023 3307 3168 3344 suam
3214 3290 3278 3343 de
3331 3291 3560 3344 manibus

1977 3383 2185 3452 inferni.
2220 3382 2359 3438 Eece
2404 3398 2531 3438 vere
2579 3384 2746 3448 solus,
2791 3383 3006 3438 omnino
3045 3381 3378 3452 singulariter
3416 3381 3556 3436 solus

1977 3477 2102 3531 vivet
2128 3487 2175 3532 et
2200 3493 2297 3530 non
2320 3476 2498 3531 videbit
2523 3487 2729 3530 mortem
2748 3492 2765 3538 ;
2787 3485 2922 3530 eruet
2947 3477 3168 3528 animam
3188 3492 3333 3529 suam
3357 3474 3423 3527 de
3450 3490 3528 3526 nm
3545 3505 3558 3513 -

1977 3566 2122 3622 nibus
2141 3569 2325 3639 inferni
2349 3584 2368 3622 :
2390 3569 2509 3638 quia
2542 3568 2638 3622 etsi
2672 3567 2849 3622 caueri
2871 3566 3053 3620 tideles
3080 3566 3196 3636 ejus
3223 3573 3502 3636 resurgeut
3525 3583 3555 3618 a

1977 3661 2220 3723 mortuis,
2242 3671 2296 3716 ct
2314 3660 2494 3715 vivent
2519 3668 2572 3714 et
2600 3661 2695 3730 ipsi
2727 3660 2776 3713 in
2795 3671 3074 3724 aeternum,
3099 3667 3152 3712 et
3179 3673 3280 3710 nou
3303 3655 3558 3710 videbunt

1978 3759 2237 3816 mortetn;
2292 3767 2397 3805 non
2453 3761 2626 3805 tamen
2671 3751 2898 3804 animam
2954 3763 3105 3802 suam
3152 3747 3249 3818 ipsi
3275 3753 3462 3801 erueut
3487 3745 3556 3799 de

1977 3842 2224 3898 manibus
2253 3842 2464 3897 inferni.
2503 3843 2592 3896 Ille
2621 3842 2707 3912 qui
2735 3843 2872 3896 eruit
2897 3840 3130 3894 animam
3159 3853 3307 3892 suam
3339 3836 3405 3890 de
3435 3851 3550 3888 ma-

1978 3933 2133 3988 nibus
2183 3933 2393 4000 inferni,
2442 3934 2552 4002 ipse
2595 3934 2734 3987 eruit
2780 3932 2984 3986 animas
3023 3928 3258 3984 ﬁdelium
3289 3941 3552 3986 suorum;

1977 4026 2075 4093 ipsi
2107 4040 2165 4079 se
2201 4040 2391 4080 eruere
2420 4040 2522 4078 non
2563 4033 2798 4093 possunt.
2834 4021 3000 4077 Proba
3034 4022 3154 4088 quia
3183 4019 3294 4088 ipse
3323 4017 3552 4072 animam

1975 4133 2123 4170 suam
2153 4117 2289 4170 erttit
2344 4114 2648 4169 Potestatem
2678 4115 2834 4168 habeo
2865 4112 3083 4183 ponendi
3113 4110 3337 4163 animum
3367 4125 3550 4168 meam.

1974 4217 2024 4263 et
2047 4217 2341 4276 potcstatem
2381 4206 2538 4260 habeo
2577 4207 2756 4259 iterum
2786 4203 3020 4260 sumendi
3065 4219 3196 4256 eam.
3229 4200 3392 4255 Nemo
3427 4203 3556 4255 tollit

1976 4316 2087 4354 eam
2129 4316 2159 4352 a
2189 4315 2312 4364 me;
2356 4298 2477 4368 quia
2512 4313 2603 4369 ego
2650 4295 2860 4350 dormivi
2883 4294 3051 4367 (Psal.
3101 4310 3174 4357 ιιι,
3205 4292 3261 4366 6)
3287 4312 3299 4348 :
3330 4293 3420 4347 sed
3451 4294 3558 4362 ipse

1975 4411 2084 4449 eam
2116 4411 2247 4462 pono
2268 4410 2299 4447 α
2325 4409 2421 4458 me,
2454 4401 2499 4446 et
2519 4393 2694 4446 iterum
2725 4406 2868 4443 sunto
2887 4405 2999 4444 eam
3027 4385 3199 4460 (Joan.
3232 4403 3288 4452 Χ,
3315 4389 3400 4451 17,
3429 4388 3554 4456 18),

1975 4487 2097 4556 quia
2123 4486 2238 4557 ipse
2263 4494 2346 4540 est
2375 4484 2461 4555 qui
2489 4495 2629 4538 eruit
2658 4490 2889 4536 animam
2919 4495 3070 4536 suam
3110 4480 3177 4534 de
3204 4480 3447 4536 manibus
3472 4481 3556 4536 iu-

1976 4578 2108 4636 [erui
2119 4621 2130 4633 .

2049 4674 2134 4727 11.
2159 4671 2308 4745 [rers.
2344 4669 2457 4742 50.]
2488 4670 2590 4725 Sed
2618 4679 2671 4724 et
2692 4670 2742 4723 iu
2765 4669 2878 4738 ipsa
2907 4667 3010 4723 ﬁde
3035 4667 3229 4722 Christi
3261 4666 3556 4721 laboratum

1976 4776 2056 4821 est
2085 4765 2435 4836 aliquantum,
2479 4772 2533 4818 et
2580 4762 2668 4816 diu
2719 4763 2968 4815 dixerunt
3001 4759 3201 4815 Gentes
3248 4758 3557 4821 frementes,

1981 4857 2198 4927 Quando
2219 4860 2477 4920 morietur,
2521 4865 2568 4909 et
2594 4855 2768 4925 peribit
2796 4869 2974 4908 nomen
2999 4853 3107 4923 ejus
3139 4849 3301 4925 (Psal.
3349 4865 3434 4913 χι,
3462 4850 3516 4918 6)
3537 4853 3559 4902 ‘l

1978 4949 2202 5018 Propter
2225 4951 2322 5003 hos
2346 4963 2474 5017 ergo
2500 4947 2608 5016 jam
2635 4947 2685 5001 in
2711 4935 2985 5001 Christum
3014 4943 3310 5006 (-redentes,
3343 4941 3438 4996 sed
3465 4940 3557 4994 ali-

1977 5041 2208 5113 quandiu
2240 5041 2594 5106 laboraturos,
2621 5038 2860 5108 sequitur
2882 5044 2937 5088 et
2973 5033 3138 5116 dicit:
3169 5031 3264 5087 Ubi
3293 5040 3408 5085 sunt
3459 5032 3558 5084 mi-

1978 5133 2265 5187 sericordia:
2311 5142 2410 5186 tua:
2458 5132 2706 5202 antiqutc,
2759 5126 3014 5182 Domine?
3068 5124 3186 5180 lam
3246 5124 3559 5194 agnovimus

1979 5224 2248 5281 Chr‘stum
2287 5222 2678 5283 muiniatorem,
2706 5219 2813 5289 jam
2847 5227 3086 5272 tenemus
3117 5216 3166 5269 in
3195 5230 3301 5286 quo
3322 5215 3560 5285 comples

1979 5317 2276 5388 promissa;
2307 5314 2502 5370 exhibe
2533 5313 2584 5365 in
2603 5311 2694 5365 itlo
2718 5309 2860 5380 quod
2884 5308 3195 5379 promisisti.
3223 5305 3343 5378 Ipse
3373 5316 3455 5363 est
3475 5310 3562 5376 qui

1979 5411 2117 5466 vivet
2151 5417 2338 5464 etnon
2383 5407 2579 5462 videbit
2607 5412 2856 5471 mortem,
2889 5403 2999 5473 ipse
3026 5401 3219 5473 estqui
3266 5401 3406 5456 eruit
3450 5400 3561 5452 κυί-

1981 5520 2119 5557 mam
2148 5518 2300 5557 suam
2338 5501 2406 5555 de
2437 5499 2680 5554 manibus
2715 5497 2904 5554 inferni
2931 5515 2943 5551 :
2972 5506 3025 5553 et
3061 5513 3159 5551 nos
3187 5506 3364 5549 tamen
3390 5492 3560 5548 adhue.

1980 5596 2302 5650 laboramus.
2337 5594 2591 5648 DiXerunt
2627 5592 2725 5647 ista
2754 5600 3035 5663 martyres,
3073 5603 3298 5658 quorum
3331 5585 3564 5642 natalitia

1980 5689 2337 5748 celebramus.
2375 5687 2489 5758 Ipse
2514 5686 2656 5741 vivet
2703 5695 2752 5739 et
2800 5701 2904 5738 non
2933 5681 3130 5736 videbit
3161 5689 3406 5742 mortem,
3453 5677 3564 5747 ipse

1981 5783 2124 5839 eruit
2173 5781 2402 5836 animam
2452 5794 2600 5834 suam
2660 5778 2728 5832 de
2783 5775 3030 5832 manibus
3085 5768 3314 5837 inferni;
3362 5779 3418 5826 ct
3470 5785 3566 5835 no.1

2057 5921 2070 5952 ι
2112 5925 2213 5972 uss.
2240 5918 2455 5971 m‘nittttttt
2484 5911 2782 5980 particulam,
2802 5920 2869 5965 ut.
