4132 6456
481 360 622 419 H39

478 482 699 545 propter
726 482 773 528 te
796 471 1176 528 mortiﬁcamur
1200 475 1307 522 tota
1333 465 1443 529 die,
1466 462 1707 533 deputati
1736 476 1919 515 sumus
1956 458 2063 511 vel-

477 575 538 621 ut
567 580 695 621 oves
731 564 1014 619 occisionis
1047 561 1215 633 (Psat.
1250 575 1394 622 XLIII,
1422 554 1514 628 ΞΕ)
1548 571 1562 609 :
1599 553 1696 609 Ubi
1716 562 1830 608 sunt
1875 551 2067 604 miseri-

478 659 665 713 cordia?
707 668 806 712 tua:
843 658 1078 728 autiqua’,
1131 654 1366 719 Domine,
1421 667 1545 722 quas
1566 650 1757 723 jurasti
1816 645 1978 699 David
2016 646 2068 698 in

479 753 683 805 veritate
710 760 792 803 tua
807 750 832 803 Ρ

550 844 637 899 1'2.
670 842 816 915 [vers.
846 840 958 913 5].]
992 839 1275 904 Memento,
1314 837 1547 903 Domine,
1582 832 1873 905 approbrii,
1904 846 2073 886 servo-

479 957 589 993 rum
618 948 835 990 tuorum.
868 936 983 990 Jam
1016 934 1105 988 illo
1137 934 1348 988 vivente
1368 976 1380 999 ,
1409 932 1520 1002 jam
1542 931 1594 985 in
1624 929 1762 986 cmlo
1790 927 1853 981 ad
1884 926 2070 981 dexte-

477 1046 588 1085 ram
628 1029 797 1083 Patris
839 1028 1087 1092 sedente,
1119 1025 1401 1094 opprobria
1428 1022 1633 1093 objecta
1664 1028 1786 1075 sunt
1816 1017 2072 1073 Christia-

478 1123 562 1177 nis
580 1141 591 1177 :
608 1123 809 1176 crimen
838 1120 903 1174 de
918 1119 1129 1173 Christo
1152 1117 1433 1173 Christiani
1454 1115 1541 1169 diu
1565 1115 1883 1168 habuerunt.
1901 1109 2073 1165 Vidua

478 1214 567 1268 illa
590 1213 879 1282 pariens,ct
895 1212 1090 1265 habens
1107 1211 1241 1264 ﬁlios
1253 1208 1665 1264 abundantiorcs
1681 1220 1837 1277 quam
1855 1203 1943 1258 illa
1957 1218 2074 1273 qutc

480 1303 710 1359 habebat
736 1304 902 1358 virum
926 1301 1072 1373 (lsai.
1090 1318 1194 1363 Liv,
1220 1303 1269 1367 t;
1290 1300 1460 1355 Gatat.
1484 1316 1554 1367 IV,
1574 1297 1689 1369 27),
1712 1297 1909 1351 audivit
1928 1296 2077 1365 igno-

480 1398 672 1451 minias
694 1438 708 1462 ,
737 1397 936 1452 audivit
966 1395 1246 1465 opprobria
1273 1414 1285 1450 :
1318 1394 1410 1448 scd
1438 1393 1676 1448 Ecclesia
1704 1390 2074 1461 multiplicata,

480 1489 773 1544 extendens
818 1490 867 1542 in
910 1490 1181 1542 dexteram
1224 1494 1383 1557 atque
1418 1485 1690 1539 sinistram
1716 1526 1730 1550 ,
1774 1482 2077 1554 ignominia:

482 1580 752 1635 viduitatis
773 1596 883 1634 sua:
905 1580 1014 1649 jam
1046 1596 1149 1633 non
1180 1588 1261 1634 est
1286 1593 1510 1634 memor.
1543 1576 1814 1642 Memento,
1842 1575 2074 1642 Domine,

480 1672 619 1742 apud
661 1688 817 1744 quem
858 1681 940 1726 est
980 1672 1299 1727 abundantia
1330 1672 1603 1754 suavitatis
1629 1670 1903 1726 memoria:
1933 1678 2076 1735 ture;

483 1765 772 1831 Memento,
816 1766 924 1819 noli
966 1764 1222 1819 oblivisci.
1269 1764 1441 1833 Quid,
1486 1762 1786 1817 Memento?
1828 1760 2080 1816 Memento

483 1858 741 1929 Oppi-ebrii
777 1875 1031 1912 servorum
1072 1866 1271 1911 tuorum
1290 1900 1305 1925 ,
1335 1857 1471 1929 quod
1500 1857 1721 1911 continui
1748 1858 1798 1910 in
1828 1856 1942 1910 sinu
1974 1871 2081 1910 meo

482 1952 757 2005 multarum
795 1953 1038 2022 gentium.
1087 1950 1262 2017 Ibam,
1305 1950 1507 2020 inquit,
1549 1948 1872 2019 prmdicare,
1905 1957 1959 2002 et
1982 1963 2081 2017 op-

483 2046 702 2115 probria
742 2046 1018 2101 audiebam
1042 2088 1055 2111 ,
1089 2055 1143 2101 ct
1179 2045 1230 2098 in
1258 2044 1377 2100 sinu
1406 2059 1528 2100 meo
1558 2043 1892 2098 continebam
1916 2060 1930 2108 ;
1959 2042 2083 2113 quia

484 2137 771 2207 implebam
806 2180 821 2204 ,
862 2136 1321 2209 Btasp/zcmamur,
1371 2152 1655 2209 rogamus;
1701 2136 1845 2207 quasi
1892 2152 2082 2207 purga-

485 2240 655 2284 menta
694 2230 870 2284 mundi
907 2230 1026 2302 facti
1068 2247 1274 2297 sumus,
1309 2230 1528 2284 omnium
1562 2230 1840 2299 peripsema
1896 2229 1938 2298 (l
1963 2227 2081 2284 Cor.

485 2342 569 2394 tv,
596 2325 705 2396 15).
735 2326 831 2379 Diu
859 2325 1234 2379 continuerunt
1259 2323 1541 2379 Christiani
1569 2323 1852 2393 approbria
1884 2323 1933 2376 in
1966 2323 2086 2376 sinu

486 2433 585 2473 suo
604 2461 618 2483 ,
652 2418 704 2472 in
736 2418 896 2473 corde
922 2433 1053 2483 suo;
1085 2433 1183 2472 nec
1208 2416 1473 2472 audebant
1500 2416 1752 2470 resistere
1777 2414 2085 2469 convician-

486 2509 628 2564 tibus
675 2528 689 2564 :
733 2517 886 2565 antea
928 2524 1048 2563 cum
1092 2509 1297 2564 crimen
1334 2507 1603 2563 videretur
1643 2506 1965 2576 respondere
1997 2522 2087 2576 pa-

485 2618 627 2674 gano
650 2644 662 2665 ,
695 2617 835 2657 nunc
854 2602 965 2671 jam
987 2602 1188 2657 crimen
1222 2609 1303 2656 est
1330 2615 1611 2656 remanere
1639 2614 1924 2671 paganum.
1954 2599 2089 2655 Gra-

488 2694 589 2749 tias
629 2694 857 2748 Domino
883 2711 896 2759 ;
941 2710 1147 2748 memor
1177 2693 1275 2748 fuit
1299 2693 1705 2764 opprobriorum
1734 2702 2038 2748 nostrorum
2070 2704 2084 2741 :

486 2784 743 2839 exultavit
781 2799 947 2838 cornu
987 2784 1181 2839 Christi
1225 2784 1350 2849 sui,
1394 2783 1517 2839 fecit
1551 2782 1917 2838 admirabilem
1946 2783 2087 2854 apud

486 2890 644 2946 reges
673 2884 848 2931 terra}.
877 2875 991 2929 Jam
1020 2875 1178 2930 modo
1206 2890 1362 2931 nemo
1392 2874 1939 2929 insultatChristianis
1959 2916 1972 2940 ,
1998 2884 2089 2931 aut

489 2967 536 3021 si
563 2966 801 3032 insultat,
820 2982 924 3022 nou
954 2967 1160 3037 publice
1189 2962 1409 3023 insultat
1433 2984 1445 3020 :
1474 2967 1549 3021 sic
1572 2966 1802 3037 loquitur
1826 2968 1861 3031 ¹,
1890 2977 1943 3021 ιιι
1970 2968 2087 3036 plus

490 3062 676 3117 timeat
701 3060 870 3116 audiri
896 3104 909 3129 ,
942 3077 1098 3132 quam
1129 3062 1255 3117 velit
1280 3061 1445 3116 credi.
1474 3052 1620 3127 Quod
1648 3061 1871 3115 continui
1900 3062 1949 3117 in
1974 3063 2099 3139 sinu

488 3169 599 3207 meo
629 3153 904 3207 multarum
930 3154 1171 3223 gentium.

562 3246 648 3301 «15.
683 3243 831 3317 [υειέ.
864 3245 977 3318 52.]
1010 3245 1156 3312 Quod
1184 3245 1603 3317 exprobrauerunt
1632 3247 1823 3301 inimici
1851 3250 1943 3318 lui,
1973 3248 2087 3305 Do-

490 3339 728 3393 mine:ct
763 3339 931 3395 Judaei
958 3350 1013 3394 et
1043 3341 1254 3411 Pagani.
1288 3340 1436 3408 Quod
1464 3340 1886 3410 exprobrauerunt
1917 3357 1933 3395 :
1963 3342 2089 3413 quid

492 3432 948 3501 exprobravernnt
963 3434 985 3485 ’ἰ
1008 3432 1453 3487 Commutationem
1468 3431 1654 3487 Christi
1669 3434 1757 3488 tui.
1777 3433 1887 3489 Hoc
1898 3450 1960 3490 ex
1968 3450 2089 3504 pro-

492 3526 779 3581 bravcrunt
801 3567 815 3593 ,
846 3526 1283 3581 commutationem
1304 3525 1491 3581 Christi
1511 3527 1586 3580 tui
1611 3543 1629 3581 :
1659 3527 1761 3601 hoc
1782 3527 1921 3583 enim
1944 3528 2087 3599 obje-

493 3630 682 3673 cerunt
701 3661 714 3683 ,
744 3620 865 3689 quia
886 3627 1125 3673 mortuus
1154 3628 1237 3675 est
1273 3617 1536 3686 Christus,
1560 3619 1684 3689 quia
1704 3618 1987 3681 cruciﬁxus
2009 3630 2105 3679 est.

493 3710 755 3767 Christus.
800 3712 935 3778 Quid
985 3711 1211 3782 objicitis
1254 3712 1461 3767 insani?
1498 3712 1749 3781 Quamvis
1786 3714 1896 3783 jam
1932 3730 2089 3771 nemo

493 3814 576 3859 est
617 3806 705 3874 qui
744 3805 991 3873 objiciat;
1035 3813 1207 3860 tamen
1249 3804 1291 3859 si
1334 3803 1423 3875 qui
1460 3804 1653 3876 reliqui
1682 3817 2086 3874 remanserunt,

495 3898 621 3968 quid
660 3898 887 3967 objicitis
913 3897 1033 3967 quia
1063 3906 1303 3952 mortuus
1329 3905 1412 3951 est
1439 3896 1718 3952 Christus?
1744 3897 1836 3952 Ille
1862 3913 1966 3953 non
1996 3915 2088 3970 pc-

494 3990 815 4056 rimebatur,
862 3988 957 4051 sed
999 3988 1442 4045 coinn'iutabatur.
1483 3988 1721 4045 Mortuus
1748 3990 2091 4062 diciturpro-

493 4092 614 4155 pter
654 4083 907 4137 triduum.
938 4084 1226 4154 Eccequid
1255 4084 1712 4154 exprobravcrunt
1737 4085 1933 4142 inimici
1966 4089 2038 4142 tui
2073 4108 2086 4143 :

496 4191 603 4229 non
644 4176 1023 4241 amissionem,
1065 4193 1167 4233 non
1210 4177 1595 4247 perditionem:
1638 4180 1731 4241 sed
1761 4180 1915 4249 plane
1948 4198 2089 4235 com-

497 4267 820 4321 mutationem
872 4265 1057 4320 Cln'isti
1104 4268 1194 4323 tui.
1242 4268 1469 4323 Mutatus
1512 4278 1595 4329 est
1638 4271 1725 4325 ille
1752 4286 1781 4323 a
1815 4273 2093 4341 temporali

497 4359 604 4413 vita
646 4360 711 4412 ad
752 4367 1032 4422 artcrnam.
1074 4369 1307 4416 mutatus
1344 4370 1427 4416 est
1466 4377 1495 4415 a
1530 4361 1729 4418 Judaris
1763 4363 1829 4429 ad
1858 4364 2092 4435 Gentes,

496 4460 734 4506 mutatus
777 4460 859 4505 est
896 4452 1054 4505 etiam
1091 4468 1118 4505 a
1148 4463 1286 4507 terra
1328 4454 1380 4507 in
1407 4455 1623 4511 emtum.
1652 4457 1787 4511 Eant
1812 4475 1953 4515 nunc
1976 4463 2101 4531 vani

499 4544 698 4598 inimici
730 4544 799 4597 tui
825 4586 837 4603 ,
870 4553 922 4597 ct
952 4544 1124 4599 adhuc
1150 4547 1472 4615 exprobrent
1492 4551 1927 4605 commutationem
1950 4552 2097 4609 Clari-

500 4637 564 4691 εςιὶ
586 4637 679 4690 tui.
710 4637 918 4693 Utinam
941 4647 995 4692 ct
1016 4639 1112 4707 ipsi
1136 4647 1439 4706 mutentur;
1461 4645 1926 4702 commutationem
1942 4646 2095 4704 Chri-

500 4732 567 4786 sti
619 4747 722 4785 non
762 4732 1179 4801 exprobrabant.
1213 4732 1319 4791 Sed
1348 4734 1594 4805 displicet
1617 4736 1810 4797 Christi
1840 4744 2092 4811 mutatio,

502 4827 623 4897 quia
661 4825 758 4895 ipsi
798 4827 987 4883 mutari
1026 4827 1213 4880 nolunt
1248 4843 1263 4881 :
1301 4843 1473 4897 neque
1505 4828 1644 4883 enim
1682 4839 1765 4885 est
1804 4832 1910 4888 illis
1945 4848 2095 4889 com-

503 4920 758 4983 mutatio,
806 4927 859 4973 et
906 4918 1342 4975 nou-'vtintuerunt
1376 4921 1542 4976 Deum
1588 4920 1760 4991 (Psat.
1809 4941 1926 4991 Liv,
1977 4927 2092 4998 9.0).

506 5012 655 5075 Quod
680 5011 1101 5082 exprobrauerunt
1128 5012 1319 5067 inimici
1341 5013 1894 5080 tui,commutationem
1910 5018 2111 5077 Christi

504 5104 596 5156 tui.

575 5196 662 5249 Μ.
692 5194 839 5268 [υθνε.
869 5171 1471 5269 ἐῧῇἶίὲρτόιπάνθιουήῑ
1491 5198 1563 5254 illi
1586 5203 2053 5260 commutationem
2079 5224 2093 5262 :

501 5298 560 5345 tu
590 5297 764 5343 autem
796 5291 960 5360 quid?
985 5289 1272 5345 Benedictio
1301 5291 1507 5347 Domini
1536 5295 1556 5325 ²
1582 5295 1633 5351 in
1654 5304 1897 5351 teternum
1924 5313 1942 5351 :
1969 5299 2089 5366 ﬁat,

503 5385 614 5453 ﬁat.
686 5382 896 5440 Gratias
956 5385 1333 5440 misericordia:
1389 5387 1551 5457 ipsius
1595 5404 1610 5453 ;
1660 5390 1856 5459 gratias
1910 5394 2095 5461 gratia:

500 5478 671 5549 ipsius
700 5476 722 5510 ⁸
762 5477 869 5533 Nos
910 5477 1051 5532 enim
1097 5479 1295 5548 gratias
1334 5480 1571 5550 agimus;
1602 5497 1708 5536 non
1736 5482 1923 5537 damus
1947 5525 1962 5549 ,
1995 5500 2095 5541 nec

566 5582 585 5653 ξ
619 5580 766 5653 Edd.,_
782 5580 851 5631 sic
874 5578 1257 5653 loquiturunde.
1272 5581 1434 5653 Abest,
1456 5579 1603 5653 inata,
1628 5595 1657 5630 a
1677 5581 1967 5653 melioribus
1984 5592 2089 5635 Mss.

504 5696 507 5698 ,
563 5647 584 5676 ³
618 5652 725 5694 Lor.
756 5646 845 5693 hoc
868 5650 1053 5692 tantum
1076 5641 1210 5691 loco:
1244 5642 1523 5695 Benedictus
1554 5643 1795 5695 Dominus.
1820 5653 1915 5695 Er.:
1949 5656 2093 5699 nene-

500 5705 756 5756 dictioucm
779 5714 937 5755 autem
966 5703 1168 5755 Domini.
1194 5713 1250 5756 At
1272 5706 1485 5755 melioris
1503 5713 1630 5755 nota:
1648 5714 1752 5758 Mss.
1778 5716 2088 5761 constanter:

499 5768 781 5819 Benedictio
806 5767 1012 5818 Domini.

563 5833 583 5863 ³
616 5832 688 5881 Sic
706 5830 927 5900 plerique
950 5837 1057 5900 uss.
1084 5836 1138 5882 At
1153 5830 1282 5881 Edd.:
1303 5830 1425 5893 Quid
1446 5830 1609 5883 (ticam
1627 5831 1779 5896 aliud,
1806 5846 1951 5896 quam
1972 5847 2092 5900 gra-

496 5894 589 5949 tias
611 5890 780 5959 grati!!!
802 5890 991 5957 ipsius?

1719 347 1775 403 S.
1819 340 2179 403 AUGUSTINI
2224 340 2527 398 EPISCOPI

3635 338 3792 417 uti)

2179 456 2450 512 reddimus
2468 498 2483 523 ,
2517 471 2615 512 nec
2642 457 2921 527 referimus
2945 500 2959 525 ,
2993 472 3093 515 nec
3119 458 3461 530 rependimus
3484 478 3499 517 :
3524 462 3743 533 gratias
3772 465 3789 495 ⁸

2178 549 2353 603 verbis
2382 549 2589 619 agimus
2611 591 2625 617 ,
2656 566 2715 606 re
2742 559 3002 607 tenemus.
3035 552 3150 622 Ipse
3174 568 3273 609 nos
3297 556 3464 626 gratis
3490 555 3676 611 salvos
3714 557 3795 611 fc-

2178 643 2279 706 cit,
2328 642 2440 712 ipse
2484 644 2780 714 impietates
2818 656 3028 702 nostras
3062 663 3165 703 non
3195 650 3218 680 ⁸
3245 650 3507 717 attendit;
3534 652 3659 723 ipse
3690 666 3796 706 nos

2179 748 2283 788 non
2310 750 2431 789 eum
2457 747 2757 805 quaerentes
2785 741 3029 810 qnzcsivit
3048 783 3060 805 ,
3089 742 3291 798 invenit
3316 785 3331 810 ,
3356 743 3579 801 redemit
3598 786 3616 810 ,
3644 745 3793 799 libe-

2180 830 2317 884 ravit
2358 845 2389 885 a
2434 831 2709 889 dominatu
2748 834 2942 890 diaboli
2970 845 3025 891 et
3052 846 3314 908 potestate
3334 839 3742 899 diemoniorum
3779 860 3794 895 :

2180 920 2412 993 alligavit
2437 938 2534 979 nos
2563 924 2665 981 ﬁde
2698 927 3027 983 mundandos
3050 970 3066 996 ,
3094 929 3235 985 unde
3264 932 3421 987 solvit
3447 932 3568 988 illos
3597 934 3796 987 inimi-

2181 1028 2273 1069 COS
2313 1016 2401 1086 qui
2441 1033 2546 1072 non
2589 1018 2844 1087 credunt,
2886 1031 2941 1077 et
2971 1023 3089 1078 ideo
3120 1025 3363 1081 mundari
3393 1043 3498 1084 non
3528 1039 3793 1099 possunt.

2184 1106 2369 1162 Dicant
2411 1110 2497 1179 qui
2536 1123 2905 1168 remanserunt
2929 1117 3164 1186 quotidie
3189 1119 3441 1191 quidquid
3468 1121 3670 1177 volunt
3688 1163 3711 1190 ,
3742 1124 3800 1179 in

2182 1199 2297 1255 dies
2320 1201 2555 1272 singulos
2578 1205 2753 1259 minus
2775 1208 3053 1280 minusque
3078 1212 3431 1268 remanebunt
3463 1234 3477 1270 :
3500 1214 3800 1285 objiciunt,

2184 1296 2475 1364 irrideant,
2506 1302 2869 1369 exprobrent,
2902 1320 3007 1359 non
3038 1305 3305 1362 interitum
3329 1349 3344 1374 ,
3378 1308 3471 1364 sed
3498 1320 3802 1366 commuta-

2186 1390 2369 1444 tionem
2414 1389 2600 1446 Christi
2638 1394 2728 1447 tui.
2775 1395 2887 1449 Non
2920 1397 3101 1453 vident
3129 1400 3250 1471 quia
3280 1416 3401 1455 cum
3431 1402 3530 1456 ista
3556 1401 3799 1471 dicunt,

2184 1486 2434 1541 deliciunt
2458 1497 2549 1543 aut
2572 1488 2591 1519 ³
2612 1490 2876 1545 credendo
2899 1536 2913 1559 ,
2941 1503 3030 1549 aut
3055 1495 3370 1551 moriendo?
3397 1496 3613 1553 Illorum
3642 1500 3802 1557 enim

2188 1578 2487 1634 maledictio
2515 1584 2821 1652 temporalis
2847 1595 2928 1641 est
2951 1602 2966 1652 ;
2993 1586 3266 1643 benedictio
3292 1602 3476 1647 autem
3496 1591 3722 1648 Domini
3748 1594 3805 1650 in

2185 1679 2448 1727 teternum.
2496 1673 2565 1731 Et
2609 1676 2675 1731 ad
2725 1678 3140 1755 confirmandam
3191 1683 3621 1742 benedictionem
3658 1728 3677 1755 ,
3732 1702 3805 1745 ne

2186 1763 2306 1832 quis
2348 1764 2532 1821 timeat
2577 1785 2589 1820 :
2633 1770 2755 1837 ﬁat,
2786 1773 2896 1839 ﬁat.
2930 1773 3031 1828 Ista
3063 1775 3382 1848 subscriptio
3411 1788 3493 1834 est
3519 1783 3805 1837 cautionis

2189 1852 2304 1908 Dei.
2350 1854 2535 1912 Securi
2577 1874 2704 1930 ergo
2747 1861 2814 1917 de
2853 1867 3293 1933 promissionibus
3335 1871 3478 1941 ejus,
3514 1876 3806 1944 prmterita

2189 1947 2470 2005 credamus
2491 1992 2504 2015 ,
2538 1957 2820 2022 praesentia
2846 1972 3229 2031 cognoscamus
3247 2006 3261 2029 ,
3288 1962 3459 2021 futura
3480 1981 3805 2037 speremus.

2190 2040 2305 2096 Non
2348 2058 2449 2099 nos
2493 2057 2701 2102 avertat
2742 2048 2987 2108 inimicus
3028 2069 3057 2107 a
3099 2055 3219 2119 via,
3266 2060 3435 2129 utqui
3463 2061 3679 2133 colligit
3704 2078 3809 2121 nos

2194 2142 2441 2207 tanquam
2484 2139 2657 2208 pullos
2693 2157 2820 2199 suos
2857 2146 2958 2202 sub
2997 2147 3095 2204 alis
3131 2150 3279 2218 suis,
3321 2152 3497 2208 foveat
3538 2171 3690 2221 nos;
3738 2172 3810 2215 ne

2192 2229 2502 2286 aberremus
2525 2234 2593 2289 ab
2619 2236 2718 2290 alis
2741 2237 2885 2307 ejus,
2912 2256 2981 2296 ne
3004 2242 3257 2312 accipiter
3275 2260 3463 2302 aereus
3491 2247 3679 2317 rapiat
3704 2249 3809 2305 im-

2194 2319 2401 2421 piumes
2445 2323 2617 2381 adhuc
2659 2328 2851 2396 pullos.
2880 2330 2994 2388 Non
3024 2335 3165 2389 enim
3197 2335 3261 2391 de
3292 2352 3350 2392 se
3377 2338 3537 2395 debet
3562 2356 3809 2421 sperare

2194 2410 2515 2470 christianus
2539 2435 2551 2471 :
2581 2418 2627 2472 si
2654 2420 2765 2475 vult
2792 2436 2912 2479 esse
2940 2425 3125 2482 ﬁrmus
3146 2468 3161 2491 ,
3188 2444 3384 2501 vapore
3413 2410 3673 2491 materno
3702 2412 3809 2492 nu-

2196 2506 2405 2562 triatur.
2452 2507 2543 2564 llla
2588 2518 2672 2566 est
2718 2514 2860 2569 enim
2897 2518 3092 2587 gallina
3130 2521 3384 2597 colligens
3419 2526 3598 2595 pullos
3628 2543 3809 2599 suos,

2195 2598 2262 2654 de
2308 2616 2411 2671 qua
2452 2602 2843 2674 improperatur
2880 2610 2954 2665 illi
2993 2611 3193 2669 civitati
3226 2616 3420 2673 inﬁdeli
3448 2618 3763 2681 Jerusalem
3794 2646 3811 2682 :

2203 2708 2221 2741 ‹
2266 2691 2485 2760 Quoties
2522 2696 2662 2751 volui
2701 2699 2949 2771 colligere
2988 2703 3124 2759 ﬁlios
3164 2716 3280 2763 tuos
3321 2719 3567 2780 tanquam
3598 2717 3812 2786 gallina

2197 2786 2369 2854 pullos
2385 2802 2511 2845 suos
2529 2790 2627 2845 sub
2651 2792 2762 2847 alas
2786 2808 2929 2861 suas,
2949 2806 3001 2850 et
3027 2798 3239 2855 uoluisti
3258 2802 3281 2854 ?
3298 2801 3434 2858 Ecce
3460 2806 3812 2878 relinquetur

2196 2878 2347 2935 vobis
2369 2880 2557 2936 domus
2576 2896 2750 2940 vestra
2768 2885 2978 2944 deserta
3003 2908 3021 2941 ›
3051 2889 3262 2963 (Malm.
3303 2910 3458 2961 xxm.
3493 2897 3644 2953 ἐπ-ει
3687 2900 3813 2973 38).

2197 2971 2332 3027 Hinc
2358 2972 2557 3033 dictum
2581 2986 2662 3031 est
2680 3019 2695 3045 ,
2727 2978 2954 3034 Posuisti
2983 2985 3285 3057 munitiones,
3307 2989 3415 3060 ejus
3442 2971 3811 3059 formidinem.

2194 3066 2329 3137 Quia
2353 3084 2481 3141 ergo
2503 3070 2576 3124 illi
2600 3072 2879 3129 noluerunt
2904 3080 3113 3149 contegi
3142 3081 3243 3137 sub
3262 3082 3360 3159 alis
3379 3084 3589 3153 gallina:
3614 3085 3809 3159 hujus,

2195 3168 2250 3216 et
2284 3161 2389 3217 tale
2426 3165 2729 3234 exemplum
2772 3166 3065 3233 dederunt,
3096 3187 3200 3243 quo
3232 3154 3418 3231 timere
3442 3154 3753 3237 debeamus
3780 3154 3813 3251 ᾇ

2196 3256 2435 3313 volaticis
2473 3260 2745 3328 Spiritihus
2784 3263 3071 3323 immundis
3094 3307 3111 3332 ,
3152 3270 3515 3338 qumrentibus
3553 3276 3813 3342 quotidie

2196 3349 2335 3419 quod
2362 3352 2605 3424 rapiant;
2635 3355 2899 3426 intremus,
2920 3359 3019 3415 sub
3048 3360 3162 3416 alas
3178 3363 3386 3432 gallinae
3415 3364 3570 3435 hujus
3598 3368 3811 3427 divinae

2196 3443 2480 3514 Sapientia:
2504 3489 2518 3513 ,
2549 3450 2799 3520 quoniam
2828 3463 3044 3527 propter
3073 3456 3247 3525 pullos
3267 3473 3393 3514 suos
3418 3460 3699 3532 inﬁrmata
3726 3475 3814 3523 est

2198 3551 2364 3606 usque
2388 3538 2455 3609 ad
2476 3549 2724 3615 mortem.
2751 3546 3004 3613 Amemus
3030 3548 3310 3607 Dominum
3334 3552 3498 3615 Deum
3523 3568 3808 3628 nostrum,

2196 3644 2436 3687 amemus
2475 3632 2765 3693 Ecclesiam
2796 3638 2912 3715 ejus
2950 3658 2970 3695 :
3007 3642 3153 3700 illum
3193 3646 3331 3701 sicut
3370 3658 3608 3717 patrem,
3640 3653 3809 3711 istam

2197 3722 2333 3779 sicut
2374 3735 2600 3783 matrem
2626 3745 2640 3794 ;
2682 3729 2829 3785 illum
2861 3733 2996 3788 sicut
3021 3734 3296 3807 dominum
3320 3780 3335 3806 ,
3367 3738 3501 3797 hanc
3525 3743 3674 3800 sicut
3703 3762 3807 3802 an-

2196 3818 2374 3879 cillam
2414 3820 2566 3890 ejus;
2606 3822 2724 3895 quia
2760 3824 2849 3879 ﬁlii
2878 3830 3086 3886 ancilla:
3116 3832 3289 3902 ipsius,
3309 3849 3512 3892 sumus.
3545 3838 3659 3894 Sed
3692 3858 3808 3898 ma-

2197 3910 2505 3968 trimonium
2534 3912 2635 3970 hoc
2660 3932 2847 3987 magna
2877 3918 3136 3979 cltaritate
3160 3928 3558 3998 compaginatur
3583 3949 3596 3984 :
3636 3949 3807 3991 nemo

2198 4003 2429 4075 offendit,
2458 4023 2621 4063 unum
2647 4050 2664 4075 ,
2695 4018 2749 4065 et
2777 4026 3111 4081 promeretur
3135 4018 3381 4075 alterum.
3416 4022 3581 4079 Nemo
3612 4026 3803 4096 dicat,

2198 4097 2280 4153 Ad
2324 4099 2462 4156 idola
2500 4100 2714 4173 quidem
2745 4104 2908 4171 vado,
2937 4110 3241 4179 arreptitios
3269 4122 3322 4167 et
3350 4116 3635 4186 sortilegos
3666 4136 3805 4174 con-

2199 4193 2315 4246 sulo
2350 4211 2363 4247 :
2403 4193 2495 4250 sed
2524 4204 2701 4252 tamen
2728 4198 2821 4252 Dei
2847 4200 3135 4258 Ecclesiam
3165 4220 3266 4261 non
3296 4207 3571 4279 relinquo;
3607 4214 3805 4268 catho-

2200 4284 2333 4340 licus
2375 4300 2514 4340 sum.
2551 4287 2763 4357 Tenetis
2802 4299 3025 4348 matrem
3049 4336 3065 4361 ,
3093 4296 3357 4352 offendisti
3390 4310 3613 4367 mtrem.
3649 4306 3804 4361 Alius

2202 4378 2327 4433 item
2364 4378 2511 4445 dicit,
2538 4380 2691 4437 Absit
2718 4396 2747 4436 a
2774 4398 2861 4440 me
2887 4401 2903 4451 ;
2932 4401 3035 4442 non
3062 4390 3282 4444 consulo
3304 4393 3654 4463 ,sortileguin,
3692 4415 3803 4454 non

2199 4486 2382 4543 quer
2426 4475 2759 4547 arreptitium
2784 4518 2801 4545 ,
2835 4494 2941 4549 non
2984 4497 3166 4551 quacro
3193 4484 3539 4553 divinationes
3566 4493 3804 4549 sacrile-

2199 4582 2313 4638 gas,
2346 4583 2453 4624 non
2492 4586 2556 4626 eo
2600 4571 2668 4625 ad
2702 4572 2969 4630 adoranda
3012 4577 3294 4647 daemonia,
3326 4597 3433 4637 non
3459 4584 3635 4639 servio
3664 4587 3791 4658 lapi.

2202 4660 2355 4716 dibus
2390 4664 2525 4720 :sed
2574 4674 2748 4721 tamen
2790 4666 2845 4721 in
2892 4677 3040 4737 parte
3082 4671 3269 4727 Donati
3315 4689 3455 4729 sum.
3500 4676 3638 4744 Quid
3699 4681 3803 4738 tibi

2200 4754 2418 4825 prodest
2440 4771 2542 4813 non
2571 4757 2806 4815 offensus
2827 4760 3001 4827 Pater,
3021 4764 3107 4833 qui
3128 4764 3385 4820 oti‘ensam
3408 4768 3645 4824 vindicat
3676 4787 3800 4827 ma-

2205 4850 2380 4905 trem?
2401 4851 2528 4921 quid
2560 4851 2774 4922 prodest
2799 4853 2841 4907 si
2872 4854 3147 4911 Dominum
3179 4860 3449 4917 conﬁteris
3469 4905 3482 4927 ,
3509 4863 3673 4918 Deum
3698 4864 3802 4921 lio.

2203 4958 2393 5007 noras,
2420 4944 2592 5011 ipsum
2620 4945 2874 5014 prtedicas
2899 4988 2912 5010 ,
2945 4947 3133 5003 Filium
3160 4950 3275 5020 ejus
3298 4955 3540 5022 agnoscis
3561 4998 3574 5017 ,
3600 4958 3800 5012 seden-

2203 5043 2309 5089 tem
2336 5034 2403 5090 ad
2430 5035 2600 5091 Patris
2623 5036 2893 5093 dexteram
2919 5041 3193 5097 conﬁteris
3216 5060 3229 5107 ;
3254 5053 3309 5098 et
3328 5045 3666 5115 blasphemas
3694 5050 3800 5103 Ec-

2202 5127 2417 5184 clesiam
2451 5129 2605 5199 ejus?
2642 5129 2754 5185 Non
2780 5140 2829 5187 te
2854 5132 3128 5203 corrigunt
3151 5138 3395 5207 exempla
3424 5138 3639 5197 humani
3666 5156 3801 5198 con-

2194 5222 2370 5295 jugii?
2413 5224 2471 5280 Si
2512 5226 2738 5299 haberes
2783 5227 3013 5300 aliquem
3061 5239 3379 5301 patronum,
3430 5235 3529 5289 cui-
3556 5237 3799 5306 quotidie

2202 5320 2575 5391 obsequcrcris
2611 5366 2626 5391 ,
2682 5323 2833 5395 cujus
2881 5325 3061 5380 limina
3110 5329 3391 5384 serviendo
3436 5340 3743 5387 coiitoreres
3775 5376 3791 5400 ,

2267 5458 2299 5530 i‘
2318 5458 2388 5507 sic
2412 5461 2604 5530 optima:
2627 5466 2753 5530 natm
2777 5468 2881 5511 Mss.
2918 5461 3021 5519 Alii,
3043 5476 3130 5530 nec
3152 5464 3459 5530 pependimus
3480 5466 3679 5530 gratias,
3703 5469 3791 5519 sed

2201 5526 2382 5592 tantum
2407 5521 2561 5592 verbis
2582 5522 2799 5583 agimus,
2834 5530 2931 5592 etc.
2960 5532 3015 5592 At
3047 5526 3195 5575 editio
3209 5521 3349 5583 'Lov.,
3372 5521 3793 5592 uec‘i‘epeudimus

2197 5584 2451 5661 gratique:
2472 5585 2515 5661 si
2536 5585 2901 5661 maturaret-pits.
2919 5587 3137 5661 (ignitus;
3163 5597 3215 5640 et
3249 5603 3360 5657 [uox
3392 5584 3623 5651 loco.'re
3658 5600 3813 5659 (dub,

2198 5645 2321 5705 δηηε»
2343 5645 2624 5698 habetcum
2647 5654 2739 5707 Er.,
2765 5645 3087 5707 retribuimus.
3114 5645 3129 5655 "
3292 5645 3299 5649 ‘
3322 5650 3325 5657 ‘
3501 5645 3525 5667 ἠ

2262 5710 2302 5819 tn
2317 5709 2566 5819 Parttﬁlula,
2588 5724 2699 5769 non,
2716 5712 2892 5763 deerat
2911 5706 3119 5774 int-11d,
3144 5727 3238 5765 nec
3270 5723 3467 5779 reperta
3491 5716 3571 5768 hic
3594 5726 3673 5770 est
3694 5717 3801 5771 nisi»

2308 5785 2419 5819 8210
2481 5787 2522 5819 S.

2197 5772 2245 5820 in
2272 5775 2419 5833 Regio
2440 5779 2522 5822 Ms.

2232 5833 2664 5949 hzsggddégzeténon
2688 5836 2946 5890 credendo.
2974 5840 3218 5903 Particula,
3250 5855 3362 5905 non,
3393 5844 3811 5913 maestamag,

2201 5909 2373 5946 BDQSSQ
2398 5909 2565 5949 acuet.
