4132 6446
325 352 455 412 HM

321 488 478 547 quem
519 466 758 542 quotidie
774 507 791 535 ,
825 481 933 523 non
960 465 1084 522 dico
1110 464 1396 532 salutares,
1421 462 1518 518 sed
1543 471 1600 518 et
1624 461 1880 516 adorares
1904 501 1918 525 ,

319 567 406 622 cui
450 563 794 635 impenderes
828 560 1002 617 ﬁdelia
1035 559 1329 628 obsequia;
1355 558 1403 613 si
1432 573 1597 613 unum
1623 557 1828 612 crimen
1857 557 1926 612 de

319 662 437 731 ejus
463 659 694 730 conjuge
716 657 926 713 diceres
949 698 965 723 ,
994 653 1252 726 numquid
1271 653 1492 708 domum
1513 652 1633 722 ejus
1655 652 1883 706 intrares
1900 651 1926 705 ἲ

321 757 526 812 Tcnete
569 768 737 824 ergo,
783 749 1117 818 cbarissimi,
1164 757 1344 804 tenete
1387 760 1577 803 omnes
1604 745 1928 801 unanimiter

322 850 491 905 Deum
534 855 738 919 patrem
764 889 780 913 ,
823 854 877 902 et
916 853 1138 900 matrem
1179 842 1496 899 Ecclesium.
1528 839 1774 896 Natalitia
1801 837 1928 893 san:

318 953 535 996 clarum
559 955 682 996 cum
707 937 1001 994 sobrietate
1030 935 1298 993 celebrato
1320 976 1334 1000 ,
1357 943 1416 990 ut
1435 933 1707 990 imitemur
1726 943 1821 988 eos
1837 932 1926 1002 qui

317 1041 718 1108 prrecesserunt
757 1041 812 1088 et
849 1030 1115 1103 gaudeant
1141 1030 1210 1086 de
1232 1027 1385 1084 vobis
1411 1027 1503 1098 qui
1531 1034 1686 1082 orant
1714 1039 1813 1094 pro
1836 1037 1930 1078 vo-

319 1128 402 1182 bis
426 1145 442 1192 ;
489 1135 552 1181 ut
578 1126 597 1158 ²
634 1124 914 1182 benedictio
946 1121 1154 1176 Domini
1179 1122 1233 1176 in
1258 1131 1504 1176 internum
1528 1125 1744 1173 maneat
1769 1130 1931 1187 super

319 1236 416 1278 vos
445 1239 461 1276 :
491 1221 614 1290 fiat,
643 1220 755 1291 ﬁat.

640 1446 725 1509 IN
765 1443 1152 1518 PSALMUM
1200 1438 1543 1504 LXXXIX

923 1584 1344 1644 ENARRATIO.

399 1711 453 1766 l.
479 1707 635 1783 [rers.
668 1704 746 1781 1.]
773 1705 949 1762 Oratio
977 1703 1146 1776 Moysi
1177 1703 1395 1759 hominis
1418 1699 1546 1773 Dei,
1575 1697 1815 1774 psalmus
1835 1701 1936 1757 iste

322 1813 661 1878 praenotatur
703 1822 716 1857 :
762 1817 859 1873 per
899 1816 1061 1873 quem
1087 1797 1358 1854 hominem
1389 1807 1543 1853 suum
1575 1795 1715 1853 Deus
1739 1795 1935 1867 Legem

322 1898 472 1954 dedit
506 1896 702 1966 populo
731 1909 830 1948 suo
854 1936 869 1959 ,
901 1907 1058 1964 quem
1091 1906 1187 1961 per
1209 1887 1458 1946 eamdem
1485 1888 1756 1944 hominem
1780 1903 1934 1943 suum

322 1989 395 2046 de
434 1989 601 2044 domo
639 1986 916 2042 servitutis
953 1984 1216 2049 liberans,
1258 1981 1606 2053 quadraginta
1648 1994 1816 2035 annos
1842 1994 1938 2049 per

323 2096 572 2138 ercnmm
603 2079 774 2135 duxit.
808 2076 929 2132 Fuit
957 2090 1084 2147 ergo
1106 2075 1316 2148 Moyses
1344 2075 1584 2128 minister
1609 2070 1940 2128 Testamenti

320 2174 546 2230 Veteris
568 2215 584 2241 ,
614 2181 668 2227 et
695 2169 954 2242 pmpheta
984 2166 1312 2224 Testamenti
1341 2165 1494 2222 Novi.
1532 2165 1716 2220 Omnia
1744 2165 1940 2238 quippe

321 2267 422 2323 illa
449 2269 504 2322 in
535 2267 702 2337 ﬁgura
729 2263 1082 2338 contingebant
1105 2264 1158 2318 in
1187 2263 1321 2330 illis,
1355 2266 1492 2318 sicut
1511 2263 1584 2317 ait
1607 2261 1895 2332 Apostolus
1923 2282 1937 2318 :

323 2365 526 2433 scn'pta
570 2370 688 2416 sunt
731 2370 899 2414 autem
943 2339 1010 2413 ad
1052 2358 1420 2427 correptionem
1447 2364 1707 2424 nostram,
1738 2357 1792 2410 in
1816 2373 1940 2428 quos

322 2458 450 2530 finis
482 2454 784 2510 saeculorum
813 2452 1005 2506 obvenit
1033 2450 1076 2524 (l
1103 2449 1222 2505 Cor.
1249 2467 1283 2506 κ
1301 2492 1315 2515 ,
1340 2450 1450 2520 li).
1474 2448 1776 2505 Secundum
1801 2447 1942 2505 hanc

323 2567 462 2624 ergo
503 2548 957 2622 dispensationem
997 2562 1118 2617 qua:
1161 2545 1301 2601 facta
1339 2553 1422 2600 est
1448 2560 1544 2615 per
1571 2544 1824 2617 Moysen,
1855 2543 1941 2598 in-

325 2642 643 2716 spiciendus
668 2651 750 2698 est
773 2639 874 2695 iste
902 2639 1136 2711 psalmus
1153 2678 1166 2705 ,
1198 2637 1291 2710 qui
1316 2652 1384 2692 ex
1409 2635 1524 2707 ejus
1549 2637 1791 2694 oratione
1812 2638 1940 2693 titu—

323 2736 445 2792 lum
477 2735 703 2804 accepit.

404 2829 460 2884 2.
510 2827 726 2882 Domine
749 2869 765 2896 ,
810 2826 1011 2896 inquit,
1052 2824 1305 2897 refugium
1337 2825 1500 2895 {actus
1529 2841 1581 2880 es
1605 2823 1746 2880 nobis
1776 2824 1828 2880 in
1856 2842 1945 2898 ge-

324 2924 600 2980 neratione
639 2930 686 2976 et
726 2919 1049 2998 generatione
1091 2935 1109 2974 :
1151 2919 1264 2974 sive
1301 2918 1355 2973 in
1390 2918 1537 2974 omni
1566 2921 1939 2992 generatione,

324 3019 452 3075 sive
485 3017 538 3072 in
569 3014 776 3071 duabus
800 3013 1236 3085 generationibus
1260 3055 1275 3078 ,
1301 3022 1485 3069 vetere
1511 3021 1566 3072 et
1590 3030 1724 3070 nova
1749 3031 1764 3081 ;
1795 3016 1940 3087 quia,

327 3111 476 3167 sicut
499 3107 610 3164 dixi
630 3151 645 3175 ,
678 3107 920 3162 minister
947 3107 1042 3162 fuit
1065 3106 1155 3163 ille
1179 3106 1511 3163 Testamenti
1540 3109 1855 3180 pertinentis
1875 3111 1943 3166 ad

327 3200 739 3274 generationem
753 3207 1066 3264 veterem,et
1076 3195 1671 3271 Propheta'l‘estamenti
1685 3202 1947 3274 pertinen-

332 3294 410 3350 tis
431 3291 498 3348 ad
524 3291 917 3364 generationem
949 3291 1678 3364 novam.CujusTestamenti
1695 3311 1942 3367 sponsor,

331 3402 678 3460 sponsusque
705 3385 934 3464 conjugii
963 3385 1106 3460 quod
1133 3386 1202 3443 de
1230 3387 1322 3442 illa
1346 3390 1694 3461 generatione
1723 3393 1946 3448 sortitus

333 3492 426 3538 est
444 3522 460 3545 ,
501 3480 576 3535 ait
609 3480 726 3550 ipse
753 3478 908 3534 Jesus
937 3497 950 3532 :
982 3479 1045 3535 Si
1072 3477 1341 3543 crederetis
1367 3473 1542 3561 Moysi
1561 3525 1575 3549 ,
1605 3484 1872 3541 crederetis
1895 3493 1948 3540 et

337 3575 469 3652 mihi
491 3590 513 3639 ;
540 3574 605 3652 de
624 3591 703 3627 me
728 3574 858 3626 enim
888 3574 974 3632 ille
994 3581 1196 3652 Scripsit
1222 3579 1399 3652 (Joan.
1427 3597 1459 3636 v
1475 3624 1490 3648 ,
1519 3581 1635 3649 46).
1659 3575 1779 3639 Non
1804 3578 1947 3633 enim

329 3649 662 3706 credendum
691 3657 772 3704 est
795 3659 865 3703 ab
893 3663 1010 3720 lpSO
1036 3649 1256 3705 omnino
1280 3649 1462 3722 Moyse
1484 3651 1643 3706 istum
1671 3651 1932 3722 psalmum

331 3741 505 3797 fuisse
541 3740 932 3811 conscriptum,
977 3742 1064 3812 qui
1097 3741 1215 3796 ullis
1241 3744 1356 3812 ejus
1386 3743 1577 3798 litteris
1605 3743 1802 3800 inditus
1830 3759 1935 3800 non

329 3843 458 3901 est,
485 3834 540 3888 in
569 3833 760 3905 quibus
788 3834 904 3905 ejus
929 3835 1133 3890 cantica
1163 3834 1360 3906 scripta
1391 3845 1516 3892 sunt
1548 3855 1560 3890 :
1592 3837 1684 3892 sed
1713 3837 1936 3907 alicujus

333 3925 742 3997 significationis
777 3927 944 3998 gratia
991 3936 1095 3982 tam
1136 3928 1312 3999 magni
1341 3928 1516 3983 meriti
1546 3931 1684 3986 servi
1712 3930 1804 3985 Dei
1836 3945 1936 3986 no-

338 4035 470 4076 men
513 4020 811 4076 adhibitum
850 4029 966 4084 est,
1011 4035 1077 4075 ex
1121 4036 1227 4092 quo
1256 4021 1573 4093 dirigeretur
1599 4024 1822 4094 legentis
1853 4025 1937 4080 vel

338 4111 608 4167 audientis
649 4112 892 4167 intentio.
925 4111 1116 4168 Factus
1143 4129 1195 4167 es
1221 4127 1349 4183 ergo
1377 4111 1518 4170 nobis
1542 4155 1558 4181 ,
1587 4116 1792 4187 inquit,
1830 4115 1938 4171 Do-

336 4205 503 4272 mine,
530 4205 782 4276 refugium
803 4205 853 4259 in
872 4205 1194 4276 generatione
1216 4215 1263 4260 et
1289 4209 1624 4277 generatione.

418 4299 471 4354 5.
499 4296 652 4371 10ers.
683 4295 764 4371 2.]
790 4297 955 4366 Quale
981 4308 1159 4354 autem
1186 4298 1446 4371 refugium
1478 4300 1645 4357 factus
1670 4303 1738 4358 sit
1762 4346 1774 4368 ,
1808 4317 1941 4374 quo-

337 4392 488 4447 niam
526 4390 730 4446 scilicet
767 4379 921 4447 nobis
960 4391 1122 4462 cmpit
1148 4403 1268 4448 esse
1295 4391 1434 4464 quod
1467 4410 1570 4450 non
1603 4405 1745 4462 erat,
1779 4395 1832 4451 id
1861 4404 1943 4453 est

338 4483 607 4555 refugium
628 4526 644 4551 ,
686 4497 792 4539 non
834 4493 1010 4540 autem
1048 4485 1162 4556 ipse
1196 4498 1302 4542 non
1332 4495 1449 4551 erat
1476 4499 1757 4562 antequam
1791 4491 1942 4548 nobis

339 4585 488 4632 esset
526 4574 788 4647 refugium
810 4619 825 4644 ,
857 4588 1071 4634 secutus
1098 4578 1340 4649 adjunxit
1372 4599 1384 4635 :
1417 4579 1723 4654 Priusquam
1750 4595 1943 4641 montes

341 4669 524 4737 fierent
542 4710 558 4734 ,
587 4677 634 4722 et
683 4670 986 4742 {armaretur
1012 4680 1150 4725 terra
1176 4681 1221 4726 et
1247 4673 1381 4726 orbis
1411 4683 1586 4739 terrae,
1638 4685 1685 4729 et
1725 4694 1756 4730 a
1781 4692 1942 4731 saecu-

342 4759 396 4813 la
431 4759 451 4790 ¹
489 4775 645 4831 usque
669 4761 722 4814 in
749 4762 992 4816 naculum
1052 4771 1105 4818 tu
1141 4780 1211 4818 es.
1266 4764 1346 4820 Tu
1403 4781 1530 4837 ergo
1584 4769 1672 4838 qui
1732 4783 1945 4840 semper

343 4866 440 4919 cs,
491 4861 546 4908 et
628 4863 911 4924 antequam
977 4870 1254 4925 essemus,
1318 4866 1374 4914 et
1440 4871 1721 4932 antequam
1790 4879 1945 4919 mun-

343 4944 450 5000 dus
504 4955 666 5013 esset,
709 4946 969 5019 refugium
1024 4965 1090 5005 ex
1133 4967 1238 5023 quo
1283 4951 1350 5007 ad
1397 4962 1447 5008 te
1489 4957 1731 5012 conversi
1759 4973 1944 5015 sumus

347 5038 519 5096 factus
566 5055 627 5096 es
681 5041 1147 5099 nobis.Nonmibi
1189 5053 1365 5102 autem
1403 5046 1614 5104 videtur
1660 5060 1945 5122 utcumque

349 5131 753 5204 intelligendum
815 5135 959 5205 quod
996 5138 1105 5204 ait,
1137 5134 1447 5210 Priusquam
1494 5151 1686 5196 montes
1734 5143 1942 5212 fierent,

351 5235 399 5281 et
446 5229 752 5298 {armaretur
797 5234 931 5282 terra
952 5245 974 5296 ;
1009 5229 1130 5298 vel,
1172 5231 1310 5287 sicut
1346 5233 1433 5288 alii
1471 5235 1683 5292 codices
1711 5234 1943 5308 habent,

353 5319 510 5391 quod,
536 5320 604 5376 de
640 5333 748 5375 uno
781 5319 948 5376 verbo
974 5336 1152 5394 grch
1189 5337 1500 5396 expressum
1530 5336 1642 5396 est,
1677 5330 1948 5403 ﬁngeretur

355 5425 505 5474 terra.
547 5414 754 5473 Montes
791 5415 984 5488 quippe
1021 5425 1200 5488 partes
1242 5427 1402 5476 terra;
1443 5431 1567 5477 sunt
1605 5423 1820 5481 altiores
1851 5443 1864 5480 :
1895 5433 1949 5481 et

355 5509 535 5582 utique
571 5509 618 5566 si
649 5517 932 5581 antequam
962 5507 1283 5568 formaretur
1307 5521 1446 5570 terra
1473 5515 1613 5572 Deus
1637 5527 1748 5583 est,
1783 5534 1811 5574 a
1841 5535 1949 5592 quo

359 5613 495 5661 terra
543 5604 766 5660 formata
809 5614 935 5672 est;
976 5607 1102 5677 quid
1146 5623 1394 5679 magnum
1443 5611 1509 5665 de
1553 5614 1820 5670 montibus
1865 5615 1948 5670 vel

357 5697 680 5771 quibuslibet
715 5698 835 5756 aliis
879 5699 997 5772 ejus
1028 5700 1270 5774 partibus
1300 5702 1532 5775 dicitur,
1563 5722 1684 5763 cum
1709 5709 1780 5765 sit
1805 5708 1948 5766 Deus

423 5816 439 5846 ³
472 5813 608 5862 COt'b.
633 5820 740 5873 Ms.,
777 5818 840 5865 et.

421 5876 441 5905 θ
478 5875 654 5936 Aliquot
679 5885 803 5937 Vss,
828 5883 873 5925 et
896 5889 927 5925 τι
944 5878 1122 5929 stactth
1141 5884 1188 5928 et
1209 5892 1374 5942 usque,
1403 5889 1494 5931 etc;

1434 341 1835 398 ENARRATIO
1877 339 1939 394 lN
1981 338 2304 400 PSALMUM
2345 345 2634 401 LXXXIX.

3494 361 3634 416 ili-2

2036 475 2141 514 non
2171 463 2342 520 solum
2372 475 2495 520 ante
2523 478 2739 535 terram,
2769 470 2862 527 sed
2889 482 2944 528 et
2971 483 3092 530 ante
3121 478 3314 534 omium
3339 490 3391 535 ct
3414 490 3634 551 ternm,

2039 561 2094 605 et
2116 563 2240 608 ante
2259 569 2474 612 omnem
2493 561 2821 630 corporalem
2843 567 3278 642 spiritualcmqtte
3300 589 3346 629 Cl
3361 581 3637 635 trituram!

2033 645 2140 702 Sed
2181 648 2430 705 nimirum
2469 654 2714 710 universa
2754 669 2995 716 creatura
3037 665 3311 721 rationalis
3350 668 3448 724 hac
3484 671 3638 729 diffe-

2036 744 2206 798 rentia
2249 744 2474 802 fortasse
2506 747 2753 806 distincta
2794 763 2909 822 est,
2950 763 3006 811 ut
3032 761 3288 815 montium
3319 764 3533 828 nomine
3561 767 3638 823 si,

2037 834 2353 905 gnifleentur
2387 838 2731 898 celsitudines
2769 844 3088 917 Angelorum
3109 893 3122 916 ,
3154 861 3208 907 ct
3238 861 3392 910 terra:
3420 859 3638 916 nomine

2039 926 2310 983 humilitas
2341 929 2636 988 hominum.
2661 934 2727 989 Et
2752 935 2872 992 ideo
2895 942 3135 1009 quamvis
3154 946 3332 1000 omnia
3350 962 3468 1018 qure
3486 965 3640 1008 crea-

2035 1027 2091 1073 ta
2134 1029 2291 1088 sunt,
2327 1037 2434 1078 non
2465 1025 2754 1097 incongrue
2781 1029 2868 1084 vel
2897 1030 3030 1087 facta
3084 1036 3164 1090 vel
3205 1036 3426 1097 formata
3455 1043 3636 1101 dican-

2038 1123 2166 1183 tur;
2208 1125 2385 1173 tamen
2425 1118 2469 1173 si
2497 1120 2778 1176 verborum
2807 1122 3029 1180 istorum
3060 1136 3141 1183 est
3168 1129 3268 1188 ulla
3302 1137 3632 1206 proprietas,

2039 1210 2164 1266 facti
2192 1219 2317 1268 sunt
2344 1214 2532 1284 Angeli
2553 1255 2569 1282 ,
2597 1213 2688 1286 qui
2715 1230 2835 1271 eum
2863 1217 2916 1272 in
2941 1217 3055 1290 ejus
3081 1221 3384 1280 coelestibus
3411 1243 3636 1287 enume-

2039 1312 2287 1357 rarentur
2323 1303 2573 1374 operibus
2592 1346 2608 1371 ,
2647 1305 2719 1361 ita
2748 1312 3078 1368 enumeratio
3107 1313 3218 1383 ipsa
3243 1319 3492 1376 conclusa
3519 1332 3636 1392 eSt,

2040 1392 2166 1464 Ipse
2193 1395 2343 1462 dixit,
2374 1405 2421 1451 et
2448 1397 2586 1469 facta
2611 1408 2729 1454 sunt
2745 1416 2766 1465 ;
2791 1405 2899 1472 ipse
2924 1405 3182 1461 mandavit
3205 1451 3218 1474 ,
3253 1420 3298 1464 et
3327 1423 3494 1468 creata
3520 1426 3640 1472 sunt

2043 1485 2215 1557 (Psal.
2247 1503 2440 1544 chvm
2462 1531 2477 1556 ,
2509 1491 2567 1560 5)
2601 1509 2613 1545 :
2646 1493 2787 1550 unde
2809 1505 2986 1551 autem
3015 1496 3173 1553 homo
3199 1505 3490 1562 secundum
3513 1522 3636 1565 cor-

2042 1595 2142 1649 pus
2186 1580 2372 1647 fieret,
2417 1591 2555 1638 lerra
2596 1583 2818 1641 formata
2864 1596 2965 1643 est.
3007 1588 3138 1646 Nam
3168 1592 3269 1648 hoc
3298 1597 3462 1653 verbo
3490 1599 3638 1656 Scri-

2042 1683 2195 1745 ptura
2224 1677 2409 1745 utitur,
2433 1677 2522 1733 ubi
2551 1679 2791 1750 legimus,
2814 1682 2925 1748 vel,
2956 1681 3132 1738 Finxit
3159 1685 3335 1756 Deus;
3361 1692 3468 1759 vel,
3497 1691 3636 1748 For-
3693 1731 3698 1764 ε

2043 1769 2196 1822 mavit
2222 1767 2361 1825 Deus
2392 1769 2667 1826 hominem.
2694 1771 2757 1826 de
2786 1771 2906 1828 limo
2937 1783 3085 1831 teme
3111 1777 3264 1848 (Gen.
3298 1797 3355 1847 ιι,
3387 1781 3463 1856 7).
3495 1784 3637 1859 Ergo

2043 1859 2350 1930 priusquam
2399 1860 2588 1918 ﬁerent
2612 1877 2673 1918 ea
2702 1880 2820 1935 quae
2850 1865 2902 1920 in
2925 1878 3170 1924 creatura
3199 1878 3288 1925 tua
3316 1887 3523 1932 summa
3554 1888 3637 1936 at-

2044 1968 2148 2024 que
2167 1969 2354 2024 magna
2378 1964 2538 2022 sunt;
2571 1957 2696 2028 quid
2729 1958 2873 2014 enim
2913 1961 3083 2029 majus
3133 1963 3380 2022 rationali
3429 1971 3635 2028 cmlesti

2045 2050 2329 2103 creatura?
2368 2058 2422 2106 et
2447 2051 2752 2123 priusquam
2779 2052 3066 2126 fingeretur
3093 2066 3231 2114 terra
3252 2103 3266 2127 ,
3296 2071 3353 2118 ut
3381 2077 3521 2121 esset
3545 2069 3636 2139 qui

2025 2149 2098 2196 'te
2128 2150 2441 2212 agnosceret
2466 2153 2521 2198 et
2544 2143 2785 2201 laudaret
2809 2147 2862 2202 in
2891 2157 3029 2203 terra
3058 2168 3072 2207 :
3103 2160 3157 2206 et
3187 2151 3290 2208 hoc
3317 2171 3502 2227 parum
3532 2170 3635 2229 est,

2046 2233 2167 2304 quia
2196 2235 2294 2290 ista
2326 2245 2623 2307 coeperunt,
2646 2238 2759 2294 sive
2805 2239 2860 2295 in
2900 2249 3163 2312 tempore,
3203 2245 3316 2303 sive
3354 2265 3477 2304 cum
3507 2261 3632 2307 tem~

2047 2345 2209 2400 pore;
2240 2329 2334 2386 sed
2363 2348 2393 2384 (ι
2418 2333 2601 2387 ,ςωειιιο
2627 2342 2676 2388 et
2713 2351 2870 2405 usque
2906 2338 2961 2392 in
2988 2339 3234 2396 saeculum
3274 2353 3326 2398 tu
3367 2363 3438 2401 es.
3483 2347 3635 2418 Quod

2046 2424 2452 2479 convenientius
2480 2425 2765 2494 diceretur,
2799 2429 2880 2485 Ah
2903 2439 3104 2489 aeterno
3131 2433 3182 2490 in
3214 2445 3472 2495 internum
3495 2460 3509 2497 :
3532 2461 3635 2501 non

2047 2523 2188 2578 enim
2210 2539 2238 2577 a
2260 2524 2459 2579 saeculo
2486 2525 2646 2591 Deus,
2680 2527 2767 2594 qui
2807 2538 2888 2582 est
2926 2540 3049 2586 ante
3079 2533 3270 2588 saecula
3295 2551 3308 2598 ;
3338 2545 3430 2590 aut
3469 2537 3638 2611 usque

2048 2617 2102 2671 in
2137 2617 2414 2686 sceculum,
2441 2618 2592 2689 cujus
2618 2628 2702 2674 est
2724 2618 2866 2689 finis,
2891 2638 3013 2677 cum
3039 2625 3107 2679 sit
3131 2625 3219 2682 ille
3242 2628 3359 2685 siue
3379 2629 3505 2688 fine.
3529 2632 3636 2690 Sed

2048 2723 2112 2765 ex
2141 2709 2388 2780 ambiguo
2432 2711 2595 2788 verbo
2633 2728 2809 2783 grteco
2835 2713 2893 2770 fit
2920 2717 3234 2791 plerumque
3261 2722 3312 2777 in
3344 2723 3636 2796 Scripturis

2047 2814 2105 2860 ut
2131 2805 2215 2860 vel
2237 2806 2487 2860 saeculum
2521 2821 2617 2878 pro
2642 2817 2844 2864 aeterno
2863 2851 2877 2874 ,
2912 2812 2996 2866 vel
3025 2822 3285 2872 aeternum
3311 2832 3410 2889 pro
3438 2823 3638 2879 saeculo

2048 2908 2210 2972 ponat
2236 2899 2435 2956 latinus
2486 2901 2770 2973 interpres.
2811 2902 3023 2976 Optime
3072 2916 3250 2964 autem
3303 2926 3409 2966 non
3451 2915 3564 2983 ait,
3593 2918 3638 2974 Α

2049 2992 2246 3050 sarculo
2288 3001 2344 3048 tu
2374 2993 2538 3059 fuisti,
2569 3005 2621 3049 et
2652 3009 2821 3064 usque
2869 2996 2922 3051 in
2973 2999 3225 3054 sarculum
3259 3010 3313 3057 tu
3359 3005 3469 3060 eris
3499 3023 3512 3060 :
3545 3009 3640 3064 sed

2050 3086 2332 3158 praesentis
2381 3084 2783 3156 significationis
2834 3087 3056 3144 verbum
3104 3093 3312 3162 posuit,
3364 3096 3640 3155 insinuans

2051 3180 2143 3236 Dei
2189 3180 2538 3234 substantiam
2587 3183 2731 3235 omni
2783 3181 2944 3236 modo
2994 3183 3516 3258 incommutabilem,
3551 3193 3640 3250 ubi

2051 3286 2157 3327 non
2178 3281 2280 3338 est,
2314 3270 2455 3338 Fuit,
2488 3279 2542 3326 et
2571 3271 2716 3338 Erit;
2749 3271 2842 3326 sed
2869 3281 3094 3341 tantum,
3125 3275 3237 3332 Est.
3262 3277 3416 3336 Unde
3437 3281 3640 3342 dictum

2050 3375 2134 3423 est
2163 3384 2177 3434 ;
2218 3366 2327 3438 Ego
2351 3381 2462 3420 sum
2484 3367 2570 3438 qui
2617 3382 2728 3420 sum
2741 3381 2762 3430 ;
2788 3376 2862 3433 et,
2893 3366 2992 3434 Qui
3021 3377 3113 3434 est,
3137 3369 3270 3425 misit
3318 3390 3396 3428 me
3439 3375 3508 3428 ad
3555 3393 3640 3432 vos

2051 3458 2246 3530 (Exod.
2273 3473 2349 3523 ut,
2371 3456 2496 3529 14);
2525 3467 2596 3526 et,
2628 3456 2850 3513 Mutabis
2876 3475 2954 3523 ea,
2982 3469 3028 3515 et
3056 3463 3378 3520 mutabuntur
3400 3483 3418 3531 ,'
3447 3476 3501 3521 tu
3541 3485 3642 3524 (ως

2051 3563 2149 3610 tem
2175 3552 2308 3608 idem
2334 3553 2443 3623 ipse
2461 3568 2532 3618 es,
2555 3560 2601 3607 et
2627 3552 2750 3605 anni
2772 3552 2845 3606 tui
2871 3568 2970 3608 non
2998 3552 3229 3621 deﬁcient
3252 3556 3420 3626 (Pref.
3448 3575 3516 3625 Ct,
3548 3561 3639 3628 27,

2039 3643 2086 3686 et
2109 3643 2226 3704 κδ).
2259 3643 2397 3686 hcce
2420 3644 2539 3702 quae
2573 3637 2844 3683 aeternitas
2896 3635 3031 3683 facta
3057 3639 3138 3684 est
3163 3641 3316 3684 nouis
3345 3634 3634 3703 refugium,

2041 3731 2099 3779 ut
2124 3723 2177 3780 in
2199 3739 2260 3779 ea
2287 3723 2545 3791 mzmsuri,
2572 3721 2639 3777 ad
2669 3737 2786 3782 eam
2827 3720 2892 3805 de
2919 3721 3020 3778 hac
3070 3725 3324 3796 temporis
3365 3729 3636 3785 mutabili-

2043 3825 2149 3870 tate
2178 3813 2458 3885 fugiamus.

2113 3909 2164 3964 εί.
2199 3889 2347 3982 [uera
2382 3905 2460 3980 5.]
2489 3905 2593 3962 Sed
2615 3906 2866 3978 quoniam
2919 3921 3038 3961 cum
3072 3905 3157 3962 hic
3203 3923 3407 3978 sumus,
3435 3911 3489 3966 in
3520 3929 3636 3968 ma-

2041 4001 2157 4074 gnis
2174 4011 2227 4057 et
2255 4001 2437 4057 multis
2463 3999 2846 4055 tentationibus
2871 3999 3117 4067 vivimus,
3150 4003 3342 4072 quibus
3367 4019 3434 4058 ne
3477 4020 3635 4062 aver-

2043 4104 2219 4150 tamur
2271 4093 2340 4148 ab
2389 4095 2492 4147 isto
2536 4092 2740 4163 refugio
2771 4093 3118 4148 metuendum
3171 4103 3292 4162 est;
3335 4096 3636 4155 intueamur

2043 4187 2169 4259 quid
2225 4195 2614 4259 consequenter
2661 4186 2835 4241 oratio
2883 4196 3072 4260 poscat
3120 4187 3351 4243 hominis
3395 4190 3509 4245 Dei.
3555 4191 3637 4247 Ne

2043 4289 2241 4336 avertas
2268 4279 2518 4335 hominem
2536 4279 2590 4332 in
2615 4279 2950 4332 humilitatem
2976 4296 2994 4332 :
3017 4278 3067 4332 id
3091 4288 3191 4347 est,
3214 4296 3280 4334 ne
3305 4297 3332 4333 a
3357 4282 3459 4336 tuis
3476 4292 3637 4339 teter-

2045 4375 2128 4430 nis
2153 4382 2312 4444 atque
2331 4371 2647 4429 sublimibus
2685 4371 2848 4426 homo
2891 4388 3131 4439 aversus,
3163 4377 3473 4446 temporalia
3503 4393 3637 4435 con-

2045 4467 2304 4538 cupiscat,
2333 4466 2608 4536 sapiatque
2632 4472 2864 4526 terrena.
2908 4463 2974 4519 Et
3000 4464 3101 4519 hoc
3120 4481 3149 4520 a
3180 4465 3288 4522 Deo
3317 4469 3449 4538 petit
3494 4472 3638 4542 quod

2048 4561 2189 4618 Deus
2210 4560 2325 4632 ipse
2348 4559 2640 4630 praecepit;
2669 4558 2826 4614 simili
2869 4559 3087 4614 omnino
3139 4563 3401 4617 sententia
3430 4580 3530 4636 qua
3584 4567 3636 4622 in

2047 4656 2290 4712 oratione
2313 4653 2556 4718 dicimus,
2577 4650 2660 4708 Ne
2680 4669 2770 4707 nos
2791 4653 2980 4725 inferas
3006 4654 3059 4708 in
3083 4655 3406 4710 tentationem
3424 4657 3638 4729 (Matt/1.

2051 4765 2125 4816 γι,
2160 4748 2272 4819 15).
2307 4747 2548 4819 Denique
2577 4757 2632 4804 et
2659 4746 2747 4810 hic
2776 4747 3016 4820 adjungit
3045 4767 3057 4803 :
3086 4747 3154 4802 Et
3189 4745 3404 4818 dixisti,’
3425 4752 3640 4808 Conver.

2046 4843 2231 4909 timini,
2262 4842 2358 4912 ﬁlii
2379 4842 2661 4896 hominum.
2687 4842 2958 4914 Tanquam
2986 4843 3204 4909 diceret,
3241 4844 3353 4899 Hoc
3383 4861 3412 4899 a
3439 4855 3491 4902 te
3517 4857 3642 4917 peto

2049 4939 2192 5011 quod
2219 4939 2334 5011 ipse
2370 4939 2576 5009 jussisti
2607 4938 2777 4996 :daus
2805 4941 2922 5010 ejus
2963 4939 3153 5014 gratiae
3177 4939 3426 5008 gloriam,
3457 4951 3513 4996 ut
3550 4945 3643 5014 qui

2050 5033 2324 5104 gloriatur,
2377 5034 2432 5090 in
2481 5032 2706 5092 Domino
2748 5033 3009 5103 glorietur
3057 5030 3100 5103 (ι
3135 5029 3251 5085 Cor.
3280 5048 3320 5099 ι,
3347 5032 3475 5102 5t);
3524 5036 3644 5094 siue

3249 5217 3292 5240 γ,
3330 5237 3405 5240 Ah,
3444 5233 3454 5240 ,
3564 5225 3576 5236 ι

2051 5218 3649 5366 1medn-

2051 5313 2197 5384 quit,
2271 5313 2507 5370 tominem
2548 5311 2601 5364 in
2653 5311 2983 5390 humilitatem
3012 5321 3107 5368 :et
3153 5320 3332 5370 tamen
3361 5324 3416 5371 tu
3440 5317 3642 5388 dixisti,

2053 5405 2427 5472 Convertimini,
2459 5404 2555 5475 ﬁlii
2573 5404 2851 5462 hominum.
2875 5404 2978 5462 Sed
3006 5405 3070 5460 da
3101 5407 3241 5478 quod
3265 5410 3491 5478 jussisti,
3519 5427 3645 5482 pre-

2053 5517 2168 5558 cem
2215 5497 2446 5572 pctentis
2493 5497 2845 5582 exaudiendo,
2875 5507 2930 5555 et
2971 5499 3272 5571 adiuvando
3300 5501 3528 5561 volentis
3577 5505 3645 5559 Ιί-

2049 5597 2197 5654 dem.

2123 5690 2177 5745 5.
2209 5687 2357 5763 [vers.
2387 5685 2468 5764 1.]
2493 5688 2744 5757 Quoniam
2789 5689 2927 5745 mille
2969 5691 3094 5745 anni
3138 5699 3254 5747 ante
3298 5691 3470 5774 oculos
3500 5702 3644 5762 tuos,

2054 5790 2296 5852 tanquam
2322 5781 2429 5839 dies
2455 5783 2703 5850 hesterna,
2736 5799 2852 5853 qua
2870 5785 3136 5856 materia.
3159 5777 3560 5844 ldeodebemus
3577 5788 3646 5847 ad

2058 5877 2320 5949 refugium
2353 5887 2498 5935 tuum
2526 5919 2538 5945 ,
2573 5878 2660 5934 ubi
2693 5879 2806 5936 sine
2857 5881 2959 5934 ulla
3010 5880 3359 5938 mutabilitate
3393 5892 3444 5940 tu
3470 5898 3548 5954 cs,
3576 5883 3646 5940 ab
