4132 6480
481 341 621 402 ms
1716 327 1776 386 s.
1817 319 2185 383 sucusrnu
2233 318 2538 376 EPISCOPI
3664 327 3808 382 nu

483 461 566 516 liis
593 455 1030 531 praetereuntibus
1068 449 1472 518 labentibusque
1509 444 1782 510 converti;
1819 440 2070 512 quoniam

485 551 871 624 quantumlibet
906 550 1024 602 huic
1052 547 1172 601 vita:
1202 545 1414 614 longum
1436 549 1648 610 tempus
1676 547 1908 610 optetur,
1939 534 2078 588 mille

484 646 606 699 anni
646 653 762 697 ante
797 640 967 695 oculos
990 647 1120 701 tuos,
1153 645 1390 704 tanquam
1433 633 1539 686 dies
1588 632 1844 685 hesternas
1870 637 1960 692 est,
1991 626 2077 695 qui

489 735 761 808 praleriit;
802 747 907 786 non
959 729 1144 784 saltem
1193 736 1443 796 tanquam
1495 723 1608 778 dies
1660 720 1941 781 crastinus,
1987 715 2078 787 qui

446 872 448 875 .
485 807 745 882 venturus
765 832 845 876 est
878 839 891 874 :
925 820 996 874 ita
1023 816 1199 872 omnia
1237 831 1358 886 qua:
1399 815 1652 884 temporis
1696 811 1801 866 ﬁne
1826 807 2055 864 claudun

486 928 595 981 tnr,
631 929 727 984 pro
764 910 1045 966 transactis
1094 907 1338 963 habenda
1385 915 1527 960 sunt.
1573 903 1726 960 Unde
1767 913 1814 956 et
1866 915 1928 956 ea
1983 897 2082 953 sibi

496 1004 736 1076 Apostoli
768 1001 1058 1074 postposuit
1107 998 1361 1061 intentio,
1385 1013 1503 1068 quae
1551 1006 1694 1051 retro
1733 1003 1857 1049 sunt
1899 990 2085 1048 oblivi-

493 1097 708 1162 sccntis,
735 1096 821 1149 ubi
857 1092 1164 1164 temporalia
1195 1102 1382 1146 cuncta
1427 1099 1634 1160 oportet
1663 1087 1918 1157 intelligi;
1949 1093 2003 1140 et
2032 1084 2084 1138 in

492 1208 554 1246 ea
586 1207 704 1260 qure
734 1200 854 1244 ante
883 1198 1006 1242 sunt
1027 1187 1225 1242 extenti
1254 1184 1511 1254 (Philipp.
1540 1198 1618 1246 Ill,
1649 1181 1756 1251 l3),
1788 1196 1905 1250 qure
1926 1194 2088 1247 appe-

496 1283 611 1338 titio
639 1291 721 1337 est
746 1291 1084 1336 aeternorum.
1109 1277 1186 1333 Ne
1229 1283 1479 1347 putarent
1521 1283 1696 1328 autem
1743 1272 1901 1341 aliqui
1945 1269 2090 1324 mille

494 1391 668 1430 annos
709 1376 785 1429 sic
814 1371 1107 1441 computari
1151 1370 1290 1440 apud
1333 1370 1494 1424 Deum
1552 1381 1647 1438 pro
1677 1357 1782 1420 uno
1803 1364 1913 1432 die,
1939 1363 2090 1433 quasi

501 1478 608 1522 tam
641 1467 825 1536 longos
853 1465 965 1518 dies
985 1463 1122 1517 Deus
1150 1461 1359 1526 habeat,
1375 1475 1494 1514 cum
1518 1458 1617 1512 hoc
1646 1457 1710 1511 ad
1739 1465 2089 1510 contemnen-

500 1557 622 1612 dam
679 1556 931 1624 temporis
980 1552 1362 1624 longitudinem
1409 1551 1606 1604 dictum
1660 1548 1914 1603 sitzideo
1941 1546 2093 1601 addi-

507 1649 606 1714 dit,
643 1647 857 1701 ICtsicnt
908 1645 1076 1714 vigilia
1125 1645 1178 1697 in
1228 1653 1406 1705 nocte;
1435 1657 1553 1696 cum
1600 1641 1830 1712 vigilize‘
1863 1638 2091 1710 spatium

507 1756 612 1795 non
632 1739 818 1792 haheat
841 1737 1063 1806 amplius
1081 1751 1235 1806 quam
1254 1745 1360 1789 tres
1379 1733 1554 1788 horas.
1574 1734 1637 1787 Et
1651 1743 1822 1786 tamen
1843 1732 1954 1785 ausi
1972 1739 2096 1785 sunt

505 1833 747 1886 homines
781 1843 1103 1899 przesumerc
1128 1827 1402 1882 scientiam
1434 1834 1765 1896 temporum;
1795 1823 1934 1893 quod
1960 1823 2096 1877 scire

504 1921 843 1992 cupienlilms
868 1919 1144 1987 discipulis
1191 1918 1448 1992 Dominus
1489 1917 1581 1980 ait,
1609 1913 1732 1970 Non
1773 1924 1842 1968 est
1880 1923 2097 1968 oestrum

505 2018 633 2070 scire
660 2024 904 2082 tempora,
930 2027 1042 2082 qua:
1075 2008 1227 2064 Pater
1249 2009 1413 2079 posuit
1438 2010 1490 2062 iu
1518 2026 1609 2062 sua
1633 2007 2026 2080 potestate(Act.
2058 2021 2094 2071 t,

506 2103 1011 2177 7):etdelinierunt
1057 2100 1159 2156 hoc
1190 2101 1442 2156 sarculum
1491 2115 1581 2154 sex
1635 2113 1894 2153 annorum
1937 2095 2099 2151 milli-

509 2198 628 2263 bus,
663 2204 910 2266 tanquam
960 2209 1050 2248 sex
1083 2192 1271 2247 diebus
1321 2205 1475 2261 posse
1517 2190 1673 2245 ﬁniri.
1709 2190 1815 2246 Nec
1859 2187 2102 2244 attende.

505 2301 633 2347 runt
660 2289 800 2361 quod
831 2288 1027 2343 dictum
1068 2294 1169 2352 est,
1218 2294 1454 2355 tanquam
1485 2283 1588 2337 dies
1612 2300 1765 2350 unus,
1788 2284 1872 2354 qui
1894 2291 2098 2349 printer-

507 2384 567 2437 iit
597 2397 740 2436 :non
787 2380 926 2435 enim
953 2422 967 2443 ,
1019 2377 1231 2450 quando
1277 2376 1476 2431 dictum
1527 2384 1630 2440 cst,
1658 2374 1758 2430 soli
1802 2374 1944 2429 mille
1975 2373 2100 2427 anni

506 2475 896 2546 praeterieram.
929 2470 993 2524 Et
1014 2471 1034 2502 ³
1064 2485 1159 2525 eos
1188 2468 1419 2523 tnaxitne
1469 2467 1652 2521 debuit
1693 2465 2003 2529 admonere,
2034 2480 2103 2518 ne

513 2578 814 2638 temporum
843 2563 1150 2618 luderentur
1170 2561 1191 2593 ³
1217 2561 1438 2627 incerto,
1471 2559 1611 2631 quod
1660 2569 1760 2625 est,
1789 2560 1912 2612 sicut
1933 2557 2104 2628 vigilia

508 2661 563 2712 in
589 2669 729 2713 nocte
762 2674 779 2711 :
811 2672 980 2726 neque
1031 2655 1206 2722 enim,
1241 2654 1378 2709 sicut
1427 2653 1495 2708 de
1537 2668 1626 2708 sex
1675 2652 1862 2707 diebus
1904 2651 2104 2723 aliquid

514 2750 805 2805 verisimile
833 2748 1077 2802 videntur
1103 2745 1326 2815 Opinati,
1357 2754 1573 2815 propter
1610 2757 1701 2798 sex
1742 2745 1856 2800 dics
1905 2743 2106 2814 primos

512 2843 706 2910 quibus
733 2843 876 2896 Deus
921 2838 1139 2908 perfecit
1165 2851 1326 2905 opera
1367 2851 1494 2901 sua;
1541 2836 1618 2891 sic
1663 2837 1821 2890 etiam
1852 2852 1944 2890 sex
1973 2835 2105 2903 vigi-

514 2936 648 2994 lias;
703 2933 751 2987 id
797 2941 878 2986 0st
929 2931 1086 2985 horas
1115 2929 1302 2984 decem
1333 2935 1554 2995 etocto,
1586 2936 1811 2998 possunt
1862 2927 1937 2980 illi
1987 2927 2104 2997 opi-

518 3027 718 3081 nationi
749 3034 1020 3094 coaptare.

588 3120 640 3172 (ἶ.
667 3117 817 3190 [rei-5.
851 3118 904 3180 5,
934 3115 1013 3187 6.]
1062 3113 1260 3170 Deinde
1305 3113 1405 3168 iste
1443 3111 1603 3166 homo
1643 3111 1756 3179 Dei,
1799 3111 1883 3165 vel
1933 3110 2108 3180 potius

515 3210 859 3280 propheticus
887 3209 1125 3279 Spiritus,
1158 3205 1302 3260 velut
1327 3205 1418 3260 Dei
1465 3205 1634 3274 legem
1678 3203 1730 3257 in
1765 3212 1971 3258 secreta
1994 3201 2110 3272 ejus

517 3301 777 3371 sapientia
806 3300 1184 3368 conscriptam,
1214 3295 1302 3351 ubi
1331 3295 1452 3349 vitae
1481 3295 1781 3350 mortalium
1827 3293 2108 3365 peccatrici

523 3393 797 3448 constituit
848 3387 1194 3460 procurrendi
1240 3387 1454 3442 modum
1499 3401 1561 3441 ac
1598 3384 1937 3440 mortalitatis
1973 3399 2115 3438 τιτι-υ-

520 3500 720 3548 mnam,
755 3482 960 3536 videtur
986 3479 1215 3550 quodam
1265 3478 1424 3533 modo
1472 3478 1698 3533 recitare
1724 3519 1738 3539 ,
1768 3491 1889 3531 cum
1939 3475 2109 3539 dicit,

525 3580 654 3646 Qum
671 3593 762 3648 pro
792 3576 950 3630 nihilo
977 3575 1244 3640 habentur,
1285 3573 1407 3627 anni
1443 3581 1592 3626 erunt
1616 3587 1809 3626 eorum.
1837 3569 1992 3624 Mane
2009 3571 2112 3624 sic-

522 3680 577 3724 ut
600 3670 752 3723 herba
780 3674 1034 3732 transeat,
1067 3681 1213 3720 mane
1256 3666 1436 3734 ﬂoreat
1457 3707 1472 3732 ,
1506 3673 1553 3720 et
1587 3673 1886 3734 prtctcrcat;
1915 3680 2117 3736 vespere

521 3763 744 3829 decidat,
773 3761 1088 3825 duresc'at,et
1117 3768 1331 3813 arescat.
1378 3757 1622 3813 Felicitas
1666 3773 1794 3826 ergo
1842 3757 2114 3812 hmredum

523 3854 732 3910 Veteris
758 3853 1108 3919 Testamenti,
1137 3865 1296 3922 quam
1329 3865 1426 3920 pro
1463 3865 1654 3920 magno
1685 3849 1825 3903 bono
1848 3849 2118 3917 espetivc-

527 3957 652 4002 runt
680 3961 709 4000 a
731 3945 953 4000 Domino
970 3945 1078 4000 Deo
1100 3958 1217 4008 suo,
1246 3942 1384 3998 hanc
1402 3942 1572 4014 legem
1595 3942 1836 4012 accipere
1856 3942 2049 4002 meruit
2065 3941 2115 3996 in

522 4038 729 4094 occulta
762 4037 878 4106 ejus
901 4035 1255 4106 providentia,
1283 4050 1440 4106 quam
1472 4033 1682 4089 videtur
1722 4035 1947 4089 recitare
1975 4034 2118 4106 Moy-

525 4146 612 4186 ses
643 4148 654 4182 :
687 4131 813 4196 Quae
841 4145 932 4198 pro
960 4127 1116 4181 nihilo
1145 4126 1409 4194 habentur,
1439 4125 1729 4180 auaierant
1777 4142 1968 4180 eorum.
2016 4127 2118 4180 l’ro

489 4217 498 4229 ⁸
528 4223 698 4278 nihilo
723 4222 864 4274 enim
897 4219 1182 4285 habentur,
1202 4234 1321 4288 qua:
1371 4227 1653 4287 antequam
1688 4219 1919 4285 veniant,
1945 4217 2117 4272 adlmc

526 4333 631 4372 non
681 4324 838 4376 sunt;
861 4328 982 4368 cum
1027 4311 1290 4374 venerint,
1320 4310 1430 4379 jam
1463 4325 1568 4364 non
1618 4321 1774 4365 erunt
1803 4330 1816 4365 :
1842 4325 1944 4365 non
1974 4312 2115 4365 enim

526 4419 583 4463 ut
606 4407 781 4462 adsint
807 4405 1042 4467 veniunt,
1072 4402 1166 4457 sed
1196 4410 1253 4456 ut
1277 4417 1384 4456 non
1411 4402 1537 4456 sint.
1562 4400 1734 4465 Mane,
1766 4401 1815 4455 id
1842 4411 1924 4456 est
1949 4402 2116 4471 prius,

477 4486 494 4508 “’
525 4499 825 4555 sicuthcrha
849 4503 1090 4556 transeat,
1120 4510 1268 4547 mane
1292 4495 1492 4564 ﬂoreat,
1518 4503 1563 4546 et
1588 4502 2116 4564 prcetereat;vespere,

453 4573 495 4669 ῖέ
526 4593 578 4649 id
631 4600 734 4658 est,
766 4597 969 4659 postea,
1003 4587 1222 4653 decidat,
1263 4588 1530 4652 durescat,
1562 4596 1606 4640 et
1645 4596 1856 4640 arescat.
1889 4585 2118 4653 Decidat,

471 4681 495 4702 "
525 4687 709 4757 utique
729 4686 778 4749 in
809 4692 1011 4746 morte;
1041 4681 1292 4745 durescat,
1311 4680 1362 4734 in
1393 4680 1651 4736 cadavere
1675 4697 1690 4746 ;
1716 4689 1907 4736 arescat
1929 4682 1978 4736 in
2009 4680 2124 4752 pul-

526 4794 674 4835 vere.
697 4777 851 4845 ρων,
883 4775 981 4828 nisi
1005 4787 1150 4836 caro,
1179 4772 1268 4826 ubi
1298 4781 1382 4827 est
1407 4772 1832 4844 concupiscentia
1873 4772 2121 4827 damnata

527 4867 857 4925 carnalium?
877 4864 1062 4921 Omnis
1091 4865 1234 4918 enim
1264 4879 1394 4920 caro
1411 4865 1610 4930 fenum,
1633 4873 1688 4920 et
1713 4865 1927 4921 claritas
1950 4863 2125 4919 homi-

529 4965 614 5018 nis
662 4970 718 5015 ut
757 4961 856 5016 llos
901 4958 1046 5013 l‘eni:
1080 4957 1257 5011 fenum
1300 4955 1464 5020 aruit,
1492 4955 1591 5011 llos
1629 4956 1861 5024 decidit;
1902 4957 2122 5013 verbum

528 5065 706 5112 autem
735 5052 944 5108 Domini
971 5059 1151 5105 manet
1175 5050 1228 5103 in
1265 5058 1522 5104 aeternum
1553 5047 1705 5118 (Isai.
1737 5065 1826 5116 ιι,
1851 5051 1906 5117 6,
1935 5049 2014 5119 8).

603 5149 656 5202 7.
686 5145 836 5220 [uers.
865 5144 943 5215 7.]
975 5144 1122 5198 lianc
1148 5150 1326 5197 autem
1349 5157 1560 5211 poenam
1584 5142 1654 5199 de
1677 5155 1893 5212 peccato
1915 5147 2124 5201 venisse

529 5256 638 5296 non
668 5249 868 5302 tacens,
888 5235 1141 5291 continuo
1193 5233 1417 5303 subjecit
1452 5252 1465 5289 :
1499 5233 1750 5301 Quoniam
1776 5237 2050 5307 defecimus
2072 5240 2124 5293 in

530 5335 611 5386 ira
637 5341 743 5394 tua,
771 5341 817 5384 et
845 5329 895 5382 in
918 5327 1264 5398 indignatione
1309 5335 1398 5380 tua
1442 5327 1730 5381 conturbati
1755 5344 1948 5383 sumus.
1978 5328 2129 5401 Defe-

532 5429 713 5489 cimus,
734 5425 786 5478 in
814 5421 1120 5476 inﬁrmitate
1145 5421 1456 5482 :conturbati
1481 5437 1674 5480 sunms,
1696 5421 1884 5475 mortis
1911 5421 2120 5477 timore.

533 5518 736 5577 lnlirtni
783 5517 926 5572 enim
958 5513 1081 5569 facti
1113 5529 1318 5582 suums,
1351 5523 1406 5568 et
1434 5514 1792 5568 inﬁrmitatem
1826 5514 1975 5568 linire
2014 5524 2123 5570 tre-

531 5616 802 5686 pidamus.
831 5612 968 5665 Alter
990 5619 1056 5676 te,
1088 5609 1275 5678 inquit,
1296 5609 1481 5680 cinget,
1515 5617 1559 5662 et
1585 5611 1709 5678 feret
1730 5622 1829 5678 quo
1849 5615 1901 5661 tu
1926 5624 2023 5662 non
2051 5608 2124 5662 vis

594 5730 615 5762 ι
649 5725 875 5788 Plerique
909 5732 1039 5785 Mss,
1063 5719 1243 5785 vigilia.

592 5793 616 5824 ²
646 5795 723 5839 Kr.
748 5781 920 5838 vénet.
948 5781 1076 5835 tot:
1104 5781 1157 5833 1ξί
1173 5781 1303 5845 quod
1323 5794 1419 5833 eos.
1511 5788 1565 5832 si.

595 5855 618 5891 ³
650 5858 725 5918 trs,
747 5856 944 5918 V'enet.,
969 5845 1325 5900 clauderentur.
1390 5851 1450 5904 at,

2189 434 2365 508 (Joan.
2399 452 2513 500 xxt.
2541 436 2650 504 l8);
2693 438 2936 508 quamvis
2976 440 3230 511 martyrio
3275 455 3378 494 non
3422 441 3804 512 puniendum.

2184 530 2277 585 sed
2308 529 2710 585 coronandum'
2745 547 2759 584 :
2808 540 2862 587 et
2891 531 3055 603 ipsius
3084 533 3288 588 Domini
3320 535 3502 589 anima
3537 551 3646 591 nos
3669 537 3728 590 in
3751 555 3812 595 se

2188 623 2596 692 transﬁgurans,
2631 623 2796 679 tristis
2824 634 2941 680 erat
2985 641 3151 695 usque
3197 626 3262 680 ad
3309 638 3547 683 mortem
3581 629 3807 697 (Matth.

2186 730 2332 781 nrt,
2363 714 2455 786 '58)
2482 732 2497 781 ;
2525 717 2780 785 quoniam
2803 725 2859 773 et
2879 715 3092 772 Domini
3138 717 3313 774 exitus
3356 721 3584 777 nonnisi
3617 726 3812 778 mortis

2183 807 2358 879 (Psal.
2392 823 2561 875 van,
2609 807 2722 879 2|).

2261 908 2314 965 8.
2347 907 2495 981 [verm
2528 908 2608 981 8.)
2634 907 2859 964 Posuisti
2886 909 3175 981 iniquitates
3217 912 3413 966 nostras
3434 914 3492 964 in
3523 925 3813 981 conspectu

2191 1009 2278 1054 tuo
2310 1000 2400 1056 :id
2419 1010 2521 1063 est,
2556 1016 2659 1056 non
2685 1001 2752 1057 ab
2771 1002 2848 1057 eis
2883 1000 3250 1057 dissitttulasli.
3275 1002 3540 1057 Swrnlum
3573 1012 3812 1058 nostrum

2190 1091 2245 1145 in
2265 1092 2634 1148 illnminatione
2647 1094 2811 1148 vultus
2827 1094 2901 1153 tui
2921 1111 2942 1149 :
2967 1095 3299 1161 subauditur,
3324 1096 3568 1162 posuisti.
3591 1094 3663 1150 In
3690 1097 3814 1151 illu-

2193 1185 2468 1238 minatione
2492 1195 2672 1240 autem
2719 1185 2886 1240 vultus
2923 1186 3000 1240 tui
3039 1186 3191 1251 dixit,
3219 1185 3360 1257 quod
3406 1189 3672 1256 superius
3695 1230 3712 1254 ,
3758 1190 3812 1242 in

2195 1277 2466 1345 conspectu
2511 1285 2631 1342 tuo,
2656 1285 2712 1331 et
2737 1277 2977 1332 sacculum
3015 1288 3283 1342 nostrum,
3331 1278 3474 1349 quod
3527 1279 3806 1350 superius,

2196 1369 2483 1441 iniquitates
2504 1379 2722 1424 nostras.

2269 1454 2322 1518 9.
2357 1460 2507 1534 [ners.
2533 1461 2588 1526 9.
2619 1460 2730 1534 10.]
2756 1461 3008 1529 Quoniam
3036 1478 3206 1516 omnes
3248 1460 3354 1515 dies
3397 1461 3570 1516 nostri
3610 1461 3812 1532 defece-

2198 1563 2334 1618 runt,
2367 1563 2414 1608 et
2439 1555 2491 1609 in
2517 1555 2596 1609 ira
2622 1565 2708 1609 tua
2733 1554 3028 1627 defecimus.
3053 1554 3195 1610 Satis
3217 1555 3268 1609 in
3300 1554 3382 1609 his
3408 1555 3601 1610 verbis
3624 1568 3813 1610 osten-

2198 1648 2342 1702 ditur
2369 1646 2592 1716 pmnalis
2615 1660 2735 1702 esse
2774 1646 2873 1701 ista
2917 1646 3230 1707 mortalitas.
3263 1644 3539 1701 Defeeisse
3576 1646 3698 1700 dies
3727 1646 3814 1701 di-

2199 1741 2293 1807 cit,
2321 1741 2439 1796 sive
2465 1739 2607 1810 quotl
2644 1739 2695 1795 in
2721 1739 2800 1795 eis
2826 1737 3076 1794 deﬁciant
3121 1737 3363 1793 homines
3405 1737 3653 1792 amando
3695 1755 3814 1808 quae

2203 1839 2500 1900 transeunt,
2529 1832 2640 1886 sive
2659 1830 2800 1902 quod
2817 1829 2884 1886 ad
2908 1829 3223 1900 paucitatem
3255 1828 3456 1884 redacti
3488 1830 3642 1895 sint;
3672 1829 3814 1898 quod

2201 1925 2410 1981 videtur
2440 1924 2492 1979 in
2513 1923 2960 1995 consequentibus
2995 1921 3224 1992 aperire.
3246 1936 3368 1976 cum
3397 1920 3535 1976 dicit
3570 1939 3583 1974 :
3624 1940 3642 1973 ι
3677 1921 3814 1995 Anni

2205 2018 2370 2072 nostri
2427 2017 2564 2071 sicut
2615 2031 2812 2071 aranea
2847 2015 3238 2070 meditabantur
3263 2015 3306 2069 ¹.
3364 2015 3494 2070 Dies
3548 1993 3812 2068 annorum

2205 2121 2511 2167 nostrorum
2544 2111 2596 2165 in
2622 2111 2751 2179 ipsis
2778 2109 3110 2180 septuaginta
3135 2109 3258 2162 anni
3291 2125 3303 2160 :
3341 2108 3388 2162 si
3426 2117 3621 2162 autem
3650 2108 3703 2161 in
3727 2110 3816 2176 po;

2206 2206 2497 2260 tentatihus
2546 2203 2814 2274 octoginta
2846 2203 2994 2267 anni.
3049 2211 3104 2259 et
3149 2203 3378 2272 amplius
3418 2217 3618 2256 eorum
3670 2201 3815 2256 labor

2206 2307 2262 2353 et
2299 2297 2472 2351 dolor.
2499 2316 2518 2350 ι
2565 2297 2689 2351 ΙΙιιιο
2733 2296 2946 2367 quidem
2997 2294 3154 2349 verba
3196 2293 3446 2349 videntur
3505 2293 3814 2365 exprimere

2209 2390 2518 2454 brevitatem
2559 2387 2934 2456 miseriamqne
2978 2387 3099 2440 vita:
3150 2385 3341 2456 hujus;
3393 2384 3522 2454 quia
3587 2383 3811 2453 longa-vi

2208 2483 2540 2554 appellantur
2573 2481 2671 2535 hoc
2711 2490 2949 2548 tempore
2965 2480 3124 2534 etiam
3153 2478 3239 2548 qui
3269 2479 3614 2548 septuaginta
3645 2490 3814 2531 annos

2209 2575 2476 2629 vixerunt.
2509 2571 2684 2642 Usque
2716 2569 2780 2625 ad
2811 2573 3077 2642 octoginta
3109 2579 3286 2624 autem
3326 2568 3592 2623 videntur
3615 2569 3813 2637 aliquas

2209 2669 2351 2723 vires
2381 2666 2577 2720 habere
2608 2682 2620 2718 :
2653 2665 2732 2718 his
2755 2678 2880 2718 vero
2910 2662 3138 2731 amplius
3179 2662 3222 2714 si
3270 2660 3530 2725 vixerint,
3561 2659 3813 2730 multipli-

2211 2761 2344 2815 catis
2392 2758 2570 2813 laborc
2621 2756 2900 2811 doloribus
2931 2755 3131 2808 vivunt.
3179 2752 3285 2808 Sed
3331 2752 3488 2808 multi
3539 2763 3594 2807 et
3640 2751 3814 2806 intra'

2211 2851 2542 2922 septuaginta
2573 2864 2742 2904 annos
2781 2855 2973 2920 gerunt
3015 2844 3430 2900 inﬁrmissimam
3465 2854 3523 2900 et
3553 2861 3812 2899 :crumno-

2211 2948 2476 3004 sissimam
2524 2953 2877 3006 senectutem,
2907 2950 2964 2997 et
2993 2957 3136 3012 sa-pe
3169 2940 3304 2995 ultra
3347 2941 3624 3009 octoginta
3652 2951 3812 2993 annos

2213 3053 2371 3096 senos
2399 3038 2710 3094 mirabiliter
2736 3037 2914 3107 vigere
2939 3033 3149 3106 prqhati
3175 3043 3318 3087 sunt.
3349 3031 3542 3087 Melius
3569 3040 3651 3088 est
3695 3044 3811 3100 ergo

2213 3131 2267 3187 in
2310 3132 2392 3186 his
2419 3129 2654 3186 numeris
2681 3128 2959 3199 spirituale
2998 3125 3199 3196 aliquid
3249 3125 3604 3194 perscrutari.
3639 3121 3813 3191 Neque

2214 3227 2355 3280 enim
2400 3239 2562 3295 super
2588 3221 2728 3299 ﬁlios
2774 3219 2965 3284 Adam,
2996 3233 3090 3290 per
3120 3231 3280 3287 queat
3327 3231 3494 3269 unum
3550 3214 3810 3269 hominem

2217 3327 2496 3390 peccatum
2523 3317 2738 3370 intravit
2758 3315 2809 3368 in
2833 3311 3113 3375 mundum,
3141 3318 3195 3363 et
3221 3325 3316 3379 per
3340 3319 3630 3379 peccatum
3654 3317 3810 3367 morS,

2217 3421 2270 3466 et
2296 3411 2366 3464 ita
2398 3411 2448 3464 in
2494 3423 2682 3463 omnes
2715 3397 2977 3461 homines
3018 3419 3163 3456 tnors
3217 3399 3533 3472 pertransiit
3555 3399 3727 3471 (llam.
3759 3411 3808 3461 ν,

2218 3503 2335 3576 12),
2380 3504 2547 3569 major
2586 3502 2661 3556 Era
2690 3509 2772 3555 est
2822 3499 2938 3564 Dei,
2983 3497 3106 3567 quia
3157 3494 3325 3550 multo
3381 3493 3605 3548 brevius
3641 3491 3812 3546 vivunt

2218 3611 2376 3668 quam
2403 3596 2650 3650 vixerunt
2672 3590 2907 3661 antiqui;
2935 3603 3055 3643 cum
3076 3595 3130 3642 et
3161 3588 3280 3642 vitae
3304 3585 3548 3657 ipsorum
3578 3583 3727 3638 irrisa
3748 3580 3812 3636 sit

2219 3687 2514 3760 longitudo,
2546 3686 2630 3740 ubi
2690 3684 2835 3738 mille
2876 3683 3000 3737 anni
3053 3678 3344 3750 comparati
3383 3686 3515 3733 sunt
3570 3675 3673 3732 diei
3723 3673 3811 3727 lte-

2220 3791 2404 3838 sterno
2423 3790 2580 3851 atque
2602 3775 2894 3846 prazterito,
2923 3783 2976 3829 et
2998 3772 3143 3829 horis
3171 3771 3338 3827 tribus
3365 3788 3380 3826 :
3407 3780 3463 3826 et
3485 3771 3668 3840 utique
3693 3777 3808 3821 tunc

2221 3876 2446 3932 multum
2503 3873 2791 3935 vivebant,
2835 3869 3050 3942 quando
3100 3867 3235 3923 iram
3267 3867 3358 3924 Dei
3390 3869 3810 3938 provocaverunt

2222 3987 2391 4043 usque
2415 3970 2479 4025 ad
2508 3968 2764 4024 diluvium
2790 3983 2896 4039 quo
2927 3965 3221 4036 perierunt.
3499 4026 3508 4031 _

2297 4067 2383 4120 10.
2411 4062 2752 4134 Septuaginta
2779 4075 2938 4130 porro
2965 4057 3089 4112 anni
3116 4065 3170 4112 et
3210 4055 3504 4126 octoginta,
3535 4052 3666 4108 ﬁunt
3689 4063 3808 4106 cea-

2227 4168 2336 4214 tttttt
2362 4154 2775 4229 quinquaginta;
2803 4167 2960 4222 quem
2989 4158 3256 4205 sacratum
3281 4162 3402 4203 esse
3431 4158 3709 4202 numerum
3730 4157 3806 4196 sa-

2227 4252 2294 4307 tis
2322 4251 2554 4305 insinuat
2588 4247 2719 4302 liher
2749 4246 2852 4300 iste
2875 4242 3229 4298 Psalmorum.
3261 4237 3410 4294 Hanc
3453 4238 3594 4292 enim
3626 4235 3806 4289 habent

2225 4343 2277 4397 in
2300 4339 2684 4410 signiﬁcatione
2705 4335 2967 4391 rationem
2992 4341 3206 4388 centum
3228 4330 3635 4401 quinquaginta,
3658 4338 3802 4395 quatn

2224 4431 2525 4504 quindecim
2561 4450 2571 4483 :
2605 4430 2694 4500 qui
2723 4439 2976 4482 numerus
3018 4425 3074 4477 lit
3111 4431 3315 4492 septem
3347 4430 3402 4476 et
3441 4430 3563 4474 octo
3591 4414 3804 4485 conjun-

2225 4527 2365 4590 etis;
2397 4538 2622 4594 quorum
2655 4520 2856 4591 primus
2885 4517 3117 4572 insinuat
3143 4523 3361 4585 propter
3385 4511 3592 4568 sabbati
3633 4508 3800 4562 obser-

2231 4618 2497 4673 vationem
2548 4615 2944 4670 'l‘esmmentum
2972 4608 3160 4672 Vetus,
3190 4606 3457 4662 secundus
3502 4604 3802 4660 Testamen-

2230 4720 2338 4765 tum
2390 4707 2594 4764 Novum
2645 4716 2859 4777 propter
2900 4701 3108 4758 Domini
3153 4699 3621 4754 resurrectionem.
3682 4691 3801 4746 llinc

2228 4813 2352 4860 sunt
2381 4803 2431 4856 in
2456 4799 2654 4870 templo
2682 4795 2980 4868 quindecim
3009 4793 3206 4863 gradus
3230 4809 3243 4854 ;
3275 4790 3400 4844 hinc
3428 4797 3553 4844 sunt
3583 4787 3634 4840 in
3669 4777 3802 4837 Psal-

2230 4898 2330 4952 mis
2350 4894 2649 4967 quindecim
2681 4891 2884 4946 cantica
2906 4887 3199 4958 graduum;
3235 4885 3361 4940 hinc
3389 4880 3685 4954 quindecim
3711 4889 3796 4927 cu-

2228 4991 2351 5046 bitis
2375 5001 2613 5045 summos
2642 4993 2848 5038 montes
2868 4997 3001 5051 aqua
3043 4979 3224 5034 diluvii
3251 4976 3523 5048 superavit
3545 4971 3689 5045 (Gen.
3715 4981 3796 5026 \‘II.

2228 5083 2356 5155 20);
2390 5090 2443 5136 et
2493 5079 2752 5149 siquibus
2799 5075 2919 5129 aliis
2962 5073 3092 5127 locis
3137 5079 3377 5125 sacratus
3417 5061 3796 5125 commendatur

2232 5176 2316 5232 hic
2349 5187 2619 5228 numerus.
2655 5170 2817 5240 Ergo,
2838 5167 2973 5222 Anni
3013 5165 3200 5222 nostri.
3229 5163 3397 5233 inquit
3425 5206 3436 5228 ,
3479 5161 3600 5214 sicut
3628 5165 3797 5209 aranea

2231 5267 2621 5324 meditabantur.
2680 5261 2736 5318 In
2788 5261 2948 5318 rebus
3004 5256 3441 5328 corruptibilibus
3488 5254 3788 5312 laboramus,

2295 5467 2310 5499 ι
2347 5466 2419 5514 sic
2440 5463 2624 5526 aliquot
2641 5468 2746 5510 Mss.
2773 5459 2877 5520 Alii,
2912 5454 3118 5521 martyri
3141 5469 3234 5526 non
3257 5453 3528 5526 puniendo,
3563 5447 3644 5526 sed
3656 5452 3780 5526 ξυνο-

2229 5508 2417 5579 amulo:
2435 5508 2643 5582 Ᾰῖἰξᾶἑιζ,
2669 5508 2902 5586 martyrio
2924 5534 3017 5570 non
3041 5508 3314 5586 puniendo,
3339 5517 3424 5566 sed
3447 5508 3719 5586 commutati.

2293 5573 2486 5646 inﬁdi,
2525 5573 2896 5636 med'ttalnnt‘t'm.
2937 5573 3216 5646 Lugendum
3257 5573 3654 5646 rmumnmnllis
3678 5575 3786 5646 altas.)

2229 5630 2849 5712 nieaitZBiiuiiii'iiiiii'in
2857 5630 3156 5712 ίνεηξὲΙε-ιοη
3184 5657 3200 5693 ;
3223 5656 3328 5712 nam
3341 5645 3371 5712 ii
3379 5644 3392 5712 _l
3419 5658 3430 5704 ι
3448 5648 3576 5712 (κδιῇιῆ
3589 5645 3674 5712 Δξζη

2539 5687 2681 5761 [ὺῖιῖΓί
2716 5687 2837 5772 ῖίηηι
2857 5687 2972 5767 otiis,
3377 5687 3784 5770 illliltérfccuivh‘w

2231 5779 2473 5836 rubenius,
2497 5774 2790 5826 (terebamus.
2925 5831 2938 5840 _
3081 5828 3092 5840 .

2295 5843 2313 5876 ³
2347 5830 2548 5902 ῃρκξδις
2611 5843 2736 5896 mne.
2765 5840 2902 5892 t-‘ortc
2925 5831 3044 5903 leg.,
3073 5830 3221 5898 intra.
