4132 6504
268 448 393 502 1115

267 560 603 628 ροηιιμὶιιὶιιι
639 574 797 627 opera
851 556 1158 613 texebatnus
1190 577 1203 611 :
1233 572 1348 627 qua.
1383 571 1495 611 uox.
1532 558 1825 608 νιξιπιιιάιιιιι

266 656 437 708 Isaiam
469 652 794 722 prophetam,
821 650 1039 703 minime
1058 650 1403 720 COHngt‘llillll
1437 646 1584 710 (Is-ni.
1618 664 1721 709 us,
1745 648 1823 711 6).

268 747 375 800 Dies
400 762 638 797 annorum
670 754 956 796 nostrorum
986 743 1037 796 in
1090 744 1209 811 ipsis
1237 744 1555 813 septuaginta
1584 742 1706 794 anni
1737 758 1754 794 .'
1784 740 1829 795 si

263 848 413 891 autem
436 838 483 888 in
505 835 837 903 potentutibns
860 835 1112 905 octoginta
1137 834 1278 887 anni.
1312 834 1463 886 Aliud
1494 835 1647 888 estin
1681 833 1824 902 ipsis,

262 928 387 983 aliud
413 930 461 979 in
490 926 837 994 polentotibns.
883 924 945 978 In
979 926 1138 994 ipsis.
1167 926 1267 980 hoc
1316 936 1398 981 cst
1442 925 1493 978 iu
1538 925 1690 977 anuis
1744 923 1826 977 \el

261 1022 432 1075 diebus
464 1020 588 1088 ipsis
636 1018 775 1087 quod
824 1017 979 1070 datur
1005 1017 1225 1083 intelligi
1260 1016 1309 1070 in
1343 1016 1720 1085 temporalibus
1741 1030 1828 1069 re-

261 1112 349 1166 bus
379 1130 390 1163 :
418 1110 534 1165 ideo
562 1110 921 1178 septuaginta;
949 1110 1071 1178 quia
1121 1110 1427 1177 temporalia
1459 1106 1696 1178 promitti
1745 1106 1825 1159 vi-

258 1204 437 1257 dentur
475 1201 523 1255 in
545 1200 735 1254 Vetere
756 1201 1113 1255 Testamento.
1162 1199 1223 1255 Si
1244 1210 1432 1265 autent,
1465 1216 1567 1253 non
1596 1199 1647 1253 in
1699 1199 1827 1267 ipsis

258 1294 416 1358 annis,
442 1292 532 1347 sed
587 1293 638 1345 in
688 1291 1040 1361 potentatibus,
1075 1291 1241 1357 idest,
1270 1308 1374 1347 non
1413 1292 1464 1346 iu
1506 1291 1667 1348 rebus
1692 1302 1828 1349 tem-

259 1385 531 1454 poralibus,
566 1383 657 1437 sed
710 1384 761 1437 iu
801 1384 1037 1447 ccternis,
1066 1383 1322 1456 octoginta
1363 1384 1487 1437 anni
1510 1400 1527 1446 ;
1553 1383 1693 1454 quod
1720 1382 1825 1438 No-

258 1492 366 1529 vum
397 1476 791 1530 Testamentum
820 1475 870 1529 in
902 1490 999 1543 spe
1048 1485 1128 1529 est
1173 1474 1536 1529 renovatiouis
1563 1483 1616 1529 et
1642 1488 1827 1529 resur-

258 1570 489 1622 rectionis
518 1567 569 1620 itt
598 1576 855 1621 a-teruum
887 1585 899 1621 :
928 1574 971 1620 et
992 1566 1210 1636 amplius
1226 1581 1396 1619 eorum
1423 1565 1565 1619 labor
1590 1574 1636 1618 et
1657 1564 1827 1631 dolor;

258 1658 305 1713 id
329 1668 419 1724 cst,
445 1658 688 1729 quisquis
726 1658 864 1713 hanc
900 1658 1057 1713 ﬁdem
1087 1658 1494 1728 transgreditur,
1526 1668 1579 1711 et
1598 1656 1827 1726 amplius

258 1752 433 1817 aliquid
465 1753 674 1820 qumrit,
710 1750 920 1805 labores
960 1749 1163 1804 invenit
1202 1758 1254 1803 et
1282 1748 1515 1803 dolores.
1546 1748 1728 1803 Potest
1774 1758 1830 1804 et

258 1843 325 1896 sic
351 1842 560 1914 intelligi
599 1858 610 1874 ·
642 1841 775 1911 Quia
809 1842 933 1897 licet
954 1841 1005 1895 in
1051 1840 1197 1895 Novo
1235 1840 1579 1896 Testamento
1626 1841 1830 1896 consti-

259 1933 345 1986 tuti
385 1933 579 1997 simus,
635 1932 777 2003 quod
823 1933 1201 2003 octogenarius
1249 1931 1511 2003 signiﬁcat
1550 1948 1826 1998 numerus,

256 2025 462 2093 amplius
504 2024 669 2079 habet
722 2024 836 2079 haec
862 2024 965 2078 vita
1014 2033 1195 2078 nostra
1230 2023 1469 2079 laborem
1488 2032 1542 2077 et
1562 2022 1824 2089 dolorem,

256 2118 365 2173 dum
388 2121 435 2173 in
464 2118 865 2187 nobismetipsis
909 2118 1326 2189 ingemiscimus,
1367 2117 1709 2190 adoptionem
1737 2134 1830 2173 ex-

255 2220 537 2280 spectantes
568 2211 990 2280 redemptionem
1037 2212 1278 2280 corporis
1318 2210 1482 2265 nostri
1516 2227 1531 2266 :
1563 2225 1658 2280 spe
1686 2211 1830 2265 enim

256 2301 370 2356 salvi
393 2300 508 2357 lacti
533 2317 753 2367 smnus;
780 2310 833 2356 et
856 2302 996 2371 quod
1030 2303 1264 2358 nondum
1308 2301 1571 2363 videmus.
1622 2318 1719 2371 per
1742 2317 1832 2372 pa-

256 2395 471 2449 tientiam
498 2409 876 2466 exspecmmus
916 2395 1091 2469 (Rom.
1126 2411 1236 2458 vtu,
1264 2395 1476 2468 2325).
1506 2395 1577 2452 Et
1619 2396 1721 2450 hoc
1765 2395 1831 2451 ad

260 2488 666 2543 misericordiam
700 2489 788 2543 Dei
820 2490 1046 2559 pertinet
1075 2506 1086 2542 :
1116 2487 1258 2543 unde
1286 2489 1546 2559 sequitur,
1578 2498 1628 2544 et
1660 2486 1828 2555 dicit,

258 2576 488 2643 Quoniam
512 2580 807 2648 supervenit
831 2596 982 2650 super
1011 2596 1100 2634 nos
1129 2578 1481 2643 mansuetudo,
1510 2589 1559 2633 et
1585 2578 1831 2649 corripie-

256 2689 369 2727 mur.
388 2674 558 2742 Quem
584 2672 727 2729 enim
767 2673 937 2744 diligit
990 2673 1245 2727 Dominus
1270 2716 1281 2733 ,
1310 2672 1529 2741 corripit
1554 2688 1569 2735 ;
1598 2670 1833 2741 ﬂagellat

258 2776 413 2820 autem
457 2782 677 2821 onmem
729 2765 916 2832 ﬁlium,
942 2781 1099 2836 quem
1128 2764 1515 2835 recipit(Hebr.
1541 2780 1633 2826 xu,
1663 2762 1721 2833 6)
1747 2770 1834 2819 :et

257 2858 337 2912 dat
357 2860 510 2914 etiam
543 2860 754 2928 magnis
781 2857 1094 2928 quibusdam
1126 2857 1397 2912 stimulum
1439 2856 1635 2919 carnis,
1667 2872 1695 2909 a
1726 2870 1833 2926 quo

254 2950 663 3020 colapliizentur,
688 2965 755 3004 ne
783 2949 1109 3004 extollantur
1135 2949 1186 3003 in
1218 2946 1579 3019 magnitudine
1619 2947 1831 3002 revela-

256 3042 437 3097 tionnm
491 3057 736 3105 suarum.
786 3050 842 3096 ut
885 3042 1052 3097 virtus
1104 3043 1155 3095 in
1192 3040 1499 3095 inﬁrmitate
1531 3039 1835 3110 perﬁciatur

257 3133 310 3203 (ll
336 3134 447 3189 Cor.
477 3151 575 3197 xu,
610 3135 662 3200 7,
691 3133 770 3205 9).
813 3134 1037 3202 Quidam
1076 3148 1207 3188 sane
1245 3132 1457 3187 codices
1479 3147 1585 3187 non
1615 3132 1830 3194 habent,

254 3227 725 3299 corripiantur-med
780 3227 1086 3291 erndiemnr,
1112 3225 1251 3296 quod
1283 3225 1349 3279 ad
1394 3225 1635 3280 eamdem
1680 3240 1833 3279 man-

254 3321 572 3376 suetudinem
635 3328 935 3375 revocatur.
999 3317 1115 3374 Non
1183 3318 1327 3374 enim
1402 3326 1580 3388 potest
1634 3317 1836 3373 erudiri

256 3414 514 3484 quisquam
536 3414 661 3467 sine
691 3413 875 3469 labore
920 3422 976 3469 et
1016 3412 1204 3469 dolore
1228 3429 1243 3480 ;
1266 3413 1389 3483 quia
1410 3412 1582 3469 virtus
1605 3412 1659 3468 in
1689 3411 1837 3468 inﬁr—

257 3504 421 3561 mitate
448 3504 746 3574 perﬁcitur.

323 3598 401 3652 ll.
429 3595 584 3670 [βενε.
621 3597 707 3657 ll,
740 3596 849 3672 l2].
888 3598 1012 3666 Quis
1039 3600 1175 3653 novit
1203 3608 1498 3668 potestatem
1525 3601 1617 3653 ira:
1645 3609 1762 3663 tute,
1791 3608 1839 3653 et

259 3703 356 3756 prae
367 3689 540 3742 timore
569 3698 657 3742 tuo
670 3689 799 3741 iram
823 3696 960 3742 tuam
987 3689 1341 3743 dinumerare?
1357 3688 1522 3745 Valde
1548 3704 1838 3760 paucorum

258 3777 512 3837 hominum
547 3791 651 3847 est,
684 3781 872 3852 inquit,
901 3796 1058 3837 nosse
1086 3783 1175 3835 ira:
1203 3792 1307 3836 tua:
1338 3791 1682 3851 potestatem;
1714 3784 1837 3852 quia

258 3872 510 3943 plerisque
539 3874 615 3928 ita
643 3874 812 3944 magis
833 3917 845 3935 ,
871 3888 991 3928 cum
1016 3873 1188 3942 parcis
1208 3914 1223 3938 ,
1254 3872 1501 3930 irascci'is
1520 3916 1533 3939 ,
1565 3884 1619 3929 ut
1639 3890 1744 3929 non
1771 3875 1839 3930 ad

258 3966 382 4020 itam
403 4011 416 4027 ,
446 3968 537 4022 sed
587 3968 765 4037 potius
790 3967 855 4021 ad
898 3966 1358 4022 mansuetudinem
1391 3977 1532 4022 tuam
1572 3970 1840 4038 pertinere

257 4057 573 4128 intelligatur
594 4060 746 4115 labor
770 4067 823 4112 et
839 4057 1009 4121 dolor,
1028 4073 1133 4128 quo
1159 4059 1383 4127 corripis
1403 4059 1689 4129 crudisque
1707 4075 1842 4130 quos

256 4151 443 4221 diligis,
472 4168 536 4207 ne
564 4152 739 4221 pomis
760 4152 1135 4207 excrucientur
1160 4151 1371 4205 a'tcrnis
1398 4166 1411 4201 :
1439 4151 1573 4205 sicut
1599 4151 1741 4205 enim
1766 4152 1840 4205 le-

253 4245 386 4310 gitur
412 4246 461 4297 in
488 4245 599 4298 alio
620 4244 828 4315 psalmo
848 4284 862 4307 ,
897 4240 1121 4297 Irritnvit
1154 4241 1424 4296 Dominum
1454 4253 1720 4311 peccator;
1749 4260 1842 4315 pro

254 4339 593 4406 magnitudine
614 4338 706 4390 ire
729 4351 836 4390 cute
858 4353 958 4390 non
981 4336 1205 4406 exquiret
1230 4333 1399 4405 (Psal.
1430 4351 1483 4397 x,
1503 4335 1579 4407 .i).
1613 4337 1739 4402 Quis
1759 4353 1843 4391 er-

253 4444 314 4497 go
342 4432 475 4483 novit
494 4473 509 4496 ,
544 4430 598 4484 id
628 4438 744 4495 est,
776 4429 1197 4499 quotusquisque
1225 4428 1490 4498 reperitur
1514 4428 1607 4499 qui
1637 4430 1844 4485 noverit

255 4530 545 4589 potestatem
566 4522 661 4575 ira:
685 4530 816 4587 tua,
845 4530 889 4574 et
915 4536 1021 4591 prae
1048 4520 1224 4574 timore
1253 4530 1337 4573 tuo
1365 4520 1492 4573 iram
1522 4529 1660 4573 tuam
1688 4520 1843 4574 dinu-

255 4616 481 4669 merare?
508 4613 683 4669 Etiam
714 4614 799 4669 hic
824 4613 1155 4678 subauditur,
1187 4615 1296 4685 quis
1321 4615 1476 4668 novit.
1507 4613 1676 4682 Quam
1704 4613 1844 4669 difﬁ-

255 4705 348 4759 cile
375 4706 648 4759 invenitur
671 4704 761 4775 qui
791 4705 995 4760 noverit
1026 4705 1096 4759 ita
1120 4719 1233 4775 pra:
1261 4707 1451 4760 timore
1482 4714 1571 4759 tuo
1595 4704 1838 4761 dinume-

258 4812 372 4853 rare
397 4799 533 4853 iram
566 4808 731 4863 tuam,
762 4797 1004 4852 utetiam
1036 4796 1137 4850 hoc
1164 4796 1344 4861 addat,
1375 4804 1429 4851 et
1454 4796 1521 4851 ad
1546 4812 1662 4852 eam
1693 4798 1846 4852 intel-

258 4886 378 4959 ligat
404 4891 699 4958 pertinere,
727 4889 869 4959 quod
899 4889 1187 4952 nonnullis,
1215 4889 1407 4959 quibus
1431 4889 1549 4958 plus
1577 4890 1841 4954 irasceris,

258 4996 473 5051 parcere
502 4982 733 5037 videaris
751 5025 765 5049 ,
798 4992 851 5035 ut
882 4992 1223 5052 prosperetur
1250 4994 1497 5052 peccator
1524 4984 1574 5037 in
1597 4986 1681 5039 via
1709 4999 1801 5038 sua
1828 5026 1842 5049 ,

259 5087 308 5129 et
331 5079 533 5146 majora
564 5077 785 5148 recipiat
810 5078 861 5131 in
894 5078 1224 5131 novissimo?
1252 5078 1490 5133 Potestas
1517 5080 1714 5149 quippe
1743 5079 1845 5133 hu-

260 5184 423 5225 manae
472 5172 569 5225 irae
595 5186 715 5225 cum
743 5184 937 5240 corpus
977 5169 1264 5234 occiderit,
1296 5170 1523 5240 amplius
1553 5188 1655 5224 non
1686 5170 1847 5226 habet

258 5264 375 5333 quid
403 5263 595 5331 faciat;
616 5264 759 5318 Deus
774 5279 901 5318 vero
929 5262 1087 5317 habet
1116 5272 1431 5332 potestatem
1458 5263 1613 5317 ethic
1638 5263 1843 5333 punire,

258 5365 307 5411 et
337 5366 459 5427 post
473 5357 717 5428 corporis
747 5365 972 5412 mortem
1001 5355 1212 5410 mittere
1235 5356 1285 5410 in
1315 5354 1613 5425 gehennam
1632 5355 1843 5426 (Matth.

261 5448 441 5521 x,28).
480 5450 549 5505 Et
575 5466 605 5504 a
637 5451 817 5520 paucis
842 5449 1061 5505 eruditis
1090 5449 1259 5520 major
1286 5450 1404 5519 ejus
1434 5451 1509 5504 ira
1540 5451 1848 5522 intelligitur

258 5555 389 5604 vana
417 5552 476 5599 et
501 5542 801 5598 seductoria
831 5542 1055 5597 felicitas
1100 5542 1400 5612 impiorum.
1434 5541 1581 5598 Hanc
1624 5543 1712 5598 ille
1741 5560 1845 5598 non

261 5646 499 5702 noverat,
526 5636 672 5705 cujus
704 5651 836 5705 pene
865 5635 1114 5690 commoti
1142 5644 1266 5690 sunt
1294 5635 1478 5705 pedes,
1501 5637 1623 5707 quia
1654 5638 1847 5692 zelavit

160 5800 165 5803 ἠ
257 5723 309 5780 iu
336 5727 741 5797 peccatoribus,
774 5741 957 5797 pacem
989 5736 1327 5797 peccatorum
1358 5728 1570 5782 intuens
1603 5747 1615 5783 :
1648 5729 1741 5783 sed
1768 5730 1850 5784 di-

258 5817 381 5875 dicit
408 5834 556 5891 cam,
585 5835 706 5878 cum
741 5821 966 5877 intraret
991 5821 1044 5875 in
1072 5822 1431 5881 sanctuarium
1464 5820 1574 5885 Dei.
1602 5830 1657 5877 et
1685 5822 1846 5879 intul-

263 5910 449 5991 ligeret
478 5915 840 5983 iunctissima
873 5900 1041 5990 (Psat.
1076 5931 1236 5989 mn,
1258 5916 1310 5984 2.
1337 5916 1388 5983 5,
1426 5917 1539 5993 l'i);
1560 5932 1665 5997 quo
1694 5921 1843 5998 pauci

1318 434 1713 495 ENARRXTIO
1746 433 1809 489 ’Ν
1850 430 2170 493 Ρδλωηῖδί
2208 436 2497 494 LXXXIX.

3390 437 3528 495 1146

1942 551 2174 617 intrant,
2210 564 2261 605 ul
2293 553 2495 609 discant
2527 572 2633 624 pne
2660 555 2853 610 timore
2897 553 2989 609 Dei
3031 552 3368 607 dinumerare
3397 545 3526 606 iram

1937 644 2073 709 ejus,
2092 656 2140 699 et
2169 649 2571 715 prosper-uatem
2602 648 2876 704 hominum
2907 648 3167 703 malorum
3196 664 3417 702 numero
3436 666 3527 715 ap-

1939 735 2133 805 plicare
2164 755 2457 799 l‘ﬂ‘llﬂl‘lllll.
3544 806 3547 807 ,

2017 828 2095 883 l2.
2132 829 2403 885 Deiteram
2431 843 2569 887 luant
2595 833 2667 887 sic
2698 844 2868 888 notam
2898 834 2998 903 fac.
3034 833 3145 888 lloc
3183 833 3325 888 enim
3359 848 3525 901 magis

1936 919 2132 976 habent
2162 924 2373 977 codices
2396 925 2591 994 grteri;
2622 940 2725 980 non
2752 927 2890 982 sicut
2913 924 3127 995 quidam
3155 923 3334 987 latini,
3384 923 3521 977 Dex-

1935 1021 2090 1066 terant
2121 1022 2255 1067 tuam
2283 1026 2452 1069 notam
2494 1018 2575 1089 fac
2600 1017 2740 1071 mihi.
2770 1016 2906 1085 Quid
2950 1026 3030 1071 cst
3055 1031 3183 1086 ergo
3203 1058 3219 1083 ,
3250 1014 3525 1070 Dexterant

1934 1112 2074 1158 tuam
2097 1108 2168 1160 sic
2192 1116 2361 1160 notam
2387 1109 2509 1177 fac;
2539 1108 2639 1163 nisi
2678 1106 2948 1163 Christqu
2994 1117 3176 1173 tuum,
3217 1106 3282 1162 de
3308 1122 3413 1178 quo
3440 1106 3523 1161 di-

1932 1206 2075 1252 ctum
2101 1209 2181 1253 est
2204 1242 2218 1265 ,
2252 1199 2315 1253 Et
2345 1201 2603 1255 brachium
2634 1200 2837 1255 Domini
2864 1201 2945 1255 cui
2970 1199 3243 1255 revelatum
3272 1211 3341 1254 est
3370 1197 3522 1269 (Isai.

1934 1306 2022 1345 Lm
2045 1333 2059 1356 ,
2094 1291 2147 1363 1)
2172 1334 2185 1355 ,
2218 1293 2294 1346 sic
2320 1303 2500 1347 notum
2530 1292 2610 1347 fac
2630 1336 2644 1357 ,
2671 1302 2728 1348 ut
2750 1293 2802 1347 in
2827 1307 2892 1348 eo
2912 1291 3120 1346 discant
3148 1290 3333 1345 ﬁdeles
3361 1291 3429 1345 tui
3462 1306 3524 1345 ea

1934 1384 2103 1455 magis
2130 1399 2159 1437 a
2191 1394 2243 1440 te
2270 1399 2493 1455 poscere
2530 1394 2586 1440 et
2611 1400 2827 1456 sperare
2856 1384 3071 1455 prtemia
3118 1382 3240 1438 ﬁdei
3268 1398 3386 1453 qme
3417 1396 3523 1435 non

1932 1485 2193 1545 apparent
2224 1477 2274 1531 in
2303 1475 2496 1533 Vetere
2516 1477 2881 1544 Testamento,
2906 1478 2997 1531 sed
3023 1476 3328 1532 revelantur
3351 1474 3404 1529 in
3423 1473 3531 1528 No-

1935 1580 2035 1631 vo;
2069 1582 2136 1622 ne
2177 1568 2505 1624 arbitrentur
2535 1584 2629 1639 pro
2657 1584 2847 1639 magno
2875 1566 3172 1623 habendam
3202 1576 3258 1622 et
3299 1567 3523 1636 cupien-

1934 1656 2057 1712 dam
2083 1659 2165 1713 vel
2183 1658 2533 1715 adamaudam
2561 1675 2680 1716 esse
2706 1668 3036 1715 terrenorum
3064 1671 3126 1713 ac
3151 1658 3524 1727 temporalium

1934 1747 2195 1803 bonorum
2229 1748 2552 1815 felicitatem,
2586 1759 2640 1805 et
2664 1758 3101 1806 commoveantur
3125 1748 3289 1819 pedes
3312 1762 3524 1811 eorum,

1935 1857 2055 1897 cum
2082 1859 2198 1899 eam
2214 1844 2458 1900 viderent
2483 1854 2536 1899 et
2560 1846 2612 1899 in
2643 1844 2720 1900 eis
2747 1844 2835 1915 qui
2865 1853 2915 1898 te
2943 1859 3046 1897 non
3074 1843 3359 1905 colunt;et
3379 1855 3529 1912 gres-

1935 1950 2029 1991 sus
2057 1951 2241 1991 eorum
2268 1937 2609 1992 cﬂ'undautur
2633 1937 2686 1992 in
2732 1938 2937 2008 lapsum
2960 1978 2974 2001 ,
3002 1935 3129 1991 dum
3158 1936 3403 1991 nesciunt
3441 1934 3527 1989 di-

1936 2042 2218 2082 numerare
2246 2028 2376 2083 iram
2421 2027 2607 2083 tuam?
2636 2027 2871 2098 Denique
2896 2026 3189 2082 secundum
3222 2024 3357 2080 hanc
3398 2039 3526 2081 ora-

1938 2118 2137 2175 tionem
2166 2118 2397 2174 hominis
2423 2120 2541 2187 sui,
2572 2120 2649 2174 sic
2673 2128 2853 2174 notum
2887 2117 3011 2173 fecit
3034 2118 3302 2173 Christum
3331 2131 3485 2171 suum
3512 2156 3527 2181 ,

1937 2221 1995 2267 ut
2019 2213 2127 2267 suis
2155 2212 2493 2282 passionibus
2515 2212 2928 2276 demonstraret,
2951 2225 3055 2265 nou
3079 2226 3141 2264 ea
3169 2224 3386 2264 munera
3411 2224 3533 2277 qua

1936 2306 2184 2363 videntur
2207 2321 2400 2361 sonare
2429 2307 2481 2360 in
2508 2305 2703 2361 Vetere
2728 2305 3071 2360 Testamento
3089 2345 3105 2369 ,
3139 2302 3227 2357 ubi
3258 2310 3383 2357 sunt
3408 2318 3532 2356 um-

1938 2399 2047 2454 brae
2074 2397 2373 2454 futurorum
2395 2440 2410 2463 ,
2441 2397 2532 2453 sed
2563 2407 2758 2452 aeterna
2787 2412 2910 2452 esse
2952 2394 3396 2465 concupiscenda.
3426 2393 3533 2449 Po-

1939 2501 2045 2549 test
2082 2493 2137 2548 in
2167 2492 2269 2549 isto
2312 2507 2472 2549 sensu
2497 2492 2656 2547 etiam
2684 2492 2776 2546 Dei
2807 2490 3028 2546 dextera
3058 2490 3314 2559 intelligi,
3347 2489 3399 2542 iu
3425 2502 3532 2558 qua

1933 2586 2108 2657 justos
2150 2600 2277 2641 suos
2306 2585 2374 2640 ab
2403 2585 2580 2655 impiis
2624 2583 2923 2654 segregabit
2952 2602 2965 2636 :
3000 2583 3120 2652 quia
3151 2590 3205 2636 et
3252 2581 3365 2647 ipsa
3394 2580 3531 2636 bene

1938 2680 2016 2735 sic
2042 2679 2361 2745 innotescit,
2393 2693 2513 2733 cum
2544 2676 2772 2747 ﬂagellat
2800 2691 3014 2730 omnem
3060 2674 3225 2729 lilium
3256 2688 3414 2743 quem
3442 2685 3533 2727 re-

1937 2770 2099 2841 cipit,
2131 2786 2232 2827 nec
2273 2771 2325 2825 in
2355 2768 2587 2841 peccatis
2614 2768 2725 2823 suis
2757 2767 3058 2837 prosperari
3104 2765 3231 2821 sinit
3273 2765 3392 2835 plus
3419 2765 3531 2819 ira-

1938 2863 2171 2928 scendo,
2204 2863 2297 2919 sed
2328 2863 2380 2917 in
2412 2861 2853 2926 mansuetudine,
2889 2860 3104 2914 sinistra
3131 2860 3149 2890 ί
3182 2856 3447 2928 ﬂagellat,
3478 2863 3537 2911 ut

1939 2956 2278 3011 emendatum
2323 2954 2390 3009 ad
2435 2953 2719 3009 dexteram
2766 2960 2928 3023 ponat
2960 2950 3188 3023 (Matth.
3222 2964 3340 3003 xxv
3365 2988 3381 3014 ,
3426 2946 3534 3012 5‘2,

1939 3049 2072 3119 '53).
2126 3048 2193 3102 Et
2223 3047 2352 3102 illud
2384 3047 2524 3117 quod
2576 3046 2814 3117 plerique
2843 3045 3057 3101 codices
3105 3043 3340 3108 habent,
3394 3040 3536 3096 Dea:-

1941 3152 2097 3197 teram
2148 3150 2287 3194 tuam
2334 3150 2505 3194 notam
2553 3143 2634 3209 {ac
2677 3139 2803 3193 mihi
2834 3181 2848 3201 ,
2898 3136 2965 3192 ad
3015 3146 3300 3205 utrumque
3346 3131 3536 3188 referri

1942 3241 2154 3305 potest,
2187 3233 2304 3287 sive
2350 3232 2416 3286 ad
2465 3231 2731 3285 Christum
2756 3272 2771 3295 ,
2805 3228 2921 3283 sive
2962 3227 3028 3281 ad
3059 3235 3314 3281 adoratam
3364 3223 3536 3279 felici-

1942 3335 2103 3381 tatem
2140 3343 2152 3379 :
2186 3340 2307 3379 nam
2339 3324 2476 3377 Deus
2525 3322 2594 3377 ita
2646 3337 2751 3375 non
2804 3319 2963 3374 habet
3008 3318 3303 3387 corporalis
3353 3316 3538 3370 formae

1941 3416 2273 3481 dexteram,
2326 3413 2464 3470 sicut
2510 3428 2609 3470 nec
2662 3413 2796 3468 iram
2847 3408 3296 3468 commotionibus
3348 3408 3538 3463 turbu-

1943 3508 2164 3564 lentam.

2015 3602 2103 3656 15.
2135 3600 2287 3670 Quod
2318 3616 2444 3656 vero
2469 3598 2742 3670 adiungit,
2779 3598 2839 3651 Et
2871 3598 3177 3668 compeditos
3203 3598 3353 3651 corde
3374 3597 3428 3650 in
3456 3612 3541 3649 sa-

1945 3692 2132 3761 pientia
2152 3708 2171 3746 :
2194 3692 2280 3746 aiii
2303 3690 2516 3747 codices
2542 3704 2648 3745 non
2675 3688 2893 3751 habent,
2924 3688 3255 3758 compeditos,
3284 3685 3400 3749 sed,
3423 3702 3542 3739 eru-

1944 3785 2097 3839 ditos.
2127 3784 2363 3840 Verbum
2390 3784 2530 3838 enim
2557 3797 2793 3853 gnrcttm
2822 3782 2890 3835 ita
2931 3781 2985 3835 in
3014 3790 3236 3849 utraque
3272 3778 3541 3849 signiﬁca-

1946 3878 2092 3933 tione
2121 3878 2366 3933 similiter
2390 3885 2565 3942 sonat,
2587 3885 2643 3930 ut
2664 3890 2769 3931 una
2797 3873 3000 3945 syllaba
3020 3873 3291 3943 paululum
3310 3871 3539 3927 diﬂcrat.

1947 3970 2054 4026 Sed
2098 3986 2217 4025 cum
2250 3971 2322 4024 illi
2368 3969 2681 4025 erudiuntur
2708 3969 2761 4022 in
2806 3966 3063 4037 sapientia
3084 4007 3099 4031 ,
3130 3965 3219 4034 qui
3252 3963 3498 4031 injiciunt
3521 4004 3537 4029 ,

1946 4064 2085 4117 sicut
2110 4062 2365 4132 scriptum
2395 4070 2500 4123 est.
2530 4061 2703 4131 pedem
2730 4060 2784 4113 in
2812 4058 3076 4128 compedes
3106 4058 3215 4127 ejus
3249 4054 3434 4127 (Eccii.
3467 4072 3541 4121 γι,

1945 4154 2039 4227 25)
2068 4154 2195 4226 (non
2227 4155 2409 4224 utique
2434 4152 2623 4223 pedem
2649 4148 2890 4219 corporis
2912 4191 2926 4214 ,
2959 4150 3052 4204 sed
3084 4148 3273 4218 pedem
3299 4146 3500 4219 cordis)
3527 4190 3541 4211 ,

1948 4256 2002 4303 et
2029 4246 2145 4316 ejus
2161 4246 2306 4300 velut
2334 4244 2512 4301 aureis
2528 4243 2756 4299 vinculis
2782 4242 2967 4314 illigati
2985 4258 3012 4295 a
3031 4242 3115 4296 via
3136 4240 3229 4296 Dei
3258 4257 3361 4297 non
3389 4256 3545 4295 exor-

1949 4338 2119 4394 bitant
2139 4379 2152 4402 ,
2183 4353 2282 4392 nec
2309 4338 2440 4391 ﬁunt
2463 4336 2531 4391 ab
2554 4335 2645 4390 illo
2671 4333 2908 4406 fugitivi;
2938 4334 3217 4405 quodlibet
3242 4333 3431 4389 borum
3463 4333 3543 4388 le-

1948 4443 2122 4504 gatur,
2141 4434 2284 4487 salva
2311 4443 2393 4486 est
2413 4430 2673 4485 sententia
2701 4429 2959 4485 veritatis.
2983 4428 3048 4482 Et
3079 4428 3226 4497 ipsos
3250 4428 3389 4481 enim
3408 4442 3546 4481 cont-

1951 4524 2145 4595 peditos
2163 4565 2178 4589 ,
2205 4522 2290 4577 vel
2320 4521 2543 4575 eruditos
2570 4520 2720 4574 corde
2746 4520 2798 4573 in
2823 4520 3074 4588 sapientia
3104 4519 3183 4573 sic
3223 4528 3378 4572 notos
3408 4519 3545 4572 Deus

1950 4615 2076 4671 fecit
2120 4617 2169 4669 in
2196 4615 2345 4670 Novo
2374 4614 2716 4668 Testamento
2738 4654 2751 4677 ,
2780 4623 2840 4667 ut
2883 4628 2980 4683 pro
3009 4612 3113 4667 ﬁde
3141 4628 3299 4681 quam
3330 4611 3544 4666 Judzco-

1952 4726 2070 4765 rum
2102 4718 2155 4764 et
2195 4709 2482 4765 Gentilium
2512 4706 2873 4761 detestabatur
2898 4706 3177 4774 impietas,
3205 4704 3381 4759 omnia
3411 4717 3543 4756 con-

1953 4810 2284 4863 temnerent;
2316 4810 2370 4855 et
2398 4802 2476 4856 eis
2514 4816 2573 4855 se
2605 4798 2799 4870 privari
2830 4808 3168 4868 paterentur,
3203 4813 3320 4866 qua:
3352 4810 3542 4864 unigna

1952 4906 2141 4968 putant
2172 4895 2430 4966 promissa
2462 4896 2515 4949 in
2545 4893 2737 4950 Vetere
2764 4892 3112 4948 Testamento
3139 4889 3230 4960 qui
3260 4889 3548 4944 carnaliter

1946 4990 2206 5058 judicant.

2028 5082 2113 5136 H.
2147 5058 2295 5151 [cors
2332 5076 2443 5151 15.]
2478 5078 2543 5133 Et
2570 5076 2819 5150 quoniam
2846 5090 2965 5129 cum
2994 5075 3071 5129 sic
3091 5073 3199 5128 noti
3228 5072 3453 5136 ﬁerent,
3489 5083 3546 5127 ut.

1954 5172 2039 5226 illa
2084 5180 2518 5234 contemnerent,
2552 5179 2606 5224 et
2633 5166 2998 5224 desiderandis
3024 5164 3237 5219 :cternis
3282 5179 3375 5232 per
3419 5177 3546 5217 suae

1956 5265 2229 5334 passiones
2259 5262 2615 5317 testimonium
2645 5258 2988 5330 perhiberent
3018 5255 3182 5323 (unde
3202 5264 3254 5309 et
3282 5264 3444 5309 testes
3466 5256 3550 5310 di-

1952 5356 2024 5411 cti
2053 5365 2204 5414 sunt:
2230 5356 2309 5408 sic
2332 5354 2471 5407 enim
2498 5366 2670 5423 grmce
2697 5358 2957 5420 martyres
2984 5344 3361 5419 appellantur),
3382 5347 3549 5401 multa

1955 5456 2008 5501 et
2037 5447 2259 5501 multum
2290 5445 2425 5498 mala
2444 5454 2496 5497 et
2521 5442 2711 5497 acerba
2737 5441 3047 5509 temporalia
3066 5448 3393 5509 pertmerunt
3413 5456 3429 5508 ς
3449 5437 3557 5497 iam:

1954 5542 2179 5595 attendit
2225 5541 2323 5593 iste
2356 5538 2515 5592 homo
2548 5537 2673 5595 Dei.
2719 5543 2772 5589 et
2800 5534 3015 5603 spiritus
3066 5534 3413 5607 propheticus
3464 5554 3558 5605 per

1953 5634 2118 5704 Moysi
2152 5633 2461 5687 vocabulum
2512 5635 2764 5702 ﬁguratus
2786 5671 2800 5691 ,
2829 5637 2883 5683 et
2923 5634 2999 5688 ait
3034 5652 3045 5686 ;
3080 5634 3406 5695 conum-mg,
3443 5630 3553 5681 ου..

1954 5728 2119 5790 mine;
2155 5724 2449 5796 quousque?
2475 5733 2522 5778 et
2551 5722 2880 5794 deprecobiiis
2908 5735 3010 5781 esto
3039 5740 3191 5794 super
3216 5737 3385 5778 servos
3416 5708 3551 5779 tuos;

1989 5864 2050 5977 .
2074 5860 2206 5987 ξιιμ
2252 5860 2511 5921 sinistram.
2559 5858 2742 5938 Aliquot
2772 5868 2897 5923 uss,
2926 5856 3219 5917 antistium:
3253 5861 3306 5909 et
3343 5853 3557 5924 (ιυίὼιέο,

1989 5940 1998 5980 ι
2035 5940 2071 5978 tt.
2098 5936 2166 5983 Πε

1958 5936 2166 5983 ΜηιέιΠἮε
