4132 6466
605 374 743 433 1147

605 494 716 549 Vox
744 498 826 548 est
851 503 1034 547 eorum
1054 528 1067 554 ,
1098 485 1185 541 vel
1204 497 1309 555 ,pro
1334 481 1411 537 eis
1432 521 1446 547 ,
1491 479 1579 549 qui
1609 476 1772 532 multa
1793 518 1809 543 ,
1839 483 2193 547 persequente

602 588 706 643 isto
744 584 941 641 saeculo
961 624 975 648 ,
1007 579 1145 636 mala
1176 578 1462 647 tolerantes
1482 614 1496 639 ,
1528 572 1871 625 innotescunt
1910 566 2196 636 compediti

603 676 767 733 corde
794 677 844 729 in
874 671 1224 744 sapientia,ut
1247 683 1345 722 nec
1374 666 1533 720 tantis
1561 662 1716 719 malis
1738 660 1908 717 coacti
1936 658 2199 729 refugiant

606 785 635 825 a
668 767 889 822 Domino
914 764 979 819 ad
1009 762 1164 831 hujus
1190 758 1369 815 smculi
1414 759 1574 813 bona.
1602 753 1904 810 Secundum
1929 760 2107 805 autem
2135 750 2199 803 il-

605 860 692 916 lud
721 858 863 931 quod
904 856 1031 912 alibi
1065 857 1320 926 scriptum
1351 860 1463 917 est,
1499 850 1768 919 Quousque
1810 847 1993 901 avertis
2019 844 2203 914 [aciem

606 966 744 1009 tuam
773 971 804 1007 a
828 969 912 1009 me
939 950 1107 1023 (Psal.
1140 966 1236 1017 xu,
1267 946 1360 1021 l)?
1388 947 1561 1002 Etiam
1588 944 1691 1001 hoc
1712 942 1911 998 dictum
1936 948 2040 1006 est,
2069 938 2202 994 Con-

606 1058 826 1113 vertere,
859 1045 1110 1110 Domine;
1148 1041 1442 1116 quousque?
1473 1040 1538 1095 Et
1566 1048 1625 1095 ut
1652 1037 1822 1093 sciant
1851 1035 1940 1107 qui
1978 1034 2203 1089 multum

607 1142 932 1205 carnaliter‘
966 1140 1079 1196 Deo
1122 1137 1359 1197 tribuunt
1400 1133 1616 1191 humani
1658 1130 1900 1200 corporis
1931 1127 2159 1183 formam
2182 1167 2201 1193 ,

602 1236 943 1292 eversionem
962 1232 1138 1287 vultus
1163 1232 1278 1301 ejus
1304 1240 1356 1284 et
1385 1228 1789 1285 conversionem
1810 1238 1912 1279 non
1946 1221 2060 1276 ﬁeri
2086 1236 2206 1275 mo-

608 1340 665 1385 tu
696 1329 855 1385 simili
887 1327 1117 1384 motibus
1144 1323 1382 1396 corporis
1412 1322 1611 1386 nostri;
1636 1320 1688 1376 in
1721 1320 1823 1374 hoc
1844 1315 2038 1373 eodem
2060 1314 2205 1386 psal-

615 1440 703 1478 mo
728 1421 968 1479 recolant
995 1419 1270 1490 superiora
1304 1434 1316 1471 :
1349 1414 1577 1469 Posuisti
1606 1412 1893 1479 iniquitates
1925 1418 2124 1463 nostras
2154 1407 2207 1465 in

608 1524 882 1585 conspectu
911 1523 1018 1579 tuo,
1044 1511 1290 1567 strcttlum
1315 1518 1541 1563 nostrum
1570 1506 1623 1559 in
1649 1503 2019 1558 illuminatione
2042 1500 2209 1555 vultus

612 1612 710 1666 tui.
737 1607 1014 1677 Quomodo
1041 1621 1167 1677 ergo
1191 1604 1278 1659 hic
1300 1603 1460 1669 dicit,
1491 1599 1817 1664 Convertere,
1852 1606 1909 1653 ut
1935 1596 2005 1649 sit
2028 1594 2210 1666 propi-

616 1702 721 1757 tius
742 1743 757 1768 ,
788 1701 938 1771 quasi
967 1698 1153 1754 faciem
1184 1695 1463 1751 avertisset
1492 1694 1691 1755 iratus;
1718 1705 1839 1743 cum
1876 1687 1947 1742 ibi
1974 1687 2052 1741 sic
2078 1687 2209 1747 insi-

608 1803 746 1851 nuet
780 1793 972 1855 iratum
996 1835 1008 1856 ,
1040 1803 1095 1845 ut
1123 1806 1228 1847 non
1256 1786 1509 1843 averterit
1537 1784 1722 1839 faciem
1749 1783 1815 1837 ab
1844 1780 2212 1852 iniquitatibus

606 1897 673 1946 .et
699 1887 895 1943 sacculo
924 1901 1109 1941 corum
1138 1885 1330 1957 quibus
1361 1884 1681 1937 irasceretur
1701 1922 1715 1937 .
1746 1876 1837 1932 sed
1864 1891 1925 1931 ea
1954 1874 2133 1946 potius
2156 1875 2211 1929 in

612 1989 908 2050 conspectu
933 1993 1030 2036 suo
1054 1988 1105 2032 et
1133 1978 1187 2033 in
1216 1974 1605 2033 illuminatione
1627 1974 1801 2027 vultus
1828 1971 1906 2024 sui
1935 1970 2212 2040 posuerit?

610 2074 770 2147 Quod
788 2085 968 2130 autem
994 2075 1207 2139 dicitur,
1241 2086 1514 2144 quousque,
1543 2068 1764 2123 verbum
1790 2076 1871 2121 est
1898 2065 2099 2121 orantis
2121 2064 2208 2134 ju-

610 2169 803 2233 Astitiae,
826 2184 928 2222 non
958 2167 1279 2238 indignantis
1310 2163 1673 2234 in‘tpatientite.
1691 2162 1829 2216 Sane
1848 2158 1989 2230 quod
2018 2158 2101 2213 l-ic
2122 2172 2217 2227 po-

612 2260 781 2325 situm
809 2271 911 2327 est,
929 2259 1255 2331 dcprecabilis
1280 2267 1414 2320 esto;
1432 2256 1519 2311 alii
1542 2255 1761 2309 verbum
1783 2269 1814 2308 e
1835 2252 2019 2317 verbo,
2037 2252 2214 2321 depre-

616 2369 758 2420 care,
780 2352 1111 2423 interpretati
1133 2359 1275 2406 sunt.
1297 2349 1399 2407 Sed
1418 2350 1505 2419 qui
1528 2348 1622 2413 ait,
1642 2345 1972 2416 tlt'precabilis
1992 2353 2115 2409 esto,
2136 2343 2213 2396 vi-

620 2449 757 2507 tavit
770 2446 1075 2516 ambiguum
1092 2460 1107 2509 ;
1127 2445 1245 2515 quia
1263 2441 1536 2512 deprecari
1557 2455 1842 2495 commune
1860 2452 1941 2494 vet
1956 2436 2078 2493 bum
2097 2444 2177 2491 est
2195 2452 2209 2489 :

610 2557 744 2603 natu
764 2550 816 2595 et
842 2540 930 2594 ille
942 2537 1265 2609 deprecatur
1280 2536 1365 2607 qui
1384 2531 1817 2603 deprecationem
1847 2527 2036 2593 liuidit,
2054 2536 2108 2582 et
2125 2526 2215 2581 ille

614 2634 705 2689 eui
732 2632 1000 2697 lunditur;
1028 2630 1255 2686 dicimus
1280 2627 1422 2684 enim
1444 2668 1460 2694 ,
1493 2626 1760 2696 Deprecor
1786 2633 1838 2678 te
1857 2662 1872 2689 ,
1902 2631 1991 2690 et,
2016 2617 2213 2691 depreé

613 2734 874 2781 curate.

696 2817 783 2877 15.
810 2813 963 2889 (vero.
987 2815 1073 2879 14,
1096 2812 1207 2886 l5.)
1228 2812 1429 2869 Deinde
1456 2810 1543 2865 illa
1564 2810 1703 2865 bona
1718 2824 1837 2879 qum
1864 2807 2038 2864 futura
2066 2816 2211 2874 sunt,

620 2926 717 2981 spe
743 2912 1075 2981 anticipans,
1104 2918 1159 2965 et
1198 2907 1344 2962 velut
1362 2906 1475 2978 jam
1508 2906 1638 2963 laeta
1669 2902 1931 2971 deputans
1966 2919 1981 2955 :
2016 2901 2216 2969 Repleti

620 3023 815 3068 minus,
839 3004 1029 3075 inquit,
1049 3020 1195 3057 mane
1217 2999 1560 3057 misericordia
1587 3008 1691 3051 tua.
1722 2998 1860 3065 Ergo
1882 2994 1935 3052 in
1960 2993 2048 3051 bis
2072 2994 2217 3053 velut

612 3099 897 3155 arua-strtus
935 3095 1209 3153 laboribus
1237 3105 1290 3149 et
1315 3093 1587 3149 doloribus
1617 3089 1893 3160 pI-Ophetia
1924 3088 2079 3143 nobis
2122 3102 2216 3142 ace-

614 3200 780 3247 censa
809 3201 925 3256 est,
956 3191 1095 3244 sicut
1130 3190 1343 3245 lucerna
1374 3188 1427 3242 in
1454 3185 1683 3240 obscuro
1710 3183 1825 3238 loco
1845 3223 1861 3249 ,
1902 3181 2075 3237 donec
2100 3179 2217 3235 dies

624 3285 873 3347 lucescat,
897 3293 951 3337 et
979 3281 1168 3337 lucifer
1188 3280 1387 3335 oriatur
1416 3279 1469 3334 in
1495 3276 1746 3333 cordibus
1770 3274 2050 3343 uostris(ll
2072 3272 2215 3328 Petr.

620 3392 674 3441 ι,
705 3378 815 3447 19).
847 3375 995 3431 Beati
1026 3375 1168 3429 enim
1213 3374 1397 3428 mundi
1427 3370 1622 3437 corde,
1652 3370 1775 3439 quia
1816 3368 1913 3439 ipsi
1944 3370 2108 3422 Deum
2136 3366 2217 3420 vi,

621 3471 843 3525 debunt.
891 3470 1041 3524 'l‘unc
1072 3468 1416 3538 replebuntur
1442 3481 1507 3522 eo
1534 3466 1674 3520 bono
1698 3464 1825 3535 justi
1849 3506 1864 3530 ,
1909 3464 2050 3533 quod
2079 3477 2219 3517 nunc

616 3564 863 3621 esuriant
885 3572 941 3618 et
984 3563 1168 3616 sitiunt
1192 3560 1408 3632 (Matth.
1443 3575 1511 3625 ν,
1542 3558 1577 3614 8
1597 3600 1611 3625 ,
1646 3556 1737 3627 6),
1768 3572 1890 3612 cum
1920 3571 2015 3626 per
2060 3554 2217 3611 ﬁdem

616 3657 956 3714 ambulantes
999 3653 1404 3724 peregrinantur
1431 3668 1460 3705 a
1496 3652 1719 3706 Domino
1750 3649 1835 3721 (ll
1866 3648 1983 3703 Cor.
2013 3665 2076 3711 v,
2119 3648 2152 3702 6
2173 3646 2214 3719 ).

624 3749 774 3806 Unde
800 3757 854 3803 et
880 3747 1004 3803 illud
1030 3747 1247 3813 dicitur,
1276 3744 1510 3818 Beplebis
1533 3761 1612 3799 me
1636 3743 1812 3798 laetitia
1834 3759 1949 3796 cum
1969 3743 2107 3796 vultu
2131 3750 2219 3795 tuo

619 3843 808 3917 (Psal.
857 3859 956 3909 xv,
990 3840 1119 3913 11).
1154 3842 1304 3895 Mane
1342 3839 1598 3895 astabant
1618 3848 1674 3893 et
1708 3837 2220 3907 contemplabuntur

618 3938 788 4011 (Prol.
820 3955 850 3993 v
872 3982 886 4005 ,
919 3938 1014 4007 5);
1047 3945 1134 4001 et,
1164 3936 1301 3991 sicut
1324 3935 1415 3989 alii
1454 3932 1707 3987 dixerunt
1730 3931 2051 4000 interpretes
2070 3972 2084 3994 ,
2110 3929 2217 3984 Sa-

615 4034 727 4089 tiati
757 4049 932 4087 sumus
957 4048 1108 4086 mane
1144 4028 1488 4086 misericordia
1515 4035 1637 4093 tua,
1684 4037 1813 4082 tunc
1838 4025 2171 4082 satiabuntur
2198 4044 2214 4080 :

616 4127 753 4181 sicut
776 4127 921 4181 enim
948 4125 1077 4183 alibi
1104 4124 1197 4189 ait,
1230 4123 1488 4185 Satiabor,
1522 4120 1643 4175 dum
1673 4119 2074 4190 manifestabitur
2101 4118 2216 4190 glo-

616 4224 694 4276 ria
724 4232 809 4276 tua
836 4222 855 4292 (
884 4220 1027 4274 Psal.
1072 4234 1161 4274 xvr
1181 4261 1194 4282 ,
1226 4220 1292 4274 i5
1318 4216 1354 4287 ).
1386 4216 1537 4273 Unde
1571 4215 1765 4269 dicitur
1784 4255 1797 4278 ,
1831 4215 2050 4268 Ostende
2077 4216 2218 4271 nobis

621 4314 848 4379 Patrem,
870 4323 914 4367 et
929 4312 1113 4383 sufﬁcit
1141 4312 1281 4364 nobis
1296 4329 1313 4373 ;
1331 4318 1490 4380 atque
1515 4307 1631 4376 ipse
1648 4306 1904 4360 Dominus
1922 4307 2015 4371 ait,
2038 4306 2217 4360 Osten-

616 4409 736 4462 dam
761 4407 1004 4476 meipsum
1031 4405 1115 4458 illi
1138 4401 1322 4474 (Joan.
1354 4417 1464 4466 xw,
1490 4400 1544 4466 8,
1565 4396 1660 4471 2|)
1694 4414 1707 4450 :
1740 4398 1883 4468 quod
1909 4399 2080 4453 donec
2103 4399 2211 4463 ﬁat,

616 4500 745 4557 nihil
775 4498 898 4552 boui
929 4496 1087 4550 nobis
1121 4494 1350 4557 sufﬁcit;
1382 4506 1485 4546 nec
1513 4490 1758 4545 sufﬁcere
1785 4490 1976 4550 debet.
2024 4506 2091 4545 ne
2118 4490 2215 4545 de-

614 4592 871 4649 siderium
903 4597 1151 4644 nostrum
1184 4587 1239 4641 in
1266 4586 1351 4639 via
1384 4591 1685 4646 remaneat,
1715 4582 1855 4652 quod
1884 4581 2053 4637 donec
2095 4597 2218 4653 per-

616 4686 794 4747 veniat
831 4680 1232 4738 extendendum
1262 4686 1363 4734 est.
1400 4676 1600 4745 Repleti
1629 4691 1802 4729 smnus
1830 4691 1977 4727 mane
2019 4674 2218 4729 miseri-

616 4778 789 4833 cordia
815 4787 933 4839 lua;
950 4783 994 4827 et
1023 4771 1403 4836 exsitltauimns,
1427 4780 1474 4823 et
1499 4768 1765 4838 jucundati
1786 4784 1960 4822 sumus
1980 4769 2000 4799 ⁸
2031 4768 2084 4820 in
2110 4784 2219 4821 om-

618 4872 763 4925 nibus
787 4868 963 4922 diebus
989 4865 1196 4919 nostris.
1221 4864 1347 4917 Dies
1371 4861 1480 4925 ille,
1501 4860 1619 4916 dies
1642 4869 1723 4915 est
1749 4862 1865 4914 sine
1890 4858 2014 4915 ﬁne.
2047 4858 2219 4916 Simul

618 4976 739 5020 sunt
784 4962 860 5017 illi
892 4974 1083 5015 omnes
1126 4958 1276 5022 dies;
1307 4956 1428 5011 idco
1454 4956 1666 5010 satiant.
1699 4953 1810 5007 Non
1857 4954 1997 5007 enim
2029 4968 2217 5009 succe-

617 5059 867 5115 dentibus
907 5054 1141 5115 cedtmt,
1188 5049 1275 5105 ubi
1304 5062 1411 5103 neu
1439 5058 1521 5104 est
1560 5046 1754 5117 aliquid
1795 5045 1938 5115 quod
1983 5060 2090 5100 non
2120 5061 2216 5101 ve-

621 5150 819 5204 niendo
845 5146 1083 5201 nondum
1110 5144 1212 5206 sit,
1244 5151 1297 5195 et
1325 5140 1589 5196 veniendo
1624 5139 1733 5209 jam
1761 5153 1867 5191 non
1899 5138 1985 5191 sit.
2018 5137 2217 5192 Omnes

622 5241 780 5294 cium]
808 5248 955 5304 sunt,
974 5237 1095 5307 quia
1128 5248 1263 5289 unus
1285 5241 1368 5288 est
1391 5232 1480 5303 qui
1508 5239 1612 5286 stat
1635 5239 1690 5285 et
1716 5244 1820 5283 non
1849 5230 2075 5283 transit:
2104 5231 2217 5299 ipsa

618 5347 704 5392 est
731 5332 1023 5389 aeternitas.
1051 5331 1112 5385 Hi
1138 5339 1261 5384 sunt
1288 5328 1405 5383 dies
1428 5326 1497 5381 de
1522 5325 1711 5395 quibus
1741 5322 1971 5377 dicitur:
2000 5322 2127 5390 Quis
2146 5332 2219 5377 est

622 5432 772 5484 homo
798 5428 885 5499 qui
918 5425 1023 5481 vult
1058 5425 1208 5479 vitam
1230 5466 1244 5491 ,
1273 5433 1321 5478 et
1349 5421 1513 5493 diligit
1540 5420 1705 5473 videre
1732 5420 1834 5472 dies
1859 5417 2015 5471 bonos
2044 5415 2215 5489 (Psal.

620 5538 810 5589 χχχιιι,
846 5519 975 5591 15)⁴(
1007 5519 1065 5574 lli
1094 5519 1207 5573 dies
1235 5526 1287 5572 et
1317 5516 1422 5570 alio
1452 5516 1569 5569 loco
1592 5513 1715 5566 anni
1747 5512 2101 5582 appellantur,
2128 5510 2216 5566 ubi

612 5620 734 5673 illeo
758 5616 955 5672 dicitur
978 5632 991 5668 :
1015 5612 1095 5667 Tu
1124 5620 1288 5665 autem
1310 5608 1443 5662 idem
1468 5607 1578 5676 ipse
1605 5622 1676 5669 es,
1698 5615 1743 5659 et
1767 5604 1888 5658 anni
1916 5605 1985 5658 lui
2009 5620 2109 5658 non
2129 5605 2219 5659 de-

610 5715 816 5785 .ﬁcient.
846 5711 963 5767 Non
990 5708 1131 5764 enim
1160 5704 1286 5760 anni
1313 5711 1437 5759 sunt
1462 5700 1554 5772 qui
1600 5713 1698 5770 pro
1724 5697 1889 5753 nihilo
1912 5696 2175 5754 habentur
2196 5737 2213 5764 ,

686 5876 705 5909 ι
732 5873 826 5922 Ὴὶε
848 5872 898 5920 in
924 5866 1038 5918 Edd.
1064 5863 1268 5920 additur,
1294 5857 1563 5922 sapientes;
1583 5854 1712 5919 quod
1736 5866 1763 5903 a
1782 5861 1887 5903 Mss.
1914 5854 2071 5904 abest.

665 5929 737 5967 ⁸⁸⁸
748 5935 909 5986 t'lures
937 5940 1059 5987 uss,
1082 5924 1301 5975 delectati
1326 5933 1501 5970 sumus.

1844 360 1906 413 S.
1948 355 2317 417 AUGUSTINI
2358 357 2659 417 EI’ISCOPI

3744 366 3871 427 1118

2305 482 2397 529 aut
2423 474 2535 530 dies
2561 482 2686 530 sunt
2711 474 2797 545 qui
2821 475 2958 532 sicut
2983 475 3167 532 umbra
3194 474 3593 535 declinaverunt
3615 477 3781 553 (Prol.
3808 498 3871 546 at.

2304 566 2374 623 38
2395 611 2407 635 ,
2445 567 2533 638 12)
2570 586 2583 623 :
2616 567 2709 622 sed
2753 568 2868 624 dies
2898 578 3023 624 sunt
3051 569 3139 641 qui
3169 578 3328 637 sunt,
3357 586 3579 641 quorum
3611 589 3870 633 numerum

2307 670 2490 719 notum
2534 663 2632 717 sibi
2665 662 2778 718 ﬁeri
2823 663 3140 735 precabatur
3169 666 3256 735 qui
3294 665 3538 733 dicebat,
3588 666 3777 722 Notum
3805 675 3874 742 fac

2308 755 2451 819 milii,
2472 754 2707 827 Domine,
2729 756 2878 824 ﬁnem
2907 752 3071 810 meum
3093 755 3221 827 (quo
3244 758 3601 827 perveniendo
3631 775 3872 830 maneam,

2306 856 2363 901 ct
2392 846 2525 902 nihil
2557 848 2778 903 ulterius
2814 849 2924 918 jam
2950 851 3279 921 requiram),
3309 860 3355 903 et
3398 868 3659 905 numerum
3703 854 3878 911 dierum

2310 957 2533 1001 meorum
2557 942 2773 1013 quiest;
2802 943 2983 1012 utique
3011 944 3099 1015 qui
3127 954 3197 997 est
3219 986 3233 1009 ,
3264 960 3367 998 non
3396 945 3484 1014 qui
3511 961 3612 1000 non
3643 956 3741 1001 est.
3762 949 3877 1017 Quia

2310 1033 2428 1090 dies
2456 1035 2577 1102 isti,
2620 1034 2687 1090 de
2714 1035 2909 1105 quibus
2938 1046 2991 1091 et
3017 1036 3125 1092 illic
3148 1046 3544 1108 consequenter
3566 1039 3726 1107 dicit,
3769 1041 3882 1098 Ecce

2308 1136 2496 1183 celeres
2520 1127 2731 1197 posuisti
2765 1128 2871 1182 dies
2898 1145 3033 1182 meos
3054 1127 3077 1199 (
3102 1126 3245 1185 Paul.
3278 1146 3513 1196 xxxvru,
3544 1132 3576 1186 5
3598 1174 3611 1196 ,
3641 1134 3747 1204 6),
3786 1151 3879 1193 non

2313 1229 2471 1287 sunt,
2494 1220 2620 1291 quia
2650 1235 2753 1276 non
2783 1229 2958 1288 stant,
3006 1237 3113 1277 non
3140 1232 3388 1287 manent,
3421 1224 3700 1280 celerrima
3727 1239 3881 1282 muta-

2316 1310 2518 1373 bilitate
2544 1320 2946 1379 transcurrunt;
2970 1328 3070 1369 nec
3101 1330 3203 1368 una
3231 1315 3360 1369 hora
3385 1314 3438 1369 in
3468 1316 3548 1371 eis
3574 1317 3826 1374 invenitur
3839 1323 3881 1376 in

2315 1421 2418 1475 qua
2464 1405 2533 1458 ita
2565 1406 2765 1471 simus,
2798 1414 2855 1461 ut
2900 1421 3005 1459 non
3035 1405 3137 1461 alia
3180 1421 3306 1471 pars
3334 1406 3449 1477 ejus
3482 1410 3774 1480 transierit,
3798 1413 3883 1469 alia

2316 1508 2538 1553 ventura
2566 1499 2670 1565 sit,
2694 1499 2843 1561 nulla
2871 1507 2977 1555 stet
3019 1508 3077 1554 ut
3119 1498 3209 1555 sit.
3242 1500 3321 1555 Illi
3347 1509 3524 1557 autem
3551 1504 3674 1558 anni
3714 1517 3764 1560 ct
3786 1506 3885 1562 dies

2316 1608 2424 1649 non
2464 1593 2738 1659 deiiciunt,
2769 1594 2824 1651 in
2845 1594 3037 1664 quibus
3063 1609 3164 1650 uec
3188 1609 3287 1650 nos
3315 1594 3642 1664 deficiemus,
3670 1599 3761 1655 sed
3786 1602 3885 1657 sine

2316 1689 2526 1749 delectu
2545 1689 2864 1744 rel‘teiemur.
2886 1690 3157 1744 Exsestuet
3174 1690 3349 1744 anima
3367 1699 3550 1745 nostra
3574 1691 3774 1747 illorum
3791 1693 3885 1750 die-

2318 1798 2437 1837 rum
2463 1782 2765 1849 dcsiderio,
2795 1782 2941 1839 sitiat
2968 1782 3222 1839 ardenter
3263 1793 3419 1855 atque
3446 1785 3812 1857 vehementer;
3839 1803 3886 1847 ut

2320 1875 2432 1931 illic
2450 1874 2770 1945 repleamur,
2790 1875 2861 1930 ibi
2876 1876 3151 1939 satiemur,
3174 1876 3242 1931 ibi
3260 1877 3500 1932 dicamus
3517 1879 3657 1948 quod
3680 1880 3758 1935 hic
3772 1897 3884 1952 pue-

2320 1967 2548 2024 dieimus
2568 1986 2580 2021 :
2600 1967 2790 2022 Solimi
2815 1985 2991 2023 sumus
3006 1970 3510 2024 manemisericordia
3540 1980 3717 2035 tua;et
3744 1974 3885 2027 exsiti-

2316 2061 2557 2127 tavimus,
2571 2070 2618 2114 et
2627 2060 2900 2131 jucundati
2914 2078 3088 2115 sumus
3098 2064 3151 2115 in
3163 2061 3392 2116 omnibus
3407 2063 3582 2117 diebus
3598 2066 3785 2119 nostris.
3800 2065 3885 2121 ιω.

2322 2155 2415 2207 tuti
2440 2171 2614 2209 smnus
2643 2172 2735 2223 pro
2752 2154 2926 2208 diebus
2936 2152 3118 2224 quibus
3138 2172 3229 2209 nos
3258 2155 3558 2225 ltuntiliosti,
3579 2160 3721 2212 annis
3736 2159 3886 2229 quibus

2321 2247 2538 2302 vidimus
2567 2248 2723 2301 mala.

2396 2340 2483 2396 16.
2517 2339 2667 2413 (vers.
2702 2340 2812 2414 16.]
2844 2341 2994 2397 Nunc
3021 2350 3200 2396 autem
3230 2342 3283 2397 in
3329 2341 3521 2398 diebus
3546 2342 3719 2400 adhuc
3758 2345 3884 2400 mali-

2314 2435 2441 2503 gnis
2467 2433 2706 2489 dicamus
2728 2434 2869 2505 quod
2900 2434 3141 2505 sequitur
3165 2453 3177 2488 :
3202 2434 3272 2489 Et
3298 2435 3491 2506 respice
3510 2452 3567 2490 ιη
3594 2452 3753 2492 servos
3776 2448 3884 2503 tuos,

2322 2536 2371 2579 et
2397 2526 2449 2579 in
2474 2542 2626 2597 Opera
2655 2536 2758 2581 tua.
2781 2526 2884 2597 ipsi
2911 2526 3055 2582 enim
3070 2527 3212 2583 servi
3236 2528 3313 2582 tui
3340 2542 3505 2598 opera
3535 2537 3626 2585 tua
3652 2539 3885 2594 sunt,non

2320 2618 2496 2673 solum
2524 2629 2581 2673 ut
2607 2618 2853 2675 homines
2882 2620 3011 2685 sint,
3039 2620 3138 2677 sed
3162 2622 3323 2676 etiam
3346 2629 3408 2675 ut
3432 2621 3543 2676 sint
3574 2624 3709 2679 servi
3737 2624 3819 2688 tui,
3845 2624 3884 2679 id

2318 2718 2408 2765 est
2430 2710 2741 2766 obedientes
2761 2711 2925 2781 jussis
2954 2712 3077 2767 tuis.
3115 2713 3285 2783 Ipsius
3304 2714 3450 2769 enim
3480 2728 3667 2771 sumus
3696 2716 3885 2786 ﬁgmen-

2325 2810 2457 2865 tum,
2487 2818 2591 2856 non
2619 2802 2793 2857 solum
2826 2803 2878 2857 in
2906 2803 3095 2868 Adam,
3120 2804 3214 2859 sed
3244 2806 3404 2860 etiam
3432 2809 3605 2862 creati
3631 2808 3681 2863 in
3705 2808 3886 2863 Christo

2322 2896 2449 2951 Jesu
2471 2936 2484 2960 ,
2516 2896 2569 2949 in
2602 2896 2859 2965 operibus
2886 2896 3070 2963 bonis,
3108 2912 3232 2968 quae
3258 2902 3588 2969 praeparavit
3619 2902 3749 2956 Deus
3775 2902 3884 2956 utin

2320 2988 2429 3041 illis
2451 2988 2784 3043 ambulemus
2802 2987 3020 3059 (Ephes.
3050 3005 3109 3055 ιι,
3129 2987 3240 3063 10).
3263 2990 3505 3045 Deusest
3528 2994 3669 3047 enim
3690 2994 3768 3064 qui
3784 3007 3887 3062 ope—

2326 3090 2475 3134 ratur
2500 3080 2552 3133 in
2581 3081 2739 3134 nexilis
2762 3088 2817 3135 et
2843 3082 2979 3137 velle
3002 3090 3059 3137 et
3083 3083 3295 3152 operari
3315 3123 3329 3147 ,
3356 3097 3453 3153 pro
3479 3085 3623 3139 bona
3650 3085 3885 3139 voluntate

2326 3173 2583 3244 (Philipp.
2617 3191 2685 3237 ιι,
2720 3174 2831 3246 15).
2864 3173 2928 3229 Et
2952 3176 3117 3245 dirige
3145 3176 3277 3244 ﬁlios
3306 3192 3483 3231 eorum
3512 3193 3531 3232 :
3566 3186 3623 3232 ut
3649 3179 3749 3233 sint
3782 3176 3886 3232 recti

2325 3268 2507 3333 corde,
2529 3267 2719 3337 quibus
2732 3267 2909 3322 bonus
2929 3277 3011 3323 est
3033 3269 3197 3325 Deus.
3219 3269 3398 3324 Bonus
3415 3270 3560 3325 enim
3582 3271 3715 3326 Deus
3733 3268 3882 3333 lsra‘el,

2326 3359 2420 3414 sed
2445 3360 2601 3415 rectis
2618 3359 2798 3415 corde.
2816 3360 2932 3415 Non
2946 3361 3091 3416 sicut
3110 3362 3201 3416 ille
3216 3362 3301 3415 cui
3316 3362 3578 3418 commoti
3594 3371 3718 3418 sunt
3732 3361 3883 3433 pedes,

2326 3450 2447 3520 quia
2497 3466 2681 3520 pacem
2730 3460 3069 3522 peccatorum
3100 3453 3324 3508 intuenti
3370 3453 3660 3523 diSplieere
3685 3460 3886 3524 crispent

2326 3543 2467 3598 Deus
2488 3584 2502 3609 ,
2532 3544 2683 3614 quasi
2711 3544 2810 3598 ista
2844 3545 3094 3601 nesciens
3114 3586 3127 3612 ,
3160 3546 3310 3615 quasi
3350 3545 3452 3600 ista
3473 3558 3589 3602 non
3617 3559 3823 3611 curans,
3845 3554 3887 3598 et

2317 3637 2393 3691 .ab
2418 3636 2636 3690 hmnani
2668 3637 2882 3708 generis
2904 3636 3293 3707 gubernatione
3310 3639 3332 3677 ‘
3358 3637 3707 3694 dissimulans
3743 3636 3882 3709 (Ptol.

2326 3746 2465 3785 Lxxu
2489 3772 2503 3794 ,
2540 3730 2623 3784 1-1
2638 3729 2712 3801 ti).

2397 3822 2484 3877 17.
2516 3820 2664 3894 [νινε.
2696 3819 2807 3893 17.]
2832 3821 2898 3875 Et
2916 3822 2982 3876 sit
3006 3822 3245 3892 splendor
3272 3821 3479 3877 Domini
3502 3821 3605 3879 Dei
3640 3824 3785 3878 nostri
3814 3836 3883 3876 suc

2324 3931 2415 3984 per
2444 3931 2555 3968 nos.
2588 3914 2739 3969 Unde
2765 3914 2957 3970 dicitur
2980 3954 2995 3981 ,
3027 3915 3301 3986 Sigumm
3340 3926 3416 3971 est
3436 3932 3597 3988 super
3623 3934 3710 3972 nos
3746 3918 3884 3971 lumen

2318 4009 2491 4064 uultus
2513 4010 2605 4077 tui,
2639 4008 2853 4064 Domine
2878 4008 3049 4083 (Psal.
3079 4024 3152 4075 ιν,
3176 4010 3254 4081 ⁸1).
3285 4009 3353 4064 Et
3374 4027 3528 4081 opera
3546 4027 3784 4066 manuum
3808 4026 3881 4061 na-

2322 4112 2544 4156 straram
2566 4101 2724 4173 dirige
2746 4118 2901 4171 super
2922 4116 3015 4156 nos
3036 4118 3056 4156 :
3071 4112 3130 4156 ut
3148 4113 3254 4156 non
3280 4116 3340 4156 ea
3362 4115 3461 4171 pro
3483 4116 3663 4157 rerum
3683 4112 3882 4155 terrena-

2320 4212 2441 4251 rum
2474 4196 2720 4251 mercede
2754 4195 3011 4250 i‘aciamos
3045 4211 3060 4260 ;
3090 4204 3219 4249 tunc
3246 4195 3389 4250 enim
3418 4208 3523 4250 non
3548 4196 3743 4250 directa
3769 4236 3779 4258 ,
3808 4189 3880 4246 sed

2320 4306 2483 4345 curva
2523 4298 2666 4345 sunt.
2692 4289 2806 4343 Huc
2822 4303 2992 4357 usque
3014 4289 3277 4358 psalmum
3308 4288 3464 4342 istum
3510 4290 3663 4343 multi
3706 4286 3880 4341 codices

2319 4383 2555 4448 habent;
2578 4382 2672 4438 sed
2696 4383 2746 4435 in
2774 4381 3044 4435 nonnullis
3070 4382 3266 4451 legitur
3300 4382 3438 4436 alius
3463 4382 3681 4436 ultimus
3705 4391 3877 4439 versus,

2324 4477 2393 4531 Et
2420 4494 2547 4547 opus
2580 4493 2820 4530 manuum
2846 4485 3133 4528 nostrarum
3156 4476 3337 4546 dirige.
3366 4474 3459 4529 Cui
3485 4476 3656 4531 versui
3694 4473 3878 4541 (inigen-

2322 4580 2406 4627 tes
2444 4581 2499 4626 et
2532 4570 2675 4625 docti
2722 4576 3019 4639 pramotaut
3064 4568 3303 4633 stellam,
3336 4582 3471 4638 quos
3496 4569 3772 4623 asteriscos
3798 4578 3875 4614 vo-

2324 4673 2448 4719 cant
2471 4707 2484 4729 ,
2514 4662 2704 4732 quibus
2752 4660 3052 4732 signiﬁcant
3087 4674 3150 4715 ea
3194 4676 3315 4730 qua}
3344 4662 3395 4715 in
3420 4661 3639 4715 bebrmo
3683 4659 3757 4712 vel
3783 4655 3876 4709 aliis

2325 4755 2707 4826 interpretibus
2734 4754 2921 4825 grzecis
2950 4752 3308 4822 reperiuntur,
3344 4753 3394 4807 in
3421 4753 3748 4824 Septuaginta
3771 4758 3873 4802 vero

2326 4847 2762 4918 interpretatione
2788 4860 2899 4900 non
2950 4854 3091 4898 sunt.
3123 4844 3293 4910 Quem
3346 4858 3561 4898 versum
3590 4844 3635 4899 si
3686 4841 3877 4897 velimus

2323 4958 2613 5013 exponere,
2640 4942 2690 4995 id
2718 4940 2845 4994 mihi
2870 4939 3082 4995 videtur
3096 4938 3295 4993 habere
3316 4939 3612 5004 sententiae,
3639 4934 3765 5007 quod
3785 4946 3877 4987 0m-

2324 5038 2411 5093 nia
2454 5038 2590 5092 bona
2636 5050 2795 5106 opera
2837 5043 3040 5099 nostra,
3073 5047 3235 5087 unum
3283 5032 3419 5101 opus
3468 5041 3554 5087 est
3590 5024 3873 5087 charitatis:

2322 5129 2598 5201 plenitudo
2629 5128 2771 5185 enim
2796 5125 2953 5197 Legis
2977 5124 3207 5180 Charitas
3256 5124 3431 5197 (Rom.
3464 5138 3555 5178 xm
3588 5165 3601 5189 ,
3637 5118 3738 5186 10).
3766 5114 3875 5170 Nam

2325 5224 2601 5294 superiore
2640 5236 2801 5278 versu
2830 5234 2953 5276 cum
2996 5217 3240 5280 dixisset,
3276 5215 3345 5269 Et
3370 5230 3526 5286 opera
3558 5223 3781 5268 manum
3803 5216 3877 5258 no-

2324 5326 2541 5373 strarttm
2570 5315 2734 5388 dirige
2754 5328 2909 5385 super
2948 5328 3082 5377 nos;
3106 5312 3217 5366 isto
3261 5311 3449 5365 ultimo
3479 5323 3584 5364 non
3610 5312 3774 5377 opera,
3794 5295 3873 5355 sed

2326 5428 2455 5485 Opus
2487 5412 2620 5467 dixit
2643 5424 2884 5465 manuum
2906 5414 3197 5463 nostrarum
3221 5405 3384 5477 dirige
3411 5406 3693 5475 :tanquam
3718 5396 3875 5485 ultimo

2326 5522 2483 5563 versu
2506 5506 2694 5561 volens
2721 5504 3005 5561 ostendere
3030 5504 3145 5575 ipsa
3166 5510 3329 5573 opera
3345 5515 3511 5556 unum
3537 5510 3667 5570 opus
3688 5498 3812 5555 esse,
3825 5481 3872 5539 id

2326 5611 2430 5669 est,
2458 5600 2523 5655 ad
2542 5615 2704 5655 unum
2727 5597 3053 5669 opusdirigi.
3083 5596 3230 5652 Tunc
3246 5594 3387 5650 enim
3410 5602 3553 5650 recta
3581 5595 3697 5647 sunt
3716 5590 3871 5654 ορεηι.

2322 5710 2445 5752 cum
2467 5694 2534 5749 ad
2558 5693 2699 5749 hunc
2722 5707 2886 5749 unum
2914 5690 3076 5748 ﬁnem
3100 5689 3437 5761 diriguntur:
3466 5685 3584 5742 ﬁnis
3607 5682 3736 5739 enim
3752 5682 3871 5748 ιπωο

2323 5792 2464 5865 cepti
2493 5799 2575 5847 est
2596 5787 2829 5845 charitas
2848 5786 2918 5843 de
2944 5784 3107 5844 corde
3126 5798 3281 5858 puro,
3309 5792 3364 5841 et
3392 5774 3704 5839 conscientia
3726 5766 3870 5830 Mi,

2392 5909 2403 5939 ε
2440 5903 2663 5968 Plerique
2682 5908 2809 5956 uss.
2834 5906 2877 5953 rt
2897 5903 2956 5951 ab
2979 5899 3187 5950 humana
3208 5895 3511 5956 generatione
3526 5884 3816 5945 dissimulam-
