4132 6444
275 324 427 382 1149

271 445 339 492 et.
370 434 478 491 ﬁde
502 447 608 488 non
634 430 758 485 ﬁcta
785 425 846 499 (ι
870 422 1006 480 Tim.
1037 439 1090 490 I,
1122 422 1155 479 5
1175 420 1219 495 ).
1246 419 1394 491 Opus
1418 431 1545 489 ergo
1572 430 1735 469 unum
1762 420 1846 468 est
1864 454 1881 477 ,

272 532 338 589 in
365 545 471 602 quo
499 535 622 583 sunt
646 522 827 580 omnia
848 561 865 589 ,
898 517 1029 575 ﬁdes
1059 533 1177 588 quae
1201 531 1297 588 per
1324 512 1662 570 dilectionem
1691 524 1884 602 opera-

279 600 428 695 ιιιιί(
452 620 623 677 Galat.
658 633 709 685 v,
741 614 816 686 6)
843 632 857 669 :
882 611 1026 667 unde
1047 609 1205 665 etiam
1230 607 1485 662 Dominus
1510 603 1563 659 in
1595 600 1885 671 Evangelia

271 719 433 782 dicit,
482 713 599 768 Hoc
627 720 699 767 est
738 725 865 780 apus
899 706 1013 771 Dei,
1040 714 1094 760 ut
1142 703 1359 759 credatis
1392 703 1445 763 in
1483 717 1596 756 eum
1624 715 1770 769 quem
1796 696 1884 753 ille

272 813 421 866 misit
449 808 627 880 (Joau.
658 821 735 872 τι,
763 804 833 861 ‘29
853 800 895 875 ).
923 799 1055 856 Cum
1083 814 1211 870 ergo
1238 798 1291 852 in
1315 796 1418 852 isto
1439 795 1667 867 psalmo,
1692 803 1746 849 et
1776 793 1882 847 vita

269 915 440 960 vetus
467 912 518 957 et
555 904 656 955 vita
688 912 845 960 nova,
866 903 921 951 et
954 894 1061 949 vita
1091 891 1329 947 mortalis
1367 899 1420 946 et
1444 889 1550 944 vita
1581 887 1777 956 vitalis,
1826 894 1884 943 et

268 996 410 1051 anni
438 996 527 1065 qui
559 1008 652 1062 pro
676 989 844 1046 nihilo
870 987 1134 1042 habentur
1157 993 1211 1041 et
1230 983 1345 1038 dies
1370 981 1628 1037 habentes
1653 979 1883 1050 plenitu-

267 1090 465 1145 dinem
494 1082 873 1142 misericordia:
900 1094 1149 1150 veraeque
1164 1076 1385 1141 ltetitiae,
1420 1073 1473 1129 id
1502 1082 1607 1138 est,
1637 1081 1695 1128 et
1720 1086 1879 1141 pteua

269 1185 445 1257 primi
465 1180 691 1236 hominis
707 1187 762 1234 et
784 1190 1006 1247 regnum
1036 1170 1276 1234 secundi,
1301 1170 1428 1224 satis
1453 1174 1743 1237 aperteque
1769 1163 1879 1217 dis-

269 1281 449 1335 tincta
482 1276 623 1340 siut;
670 1272 733 1327 ad
776 1272 875 1325 hoc
919 1266 1168 1323 existimo
1201 1261 1431 1319 hominis
1465 1261 1559 1315 Dei
1588 1258 1752 1330 Moysi
1778 1272 1875 1311 no-

269 1388 411 1427 men
460 1370 611 1423 titulo
655 1368 767 1436 ejus
795 1362 1133 1432 inseriptum,
1183 1366 1240 1413 ut
1275 1357 1353 1411 eis
1380 1356 1469 1427 qui
1514 1355 1599 1424 pie
1625 1360 1879 1422 recteque

270 1470 592 1518 scrutantur
618 1457 942 1528 Scripturas,
966 1468 1031 1508 eo
1059 1450 1219 1506 modo
1251 1450 1587 1504 intimaretur
1608 1446 1768 1501 etiam
1803 1445 1878 1500 le-

273 1573 407 1629 gem
431 1554 547 1619 Dei,
579 1568 697 1623 quce
722 1566 815 1619 per
835 1548 1052 1620 Moysen
1082 1544 1378 1600 ministrata
1408 1551 1511 1610 est,
1539 1541 1625 1595 ubi
1656 1554 1751 1610 pro
1776 1538 1877 1594 bo-

275 1649 371 1703 nis
396 1646 644 1717 operibus
674 1642 786 1698 sola
830 1640 911 1694 vel
953 1652 1088 1709 pene
1127 1636 1237 1690 sola
1282 1635 1497 1705 pr:emia
1544 1643 1876 1688 terrenorum

274 1743 545 1796 bonorum
595 1738 737 1793 Deus
780 1732 1017 1804 polliceri
1052 1730 1296 1796 videtur,
1330 1728 1443 1782 sine
1472 1724 1634 1780 dubio
1678 1723 1878 1780 habere

274 1834 385 1887 sub
413 1831 710 1886 velamento
742 1826 843 1881 tale
871 1823 1090 1894 aliquid,
1123 1822 1278 1893 quale
1307 1820 1406 1875 iste
1434 1818 1672 1889 psalmus
1698 1825 1877 1872 osten-

272 1924 381 1979 dit.
412 1922 517 1978 Sed
543 1937 662 1976 cum
691 1919 917 1989 quisque
950 1915 1222 1970 transierit
1240 1913 1305 1968 ad
1329 1911 1638 1976 Christum,
1664 1910 1875 1964 aufere—

274 2027 369 2071 tur
406 2017 644 2071 velamen
674 2013 759 2085 (ll
784 2013 901 2068 Cor.
932 2027 1009 2077 III,
1042 2009 1111 2065 16
1131 2009 1183 2079 ),
1231 2017 1285 2063 et
1315 2006 1692 2062 revelabuntur
1734 2006 1877 2061 oculi

272 2110 420 2179 ejus,
448 2105 822 2161 utconsideret
846 2103 1102 2159 mirabilia
1132 2104 1197 2158 de
1219 2101 1334 2171 lege
1364 2100 1496 2161 Dei;
1526 2099 1760 2153 donante
1786 2098 1879 2153 illo

272 2202 365 2255 cui
395 2199 637 2264 dicimus,
663 2198 853 2253 Revela
878 2199 1049 2253 oculos
1068 2212 1220 2262 nteos,
1248 2206 1293 2250 et
1315 2194 1640 2249 considerabo
1668 2193 1880 2247 mirabi-

278 2294 353 2361 lia
373 2292 435 2347 de
452 2294 557 2363 lege
584 2303 674 2347 tua
704 2293 723 2365 (
748 2290 890 2345 Psal.
920 2307 1107 2358 CXVIII,
1148 2288 1267 2361 l8).

729 2506 812 2571 IN
858 2504 1240 2567 PSALMUM
1282 2503 1392 2567 XC

854 2626 1273 2682 ENARRATIO.

955 2756 1127 2798 SERIO
1152 2757 1189 2796 ι.

341 2861 389 2916 ι.
418 2858 668 2915 Psalmus
700 2856 802 2912 iste
829 2865 910 2911 est
951 2856 1018 2911 de
1043 2870 1149 2926 quo
1196 2855 1476 2909 Dominum
1515 2863 1753 2909 nostrum
1784 2855 1875 2911 Je-

269 2971 388 3013 sum
413 2954 688 3010 Christum
734 2951 975 3007 diabolus
1004 2960 1208 3005 tentare
1248 2964 1411 3003 ausus
1440 2958 1541 3003 est.
1577 2949 1869 3005 Audiamus

272 3064 401 3119 ergo
428 3091 443 3111 ,
473 3024 530 3102 ut
558 3046 829 3117 possimus
870 3044 1113 3099 instructi
1161 3042 1411 3097 resistere
1443 3041 1715 3107 tentatori,
1762 3057 1867 3097 non

271 3148 661 3209 praesumentes
692 3139 743 3192 in
772 3136 927 3192 nobis
948 3179 961 3202 ,
996 3136 1087 3191 sed
1111 3135 1161 3189 in
1192 3136 1306 3204 ipso
1335 3135 1423 3206 qui
1457 3134 1604 3204 prior
1633 3142 1869 3191 tentatus

271 3245 378 3299 est,
420 3251 485 3290 ne
512 3249 607 3287 nos
634 3233 687 3289 in
714 3232 1004 3288 tentatione
1033 3231 1388 3285 vinceremur.
1420 3229 1495 3282 Illi
1525 3228 1666 3284 enim
1695 3238 1865 3299 tegm-

1415 3321 1866 3378 sti..nostra.do-

272 3330 351 3382 tio
381 3344 483 3381 non
516 3335 629 3381 erat
655 3324 955 3380 necessaria
990 3342 1003 3379 :
1037 3322 1257 3379 tentatio
1286 3320 1411 3382 Chrj

271 3422 443 3477 ctrina
466 3413 579 3477 es?
596 3413 861 3510 Siﬂfem
887 3417 1224 3474 attendamus
1242 3415 1366 3487 quid
1392 3414 1727 3486 responderit
1753 3413 1868 3471 dia-

277 3514 421 3574 lmlo,
444 3521 498 3566 ut
531 3514 630 3567 hoc
653 3521 707 3567 et
752 3526 849 3566 nos
885 3510 1305 3582 respondeamus
1330 3551 1345 3574 ,
1375 3509 1588 3580 quando
1618 3509 1869 3566 similiter

78 3594 477 3681 “ofﬁcium;
509 3606 768 3659 intramus
795 3619 892 3675 per
913 3604 1150 3672 januam.
1177 3602 1313 3656 sicut
1334 3601 1555 3656 audistis
1581 3601 1864 3658 lectionem

34 3672 246 3778 ’ζηῄ
276 3697 572 3768 Evangelii.
591 3697 726 3766 Quid
749 3672 829 3751 est
857 3696 996 3751 enim
1025 3698 1220 3750 intrare
1247 3711 1343 3778 per
1371 3695 1579 3773 januam
1598 3695 1625 3748 ἵ
1662 3695 1867 3751 Intrare

48 3745 201 3800 ’τί

273 3805 375 3861 per
405 3789 691 3844 Christum.
726 3786 845 3858 Ipse
874 3788 1014 3843 enim
1041 3788 1193 3853 dixit,
1220 3786 1332 3859 Ego
1360 3787 1655 3855 sumjamta
1681 3786 1861 3858 (loan.

273 3903 337 3949 χ,
368 3886 459 3955 7).
486 3885 619 3952 Quid
650 3895 734 3940 est
774 3894 949 3955 autem
985 3886 1184 3939 intrare
1210 3899 1306 3955 per
1330 3885 1639 3939 Christum?
1666 3886 1865 3941 imitari

273 3981 393 4032 vias
418 3977 700 4049 Cbristnln
728 3993 834 4049 quo
860 3978 1112 4032 imitaturi
1130 3992 1314 4031 sumus
1329 3978 1442 4032 vias
1458 3977 1651 4032 Christi
1670 3979 1861 4032 ?num-

273 4048 483 4144 quid-i'n
504 4089 561 4129 ea
592 4072 979 4143 magnificentia
1004 4087 1104 4143 qua
1139 4073 1278 4127 Deus
1310 4080 1426 4126 erat
1456 4072 1509 4125 in
1546 4072 1749 4127 carne?
1775 4082 1866 4127 aut

269 4166 341 4220 ad
376 4164 474 4220 hoc
500 4182 595 4220 nos
614 4165 946 4226 exhortatur,
977 4175 1066 4218 aut
1092 4164 1194 4220 hoc
1223 4179 1251 4217 a
1289 4164 1444 4218 nobis
1486 4164 1668 4236 exigit,
1694 4173 1753 4219 ut
1785 4174 1867 4218 ta-

272 4261 344 4314 lia
395 4260 667 4326 miracula,
714 4260 887 4330 qualia
928 4259 1049 4314 fecit
1094 4260 1224 4329 ipse,
1261 4256 1559 4313 faciamus?
1602 4260 1708 4313 Aut
1737 4274 1865 4315 vero

276 4353 539 4407 Dominus
567 4363 748 4407 noster
775 4352 929 4406 Jesus
955 4351 1199 4406 ChriStus
1226 4365 1333 4405 non
1364 4359 1415 4405 et
1447 4350 1607 4406 modo
1633 4360 1685 4406 et
1713 4367 1862 4407 sem-

272 4463 371 4516 per
390 4462 513 4501 cum
530 4445 686 4501 Patre
711 4456 881 4501 totum
904 4446 1160 4501 mundum
1184 4446 1447 4517 gubernat
1466 4445 1490 4499 ?
1509 4446 1574 4501 Et
1602 4448 1863 4519 numquid

270 4540 354 4591 vel
403 4537 466 4591 ad
510 4537 609 4593 hoc
638 4548 793 4592 vocat
832 4538 1097 4595 hominem
1148 4538 1344 4594 faciens
1374 4554 1496 4593 eum
1540 4539 1862 4595 imitatorem

269 4646 449 4695 suum,
485 4639 541 4685 ut
560 4646 678 4685 cum
710 4631 802 4685 illo
824 4631 1085 4702 gubernet
1106 4632 1296 4687 coelum
1326 4640 1379 4686 et
1416 4639 1630 4698 terram,
1660 4640 1716 4688 et
1743 4648 1866 4689 om-

270 4723 359 4777 nia
378 4738 523 4793 ,quae
553 4724 604 4778 in
643 4723 721 4778 eis
766 4733 922 4789 sunt;
954 4732 1044 4778 aut
1069 4732 1125 4778 ut
1167 4724 1235 4777 sit
1272 4732 1325 4778 et
1350 4724 1463 4795 ipse
1498 4734 1728 4792 creator,
1770 4740 1864 4795 per

270 4832 431 4887 quem
464 4817 812 4885 tiantomnia,
846 4819 979 4873 sicut
1002 4833 1099 4888 per
1118 4817 1387 4873 Christum
1427 4816 1561 4873 facta
1590 4826 1714 4875 sunt
1751 4833 1867 4873 om-

269 4910 403 4965 nia?
428 4910 611 4982 Neque
652 4912 719 4967 ad
764 4912 861 4966 ista
900 4927 1060 4982 opera
1104 4920 1156 4965 te
1204 4911 1388 4966 invitat
1443 4912 1580 4966 Deus
1634 4911 1867 4967 salvator

269 5005 534 5061 Dominus
563 5015 742 5061 noster
764 5005 917 5061 Jesus
942 5006 1204 5072 Christus,
1227 5021 1346 5076 quae
1365 5005 1490 5060 fecit
1518 5005 1771 5069 abinitio,
1796 5006 1865 5062 de

270 5101 467 5170 quibus
496 5100 750 5170 scriptum
776 5108 877 5165 est,
904 5098 1089 5153 Umnia
1112 5116 1201 5169 per
1225 5100 1390 5169 ipsum
1422 5102 1557 5171 facta
1590 5108 1707 5152 sunt
1734 5099 1753 5169 (
1774 5098 1861 5153 Id.

270 5210 309 5257 I,
338 5195 413 5263 5)
442 5235 459 5260 ,
492 5209 662 5265 neque
698 5194 763 5249 ad
794 5195 882 5248 illa
909 5210 1028 5266 qua:
1060 5193 1184 5248 fecit
1214 5195 1264 5247 in
1298 5204 1456 5248 terra.
1492 5191 1611 5246 Non
1640 5192 1740 5246 hoc
1771 5192 1865 5247 tibi

267 5288 422 5355 dicit,
449 5286 564 5343 Non
594 5289 701 5345 eris
726 5287 1017 5358 discipulus
1057 5304 1225 5351 meus,
1258 5287 1359 5343 nisi
1390 5286 1742 5341 ambulaveris
1770 5301 1862 5340 su-

271 5397 371 5453 per
413 5396 563 5437 mare
605 5381 816 5453 (Matth.
868 5398 984 5447 xw,
1038 5380 1187 5453 25),
1233 5392 1323 5435 aut
1373 5380 1472 5435 nisi
1527 5379 1865 5434 suscitaveris

271 5486 545 5531 mortuum
580 5474 988 5546 quatriduanum
1023 5474 1041 5546 (
1061 5473 1217 5529 Joan.
1240 5490 1315 5539 .\'l,
1350 5473 1554 5543 58—44)
1581 5514 1595 5539 ,
1646 5480 1736 5525 aut
1763 5470 1863 5525 nisi

267 5570 460 5626 oculos
498 5568 626 5625 caeci
667 5570 773 5631 nati
807 5570 1079 5639 aperueris
1128 5566 1237 5638 (Id.
1286 5585 1357 5633 Ix,
1397 5568 1541 5636 1-7).
1587 5565 1696 5621 Nec
1737 5565 1859 5620 hoc.

265 5662 411 5734 Quid
437 5672 521 5719 est
545 5678 674 5737 ergo
702 5663 903 5718 intrare
945 5679 1041 5735 per
1072 5662 1329 5734 januam?
1356 5660 1547 5715 Discite
1584 5676 1618 5713 α
1640 5677 1720 5714 me
1742 5660 1863 5732 quia

265 5758 409 5827 mitis
437 5774 550 5815 sum
582 5768 628 5815 et
652 5758 857 5813 Immitis
886 5757 1036 5829 corde
1062 5756 1079 5829 (
1104 5756 1290 5825 Matth.
1324 5771 1409 5827 xI,
1433 5755 1502 5809 ‘29
1525 5754 1565 5823 ).
1606 5752 1757 5823 Quod
1787 5753 1864 5809 fa-

264 5858 393 5909 ctus
440 5860 523 5906 est
575 5848 789 5923 propter
831 5860 896 5917 te,
948 5850 1051 5907 hoc
1094 5837 1145 5906 in
1175 5866 1239 5907 eo
1266 5848 1439 5927 debes
1469 5846 1762 5915 attendere,
1802 5855 1860 5901 ut

1468 299 1860 359 ENARRATIO
1896 296 1968 357 IN
2003 300 2329 361 PSALMUM
2367 304 2480 363 XC.

3451 323 3591 378 “30

2000 413 2243 472 imiteris.
2288 417 2540 475 Miracula
2586 420 2729 478 enim
2756 432 2809 480 et
2847 426 3087 484 nondum
3132 436 3288 487 natus
3316 432 3384 489 de
3424 434 3587 491 Maria

1993 507 2121 566 fecit
2149 529 2163 567 :
2193 514 2312 584 quis
2342 515 2483 570 enim
2528 531 2759 589 unquam
2802 516 2947 594 fecit,
2981 522 3085 578 nisi
3112 524 3227 594 ipse
3254 525 3322 582 de
3356 543 3461 599 quo
3500 529 3584 584 div

1993 610 2136 657 ctum
2167 614 2265 669 est,
2303 605 2404 673 Qui
2430 607 2551 679 facit
2573 610 2825 666 mirabilia
2844 629 3027 684 magna
3056 613 3195 671 salus
3226 616 3247 691 (
3271 616 3413 675 Psal.
3438 636 3585 686 LXXI,

1993 695 2150 769 48)?
2190 698 2245 752 In
2279 700 2443 770 ipsius
2489 702 2629 757 enim
2660 705 2879 772 virtute,
2908 715 2963 763 et
2999 719 3156 771 antea
3200 712 3289 781 qui
3321 711 3584 782 fecerunt,

1990 802 2279 862 potuerunt
2330 795 2528 866 aliquid
2571 796 2746 853 facere
2790 816 2804 852 :
2845 800 2897 855 in
2946 801 3141 859 virtute
3189 801 3387 862 Christi
3438 808 3586 866 Elias

1991 894 2258 941 mortuum
2287 888 2559 943 suscitavit
2598 888 2702 961 (lll
2752 891 2881 963 Reg.
2930 908 3060 961 xvu,
3099 892 3233 968 22).
3278 896 3392 954 Nisi
3445 899 3586 956 forte

1988 978 2162 1047 major
2198 989 2279 1034 est
2319 980 2505 1034 Petrus
2529 997 2685 1051 quam
2710 981 2957 1039 Christus
2978 1028 2992 1053 ,
3035 987 3157 1056 quia
3180 988 3584 1049 Christus'vocc

1989 1070 2262 1124 suscitavit
2288 1082 2631 1143 argrotantcm
2662 1073 2857 1146 (Joan.
2884 1093 2938 1143 v,
2963 1078 3127 1150 5-9),
3160 1080 3349 1138 Petrus
3388 1093 3578 1143 autem

1986 1175 2109 1215 cum
2183 1163 2471 1227 transiret,
2546 1166 2731 1223 umbra
2806 1169 2972 1240 ipsius
3027 1172 3278 1243 tangendi
3340 1177 3583 1247 profere-

1986 1254 2181 1310 bantur
2223 1257 2409 1327 tcgroti
2454 1257 2590 1326 (Act.
2622 1260 2783 1321 v.15
2814 1262 2853 1332 ).
2900 1262 3175 1319 Potentior
3218 1280 3346 1337 ergo
3396 1267 3587 1327 Petrus

1986 1364 2145 1419 quam
2198 1348 2483 1404 Christus?
2536 1352 2665 1417 Quis
2707 1352 2810 1407 hoc
2855 1353 3291 1414 dementissimus
3341 1358 3583 1415 dixerit?

1984 1439 2161 1508 Quare
2190 1456 2317 1510 ergo
2343 1450 2481 1496 tanta
2511 1444 2747 1513 potentia
2790 1445 2843 1500 in
2870 1446 3064 1504 Petro?
3089 1448 3221 1517 Quia
3259 1449 3500 1509 Christus
3529 1456 3581 1510 in

1988 1532 2165 1588 Petro.
2192 1534 2315 1589 ideo
2340 1534 2490 1603 dixit,
2522 1536 2706 1593 Omnes
2726 1540 2813 1610 qui
2837 1550 3096 1611 venerunt,
3122 1542 3261 1612 {ures
3294 1555 3411 1599 sunt
3431 1556 3478 1600 et
3499 1548 3573 1601 la-

1987 1634 2155 1680 trones
2193 1626 2369 1699 (Joan.
2402 1645 2457 1695 x,
2486 1628 2543 1702 8)
2577 1645 2593 1685 :
2626 1630 2679 1685 id
2706 1642 2807 1698 ρει,
2837 1633 2927 1703 qui
2957 1644 3215 1689 venerunt
3240 1650 3333 1691 sua
3368 1649 3578 1707 sponte,

1986 1735 2019 1774 a
2056 1735 2141 1776 me
2173 1737 2277 1777 nou
2304 1732 2428 1777 sunt
2454 1723 2619 1790 missi,
2666 1725 2754 1794 qui
2785 1736 3042 1781 venerunt
3088 1726 3206 1783 sine
3233 1743 3353 1795 me,
3382 1729 3434 1785 in
3464 1732 3579 1802 qui.

1988 1816 2089 1871 bus
2124 1832 2223 1887 ego
2258 1832 2362 1871 non
2399 1816 2505 1885 fui,
2533 1833 2665 1888 quos
2703 1834 2801 1890 ego
2842 1834 2950 1875 non
2993 1820 3281 1876 introduxi.
3310 1822 3583 1895 Quotquot

1988 1925 2117 1980 ergo
2148 1910 2400 1964 miracula
2430 1910 2566 1966 facta
2597 1920 2739 1976 sunt,
2770 1911 2883 1967 sive
2919 1926 2951 1967 a
2986 1912 3430 1983 praecedentibus,
3470 1916 3583 1973 sive

1987 2015 2027 2069 a
2050 2000 2519 2072 consequentibus,
2545 2001 2685 2057 idem
2716 2002 2828 2072 ipse
2852 2003 3106 2058 Dominus
3136 2004 3263 2062 fecit
3288 2046 3303 2071 ,
3331 2007 3422 2076 qui
3453 2006 3581 2062 fecit

1986 2101 2042 2147 et
2071 2095 2350 2163 praesentia
2379 2109 2493 2150 sua.
2527 2093 2636 2150 Nec
2654 2094 2720 2163 ad
2751 2096 2860 2165 ipsa
2884 2109 3011 2165 ergo
3032 2096 3285 2163 miracula
3312 2096 3579 2165 hortatur,

1986 2201 2109 2255 qua)
2136 2186 2249 2256 ipse
2296 2186 2422 2242 fecit
2445 2196 2499 2241 et
2543 2196 2826 2257 antequam
2872 2199 3015 2243 esset
3041 2186 3202 2245 homo
3235 2188 3501 2261 :sedquo
3530 2199 3589 2249 te

1990 2277 2272 2332 hortatur?
2302 2278 2371 2334 Ut
2416 2278 2639 2334 imiteris
2674 2280 2813 2350 quod
2860 2296 2967 2336 non
3010 2290 3211 2350 posset,
3262 2281 3366 2337 nisi
3412 2282 3587 2345 factus

1992 2368 2175 2425 homo.
2204 2370 2460 2428 Tolerarc
2487 2372 2628 2427 enim
2654 2372 2932 2442 passiones
2955 2372 3213 2444 numquid
3253 2383 3449 2445 posset,
3480 2375 3583 2431 nisi

1990 2462 2192 2518 homo?
2218 2464 2347 2518 Mori
2374 2473 2429 2519 et
2459 2464 2698 2536 crucifigi
2737 2474 2791 2521 et
2816 2465 3083 2521 humiliari
3113 2480 3217 2521 non
3250 2474 3450 2535 posset,
3481 2466 3583 2521 nisi

1987 2556 2170 2612 homo.
2188 2556 2277 2612 Sic
2296 2559 2312 2589 ί
2331 2573 2459 2629 ergo
2480 2569 2533 2614 ct
2548 2571 2601 2612 tu
2623 2558 2895 2615 molestias
2921 2558 3081 2628 hujus
3098 2557 3277 2612 sreculi
3296 2573 3421 2613 cum
3434 2567 3583 2629 pate-

1985 2651 2082 2717 ris,
2112 2666 2242 2719 quas
2274 2651 2395 2705 facit
2414 2651 2679 2719 diabolus,
2710 2652 2824 2707 sive
2848 2660 3033 2722 aperte
3055 2665 3151 2721 per
3176 2649 3440 2717 homines,
3469 2651 3584 2708 sive

1984 2745 2195 2801 occulte
2224 2747 2353 2801 sicut
2378 2746 2587 2815 Job,sis
2604 2746 2777 2813 fortis,
2795 2747 2871 2801 sis
2901 2747 3192 2811 tolerans.’;
3218 2744 3467 2809 habitans
3486 2745 3506 2777 ³
3531 2747 3585 2801 in

1986 2837 2254 2907 adjutorio
2310 2838 2590 2904 Altissimi,
2625 2839 2762 2893 sicut
2784 2839 2914 2893 dicit
2936 2838 3038 2893 iste
3078 2837 3319 2907 psalmus.
3344 2838 3501 2908 :quia
3534 2837 3581 2893 si

1984 2928 2207 2984 recedas
2240 2930 2307 2983 ab
2329 2929 2597 2999 adjutorio
2626 2928 2903 2996 Altissimi,
2952 2939 3006 2987 te
3048 2930 3231 3001 ipsum
3254 2944 3361 2990 non
3397 2929 3582 2990 valens

1982 3020 2256 3090 adjuvare,
2288 3022 2470 3078 cades.

2054 3114 2108 3168 2.
2139 3113 2285 3168 Multi
2328 3115 2469 3169 enim
2514 3112 2684 3181 fortes
2722 3125 2849 3171 sunt
2874 3157 2889 3182 ,
2921 3115 3138 3185 quando
3181 3116 3249 3179 ab
3277 3115 3583 3177 hominibus

1981 3210 2252 3278 patiuntur
2276 3208 2722 3277 persecutionem,
2752 3217 2807 3265 et
2836 3209 3029 3275 vident,
3052 3225 3148 3267 eos
3176 3220 3365 3282 apente
3392 3214 3591 3269 smvire

1978 3298 2033 3353 in
2058 3315 2155 3363 se;
2188 3307 2240 3354 et
2264 3308 2453 3370 putant
2479 3300 2601 3369 quia
2633 3309 2759 3357 tunc
2792 3300 3073 3358 imitantur
3099 3304 3385 3373 passiones
3417 3304 3579 3359 Citri-

1978 3392 2068 3457 sti,
2118 3391 2161 3446 si
2211 3401 2395 3462 aperte
2441 3407 2538 3448 eos
2582 3392 2830 3449 homines
2862 3404 3292 3465 persequantur:
3324 3397 3580 3453 siautem

1976 3483 2188 3537 occulta
2216 3483 2412 3540 diaboli
2441 3487 2817 3554 persecutione
2852 3484 3137 3554 feriantur,
3162 3498 3352 3559 putant
3383 3505 3443 3547 se
3469 3505 3583 3547 non.

1974 3579 2220 3634 coronari
2246 3594 2275 3633 a
2301 3579 2532 3634 Christo.
2562 3578 2676 3634 Noli
2704 3581 2894 3635 timere
2922 3583 3146 3652 quando
3174 3583 3407 3640 imitaris
3424 3583 3581 3641 Chri-

1975 3684 2139 3726 stum.
2190 3671 2321 3727 Nam
2355 3682 2413 3729 et
2453 3672 2667 3744 quando
2706 3675 2930 3730 tentavit
2971 3676 3217 3739 diabolus
3270 3677 3575 3743 Dominum,

1974 3766 2150 3821 nullus
2174 3764 2334 3821 homo
2368 3764 2465 3820 fuit
2490 3766 2542 3820 in
2572 3781 2774 3832 eremo,
2799 3766 3005 3821 occulte
3025 3768 3175 3821 illum
3206 3769 3577 3835 tentavit;sed

1972 3867 2253 3927 superatus
2273 3868 2373 3925 est,
2403 3867 2455 3914 et
2469 3868 2655 3929 aperte
2681 3860 2909 3914 sawiens
2928 3869 3217 3929 superatus
3237 3869 3320 3915 est
3342 3860 3371 3934 (ι
3386 3860 3573 3917 Matth.

1971 3966 2046 4017 Iv,
2080 3952 2206 4006 l-li
2238 3952 2275 4021 ).
2304 3950 2392 4006 Sic
2422 3960 2475 4006 et
2506 3961 2561 4006 tu
2599 3952 2679 4005 fac
2708 3950 2752 4015 ⁸,
2791 3952 2835 4006 si
2864 3952 2944 4006 vis
2971 3950 3178 4006 intrare
3207 3967 3302 4022 per
3326 3953 3569 4022 januam,

1971 4042 2186 4114 quando
2215 4043 2423 4099 occulte
2454 4051 2622 4097 tentat
2650 4042 2901 4097 inimicus
2921 4086 2936 4107 ,
2965 4042 3186 4113 quando
3216 4044 3447 4114 postulat
3472 4044 3573 4102 ho-

1972 4137 2171 4191 minem
2200 4144 2255 4189 ut
2281 4135 2476 4206 aliquid
2500 4135 2550 4190 ei
2581 4143 2771 4190 noceat
2803 4151 2898 4205 per
2920 4136 3235 4205 corporales
3270 4136 3570 4208 molestias,

1969 4245 2067 4300 per
2089 4228 2281 4292 febres,
2312 4243 2408 4298 per
2433 4227 2794 4298 aegritudines,
2821 4244 2915 4297 per
2944 4229 3158 4299 aliquos
3196 4228 3413 4285 labores
3441 4245 3571 4285 cor—

1972 4321 2135 4392 poris,
2166 4320 2302 4375 sicut
2325 4320 2720 4375 lahoravitJob.
2752 4320 3039 4375 Diabolum
3070 4337 3177 4376 non
3203 4322 3437 4389 videbat,
3470 4323 3577 4378 sed!

1972 4422 2293 4484 potestatem
2342 4412 2435 4466 Dei
2487 4412 2830 4484 intelligebat.
2877 4413 3116 4470 Noverat
3156 4416 3285 4485 quia
3326 4416 3579 4473 diabolus

1972 4507 2027 4561 in
2055 4522 2176 4562 eum
2205 4505 2339 4560 nihil
2373 4514 2571 4575 posset,
2597 4506 2693 4559 nisi
2721 4506 2789 4561 ab
2807 4506 2901 4562 illo
2917 4506 3089 4577 cujus
3103 4519 3572 4584 summapqtestas

1971 4612 2074 4668 est,
2104 4601 2503 4672 permitteretur
2534 4617 2548 4653 :
2584 4609 2747 4656 totam
2777 4601 3003 4671 gloriam
3034 4600 3147 4657 Deo
3176 4601 3355 4669 dabat,
3387 4615 3575 4673 poten-

1971 4698 2098 4752 tiam
2128 4696 2341 4751 diabolo
2362 4710 2469 4750 non
2497 4695 2675 4750 dabat.
2710 4694 2843 4750 Nam
2872 4706 2927 4750 et
2955 4695 3180 4766 quando
3208 4698 3571 4752 abstulitvdia-

1968 4793 2124 4847 holus
2157 4791 2356 4857 omnia,
2381 4789 2483 4844 hoc
2502 4790 2633 4845 dixit
2663 4808 2678 4846 :
2705 4789 2956 4846 Dominus
2976 4790 3149 4857 dedit,
3184 4790 3434 4847 Dominus
3456 4792 3574 4848 abs-

1969 4887 2104 4940 tulit.
2138 4884 2256 4940 Non
2306 4885 2475 4948 dixit,
2506 4885 2763 4939 Dominus
2814 4884 2995 4951 dedit,
3030 4884 3276 4940 diabolus
3303 4885 3519 4941 abstulit
3552 4907 3567 4943 :

1967 4980 2090 5051 quia
2121 4978 2251 5033 nihil
2278 4977 2867 5043 abstulissetdiabolus,
2895 4977 2996 5032 nisi
3025 4977 3356 5048 permisisset
3381 4979 3571 5035 Domi-

1970 5087 2089 5127 nus.
2118 5070 2241 5126 Ideo
2256 5079 2433 5126 autem
2456 5071 2700 5140 permisit
2722 5070 3000 5133 Dominus,
3032 5076 3095 5123 ut
3125 5069 3284 5123 homo
3312 5072 3569 5141 probare-

1968 5172 2071 5229 tur,
2093 5162 2335 5217 diabolus
2353 5162 2676 5217 vinceretur.
2700 5161 2769 5215 Et
2789 5160 3005 5231 quando
3019 5176 3143 5215 cum
3163 5161 3313 5233 plaga
3342 5179 3566 5235 percus-

1968 5256 2055 5319 sit,
2090 5254 2177 5309 ille
2199 5253 2455 5325 permisit.
2479 5253 2615 5321 Quia
2636 5266 2758 5308 cum
2783 5268 2816 5308 a
2832 5253 3008 5322 capite
3037 5268 3208 5324 usque
3231 5256 3297 5310 ad
3330 5258 3492 5327 pedes
3515 5261 3567 5315 in

1967 5348 2247 5419 putredine
2270 5349 2292 5381 ⁸
2322 5346 2581 5403 vermium
2607 5347 2819 5411 flueret,
2846 5362 2947 5402 nec
2977 5357 3101 5404 tunc
3134 5350 3315 5405 tribuit
3354 5352 3569 5409 diabolo

1966 5446 2196 5516 aliquam
2216 5449 2529 5513 potestatem
2548 5440 2649 5497 Job
2678 5459 2691 5495 :
2719 5442 2816 5497 sed
2846 5459 2969 5501 cum
2991 5448 3038 5503 ei
3060 5448 3410 5520 suggessisset
3433 5463 3569 5505 uxor

2031 5539 2155 5588 “sic
2178 5533 2395 5586 nonnulli
2418 5534 2555 5583 editi.
2584 5541 2634 5583 In
2655 5540 2725 5589 8..
2747 5535 2818 5586 si.-
2898 5545 2954 5589 Μ.

2030 5604 2049 5632 ⁵
2068 5609 2180 5651 Duo
2202 5606 2331 5667 Mss,
2344 5596 2478 5667 sicut
2494 5595 2585 5667 Job
2602 5597 2873 5661 [οι-εἰδείητε
2888 5602 3082 5656 toleras.

2068 5632 2180 5651 »υυυ
2203 5632 2309 5648 ...ου
2356 5632 2478 5647 σννιη
2494 5632 2581 5647 υνυ
2602 5632 2667 5661 ινα
2684 5632 2873 5653 rw“!le
2888 5632 2997 5656 ww:
3011 5632 3082 5656 uo.

2028 5667 2049 5732 tl
2084 5671 2131 5712 In
2156 5632 2497 5732 8.,1ωᾷξιῃίήδ.
2524 5666 2597 5732 Ειχ.
2624 5669 2823 5732 γεηηει
2844 5669 2953 5716 ων.
2977 5669 3136 5732 secuti
3160 5680 3348 5719 smnus.
3415 5673 3474 5717 M.

2026 5726 2202 5799 intus.
2227 5723 2466 5799 omittitur
2486 5722 2711 5785 verbum,
2738 5724 2836 5787 fac,
2860 5729 2992 5791 quod
3018 5744 3083 5781 ex
3106 5736 3183 5782 Er.
3218 5736 3342 5780 Ven.
3367 5735 3427 5781 et
3457 5736 3572 5787 Lor.

1962 5793 2285 5853 restiutitnus.
2351 5793 2417 5837 Μ.
2908 5802 2911 5803 ν

2026 5853 2047 5884 ⁸
2083 5844 2289 5901 Melioris
2310 5855 2440 5900 notae
2469 5855 2599 5907 Mss,
2624 5847 2945 5912 putredinem.

3213 5958 3234 5993 ὃ
