4132 6462
473 2539 477 2558 ¹
566 2551 822 2608 Altissimi
863 2571 876 2608 :

582 400 714 459 1151

585 521 698 580 υἷας
729 564 742 581 .
776 539 933 591 quam
964 525 1136 579 solam
1169 525 1450 589 reliqt'crat
1483 524 1756 587 diabolus,
1789 540 1891 578 non
1926 524 2173 577 C(ttiSoIa-

587 615 768 666 ll'it‘t'lll
819 617 1012 678 mariti,
1047 616 1137 669 sed
1172 617 1483 686 adiutricem
1519 618 1620 680 sui,
1653 629 1700 670 et
1736 618 1956 670 dixisset
1985 619 2054 682 ei,
2083 615 2175 668 Die

581 707 790 776 aliquod
818 709 1015 761 uerbum
1045 710 1098 762 in
1138 708 1322 774 Deum,
1356 720 1401 762 et
1448 726 1674 775 morere;
1705 709 1834 763 dixit
1866 709 1914 763 ei
1938 753 1950 772 ,
1982 708 2173 764 Loruta

579 817 632 849 es
678 810 916 867 (utiquam
978 817 1080 853 una
1127 802 1187 854 de
1232 803 1579 872 insipientibus
1611 804 1904 858 mulieribus
1937 805 2017 858 .si
2041 803 2173 857 bona

579 904 890 956 suscepimus
931 891 993 944 de
1043 908 1198 946 nttmu
1236 892 1463 961 Domini,
1507 895 1642 948 mala
1679 911 1779 948 non
1821 895 2175 950 sustinebimus

582 980 716 1052 (Job
747 1000 795 1043 tl.
829 982 1020 1056 9-40)?

647 1073 699 1128 '5.
729 1072 878 1146 [νει-ε.
920 1078 943 1131 l
974 1077 1089 1150 .2.]
1111 1078 1252 1147 Ergo
1278 1079 1365 1149 qui
1396 1079 1472 1134 sic
1502 1079 1736 1134 innitatur
1761 1079 2031 1136 Christum
2066 1124 2079 1148 ,
2112 1091 2171 1136 ut

579 1165 768 1220 toleret
819 1181 1005 1224 omnes
1045 1170 1316 1226 molestias
1365 1170 1520 1242 hujus
1560 1174 1762 1240 saeculi,
1807 1188 1929 1244 Spes
1973 1175 2090 1244 ejus
2119 1176 2174 1230 in

581 1258 690 1314 Deo
719 1262 807 1323 sit,
840 1271 896 1315 ιιι
929 1279 1028 1318 nec
1058 1264 1307 1319 illecebra
1333 1265 1590 1336 capiatur,
1620 1281 1718 1322 nec
1743 1267 1932 1323 timore
1962 1269 2172 1340 franga-

578 1359 682 1414 tur,
710 1353 821 1421 ipse
837 1365 920 1410 est
941 1356 1024 1425 qui
1045 1355 1234 1409 habitat
1255 1357 1306 1410 in
1328 1359 1580 1428 adjutorio
1603 1358 1869 1426 ditissimi,
1901 1371 1948 1414 et
1973 1362 2025 1415 in
2057 1379 2176 1430 pro-

585 1445 797 1498 iectione
849 1445 948 1498 Dei
983 1448 1094 1501 σαιιί
1136 1451 1575 1505 connnorabitur:
1614 1452 1748 1506 sicut
1775 1453 1995 1508 audistis
2029 1455 2171 1524 psal-

587 1550 755 1600 mum,
781 1546 834 1592 et.
855 1539 1108 1593 cantastis
1133 1556 1146 1605 ;
1169 1555 1293 1596 nam
1321 1541 1442 1596 inde
1465 1542 1645 1612 incipit
1675 1543 1934 1599 Psalmus.
1967 1544 2172 1612 Quibus

575 1639 753 1682 autem
781 1630 955 1685 verbis
977 1632 1200 1687 tentavit
1224 1633 1503 1688 Dominum
1531 1635 1793 1702 diabolus,
1825 1652 1945 1692 cum
1973 1639 2036 1692 ad
2057 1639 2169 1710 ipsa

582 1721 908 1787 venerimus,
961 1726 1260 1793 agnoscatis
1293 1745 1306 1780 :
1337 1737 1458 1781 nota
1507 1737 1629 1782 sunt
1667 1729 1829 1782 enim.
1881 1729 2024 1784 Dicet
2066 1730 2170 1785 Do-

577 1812 735 1879 mino,
769 1813 1042 1882 Susceptor
1063 1833 1202 1872 meus
1229 1835 1284 1873 es
1305 1829 1356 1872 tu
1377 1863 1391 1885 ,
1419 1830 1465 1873 et
1494 1823 1742 1893 refugium
1781 1839 1947 1876 nteum
1974 1866 1988 1889 ,
2030 1825 2169 1880 Deus

575 1919 735 1957 meus.
770 1904 899 1974 Quis
923 1906 1024 1962 hoc
1045 1907 1176 1964 dicit
1207 1909 1464 1966 Domino?
1487 1911 1586 1978 Qui
1616 1914 1805 1967 habitat
1831 1916 1882 1968 in
1910 1917 2167 1986 adjutorio

577 1997 840 2052 ditissimi.
856 2000 984 2068 Quis
1001 2010 1084 2056 est
1101 2003 1188 2073 qui
1205 2003 1394 2057 habitat
1419 2005 1469 2058 in
1484 2005 1740 2076 adjutorio
1761 2007 2045 2061 ditissimi?
2065 2009 2166 2077 Qui

576 2102 681 2143 non
739 2089 938 2145 habitat
992 2093 1044 2146 in
1087 2094 1350 2163 adjutorio
1394 2111 1512 2150 suo.
1545 2096 1673 2164 Quis
1722 2108 1803 2152 est
1845 2100 1932 2169 qui
1975 2100 2167 2156 habitat

572 2182 624 2235 in
645 2183 900 2252 adiutorio
928 2185 1212 2242 Altissimi?
1230 2188 1328 2256 Qui
1354 2205 1455 2244 non
1481 2199 1562 2245 est
1582 2191 1865 2260 superbus,
1894 2194 2166 2263 quomodo

573 2271 646 2326 illi
688 2276 773 2346 qui
805 2277 1256 2335 manducaverunt
1290 2292 1346 2334 ut
1375 2292 1554 2336 essent
1583 2283 1732 2353 quasi
1762 2283 1858 2351 dii,
1896 2295 1948 2340 et
1979 2286 2162 2355 perdi-

569 2367 761 2423 derunt
802 2371 943 2439 quod
971 2382 1121 2426 erant
1143 2371 1262 2428 facti
1288 2372 1532 2429 homines
1553 2375 1898 2432 immortales.
1929 2376 1984 2430 ln
2012 2378 2165 2448 adju-

570 2461 708 2515 torio
735 2461 876 2517 enim
921 2478 1019 2518 suo
1049 2463 1285 2520 habitare
1316 2467 1599 2522 voluerunt
1621 2510 1634 2530 ,
1677 2484 1781 2523 non
1814 2471 1865 2523 in
1895 2470 2162 2540 adjutorio

915 2554 1037 2610 ideo
1083 2558 1475 2628 suggestionem
1528 2561 1792 2628 serpentis
1844 2561 2159 2626 audierunt,

484 2657 487 2706 ι
566 2657 887 2717 praeceptum
945 2649 1035 2705 Dei
1080 2661 1548 2722 contempserunt;
1598 2663 1652 2708 et
1701 2655 2014 2710 invenerunt
2061 2656 2162 2711 hoc

487 2759 495 2819 ll
565 2737 814 2794 evenisse
838 2739 888 2793 in
919 2756 975 2796 se
997 2743 1136 2811 quod
1167 2745 1397 2799 minatus
1427 2754 1508 2800 est
1537 2745 1696 2812 Deus,
1731 2761 1836 2802 non
1861 2747 2000 2819 quod
2045 2764 2160 2817 pro-

566 2827 712 2881 misit
738 2829 980 2886 diabolus
1012 2831 1161 2905 (Gen.
1192 2833 1304 2904 ιιι).

636 2920 688 2974 4.
730 2918 878 2993 [verm
935 2922 1015 2997 5.]
1050 2924 1188 2995 Ergo
1223 2928 1299 2980 sic
1339 2936 1392 2981 et
1419 2937 1470 2981 tu
1495 2927 1613 2994 dic,
1647 2927 1876 2999 Sperabo
1919 2932 1969 2982 in
2008 2947 2158 2995 eum;

561 3012 797 3080 quoniam
827 3016 935 3084 ipse
959 3028 1094 3070 eruet
1124 3035 1222 3083 me,
1257 3033 1360 3072 non
1392 3034 1493 3088 ego
1522 3035 1626 3073 me.
1661 3019 1790 3074 Vide
1817 3021 1861 3075 si
1893 3021 2033 3076 aliud
2053 3023 2121 3076 ali
2141 3054 2156 3064 -

561 3103 685 3170 quid
711 3104 900 3173 docet,
935 3109 1034 3163 nisi
1068 3120 1123 3163 ut
1147 3118 1256 3163 tota
1284 3125 1406 3179 spes
1438 3119 1616 3165 nostra
1648 3127 1754 3165 non
1785 3113 1854 3166 sit
1894 3112 1946 3166 in
1980 3112 2150 3178 nobis,

561 3209 666 3248 non
691 3196 758 3252 sit
786 3197 837 3252 in
864 3197 1097 3256 homine.
1131 3200 1284 3257 Unde
1307 3210 1357 3257 te
1374 3204 1558 3258 eruet?
1576 3201 1652 3256 De
1666 3203 1953 3275 muscipula
1969 3221 2158 3259 venan-

559 3287 722 3353 tium,
775 3300 824 3343 et
867 3308 899 3344 α
951 3292 1097 3347 verbo
1143 3310 1344 3363 aspero.
1396 3293 1474 3349 De
1508 3296 1796 3360 muscipula
1844 3298 2150 3362 venantium,

560 3392 810 3448 magnum
837 3382 1036 3451 aliquid
1077 3395 1159 3438 est
1191 3402 1204 3439 :
1237 3402 1267 3438 a
1299 3386 1445 3440 verbo
1467 3403 1668 3457 aspero,
1693 3387 1818 3457 quid
1863 3390 2156 3458 magnum?

1795 403 1847 460 S.
1893 400 2257 460 AUCUSTINI
2299 401 2601 459 EPISCOPI

2289 536 2413 573 num
2437 563 2450 586 ,
2485 522 2624 574 radit
2656 523 2708 576 in
2739 525 2867 578 retia
2896 544 2908 579 :
2942 526 3020 581 sic
3051 526 3293 585 homines
3327 533 3570 591 tituontes
3603 539 3863 602 insultato-
3894 569 3895 572 η

3739 424 3866 484 1152

2287 629 2402 666 rum
2444 614 2601 669 verba
2649 631 2776 670 vana
2817 628 2868 670 et
2912 618 3115 686 inania,
3144 633 3195 677 et
3223 614 3890 696 erubescentes‘t'onviciisl

2283 718 2396 773 sup:
2421 706 2590 771 rlluis,
2622 706 2818 762 cadunt
2845 709 2896 763 in
2926 709 3144 781 laqueos
3172 718 3498 786 venantium,
3526 731 3577 776 et
3605 709 3888 792 captivan-i

2287 808 2371 853 tur
2397 817 2425 853 a
2457 799 2688 854 diabolo.
2718 801 2822 856 Sed
2838 819 2943 857 cur
2967 820 3070 859 non
3098 806 3234 872 dico,
3265 809 3475 875 fratres,
3504 817 3640 883 quod
3672 836 3769 873 non
3792 837 3859 879 est

2284 891 2589 958 tacendum,
2623 892 2764 963 quod
2796 910 2882 948 me
2906 897 3047 964 cegit
3072 897 3209 952 Deus
3232 901 3443 958 dicere?
3467 905 3858 972 Qltutntldulillcl

2283 983 2385 1040 hoc
2408 986 2703 1056 accipiatis,
2727 992 2864 1058 cogit
2890 1005 2976 1044 me
2998 989 3139 1046 Deus
3160 992 3375 1059 dicere;
3402 1007 3456 1052 et
3477 1000 3519 1053 si
3544 1017 3647 1056 non
3667 1004 3859 1074 dixero,

2280 1091 2380 1147 ego
2407 1077 2540 1132 cado
2567 1077 2618 1133 in
2645 1078 2866 1150 laqueos
2895 1084 3200 1139 venantium
3229 1105 3240 1137 :
3272 1087 3316 1141 si
3348 1090 3494 1144 enim
3517 1092 3862 1159 detractiones

2282 1167 2556 1223 hominum
2601 1172 2796 1235 timeo,
2845 1183 2902 1226 ut
2949 1189 3053 1228 non
3103 1175 3309 1241 dicam;
3355 1197 3456 1250 ego
3501 1185 3615 1254 ipse
3659 1206 3686 1242 a
3715 1195 3863 1249 verbo

2279 1273 2471 1328 aSpero
2502 1261 2634 1316 cado
2665 1262 2716 1316 in
2748 1263 2966 1334 laqueos
2995 1269 3321 1337 venantium,
3353 1275 3443 1343 qui
3475 1292 3569 1332 vos
3598 1296 3784 1338 moneo
3812 1299 3861 1342 ut

2280 1365 2386 1405 non
2429 1352 2662 1406 timentis
2701 1356 2860 1439 verba
2912 1356 3206 1415 hominum.
3252 1363 3387 1431 Quid
3438 1379 3520 1425 est
3563 1388 3691 1444 ergo
3733 1381 3859 1447 tpmd

2278 1441 2517 1498 dicturus
2567 1447 2724 1500 sum?
2773 1447 3053 1516 Quomodo
3109 1454 3246 1508 inter
3292 1457 3533 1531 Paganos
3580 1441 3668 1536 qui
3717 1441 3861 1529 fuerit

4049 1259 4056 1336 ι

2281 1535 2646 1604 Christianus,
2676 1555 2703 1593 a
2748 1540 2974 1612 Paganis
3003 1545 3151 1601 audit
3175 1549 3333 1605 verba
3362 1568 3549 1624 aspera
3569 1535 3794 1630 ,quilius
3820 1566 3859 1621 si
3925 1542 3930 1546 ⁵

2278 1626 2584 1692 erubuerit,
2617 1630 2757 1685 cadit
2787 1632 2838 1685 in
2868 1635 3217 1706 muscipulam
3248 1646 3554 1701 venantium
3583 1665 3598 1703 :
3626 1626 3706 1706 sic
3736 1641 3868 1711 inter.

2281 1717 2614 1776 Christianos
2644 1725 2733 1795 qui
2765 1726 3031 1783 voluerint
3065 1746 3184 1788 esse
3215 1735 3580 1807 diligentiores
3604 1753 3657 1799 et
3685 1748 3857 1804 melio-

2276 1827 2399 1879 res,
2438 1814 2504 1868 ab
2543 1815 2670 1885 ipsis
2707 1817 3027 1878 Christianis
3056 1825 3285 1882 audituri
3317 1842 3438 1887 sunt
3484 1835 3852 1900 insultationes.

2278 1903 2342 1958 Et
2373 1905 2495 1973 quid
2529 1907 2774 1976 prodest,
2823 1911 3007 1980 frater,
3037 1918 3176 1984 quod
3204 1919 3488 1992 aliquando
3515 1927 3721 1986 invenis
3744 1935 3856 1990 civi~

2278 2007 2475 2061 tatem,
2525 1999 2613 2054 ubi
2659 2001 2840 2056 nullus
2887 2014 2969 2059 est
3012 2013 3287 2080 paganus?
3332 2013 3500 2072 Nemo
3546 2019 3618 2076 ibi
3661 2023 3853 2084 insultat

2274 2087 2566 2144 christiano
2591 2093 2731 2161 quod
2759 2094 3080 2152 christianus
3108 2111 3206 2166 est,
3237 2105 3356 2174 quia
3383 2123 3485 2162 non
3511 2110 3583 2165 ibi
3609 2114 3854 2174 invenitur

2277 2196 2513 2250 paganus
2537 2201 2551 2236 :
2580 2185 2672 2239 sed
2700 2196 2823 2242 sunt
2849 2191 3000 2245 multi
3029 2195 3165 2249 male
3192 2197 3432 2256 viventes
3451 2204 3725 2265 christiani
3745 2254 3758 2276 ,
3785 2214 3852 2268 in-

2276 2280 2360 2325 ter
2399 2287 2532 2342 quos
2572 2276 2660 2345 qui
2695 2277 2923 2335 voluerit
2952 2281 3087 2338 bene
3115 2285 3323 2354 vivere,
3371 2303 3424 2348 et
3464 2295 3606 2354 inter
3631 2301 3851 2361 ebriosos

2273 2364 2485 2420 sobrius
2512 2380 2652 2434 esse,
2681 2378 2735 2423 et
2763 2370 2901 2426 inter
2931 2372 3247 2433 fornicarios
3275 2393 3454 2440 castus
3480 2404 3624 2457 esse,
3653 2404 3703 2448 et
3731 2396 3851 2452 inter

2273 2457 2607 2512 consultores
2638 2460 3134 2522 mathematicorum
3169 2471 3333 2529 Deum
3376 2479 3660 2539 sinceriter
3691 2488 3849 2546 colere

2273 2555 2330 2601 et
2358 2547 2490 2601 nihil
2523 2549 2627 2605 tale
2657 2553 2946 2621 requirere,
2982 2565 3033 2612 et
3065 2559 3204 2616 inter
3227 2579 3560 2635 spectatores
3589 2581 3846 2650 nugaciutn

2275 2639 2604 2696 theatrorum
2637 2645 2651 2675 ¹
2687 2645 2914 2702 noluerit
2961 2649 3036 2706 ire
3065 2653 3164 2708 nisi
3203 2657 3268 2711 ad
3311 2663 3628 2733 ecclesiam,
3661 2639 3847 2741 patitur

2275 2733 2614 2791 inSnltatores
2637 2737 2782 2806 ipsos
2807 2739 3146 2812 christianos,
3171 2759 3224 2804 et
3246 2754 3440 2820 patitur
3463 2759 3626 2816 verba
3651 2733 3843 2833 aspera;

2271 2834 2326 2879 et
2353 2825 2556 2892 dicunt,
2584 2826 2802 2898 Magnus
2829 2840 2900 2891 tu,
2927 2833 3121 2904 justus,
3150 2848 3202 2893 tu
3225 2857 3282 2896 es
3309 2844 3468 2912 Elias,
3498 2859 3554 2904 tu
3578 2867 3635 2907 es
3657 2825 3844 2924 Petrus,

2272 2917 2339 2972 de
2367 2917 2505 2972 coelo
2537 2920 2748 2974 venisti.
2793 2922 3083 2993 lnsultant;
3126 2945 3464 3007 quocumque
3502 2956 3566 2996 se
3613 2917 3844 3015 verterit,

2270 3007 2417 3063 audit
2447 3009 2572 3064 hinc
2598 3019 2759 3083 atque
2786 3014 2908 3069 inde
2932 3018 3152 3075 verbum
3179 3040 3448 3094 asperum.
3475 3032 3633 3100 Quod
3654 3039 3694 3092 si
3718 3007 3845 3097 ιίιιιεξ

2268 3107 2324 3154 et
2352 3101 2557 3156 recedit
2594 3119 2622 3156 a
2658 3105 2736 3157 via
2765 3105 2996 3187 Christi,
3025 3112 3166 3167 cadit
3209 3117 3258 3170 in
3291 3118 3508 3191 laqueos
3534 3132 3842 3188 venantimn,

2267 3191 2547 3258 Quomodo
2576 3205 2754 3250 autem
2799 3213 2918 3253 cum
2947 3202 3235 3260 audiuntur
3264 3212 3378 3266 lure
3407 3216 3568 3271 verba
3591 3261 3603 3283 ,
3647 3237 3744 3276 non
3769 3240 3844 3279 rc-

2267 3284 2474 3340 ceditur
2501 3302 2528 3338 a
2562 3286 2684 3341 via?
2710 3288 2846 3356 Quid
2875 3302 2990 3358 est,
3023 3310 3126 3350 non
3157 3301 3404 3358 recedere
3433 3321 3461 3359 a
3496 3309 3622 3364 via?
3645 3315 3844 3380 Quando

2266 3379 2416 3433 audit
2444 3379 2606 3434 verba
2639 3396 2851 3450 aspera,
2883 3385 3027 3442 unde
3055 3389 3154 3444 sibi
3186 3391 3343 3448 habet
3375 3395 3550 3456 limere
3581 3405 3840 3471 solatium,

4045 2553 4055 2692 ξ

4039 2697 4056 3412 t

2269 3478 2324 3523 ut
2353 3485 2457 3524 non
2489 3482 2640 3526 curet
2673 3474 2828 3528 verba
2861 3490 3079 3545 aspera,
3127 3497 3221 3536 nec
3248 3488 3461 3542 recedat
3488 3506 3516 3544 a
3552 3495 3665 3554 via.
3698 3506 3744 3551 et
3779 3498 3844 3550 in-

2268 3572 2371 3615 tret
2402 3577 2496 3631 per
2521 3563 2776 3630 januam?
2808 3566 2957 3622 Dicat
2983 3587 2997 3624 :
3027 3573 3200 3641 qualia
3235 3579 3390 3633 verba
3420 3582 3613 3653 audio,
3643 3603 3838 3653 servus,

2266 3657 2546 3724 peceator‘?
2593 3657 2846 3713 Dominus
2877 3677 3026 3716 meus
3063 3667 3309 3724 audivit:
3352 3672 3672 3735 Daemonium
3711 3684 3842 3738 babes

650 3437 678 3448 ν
931 3437 941 3451 .
1120 3437 1155 3438 η
1193 3437 1200 3439 ν
1258 3437 1261 3438 ν
1697 3437 1818 3457 τη-
1864 3437 2146 3458 --φσ---ηη

515 3437 521 3516 ἓ
557 3467 703 3524 Μιιίιὶ
761 3471 813 3526 in
859 3475 1209 3545 muscipulam
1251 3478 1554 3532 venantium
1604 3495 1699 3548 per
1742 3479 1960 3534 verbum
1999 3497 2156 3549 aspe-

518 3563 523 3640 i
556 3575 675 3621 rum
718 3562 1045 3618 ceciderunt.
1097 3566 1233 3634 Quid
1266 3576 1347 3621 est
1375 3569 1516 3639 quod
1544 3570 1706 3624 dico?
1731 3569 1924 3626 Tendit
1964 3571 2152 3626 diaho.

522 3659 531 3728 ί
557 3651 639 3706 lus
677 3662 732 3706 et
759 3655 928 3723 angeli
960 3656 1095 3726 ejus,
1128 3669 1378 3728 tanquam
1419 3670 1672 3715 venantes
1701 3661 1922 3716 tendunt
1951 3664 2154 3717 musci-

451 4962 513 5237 \

505 5237 574 5518 i

549 5322 574 5376 (1

558 3743 742 3811 pulas;
774 3755 826 3798 et
848 3747 1004 3817 longe
1023 3748 1091 3802 ab
1117 3749 1245 3820 ipsis
1267 3751 1578 3821 tnuscipnlis
1602 3752 1876 3808 ambulant
1902 3755 2146 3809 homines

555 3836 645 3904 qui
676 3835 727 3890 in
756 3837 968 3893 Christo
997 3842 1310 3896 ambulant:
1344 3859 1449 3898 non
1481 3844 1642 3900 audet
1678 3846 1820 3900 enim
1850 3846 1900 3900 in
1934 3846 2152 3901 Christo

548 3926 773 4030 ltcndere
818 3931 1209 4001 muscipulam;
1251 3935 1390 3990 circa
1435 3938 1570 3991 viam
1615 3939 1794 4006 ponit,
1829 3938 1880 3991 in
1930 3937 2009 3992 via
2044 3955 2148 3992 non

549 4021 724 4096 lponit.
756 4021 853 4076 Via
881 4035 1058 4080 autem
1087 4037 1176 4081 tua
1202 4027 1449 4084 Christus
1475 4031 1576 4096 sit,
1606 4042 1660 4086 ct
1690 4041 1743 4085 tu
1770 4047 1875 4086 non
1907 4033 2068 4088 cades
2099 4034 2150 4088 in

569 4115 905 4184 nuscipulam
955 4117 1180 4177 diaboli.
1229 4122 1508 4176 Aberranti
1560 4139 1589 4177 a
1632 4124 1751 4191 via,
1794 4126 1904 4195 jam
1953 4125 2024 4180 ibi
2070 4136 2155 4181 cst

549 4035 552 4071 ε
592 4035 724 4076 οιιιι.
763 4035 853 4076 VIa
881 4035 1058 4080 autem
1087 4037 1176 4081 tua
1202 4035 1449 4084 Christus
1475 4035 1576 4096 sit,
1606 4042 1660 4086 ct
1690 4041 1743 4085 tu
1770 4047 1875 4086 non
1907 4035 2068 4088 cades
2099 4035 2150 4088 in

569 4115 905 4184 nuscipulam
955 4117 1180 4177 diaboli.
1229 4122 1508 4176 Aberranti
1560 4139 1589 4177 a
1632 4124 1715 4178 via
1737 4166 1751 4191 ,
1794 4126 1904 4195 jam
1953 4125 2024 4180 ibi
2070 4136 2153 4181 cst

551 4205 870 4273 muscipula.
897 4206 1030 4261 [line
1057 4221 1222 4280 atque
1251 4211 1372 4266 hinc
1396 4213 1543 4280 ponit
1571 4213 1811 4283 laqueos,
1841 4215 1965 4271 hinc
1991 4226 2153 4286 atque

550 4293 676 4326 :nt'n
710 4296 852 4326 nnnh
889 4300 1276 4326 II‘I‘nnan-‘Am.
1325 4302 1463 4326 ιηιη..
1496 4303 1709 4326 I.-_---....
1757 4306 1993 4326 -_|,__|-_
2045 4306 2078 4326 ο
2101 4308 2149 4326 __I

531 4293 676 4364 {inde
709 4296 857 4363 ponit
889 4300 1277 4370 muscipulam;
1325 4302 1463 4356 inter
1496 4303 1712 4372 laqueos
1753 4306 2015 4359 ambulas.
2045 4306 2149 4362 Sed

512 4385 631 4440 t'vis
677 4399 901 4441 securus
937 4389 1248 4444 ambulare?
1290 4390 1406 4444 Noli
1457 4392 1725 4448 declinare
1773 4394 1823 4448 in
1871 4395 2148 4451 dexteram

551 4491 726 4547 neque
759 4478 810 4532 in
840 4478 1147 4554 sinistram;
1181 4490 1237 4536 et
1262 4483 1332 4537 sit
1361 4484 1448 4538 tibi
1481 4484 1564 4538 via
1587 4484 1676 4539 ille
1702 4487 1789 4554 qui
1823 4487 1914 4541 tibi
1941 4489 1956 4519 ¹
1981 4487 2152 4544 factus

463 4639 465 4646 ι
549 4576 634 4622 est
655 4568 735 4622 via
767 4553 942 4639 (Joan.
971 4585 1084 4637 xw,
1117 4571 1210 4640 6),
1243 4583 1300 4626 ut
1323 4575 1576 4643 perducat
1607 4584 1658 4631 te
1683 4553 1748 4632 ad
1778 4593 1835 4633 se
1863 4594 1955 4648 per
1979 4595 2069 4646 se;
2099 4592 2153 4636 et

452 4671 460 4730 μ
549 4677 657 4716 non
691 4663 902 4717 timebis
933 4663 1150 4734 laqueos
1177 4669 1502 4721 venantium.
1531 4667 1636 4724 Sed
1659 4669 1786 4740 quid
1815 4680 1916 4734 est,
1947 4689 1978 4725 a
2005 4674 2152 4729 verba

550 4757 767 4825 aspero?
791 4755 983 4812 Multos
1006 4773 1099 4826 per
1119 4758 1342 4814 verbum
1369 4776 1617 4832 asperum
1647 4764 1787 4819 misit
1810 4765 1861 4819 in
1884 4768 2152 4837 muscipu-

549 4863 654 4902 tam
683 4847 968 4903 diabolus:
999 4849 1150 4906 verbi
1178 4852 1346 4921 gratia
1371 4895 1386 4919 ,
1418 4855 1505 4924 qui
1537 4855 1800 4911 voluerint
1843 4872 1962 4912 esse
1999 4856 2152 4913 Chri-

549 4939 704 4993 stiani
736 4939 875 4994 inter
901 4939 1174 5011 Paganos,
1206 4941 1553 5000 insultatores
1580 4947 1848 5015 patiuntur
1873 4948 2147 5019 Paganos;

547 5031 874 5086 erubescunt
901 5031 1041 5087 inter
1065 5033 1448 5103 insultaturos,
1483 5047 1536 5091 et
1568 5053 1596 5089 a
1625 5037 1791 5092 verbo
1829 5055 2019 5109 aspero
2059 5057 2150 5096 re-

550 5122 807 5180 cedentes
839 5123 906 5179 de
934 5125 1016 5179 via
1039 5167 1054 5192 ,
1089 5125 1334 5182 incidunt
1374 5128 1424 5182 in
1479 5130 1698 5199 laqueos
1728 5133 2050 5186 venantium.
2086 5134 2152 5188 Et

549 5213 677 5283 quid
708 5215 798 5268 tibi
830 5214 1094 5271 facturum
1123 5227 1205 5273 est
1227 5219 1450 5275 verbum
1482 5221 1770 5291 asperum?
1794 5223 1952 5277 Nihil.
1980 5224 2151 5278 Num-

549 5303 676 5376 quid
706 5305 832 5360 nihil
867 5307 957 5362 tibi
992 5308 1224 5364 lacturns
1250 5319 1335 5366 est
1377 5312 1627 5382 laqueus,
1669 5329 1775 5383 quo
1803 5323 1853 5370 te
1880 5317 2153 5386 compellit

574 5400 798 5455 nimicus
839 5415 938 5472 per
970 5403 1186 5458 verbum
1218 5407 1509 5477 asperum?
1547 5407 1825 5476 Quomodo
1865 5413 1995 5464 retia
2037 5411 2150 5479 ple~

585 5511 778 5566 umth
807 5496 1114 5564 tenduntur,
1143 5499 1210 5554 ad
1239 5511 1398 5570 caput
1439 5503 1582 5572 sepis
1610 5503 1898 5560 tenduntur
1925 5505 2147 5576 avibus,

548 5589 603 5670 et
629 5589 831 5659 lapides
871 5591 1156 5647 mittuntur
1192 5593 1246 5648 in
1290 5609 1472 5664 sepem
1507 5613 1519 5649 :
1551 5596 1752 5664 lapides
1793 5598 1866 5651 illi
1910 5599 2038 5652 nihil
2069 5599 2148 5653 fa-

544 5671 685 5762 dturi
717 5695 840 5739 sunt
866 5685 1071 5739 avibus.
1102 5685 1324 5756 Quando
1355 5687 1496 5744 enim
1523 5687 1646 5745 ferit
1668 5705 1856 5756 avem,
1887 5690 1974 5761 qui
2009 5691 2144 5760 lapi-

543 5772 674 5847 dem
706 5777 868 5838 mittit
891 5779 945 5835 in
975 5782 1198 5851 sepem?
1225 5780 1444 5839 Timens
1473 5792 1648 5839 autem
1674 5783 1786 5840 avis
1811 5785 2022 5845 inanem
2051 5800 2145 5850 so-

514 5959 523 5972 ρ
671 5893 753 5946 llic
772 5892 884 5952 uta.
907 5893 1106 5961 adluat.
1121 5909 1210 5963 pro
1232 5904 1312 5962 te;
1335 5898 1466 5964 quod
1488 5912 1516 5952 ι
1541 5906 1645 5953 Mss.
1671 5903 1827 5954 abest.

2265 3744 2442 3816 (.Ioan.
2480 3762 2589 3811 vut,
2614 3748 2727 3816 b8).
2761 3749 2918 3804 Modo
2946 3753 3167 3811 audistis
3198 3762 3417 3819 verbum
3448 3784 3698 3838 asperum
3719 3774 3838 3843 quod

2261 3842 2458 3896 dictum
2490 3851 2571 3896 est
2601 3842 2651 3895 in
2697 3843 2976 3900 Dominum
3008 3865 3020 3901 :
3053 3865 3155 3904 non
3198 3868 3331 3923 opus
3368 3871 3482 3914 erat
3517 3873 3575 3918 ut
3610 3842 3838 3921 [lotninus

2263 3933 2362 3988 hoc
2391 3932 2618 3997 audiret,
2653 3934 2745 3988 sed
2779 3944 2828 3990 tc
2858 3940 3059 3994 monuit
3091 3942 3356 4003 adversus
3387 3952 3544 4008 verba
3576 3971 3755 4028 aspera
3780 3973 3838 4013 ne

2262 4025 2465 4080 incidas
2492 4026 2543 4079 in
2577 4025 2795 4096 laqueos
2822 4032 3153 4089 venantium.

2333 4118 2385 4172 5.
2429 4115 2579 4187 [verm
2613 4116 2691 4190 4.]
2736 4116 2880 4173 Inter
2904 4123 3141 4190 scapulas
3179 4143 3299 4182 sua:
3325 4133 3639 4192 obumbrabit
3663 4139 3769 4206 tibi,
3797 4150 3837 4210 et

2260 4211 2351 4265 sub
2375 4211 2472 4265 alis
2496 4213 2607 4281 ejus
2632 4212 2877 4282 sperabis.
2915 4213 3024 4270 Hoc
3052 4216 3210 4282 dicit,
3244 4237 3311 4277 ne
3344 4233 3428 4276 tua
3461 4232 3716 4296 protectio
3741 4248 3767 4286 a
3791 4242 3835 4287 te

2260 4304 2354 4359 tibi
2385 4303 2481 4369 sit,
2517 4319 2585 4358 ne
2613 4313 2766 4374 putes
2794 4306 2914 4373 quia
2956 4315 3009 4361 tu
3056 4317 3106 4364 te
3147 4321 3297 4380 potes
3338 4329 3652 4389 protegere:
3685 4324 3764 4380 ille
3791 4332 3833 4378 te

2261 4403 2523 4465 proteget,
2551 4403 2609 4448 ut
2633 4407 2820 4462 eruat;
2850 4406 2903 4450 et
2932 4408 3085 4454 eruet
3111 4399 3178 4456 de
3209 4405 3501 4475 muscipula
3526 4415 3830 4478 venantium,

2257 4588 2316 4633 et
2351 4595 2380 4633 a
2414 4587 2560 4650 tergo
2607 4590 2759 4649 potes
2805 4581 3134 4653 intelligere,
3181 4595 3234 4640 et
3262 4603 3290 4641 a
3340 4604 3553 4658 pectore
3581 4615 3594 4650 :
3624 4597 3828 4668 scapulee

2258 4669 2398 4728 enim
2440 4675 2580 4728 circa
2621 4683 2781 4743 caput
2815 4685 2957 4729 sunt.
3000 4675 3102 4733 Sed
3133 4681 3252 4748 quia
3283 4683 3442 4745 dicit,
3479 4689 3569 4742 sub
3606 4691 3698 4744 alis
3735 4691 3830 4758 ejus

2256 4767 2513 4834 sperabis,
2555 4765 2892 4820 Inanil‘cstutn
2935 4782 3012 4821 cst
3055 4771 3174 4838 quia
3219 4777 3477 4841 proiectio
3516 4780 3709 4834 alarum
3745 4796 3827 4833 et-

2259 4875 2543 4929 pansarutn
2577 4861 2699 4913 l‘acit
2728 4869 2777 4912 te
2806 4875 2925 4914 esse
2954 4863 3090 4916 inter
3117 4866 3359 4933 scapulas
3392 4869 3504 4938 Dei,
3540 4883 3596 4927 ut
3619 4873 3734 4928 hinc
3759 4880 3827 4924 at-

2256 4967 2359 5020 que
2389 4951 2510 5005 hinc
2539 4951 2638 5004 ala:
2669 4951 2760 5004 Dei
2791 4963 2842 5006 te
2873 4963 3074 5021 ponant
3099 4956 3149 5010 in
3182 4958 3395 5014 medio:
3427 4973 3479 5017 et
3507 4979 3608 5019 non
3639 4964 3825 5019 timebis

2259 4497 2313 4541 et
2339 4502 2368 4540 τι
2400 4486 2568 4542 verbo
2597 4503 2808 4557 aspero.
2837 4488 2982 4544 Inter
3004 4495 3241 4563 scapulas
3264 4513 3383 4550 suas
3407 4501 3714 4560 obumbrabit
3737 4506 3830 4572 tibi,
3870 4483 3877 4514 ἶ

2259 4588 2316 4633 et
2351 4595 2380 4633 a
2414 4587 2560 4650 tergo
2607 4590 2759 4649 potes
2805 4581 3134 4653 intelligere,
3181 4595 3234 4640 et
3262 4603 3290 4641 a
3340 4604 3553 4658 pectore
3581 4615 3594 4650 :
3624 4597 3828 4668 scapulee

2259 4669 2398 4728 enim
2440 4675 2580 4728 circa
2621 4683 2781 4743 caput
2815 4685 2957 4729 sunt.
3000 4675 3102 4733 Sed
3133 4681 3252 4748 quia
3283 4683 3442 4745 dicit,
3479 4689 3569 4742 sub
3606 4691 3698 4744 alis
3735 4691 3830 4758 ejus

2259 4767 2513 4834 sperabis,
2555 4765 2892 4820 Inanil‘cstutn
2935 4782 3012 4821 cst
3055 4771 3174 4838 quia
3219 4777 3477 4841 proiectio
3516 4780 3709 4834 alarum
3745 4796 3827 4833 et-

2257 5059 2324 5097 ne
2349 5043 2467 5114 quis
2491 5045 2582 5097 tibi
2610 5054 2828 5112 noceat;
2865 5056 3064 5102 tantum
3090 5058 3144 5103 tu
3168 5052 3272 5105 noli
3299 5053 3419 5107 inde
3443 5060 3706 5122 recedere,
3733 5073 3824 5127 quo
3885 5065 3891 5127 ί

2256 5135 2432 5190 nullus
2475 5135 2719 5190 inimicus
2761 5136 2920 5191 audet
2962 5139 3240 5195 accedere.
3291 5141 3344 5198 Si
3389 5148 3581 5216 gallina
3620 5151 3824 5219 promgit

2256 5229 2430 5298 pullos
2473 5244 2598 5282 suos
2642 5229 2742 5284 sub
2770 5229 2868 5284 alis
2910 5231 3048 5296 suis;
3080 5243 3279 5303 quanto
3306 5240 3474 5310 magis
3518 5250 3567 5294 tu
3611 5240 3703 5294 snb
3737 5238 3821 5292 alis

2255 5322 2348 5376 Dei
2379 5330 2521 5376 tutus
2550 5322 2685 5386 eris.
2717 5332 2769 5377 et
2795 5323 3050 5379 adversus
3078 5325 3344 5384 diabolum
3378 5343 3430 5387 et
3457 5335 3666 5405 angelos
3691 5333 3818 5400 ejus,

2253 5431 2373 5483 quae
2405 5431 2576 5469 aerea:
2618 5425 2909 5485 potestates
2940 5427 3189 5488 tanquam
3235 5424 3513 5494 accipitres
3550 5429 3818 5481 circumve-

2253 5507 2436 5574 litant,
2485 5517 2539 5561 ut
2581 5507 2847 5562 inﬁrmum
2894 5510 3094 5580 pullum
3141 5512 3425 5570 auferant?
3471 5518 3645 5588 Neque
3693 5515 3814 5570 enim

2251 5599 2368 5653 sine
2395 5615 2552 5653 ρξιιιςιι
2586 5612 2888 5669 comparata
2919 5611 3002 5658 est
3026 5605 3217 5674 gallina
3248 5607 3344 5677 ipsi
3389 5609 3664 5681 Sapientia)
3703 5608 3812 5666 Dei;
3858 5587 3865 5718 1

2252 5707 2371 5718 κη...
2399 5687 2640 5718 ρι...ε..ι..τ.
2667 5694 2775 5718 :......
2801 5695 3050 5718 n..-.-:-.....
3073 5707 3212 5718 _-...-
3231 5716 3251 5718 ,_
3279 5710 3318 5718 _.
3350 5716 3359 5718 _
3383 5703 3419 5718 ,.
3497 5713 3506 5718 .
3591 5713 3600 5718 _
3685 5717 3696 5718 η

2252 5707 2372 5746 nam
2399 5687 2642 5747 Christus
2667 5694 2777 5763 ipse
2801 5695 3053 5751 Dominus
3073 5707 3254 5752 noster
3271 5710 3323 5754 et
3342 5703 3573 5760 salvator
3589 5713 3811 5773 tauquam
3855 5687 3861 5774 ᾖ

2248 5783 2498 5856 gallinam
2525 5798 2583 5846 Se
2605 5785 2740 5842 dixit
2767 5805 2780 5843 :
2811 5785 3123 5857 Jerusalem,
3155 5789 3460 5866 Jerusalem,
3493 5797 3671 5872 quoties
3697 5789 3814 5851 votui
3835 5821 3849 5918 I

2311 5919 2330 5950 ι
2373 5914 2495 5956 Alunt
2514 5928 2541 5960 ρ
2563 5911 2698 5963 om),
2718 5909 2845 5965 1156.,
2868 5916 3109 5968 nugarum
3139 5909 3480 5970 tbeatriearum

3901 3751 3926 3928 ι

3922 3945 3925 4002 l

3885 5077 3892 5316 ἱ

3891 4905 3902 5042 /

3875 5329 3886 5500 ί
