4132 6442
296 285 428 342 H55

291 399 522 470 colligere
545 397 678 466 ﬁlios
705 406 836 462 tuos,
867 404 1105 466 tauquam
1130 395 1322 468 gallina
1346 396 1514 467 pullos
1538 411 1676 462 suos,
1705 402 1751 449 et
1779 411 1872 449 no-

292 493 423 548 luisti
467 489 678 562 (Matth.
723 505 848 544 xxm
870 530 885 554 ,
918 489 1046 560 37)?
1077 488 1253 544 Noluit
1282 489 1367 544 illa
1393 489 1719 554 Jerusalem;
1753 488 1878 542 veli-

288 600 408 640 mus
434 598 550 638 nos.
583 581 674 637 llla
709 594 854 651 rapta
895 590 977 636 est
1003 581 1072 635 ab
1095 581 1267 636 aereis
1298 581 1648 651 potestatibus
1678 582 1881 652 fugiens

287 678 402 732 alas
426 671 667 746 gallinae,
711 691 1040 745 pra-sumens
1081 675 1147 730 de
1178 675 1378 731 viribus
1404 676 1544 743 suis,
1587 691 1708 732 cum
1737 687 1881 733 esset

288 767 540 822 inﬁrma:
577 782 678 821 nos
717 766 1035 820 conﬁtentes
1074 764 1434 820 inﬁrmitatem
1475 776 1747 834 nostram,
1781 765 1879 821 sub

283 862 402 914 alas
434 859 526 914 Dei
555 860 853 929 fugiamus;
899 858 1000 913 erit
1026 857 1181 912 nobis
1222 858 1364 912 enim
1409 867 1655 929 tanquam
1684 859 1879 930 gallina

282 960 572 1023 protegens
611 950 781 1020 pullos
809 965 957 1005 suos.
987 949 1102 1004 Non
1147 959 1230 1005 est
1253 951 1395 1005 enim
1437 951 1752 1022 injuriosum
1781 967 1880 1005 no-

280 1057 410 1098 men
444 1041 675 1112 galliam.
707 1040 979 1096 Attendite
1005 1049 1227 1096 czeteras
1253 1056 1398 1107 aves,
1430 1041 1624 1096 fratres
1653 1060 1666 1096 :
1697 1041 1878 1096 multa:

279 1150 414 1191 aves
453 1145 575 1189 ante
619 1151 717 1188 nos
749 1133 948 1200 fetant,
994 1132 1307 1188 calefaciunt
1337 1132 1510 1203 pullos
1537 1148 1698 1199 suos;
1735 1134 1878 1188 nulla

279 1226 366 1281 sic
391 1226 504 1280 avis
532 1224 833 1282 inﬁrmatur
863 1239 983 1280 cum
1013 1224 1200 1295 pullis,
1242 1223 1509 1294 quomodo
1534 1225 1750 1295 gallina.
1785 1225 1878 1279 At-

282 1317 469 1375 tendat
493 1317 742 1374 Charitas
768 1324 942 1373 vestra
969 1335 983 1372 :
1026 1315 1368 1383 hirundines,
1410 1331 1654 1386 passeres
1682 1319 1696 1348 ¹
1726 1327 1780 1372 et
1803 1318 1880 1373 ci-

281 1412 468 1466 conias
507 1410 757 1466 videmus
792 1417 942 1464 extra
971 1407 1123 1464 nidos
1165 1425 1318 1473 suos,
1368 1424 1468 1464 nec
1507 1411 1879 1480 cognoscimus

181 1537 188 1542 -
281 1515 460 1560 utrum
493 1503 639 1558 fetus
682 1502 938 1568 habeant;
983 1512 1038 1555 at
1064 1517 1193 1557 vero
1219 1501 1468 1572 gallinam
1509 1503 1877 1572 cognoscimus

273 1600 336 1654 in
380 1597 691 1653 inﬁrmitate
715 1597 893 1659 vocis,
928 1596 978 1650 in
1025 1596 1352 1650 relaxatione
1394 1595 1690 1664 plumarum
1720 1613 1733 1650 :
1770 1604 1876 1651 tota

277 1699 518 1745 mutatur
553 1688 746 1743 affectu
779 1689 1076 1758 pullorum;
1107 1687 1228 1756 quia
1263 1687 1336 1741 illi
1377 1687 1568 1740 inﬁrmi
1597 1695 1753 1754 sunt,
1787 1688 1875 1742 in-

274 1782 492 1837 ﬁrmam
518 1797 578 1837 se
606 1780 751 1836 facit.
783 1780 912 1848 Quia
939 1794 1069 1850 ergo
1096 1787 1152 1834 et.
1179 1794 1278 1835 nos
1304 1779 1500 1834 inﬁrmi
1528 1795 1759 1846 eramus,
1791 1780 1873 1835 in-

271 1873 490 1928 firmam
537 1888 594 1926 se
640 1871 762 1926 fecit
809 1871 1077 1940 Sapientia
1123 1870 1246 1935 Dei;
1294 1871 1416 1940 quia
1469 1870 1700 1927 Verbum
1749 1887 1875 1928 caro

270 1964 478 2020 factum
504 1973 608 2029 est,
638 1973 692 2018 et
720 1961 974 2017 habitavit
1001 1962 1053 2017 in
1089 1962 1244 2016 nobis
1272 1961 1450 2033 (Joan.
1484 1979 1521 2028 ι,
1554 1961 1659 2035 14),
1696 1972 1752 2018 ut
1776 1965 1876 2020 sub

268 2060 376 2114 alis
402 2059 522 2128 ejus
548 2073 844 2128 speremus.

348 2155 402 2207 6.
439 2151 588 2225 [vers.
613 2152 667 2216 5,
695 2149 772 2223 6.]
797 2150 953 2205 Scuto
973 2149 1303 2203 circumdabit
1324 2159 1370 2204 te
1391 2150 1571 2204 veritas
1591 2151 1720 2221 ejus.
1745 2151 1873 2220 Quae

273 2255 407 2302 sunt
434 2245 567 2309 alae,
611 2244 714 2299 hoc
755 2253 837 2299 est
880 2251 1118 2308 scutum;
1161 2243 1280 2312 quia
1327 2257 1426 2297 nec
1456 2243 1552 2296 ala:
1591 2252 1743 2309 sunt,
1776 2259 1874 2299 nec

274 2347 514 2393 scutum.
562 2335 618 2392 Si
648 2334 848 2407 aliquid
897 2334 1085 2389 horum
1137 2334 1350 2404 proprie
1393 2343 1562 2400 esset,
1616 2336 1868 2406 numquid

274 2431 380 2485 ala:
404 2437 611 2486 scutum
640 2444 760 2484 esse
791 2439 1037 2498 possent,
1072 2426 1151 2482 vel
1185 2437 1393 2482 scutum
1435 2429 1571 2481 alae?
1605 2427 1708 2484 Sed
1749 2430 1869 2502 quia

277 2523 507 2596 ﬁgurate
550 2539 646 2594 per
689 2521 1064 2579 similitudines
1108 2520 1211 2576 dici
1259 2521 1437 2575 omnia
1466 2521 1564 2575 ista
1613 2532 1867 2590 possunt,

275 2618 404 2675 ideo
429 2627 482 2674 et
521 2617 622 2674 ala:
666 2627 719 2673 et
748 2625 953 2672 scutum
998 2630 1116 2670 csse
1158 2624 1465 2685 potuerunt.
1496 2614 1550 2670 Si
1583 2630 1706 2670 vere
1736 2615 1870 2686 lapis

275 2719 425 2768 esset
465 2710 747 2775 Christus,
780 2709 864 2765 leo
895 2723 998 2764 non
1031 2716 1211 2771 esset;
1244 2716 1298 2762 et
1325 2707 1368 2762 si
1398 2708 1482 2762 leo
1510 2717 1670 2770 esset,
1701 2723 1869 2779 agnus

276 2822 386 2864 non
413 2813 589 2861 esset:
625 2803 743 2858 ideo
772 2811 828 2857 et
846 2802 930 2856 leo
960 2801 1141 2870 (Apoc.
1167 2817 1220 2865 ν,
1247 2800 1322 2868 5),
1355 2809 1408 2854 et
1433 2814 1600 2869 agnus
1625 2798 1800 2871 (Joan.
1826 2817 1864 2867 ι,

273 2897 394 2966 99),
423 2905 475 2952 et,
512 2895 645 2965 lapis
673 2894 809 2964 (Act.
838 2909 908 2958 tv,
949 2893 1035 2955 10,
1071 2892 1182 2962 Η),
1217 2900 1269 2944 et
1298 2890 1526 2955 vitulus,
1570 2900 1623 2944 et
1651 2892 1692 2945 si
1739 2890 1864 2961 quid
1911 2933 1920 2942 .

274 2989 614 3062 huiusmodi;
646 2989 767 3059 quia
795 3003 894 3042 nec
925 2987 1090 3056 lapis,
1128 3000 1226 3040 nec
1254 2986 1367 3050 leo,
1417 3001 1512 3038 nec
1538 3000 1732 3054 agnus,
1768 3002 1866 3041 nec

273 3085 504 3150 vitulus,
551 3082 643 3138 sed
683 3081 915 3135 salvator
960 3079 1198 3134 omnium
1240 3079 1396 3133 Jesus
1439 3076 1700 3133 Christus.
1746 3079 1864 3134 Ista:

271 3179 418 3234 enim
462 3175 840 3231 similitudines
880 3179 1038 3238 sunt,
1089 3189 1192 3227 non
1239 3172 1611 3242 proprietates.
1669 3171 1864 3228 Veritas

276 3273 405 3340 ejus,
433 3267 638 3339 inquit,
677 3264 1006 3320 circumdabit
1034 3273 1098 3318 te.
1127 3263 1402 3332 Tanquam
1433 3271 1639 3316 scutum
1665 3265 1862 3320 veritas

273 3362 389 3432 ejus
419 3369 532 3424 est;
575 3369 632 3412 ut
659 3374 763 3413 non
797 3358 1017 3412 misceat
1044 3370 1138 3411 eos
1177 3355 1266 3425 qui
1300 3355 1350 3408 in
1387 3354 1578 3424 seipsis
1607 3365 1858 3425 sperant,

276 3469 394 3508 cum
418 3451 497 3506 eis
521 3449 608 3522 qni
637 3452 688 3522 in
718 3449 824 3502 Deo
842 3455 1078 3519 sperant.
1101 3447 1356 3501 Peccator
1379 3456 1476 3512 est,
1501 3458 1554 3502 et
1579 3457 1858 3517 peccator:

277 3545 365 3599 sed
379 3544 437 3596 da
456 3551 788 3613 peccatorem
806 3541 871 3595 de
885 3556 942 3595 se
955 3547 1385 3610 praesumentem,
1403 3549 1855 3607 contemnentem,

277 3645 481 3705 peccata
505 3649 599 3688 sua
616 3637 730 3688 non
757 3632 1117 3693 confitentem,
1140 3641 1192 3686 et
1216 3630 1377 3696 dicet,
1404 3631 1459 3687 Si
1479 3631 1590 3687 Deo
1606 3631 1859 3702 displice—

273 3739 389 3783 rent
427 3734 640 3804 pqccata
682 3740 827 3787 mea,
864 3739 966 3777 non
1005 3724 1334 3793 permitteret
1357 3739 1442 3778 me
1468 3723 1665 3780 vivere.
1709 3725 1858 3781 Alius

271 3829 445 3873 autem
475 3817 656 3873 oculos
681 3831 783 3870 non
812 3814 1042 3869 audebat
1068 3815 1263 3879 levare,
1295 3814 1388 3870 sed
1409 3816 1733 3886 percntiebat
1759 3833 1857 3888 pe-

272 3922 390 3966 ctus
431 3926 613 3976 suum,
643 3907 856 3970 dicens,
891 3906 1136 3971 Domine,
1168 3908 1419 3977 propitias
1447 3917 1550 3962 esto
1578 3908 1701 3962 mihi
1735 3927 1855 3980 pec-

276 4005 434 4058 catori
457 4001 597 4073 (Luc.
627 4001 909 4067 xvnt,15).
934 3999 1000 4054 Et
1019 4001 1105 4055 ille
1127 4010 1393 4067 peccator,
1424 4011 1477 4056 et
1499 4001 1584 4056 ille
1609 4019 1621 4053 :
1651 4002 1742 4056 sed
1768 4003 1856 4058 ille

273 4096 526 4157 irridens,
570 4095 667 4148 iste
697 4093 984 4163 plangens;
1019 4093 1106 4148 ille
1143 4101 1498 4162 contemptor,
1531 4093 1615 4148 hic
1640 4094 1850 4149 confes-

269 4203 361 4243 sor
396 4195 726 4256 peccatorum
759 4200 997 4239 suorum.
1030 4184 1240 4238 Veritas
1265 4195 1442 4240 autem
1475 4185 1565 4240 Dei
1600 4169 1849 4256 quas-non

268 4295 523 4350 personas
549 4278 759 4346 accipit,
792 4277 1047 4330 discernit
1078 4277 1423 4346 pct‘txitentcm
1451 4294 1478 4329 :t
1509 4276 1847 4346 deb-ndente,

266 4373 516 4427 discernit
549 4372 800 4426 humilem
823 4389 849 4423 ιι
879 4369 1129 4439 superbo,
1159 4370 1413 4424 discernit
1440 4382 1846 4440 praesumentem

264 4462 334 4519 de
369 4465 544 4534 scipso
588 4480 616 4516 a
663 4471 1016 4532 praesumendo
1064 4462 1131 4516 de
1167 4462 1292 4515 Deo.
1329 4461 1468 4532 Ergo
1517 4465 1696 4519 veritas
1741 4466 1848 4535 ejus

270 4568 511 4626 umquam
534 4563 676 4609 scuto
704 4554 1030 4608 cirmtmdabit
1054 4563 1118 4606 te.

337 4652 386 4704 7.
422 4648 544 4702 Non
576 4648 764 4702 timebis
793 4665 822 4699 a
851 4648 1028 4700 timore
1062 4655 1304 4700 nocturno
1325 4687 1338 4711 ,
1383 4663 1414 4699 a
1443 4646 1624 4716 sagitta
1650 4647 1848 4703 volante

268 4761 352 4814 per
377 4743 507 4795 diem
528 4781 543 4806 ,
587 4759 617 4794 a
645 4742 843 4811 negotio
874 4738 1252 4810 perambulante
1276 4739 1326 4792 in
1359 4740 1572 4793 tenebris
1591 4781 1606 4805 ,
1637 4757 1667 4792 ιι
1699 4740 1845 4793 ruina

266 4848 309 4890 ct
330 4837 578 4889 (immania
606 4834 902 4887 meridiano.
935 4833 1149 4888 Duobus
1176 4849 1294 4903 quae
1321 4848 1477 4902 supra
1517 4833 1687 4896 dixit,
1720 4833 1844 4888 red-

265 4929 458 4982 duntur
493 4927 600 4982 duo
640 4943 758 4997 qua:
803 4925 934 4981 infra
976 4925 1132 4980 dixit.
1184 4924 1305 4979 Non
1354 4926 1545 4980 timebis
1593 4943 1624 4980 a
1671 4927 1846 4981 timore

268 5034 526 5084 nocturno,
557 5039 587 5075 α
610 5022 792 5093 sagitta
822 5021 1021 5074 volante
1051 5037 1137 5088 per
1164 5022 1294 5073 diem
1324 5037 1342 5074 :
1371 5032 1424 5076 et
1451 5031 1667 5091 propter
1692 5022 1846 5076 timo-

268 5135 371 5171 rum
403 5126 741 5181 nocturnum,
765 5134 795 5167 a
823 5113 1022 5185 negotio
1049 5113 1427 5184 perambulante
1446 5113 1498 5166 in
1524 5114 1766 5180 tenebris;
1792 5123 1845 5169 et

267 5219 481 5280 pruplCl‘
511 5209 758 5278 sagittam
790 5208 1058 5261 volantem
1093 5221 1186 5275 per
1214 5204 1387 5268 diem,
1421 5221 1452 5257 α
1481 5205 1628 5258 ruina
1660 5215 1704 5257 et
1735 5204 1844 5260 da:-

265 5301 428 5352 monio
453 5299 751 5353 meridiano.
782 5297 916 5365 Quid
939 5305 1020 5352 est
1043 5295 1330 5350 timendum
1361 5294 1410 5348 in
1434 5304 1611 5360 nocte,
1643 5305 1695 5349 et
1719 5297 1845 5366 quid

265 5391 312 5444 in
356 5391 479 5444 dic?
509 5391 642 5444 Cum
680 5389 905 5458 quisque
951 5390 1202 5458 ignorans
1247 5395 1464 5457 peccat,
1513 5397 1758 5458 tanquam
1792 5391 1845 5444 in

263 5493 418 5538 nocte
448 5491 631 5551 peccat
664 5499 678 5534 :
709 5495 829 5537 cum
861 5489 1037 5535 autem
1064 5479 1239 5534 sciens
1269 5489 1481 5550 peccat,
1518 5489 1763 5549 tanquam
1793 5481 1844 5534 in

261 5574 345 5630 die
373 5583 576 5643 peccat.
614 5573 728 5628 Duo
756 5587 884 5644 ergo
916 5571 1004 5626 illa
1027 5570 1260 5636 leviora;
1297 5571 1408 5642 ipsa
1433 5582 1556 5627 sunt
1581 5573 1843 5643 graviora,

261 5687 374 5742 gum
420 5669 645 5739 repetita
693 5674 838 5722 sunt.
869 5663 1162 5731 Intendite,
1197 5674 1252 5722 ιιι
1295 5664 1576 5737 diligenter
1624 5666 1751 5733 hoc,
1799 5669 1844 5720 si

318 5785 342 5819 ³
372 5792 507 5842 Mss,
521 5793 728 5834 maeres.

1420 274 1815 336 ENARRATIO
1845 278 1907 333 ΙΝ
1941 277 2260 339 PSALMUM
2298 280 2408 339 XC.

3438 286 3575 346 ιιει

1995 395 2248 451 Dominus
2291 395 2566 463 annuerit,
2609 407 2906 467 exponatur
2946 397 3135 454 vobis:
3167 397 3450 456 obscurum
3491 413 3575 458 est

1988 486 2128 540 enim
2152 530 2164 552 ,
2199 497 2252 542 et
2277 490 2376 543 erit
2407 504 2628 558 magnus
2659 489 2859 545 fructus
2882 490 2926 546 si
2952 491 3342 548 intellexeritis.
3375 493 3572 549 Tenta-

1987 579 2186 634 tionem
2214 597 2330 650 quae
2360 583 2415 636 tit
2442 582 2492 635 in
2517 582 2879 652 ignorantibus
2903 585 3055 650 levis,
3087 585 3330 642 timorem
3355 597 3572 643 noctur-

1987 684 2114 724 num
2148 671 2463 741 appellavit;
2495 679 2550 726 et
2584 674 2931 729 tentationem
2960 691 3079 746 qua:
3112 676 3168 731 ﬁt
3195 677 3250 732 in
3277 679 3566 736 scientibus

1987 758 2153 828 levis,
2196 763 2441 832 sagittam
2482 763 2747 820 volantem
2793 783 2885 836 per
2909 766 3050 822 diem
3089 769 3395 839 appellavit.
3438 771 3568 839 Qua:

1985 864 2112 909 sunt
2136 854 2281 910 leves
2305 855 2658 912 tentationes?
2685 857 2814 926 Quae
2844 875 2948 914 non
2982 860 3061 915 sic
3087 861 3318 929 instant,
3351 878 3453 917 non
3493 864 3570 919 sic

1985 954 2195 1016 urgent,
2228 957 2286 1001 ut
2313 959 2542 1018 cogant,
2571 948 2665 1004 sed
2696 959 2916 1020 possunt
2943 951 3048 1006 cito
3075 951 3340 1008 declinata
3396 963 3570 1009 trans-

1984 1034 2085 1090 ire.
2115 1035 2312 1092 Eadem
2339 1053 2523 1092 rursus
2553 1037 2636 1094 fac
2657 1041 2862 1110 gravia.
2901 1041 2959 1095 Si
2986 1053 3295 1112 persecutor
3323 1043 3572 1110 inslat,et

1985 1124 2334 1182 vehementer
2360 1136 2524 1183 terret
2559 1129 2896 1199 ignorantes,
2937 1130 2988 1186 id
3015 1141 3096 1186 est
3122 1133 3357 1188 nondum
3387 1135 3567 1190 ﬁrmos

1983 1215 2037 1270 in
2065 1216 2169 1272 tide
2190 1260 2205 1282 ,
2227 1233 2338 1294 pec
2378 1219 2610 1274 scientes
2636 1219 2778 1290 quod
2802 1219 2868 1275 ad
2893 1220 2997 1276 hoc
3021 1233 3144 1277 sunt
3172 1222 3479 1291 christiani,

2066 1266 2166 1272 --η
2190 1266 2205 1282 ,
2227 1266 2336 1294 ς---
2378 1266 2608 1274 _----.---
2638 1266 2778 1290 τη..
2802 1266 2868 1275 _..
2893 1266 2997 1276 -.νυ
3021 1266 3144 1277 η...
3465 1266 3479 1291 ,
3799 1285 3808 1288 _
3859 1275 3861 1278 .
3895 1277 3905 1284 .

1982 1307 2212 1364 futuram
2243 1311 2403 1365 vitam
2431 1321 2680 1382 sperent;
2711 1328 2830 1367 cum
2861 1315 3123 1384 coeperint
3150 1316 3334 1371 terreri
3367 1317 3434 1373 de
3459 1333 3572 1373 ma-

1981 1399 2050 1455 lis
2081 1365 2481 1472 temporalibus,
2512 1412 2696 1474 putant
2725 1405 2867 1476 quod
2897 1365 3134 1462 dcrseruit
3156 1409 3276 1464 illos
3301 1365 3869 1522 Christus,

1982 1502 2032 1522 no
2061 1495 2176 1522 ιιέηιι
2208 1510 2362 1522 Ann-lin
2411 1507 2528 1522 ...ι-..ι
2564 1497 2865 1522 -I...2-n:....2-
2923 1515 3022 1522 -.Α-μ
3058 1511 3245 1522 ---..----.
3297 1504 3425 1522 ,ημη
3517 1514 3565 1522 η.
3807 1517 3815 1522 .

1981 1502 2036 1548 et.
2059 1495 2177 1549 sine
2206 1510 2367 1550 causa
2410 1507 2534 1551 sunt
2560 1497 2868 1564 christiani;
2922 1515 3024 1553 non
3058 1511 3252 1555 norunt
3289 1504 3430 1556 enim
3455 1543 3470 1567 ,
3515 1479 3830 1572 ut’ﬂi;

1980 1585 2114 1653 dixi,
2159 1589 2280 1658 quia
2311 1589 2377 1644 ad
2420 1590 2521 1645 hoc
2561 1599 2687 1645 sunt
2726 1592 3037 1658 christiani,
3083 1597 3450 1676 utﬂesentia
3483 1613 3569 1652 su-

1981 1656 2202 1755 perent,
2253 1656 2883 1757 RW
2878 1686 3081 1740 invenit
3128 1656 3250 1741 illos
3297 1689 3567 1757 negotium

1981 1701 2202 1755 ωεηι,
2253 1701 2525 1737 mutum
2566 1701 2591 1736 s
2629 1701 2827 1738 erent:
2878 1701 3081 1740 tnvenu
3128 1701 3250 1741 tuos
3297 1701 3564 1757 negotium

1981 1701 2751 1841 perambuth—tFimeHb-Fis,
2797 1785 2852 1831 et
2892 1778 3036 1848 capit
3070 1793 3184 1834 eos.
3213 1780 3348 1835 Sunt
3388 1791 3564 1838 autetn

1981 1819 2358 1840 r"'""-"----w
2390 1819 2441 1828 ---
2490 1819 2663 1831 -ν--νυ-
2680 1819 2751 1841 -υ,
2797 1819 2852 1831 νυ
2895 1819 3036 1848 ννιη..
3070 1819 3184 1834 vv,”
3214 1819 3348 1835 υυη,
3388 1819 3564 1838 "una".

1979 1863 2195 1934 quidam
2236 1867 2325 1937 qui
2369 1879 2635 1922 noverunt
2675 1884 2734 1924 se
2762 1869 2827 1923 ad
2862 1871 3090 1926 futuram
3135 1886 3283 1942 Spem
3315 1819 3942 1958 vocatos;/€_/‘::”““L

1977 1954 2099 2024 quia
2131 1956 2272 2025 quod
2302 1957 2465 2012 nobis
2485 1958 2732 2028 promisit
2759 1961 2920 2029 Deus,
2951 1976 3054 2016 non
3079 1972 3162 2018 est
3181 1963 3249 2020 de
3277 1967 3376 2020 ista
3403 1975 3566 2033 terra,

1979 2063 2084 2102 non
2110 2059 2192 2104 est
2217 2050 2284 2105 de
2314 2051 2410 2105 ista
2439 2051 2579 2116 vita;
2603 2053 2724 2122 quia
2746 2052 2862 2108 ista:
2883 2070 3071 2110 omnes
3101 2057 3569 2115 tentationestole-

1976 2141 2158 2196 randa:
2198 2152 2352 2211 sunt,
2397 2153 2455 2198 ut
2498 2145 2622 2198 illttd
2665 2145 3020 2215 accipiamus,
3060 2147 3190 2202 illud
3231 2151 3568 2220 acquiramus

1975 2237 2116 2305 quod
2148 2236 2303 2293 nobis
2332 2238 2575 2307 promisit
2614 2239 2753 2294 Deus
2787 2239 2836 2294 in
2869 2250 3163 2307 {etet-num;
3199 2253 3392 2298 norunt
3421 2245 3562 2304 ista:

1976 2329 2070 2383 sed
2099 2331 2312 2400 quando
2341 2330 2568 2402 cwpcrit
2598 2342 2908 2402 persecutor
2936 2333 3136 2390 instare
3163 2335 3562 2407 vehementius,

1975 2438 2132 2493 agere
2156 2425 2312 2479 minis
2331 2466 2345 2490 ,
2377 2425 2580 2496 ιιωιιίδ,
2610 2427 2921 2494 tormentis,
2951 2427 3237 2499 aliquando
3264 2431 3480 2499 cedunt,
3511 2441 3565 2487 et

1973 2515 2204 2571 scientes
2235 2527 2483 2588 tanquam
2515 2518 2566 2573 in
2593 2517 2680 2574 die
2701 2517 2918 2575 cadunt.

2044 2608 2096 2663 8.
2133 2610 2309 2677 Quare
2337 2621 2518 2667 autem
2563 2612 2617 2666 in
2668 2613 2928 2668 meridie?
2954 2613 3088 2683 Quia
3130 2615 3354 2672 multum
3396 2617 3564 2677 fervet

1973 2702 2276 2770 persecutio
2307 2720 2320 2756 :
2356 2703 2590 2772 majores
2624 2714 2786 2759 :estus
2811 2704 2946 2760 dixit
2979 2707 3278 2764 meridiem.
3309 2711 3563 2768 Attendat

1971 2791 2074 2848 hoc
2118 2793 2364 2851 Charitas
2405 2804 2582 2852 vestra
2631 2798 2699 2854 de
2750 2798 3043 2870 Scripturis
3092 2817 3179 2857 me
3223 2804 3558 2872 probantem.

1970 2876 2196 2953 Quando
2224 2888 2291 2944 de
2331 2890 2632 2946 seminante
2676 2891 2890 2948 dicebat
2934 2895 3224 2964 Dominus,
3268 2899 3391 2968 quia
3434 2901 3562 2956 exiit

1971 2981 2244 3036 seminans
2272 2984 2559 3050 seminare,
2590 2995 2642 3039 et
2665 2985 2808 3040 aliud
2838 2986 3030 3041 cecidit
3056 2987 3107 3041 in
3133 2988 3306 3058 viam,
3335 2990 3477 3047 aliud
3507 2993 3559 3048 in

1970 3082 2207 3143 pett-osa,
2226 3075 2369 3130 aliud
2394 3076 2532 3130 inter
2549 3077 2729 3148 spinas
2751 3094 2765 3144 ;
2789 3077 3039 3150 dignatus
3053 3089 3136 3136 est
3155 3081 3269 3150 ipse
3290 3097 3560 3152 exponere

1967 3165 2390 3232 similitudinem,
2414 3179 2607 3224 etcum
2630 3169 2866 3224 venisset
2887 3170 2952 3224 ad
2974 3181 3207 3240 pett-osa,
3233 3173 3332 3228 hoc
3353 3178 3461 3231 ait:
3485 3176 3558 3231 Hi

1967 3257 2190 3325 suntqui
2216 3258 2428 3312 audiunt
2457 3259 2694 3327 verbum,
2722 3272 2770 3315 et
2795 3263 2864 3315 ad
2898 3263 3074 3317 harant
3103 3257 3418 3336 gaudent'ad
3443 3284 3557 3323 ver-

1967 3345 2082 3401 bum
2104 3365 2122 3412 ;
2153 3359 2198 3401 ct
2220 3350 2270 3402 in
2298 3349 2620 3406 tribulatione
2643 3370 2755 3424 qua:
2776 3353 2832 3422 ﬁt
2852 3365 3055 3427 propter
3074 3359 3295 3423 verbum,
3318 3361 3556 3416 continuo

1967 3438 2397 3494 scaudalizantur.
2424 3441 2560 3510 Quid
2590 3443 2732 3498 enim
2759 3443 2966 3500 dixerat
2985 3445 3053 3502 de
3074 3447 3157 3502 his
3177 3465 3296 3519 qua:
3317 3451 3554 3510 exierant

1965 3528 2017 3584 in
2047 3531 2310 3598 petrosis?
2336 3530 2532 3588 Exorto
2552 3535 2677 3602 sole,
2702 3536 2888 3606 inquit,
2917 3550 3176 3604 aruerunt,
3204 3543 3322 3611 quia
3342 3561 3441 3598 non
3462 3545 3555 3599 ha-

1963 3620 2141 3676 bebant
2171 3624 2327 3678 altam
2356 3626 2578 3680 radicem
2607 3625 2820 3698 (Matth.
2847 3645 2963 3696 χιιι,
2994 3630 3162 3702 5-25).
3191 3631 3261 3686 Hi
3281 3645 3398 3690 sunt
3423 3651 3552 3708 ergo

1961 3715 2048 3783 qui
2083 3714 2150 3767 ad
2174 3716 2350 3770 horam
2383 3717 2601 3787 gaudent
2626 3719 2694 3771 ad
2714 3719 2912 3774 uerbum
2930 3764 2942 3785 ,
2973 3731 3019 3776 et
3045 3739 3156 3776 cum
3178 3728 3451 3794 persecutio
3471 3731 3554 3800 fa-

1962 3817 2042 3860 cta
2070 3811 2222 3880 fuerit
2263 3820 2469 3882 prapter
2497 3815 2728 3880 verbum,
2761 3827 3012 3868 arescunt.
3058 3817 3232 3885 Quare
3261 3824 3552 3877 arescunt?

1965 3900 2097 3968 Quia
2128 3919 2228 3956 non
2259 3902 2512 3957 habebant
2555 3906 2757 3973 ﬁrmam
2785 3908 3026 3964 radicem.
3071 3912 3200 3975 Qua:
3229 3923 3309 3966 est
3353 3915 3502 3970 radix
3525 3918 3551 3971 ?

1959 3992 2202 4048 Charitas
2235 4012 2248 4048 :
2284 3995 2384 4050 hoc
2416 3997 2556 4051 enim
2591 3997 2718 4051 dicit
2748 4000 3055 4070 Apostolus.
3105 4001 3171 4057 Ut
3213 4005 3263 4058 in
3304 4007 3549 4065 charitate

1957 4085 2176 4138 radicati
2202 4096 2246 4139 et
2275 4087 2474 4154 fundati
2499 4087 2712 4160 (Ep/tes.
2739 4106 2815 4155 ιιι,
2848 4093 2956 4162 17).
2982 4094 3260 4162 Qumuodo
3291 4101 3429 4154 enim
3457 4117 3547 4156 ra-

1957 4178 2044 4234 dix
2084 4180 2320 4234 omnium
2364 4183 2622 4236 malorum
2654 4184 2917 4255 cupiditas
2957 4188 3012 4260 (Ι
3060 4189 3186 4243 Tim.
3220 4209 3290 4258 vt,
3327 4194 3436 4262 10),
3469 4196 3546 4252 sic

1956 4272 2106 4326 radix
2152 4273 2388 4327 omnium
2422 4274 2681 4330 honorum
2710 4277 2938 4334 Charitas
2978 4292 3077 4336 est.
3112 4283 3290 4340 Nostis
3328 4285 3462 4352 huc,
3493 4298 3548 4344 ct

1955 4381 2097 4433 saepe
2119 4365 2317 4420 dictum
2341 4379 2422 4423 est
2448 4388 2459 4424 :
2488 4369 2578 4422 scd
2603 4387 2766 4440 quare
2799 4372 2900 4428 hoc
2929 4376 3068 4430 volui
3095 4386 3546 4439 commemorare?

1955 4457 2022 4514 Ut
2053 4459 2356 4529 intelligatis
2385 4460 2670 4528 Psalmum,
2697 4465 2816 4534 quia
2846 4466 3164 4524 daemonium
3192 4474 3540 4530 meridianum

1952 4561 2172 4621 pmpter
2201 4563 2390 4607 :L-stum
2422 4553 2752 4610 vehementis
2777 4562 3159 4626 persecutionis
3192 4566 3416 4633 positum
3441 4578 3540 4623 est.

1950 4643 2039 4700 Sic
2067 4645 2206 4699 enim
2238 4646 2490 4702 Dominus
2521 4648 2649 4703 dicit
2678 4667 2691 4703 :
2729 4650 2883 4705 Ortus
2914 4662 2984 4706 cst
3007 4655 3105 4722 sol,
3139 4667 3183 4710 et
3209 4659 3341 4712 aruit
3366 4659 3538 4725 herba,

1950 4739 2069 4808 quia
2098 4738 2319 4792 radicem
2343 4755 2442 4793 non
2465 4739 2694 4796 habebat.
2720 4741 2788 4796 Et
2816 4759 3090 4813 exponens
3123 4749 3278 4803 nobis
3308 4750 3431 4818 quid
3460 4760 3542 4806 est

1950 4846 1980 4885 a
2008 4831 2118 4886 sole
2151 4831 2370 4886 herbam
2398 4847 2663 4901 arescere,
2687 4833 2839 4901 dixit,
2863 4838 2982 4907 quia
3015 4843 3378 4906 persecutione
3407 4843 3538 4897 facta

1950 4939 2056 4978 non
2087 4935 2300 4979 manent
2332 4925 2402 4978 illi
2439 4926 2452 4956 ¹
2480 4967 2495 4991 ,
2527 4927 2646 4995 quia
2672 4928 2828 4981 altam
2874 4929 3094 4983 radicem
3139 4948 3239 4984 non
3269 4932 3536 4988 habebant.

1950 5016 2116 5072 Recte
2145 5016 2231 5071 hic
2263 5017 2606 5090 intelligimus
2635 5019 2954 5075 dwmonium
2984 5023 3329 5078 meridianum
3361 5043 3540 5095 perse-

1951 5109 2216 5164 cutionem
2246 5109 2642 5166 vehementem.
2673 5112 2854 5177 Qualis
2877 5111 2974 5166 fuit
3005 5113 3087 5167 illa
3119 5119 3416 5183 persecutio
3444 5121 3542 5175 ali-

1952 5200 2185 5270 quando,
2231 5203 2436 5268 fratres,
2473 5218 2908 5265 commemorem,
2940 5204 3078 5259 unde
3112 5206 3362 5262 Dominus
3406 5211 3537 5266 lihe-

1953 5297 2088 5348 ravit
2133 5294 2421 5350 Ecclesiam
2453 5311 2602 5350 suam
2628 5336 2645 5362 ,
2689 5295 2934 5364 dignetur
2974 5300 3251 5357 attendere
3296 5303 3537 5360 Charitas

1954 5396 2148 5441 vestra.
2185 5387 2383 5451 Primo,
2410 5385 2550 5456 quod
2584 5385 2934 5456 imperatores
2969 5399 3021 5444 et
3050 5407 3200 5461 rcges
3228 5395 3406 5449 s:rculi
3440 5411 3536 5464 pu-

1955 5488 2192 5534 taverunt
2225 5493 2282 5531 se
2306 5477 2673 5546 persequendo
2697 5477 2883 5534 tollere
2907 5495 3060 5548 posse
3086 5481 3151 5535 de
3179 5492 3316 5536 terra
3344 5500 3537 5540 nonnon

1953 5569 2153 5626 Christi
2197 5579 2248 5622 ct
2278 5584 2468 5623 nomen
2499 5567 2925 5627 Christianorum
2957 5615 2972 5639 ,
3000 5573 3270 5644 jusserunt
3304 5587 3360 5630 ut
3389 5578 3538 5647 quis-

1956 5663 2074 5733 quis
2086 5678 2144 5717 se
2159 5661 2503 5716 conﬁteretur
2522 5662 2890 5732 christianum,
2915 5664 3180 5722 feriretur.
3206 5667 3539 5742 Quicumque

2022 5780 2034 5808 ι
2055 5778 2136 5826 ωε
2165 5774 2275 5825 add.
2302 5774 2511 5838 addunt,
2529 5774 2582 5827 in
2601 5773 2703 5841 fide
2725 5790 2741 5803 ο
2757 5776 2889 5827 auod
2910 5789 2938 5827 a
2960 5783 3065 5828 Mss.
3092 5777 3340 5845 plerisque
3381 5784 3533 5838 abest.

3510 1215 3919 1244 71—“

3573 1776 3772 1791 —-—-—~

3959 1794 3981 1868 l
