2066 3243
127 159 186 193 115⁵)

124 221 233 259 perfecti,
247 220 357 248 radienti
369 224 395 248 et
411 218 511 247 fundali
528 219 554 246 iu
565 219 704 251 ebaritate,
720 224 748 246 ut
770 227 821 246 non
845 226 903 246 are-

122 272 220 297 sterant
230 264 263 294 de
272 266 330 294 sole
342 270 370 293 et
382 265 515 293 dmmonio
529 265 687 297 meridiano,
702 265 753 292 hoc
764 264 800 292 ait
815 265 906 292 Domi-

121 322 177 348 nus,
190 313 412 349 Congregabtmtur
425 317 484 340 ante
494 319 550 340 eam
560 321 645 340 omnes
659 316 754 347 gentes,
774 316 797 339 et
815 311 908 339 dividet

121 362 174 388 illos
187 360 217 386 ab
227 359 340 392 inuicem,
355 359 419 386 sicut
436 363 523 394 pastor
533 358 621 385 dividit
633 366 690 385 oves
710 358 741 385 ab
760 357 862 390 hwdis;
885 361 908 385 et

121 415 173 434 ores
187 409 261 441 portet
272 414 289 432 α
300 405 406 438 dextris,
422 405 509 432 qudos
523 410 607 432 autem
621 413 636 431 a
646 404 755 432 sinistris
768 412 777 437 ,'
798 409 824 432 et
837 404 908 439 judi-

120 453 253 480 cabuntur.
267 451 343 479 Multi
362 456 440 479 erunt
459 451 504 487 qui
514 451 680 486 iudicabunt,
703 450 751 478 sed
769 450 908 486 pauciores

120 503 191 526 erunt
210 502 289 534 quam
312 497 351 525 illi
373 497 418 533 qui
438 498 500 525 ante
521 497 636 525 tribunal
657 496 859 532 stabunt:quia
872 496 909 523 illi

120 550 239 581 tanquam
259 544 343 578 mille,
365 544 403 572 illi
422 549 546 580 tanquam
563 543 632 571 dena
647 543 740 571 millia.
764 544 786 570 A
807 543 908 571 dextris

120 592 209 628 positis
229 587 293 627 quid
308 591 429 619 dicturus
449 591 512 619 est?
539 590 651 625 Esuritn',
673 595 697 618 et
719 591 825 618 dedistis
848 590 909 618 mihi

119 638 286 671 manducare;
300 638 393 674 hospes
404 638 453 674 fui,
465 642 490 665 et
506 637 652 672 suscepistis
668 646 717 665 me.
740 637 908 665 Manifestum

119 689 157 712 est
168 685 227 720 quia
242 684 283 712 his
297 684 368 712 dicet
381 685 427 720 qui
442 684 541 713 habent
560 684 737 712 substantiam
758 684 837 719 hujus
858 692 909 713 sm-

120 731 177 762 euli,
196 730 266 758 unde
289 730 338 758 ista
360 731 474 758 humana
488 723 600 758 faciant.
615 729 715 758 Tamen
735 735 762 759 et
777 730 827 766 ipsi
848 738 908 758 cum

121 777 169 804 illis
188 776 338 812 mgnabunt
352 785 359 803 :
372 776 433 812 quia
454 776 492 804 illi
507 780 634 812 tanquam
659 777 768 811 milites,
788 776 825 804 illi
849 782 909 805 tan-

121 830 193 856 quam
205 829 339 850 annonam
353 822 503 858 praebentes
524 823 707 851 Provinciales
721 823 759 860 (a)
769 845 777 857 ,
794 823 843 851 sub
856 831 909 851 uno

122 876 204 899 tamen
215 870 381 905 imperatore
400 872 429 898 et
448 870 526 898 miles
539 875 566 898 et
587 869 758 906 provincialis
777 870 805 898 in
827 878 909 906 regno

121 922 167 945 est.
189 917 264 945 Miles
284 916 371 950 fortis,
397 916 568 952 provincialis
589 917 700 945 devotus
715 926 722 945 :
737 916 813 945 miles
833 917 909 944 fortis

121 962 280 991 orationibus
297 966 398 998 pugnat
410 962 538 990 adversus
551 962 696 995 diabolum,
717 962 832 990 dovolus
849 969 910 997 pro:

121 1009 237 1037 viucialis
252 1017 386 1037 annonam
400 1009 493 1037 tribuit
510 1009 650 1037 militibus.
669 1009 802 1045 lntelligat
814 1007 913 1056 (Ἄκη-ῖς

121 1062 157 1084 tas
170 1061 269 1084 vestra.
291 1056 323 1083 Et
341 1055 450 1084 audient
472 1055 499 1083 in
522 1056 575 1084 fine
589 1056 622 1083 ad
647 1056 784 1084 dexteram
808 1057 907 1092 positi:

126 1103 215 1136 Venite,
235 1103 361 1130 benedicti
372 1102 458 1130 Patris
471 1103 531 1136 mei,
546 1103 666 1139 per-cipue
675 1111 780 1139 regnum
788 1103 856 1139 quod
867 1112 909 1131 vo-

120 1149 153 1176 bis
166 1154 283 1184 paramur
294 1153 330 1176 est
340 1149 371 1176 ab
383 1149 479 1185 origine
494 1149 592 1176 mundi.
610 1150 691 1177 Erant
706 1157 770 1185 ergo
782 1150 828 1177 illo
844 1155 910 1178 tem-

121 1203 178 1231 pore
188 1195 282 1228 multi,
303 1195 410 1232 quando
421 1196 538 1231 graviter
553 1195 715 1224 inferbuerat
729 1197 768 1225 sol
783 1204 909 1232 persecu‘

121 1242 228 1270 tioniset
242 1242 404 1270 daemonium
424 1241 611 1276 meridianum,
626 1247 702 1271 erant
719 1248 763 1279 qut
779 1243 829 1271 sibi
846 1251 908 1279 pro-

121 1287 257 1317 mittebant
275 1289 339 1324 quia
357 1289 501 1325 judicaturi
519 1294 595 1317 erant
621 1298 681 1318 cum
702 1289 829 1325 Christo;
856 1300 908 1320 non

122 1338 262 1369 patuerunt
273 1335 343 1363 ferre
355 1341 449 1364 aestum
464 1337 667 1371 persecutionis,
690 1342 717 1365 et
727 1337 880 1365 ceciderunt
894 1346 909 1365 a

122 1382 197 1410 latere
211 1382 319 1418 ipsius:
332 1387 409 1411 erant
436 1383 471 1411 ibi
491 1383 547 1414 alii,
561 1383 606 1419 qui
623 1392 675 1411 non
696 1383 745 1412 sibi
769 1385 909 1419 promitte-

122 1427 176 1455 bant
185 1429 269 1457 sedes
282 1428 479 1464 iudicantium;
504 1429 550 1456 sed
568 1437 616 1464 per
637 1429 823 1466 eleemosynas
844 1438 909 1465 pro-

121 1475 256 1503 mittebant
270 1475 319 1502 sibi
333 1475 393 1511 quia
406 1475 438 1503 ad
449 1475 587 1503 dexteram
604 1475 685 1502 futuri
705 1480 792 1510 erant,
813 1475 910 1511 quibus

121 1520 235 1549 dicturus
250 1525 308 1549 erat
322 1520 454 1554 Christus,
479 1520 576 1554 Vertite,
599 1520 721 1548 benedicti
743 1521 831 1549 Patris
849 1522 908 1555 mei,

121 1569 236 1603 percipite
259 1571 363 1603 regnum
384 1568 451 1603 quod
471 1568 538 1595 vobis
560 1572 677 1604 paratum
703 1572 739 1595 est
760 1569 792 1595 ab
815 1569 912 1604 origine

121 1615 209 1642 mundi.
236 1615 271 1642 Et
283 1615 344 1650 quia
365 1615 439 1642 multi
455 1615 488 1642 de
507 1622 555 1650 spe
577 1615 620 1642 illa
643 1615 778 1650 judicandi
804 1615 908 1643 cecide-

122 1666 185 1695 runt,
201 1662 280 1689 multi
297 1665 384 1689 autem
392 1665 419 1689 et
429 1661 513 1689 multo
525 1662 614 1697 plures
627 1662 662 1690 de
676 1670 724 1697 spe
736 1662 779 1689 illa
793 1662 909 1690 dextera

122 1707 279 1740 ceciderunt,
297 1707 358 1735 ideo
372 1708 472 1736 dictum
486 1713 528 1736 est
546 1708 669 1736 Christo:
682 1708 778 1736 Cadent
800 1718 816 1736 η
834 1710 911 1737 latere

124 1760 160 1781 tuo
171 1755 249 1787 nulla,
275 1759 301 1781 et
309 1754 373 1782 dena
384 1755 465 1782 millia
485 1763 501 1781 α
516 1754 610 1782 dextris
626 1755 685 1782 tuis.
701 1755 734 1783 Et
756 1756 816 1791 quia
834 1757 909 1797 multi

124 1805 192 1828 erunt
213 1808 278 1829 cum
300 1801 356 1834 illo,
372 1801 415 1836 qui
441 1801 530 1828 omnia
551 1801 595 1828 illa
620 1809 672 1829 nou
695 1807 831 1835 curarunt,
848 1811 908 1831 cum

124 1847 209 1881 quibus
230 1852 357 1883 tanquam
381 1847 509 1875 membris
532 1854 600 1876 unus
615 1853 656 1876 est
677 1848 799 1876 Christus
814 1858 820 1875 :
835 1850 875 1876 Ad
888 1855 911 1877 te

122 1898 207 1926 atem,
221 1894 318 1929 inquit,
331 1902 382 1921 non
391 1894 613 1931 appropinquabil.
631 1894 762 1931 Numquid
776 1895 808 1923 ad
823 1896 909 1924 solum

123 1946 195 1975 caput
208 1940 287 1972 dixit,
302 1949 352 1968 non
364 1941 597 1977 appropinquabit?
607 1940 664 1970 Non
676 1942 766 1978 utique
779 1952 785 1975 ;
801 1943 846 1970 sed
860 1951 910 1971 nec

85 2012 91 2021 ,
122 1987 153 2014 ad
165 1988 284 2021 Petmm,
298 1995 348 2016 nec
361 1988 394 2015 ad
410 1988 531 2021 Paulum,
545 1996 595 2016 nec
605 1988 636 2016 ad
648 1996 743 2017 omnes
752 1990 906 2025 Apostolus.

124 2041 172 2061 nec
182 2033 216 2061 ad
230 2040 321 2062 omnes
335 2039 475 2070 martyres,
498 2034 543 2070 qui
558 2034 583 2062 in
600 2035 739 2062 tormentis
763 2043 815 2063 non
837 2036 910 2064 defe-

123 2085 224 2108 cerunt.
247 2081 385 2115 Quomodo
399 2089 463 2117 ergo
486 2082 785 2118 nou’appropinquabit?
805 2090 853 2110 cur
872 2082 911 2111 sic

123 2128 183 2155 torti
197 2131 269 2155 sunt.
292 2128 483 2164 Propinquavit
504 2129 578 2156 carni
594 2133 766 2164 tormentum,
789 2130 837 2158 sed
858 2139 910 2159 nou

123 2175 239 2208 pervenit
257 2175 291 2203 ad
305 2176 391 2203 locum
407 2175 479 2203 fidei.
493 2175 583 2212 itaque
598 2177 676 2212 longe
689 2182 745 2205 erat
761 2177 827 2205 ﬁdes
842 2178 912 2213 ipso-

123 2229 178 2248 rum
196 2229 212 2248 :
240 2226 343 2249 terrore
359 2222 548 2257 torquentium.
566 2222 728 2258 Tot-queant,
753 2231 800 2251 nee
811 2232 911 2260 appro-

123 2268 258 2304 pinquabit
270 2273 373 2301 terror;
395 2273 553 2304 torqueant,
567 2268 614 2297 sed
625 2269 777 2297 irridebuut
791 2275 910 2298 tormen-

123 2320 187 2348 tum,
215 2320 410 2350 praesumentes
424 2317 450 2342 in
466 2314 512 2342 illo
526 2315 570 2351 qui
587 2316 659 2351 prior
673 2316 753 2350 vicit,
779 2321 808 2344 ut
820 2317 910 2345 caeteri

124 2361 270 2389 vincerent.
295 2361 329 2389 Et
344 2362 388 2397 qui
400 2362 521 2395 vincunt,
538 2361 588 2389 nisi
612 2362 656 2398 qui
668 2362 702 2391 de
721 2370 751 2391 se
774 2370 826 2391 non
842 2371 912 2398 prie-

122 2408 314 2444 sumpseruntt
333 2408 454 2437 intendat
467 2409 589 2438 Charitas
600 2414 705 2443 vestra;
729 2410 762 2438 ad
776 2410 826 2438 hoc
840 2411 911 2439 enim

122 2453 183 2481 dixit
197 2454 290 2482 omnia
304 2455 453 2491 superiora.
464 2454 538 2483 Dicet
550 2453 670 2488 Domino,
691 2456 829 2492 Susceptor
842 2465 912 2485 meus

123 2508 146 2526 es
164 2505 201 2534 tu,
217 2505 242 2528 et
253 2501 380 2538 refugiunt
392 2509 495 2535 meum;
510 2505 545 2534 et,
564 2501 678 2537 Sperubo
702 2502 727 2529 in
752 2510 826 2535 eum;
848 2512 909 2538 qnov

124 2545 189 2573 niam
202 2547 259 2583 ipse
272 2552 388 2575 manu
400 2547 435 2576 de
445 2548 586 2584 muscipula
598 2549 750 2576 venantium.
772 2548 833 2584 Ipse
845 2555 913 2577 eruet

124 2600 169 2624 me,
186 2601 240 2621 non
256 2600 305 2630 ego
320 2602 372 2623 me.
389 2594 462 2622 Inter
475 2595 592 2631 scapulas
606 2602 665 2623 suas
679 2594 833 2622 obumbrabit
845 2596 887 2622 tibi
903 2604 912 2623 :

124 2638 166 2665 sed
186 2639 314 2675 quando?
338 2640 451 2674 Quando
474 2641 521 2668 sub
544 2640 592 2668 alis
612 2642 667 2677 ejus
685 2642 807 2676 sperabis.
833 2642 912 2669 Scuto

123 2685 288 2713 circumdabit
296 2690 320 2714 te
329 2687 421 2715 veritus
435 2688 498 2723 ejus.
518 2687 585 2722 Quia
598 2695 662 2723 ergo
677 2687 702 2714 in
718 2687 762 2714 illo
778 2695 908 2723 ιπιῐτδιιιη-

124 2732 208 2765 pisti,
225 2737 253 2760 et
266 2738 346 2761 totam
358 2742 435 2770 spem
448 2739 519 2761 tuam
534 2734 560 2761 in
579 2734 623 2761 illo
636 2734 758 2770 posuisti,
782 2735 911 2770 sequitur,

123 2779 203 2812 quid?
230 2779 289 2808 Non
311 2781 408 2809 timebis
430 2789 446 2808 α
465 2782 553 2809 timore
574 2787 707 2814 nocturno,
729 2790 744 2808 ιι
762 2782 853 2817 sagitta
871 2789 913 2809 va-

125 2824 190 2852 lente
205 2836 251 2860 per
262 2828 336 2863 diem,
361 2837 377 2856 α
398 2830 497 2864 negotio
509 2829 697 2864 perambulante
714 2828 740 2855 in
756 2828 872 2862 tenebris,
897 2838 913 2855 α

134 2883 188 2919 “(a)
202 2887 287 2919 confer
298 2892 433 2914 Tractatum
446 2888 489 2913 122
502 2890 524 2913 ln
536 2892 661 2919 .luttiuittlu,
672 2895 696 2912 n.
710 2888 733 2918 5,
746 2888 787 2913 ubi
808 2890 913 2919 Evange-

124 2912 454 2950 lii"1ranlicatores;nullius
461 2912 568 2950 liuius;
584 2912 667 2944 titulo;
686 2912 744 2944 vero
757 2926 771 2943 a
780 2912 912 2950 quibusuilli

121 2951 133 2971 ε
146 2948 270 2979 ips-intimi)
281 2948 389 2976 debiluut
398 2952 455 2983 uoci;
466 2952 525 2982 iuut,
535 2948 691 2983 prouinciales
703 2948 877 2982 Christi-appuli
887 2955 911 2975 ιι.

663 160 860 190 ΕΝᾸΒΗᾹἸἸΟ
881 155 912 187 ΙΝ
933 158 1094 188 PSALMUM
1114 159 1169 188 XC.

1687 156 1757 194 “58

960 218 1034 244 ruina
1045 222 1067 244 et
1083 217 1208 245 dwmouio
1224 217 1373 245 meridiano.
1397 217 1463 252 Quis
1489 225 1541 246 non
1557 217 1681 245 timebit?
1704 217 1755 251 Qui

961 272 1015 291 non
1030 264 1056 290 in
1069 271 1108 295 se,
1121 263 1167 291 sed
1182 264 1208 291 in
1221 263 1329 292 Christo
1342 265 1489 300 prmsumit.
1514 265 1564 299 Qui
1576 268 1665 292 autem
1679 265 1712 292 de
1725 273 1754 293 se

960 314 1135 345 praesumunt,
1150 310 1200 337 etsi
1211 310 1266 346 jam
1283 310 1333 338 sibi
1347 311 1492 346 sperabant
1502 311 1573 338 latus
1583 310 1681 338 Christi
1695 315 1754 338 ιπηι-

961 363 1040 391 quam
1049 355 1204 391 judicaturi,
1215 350 1270 384 etsi
1283 356 1387 385 futuros
1397 364 1426 385 se
1435 357 1491 392 jam
1502 357 1648 393 sperabant
1661 365 1676 384 a
1688 357 1757 385 dex-

960 402 1010 430 tris
1024 402 1134 436 Christi,
1146 403 1222 438 quasi
1237 403 1339 431 diceret
1351 404 1414 436 illis,
1435 403 1533 437 Venite,
1556 403 1681 431 benedicti
1699 403 1756 432 Pa-

961 451 1007 477 tris
1022 450 1080 482 mei,
1097 450 1217 485 percipite
1232 458 1338 486 regnum
1355 451 1423 486 quod
1437 451 1505 478 vobis
1529 456 1648 487 paratum
1668 457 1704 479 est
1725 452 1758 480 ab

962 495 1058 531 origine
1070 495 1158 523 mundi
1169 505 1178 529 ;
1193 496 1266 524 venit
1280 496 1443 524 datmonium
1457 496 1646 531 meridianum,
1666 497 1692 525 id
1705 502 1758 532 est,

961 541 1069 569 fervens
1083 546 1165 570 aestus
1180 542 1386 578 persecutionis,
1408 543 1583 571 vehementer
1597 547 1714 578 terrens,
1730 547 1760 572 et

962 587 1116 616 ceciderunt
1140 588 1216 616 multi
1233 596 1247 616 a
1269 596 1316 623 spe
1332 589 1406 617 sedis
1423 589 1583 624 judiciariae,
1604 589 1639 618 de
1661 590 1758 625 quibus

962 633 1063 662 dictum
1074 639 1125 667 cst,
1141 635 1238 663 Cadent
1252 644 1268 662 a
1282 636 1361 664 latere
1376 641 1419 664 tuo
1433 636 1522 670 mille;
1544 641 1572 665 et
1591 637 1668 665 multi
1681 646 1697 664 a
1712 646 1760 673 spe

961 682 1189 710 remunerationis
1203 683 1393 718 obsequiorum
1411 691 1531 717 suorum,
1553 684 1587 713 de
1607 685 1703 720 quibus
1716 685 1758 713 di-

962 732 1034 755 ctum
1049 732 1089 756 est
1101 750 1107 761 ,
1124 727 1158 755 Et
1170 728 1235 756 dena
1254 729 1337 756 millia
1348 738 1363 756 a
1377 730 1472 758 dextris
1495 731 1553 758 tuis.
1570 730 1611 758 Ad
1625 736 1650 758 te
1663 737 1759 764 autem,

962 772 990 801 id
1003 778 1053 806 est,
1070 774 1103 801 ad
1117 779 1196 809 caput
1211 779 1238 803 et
1249 783 1357 810 corpus,
1371 784 1421 803 non
1433 777 1659 813 appropinquabit,
1682 778 1759 806 ruina

963 822 991 847 et
1002 819 1162 847 daemonium
1179 820 1375 854 meridianum;
1398 822 1522 857 quoniam
1539 823 1612 851 novit
1628 824 1759 853 Dominus

962 866 1006 902 qui
1022 870 1084 894 sunt
1096 868 1154 902 ejus
1169 867 1202 904 (ll
1219 867 1286 896 Tim.
1301 868 1399 904 11,19).

999 913 1042 940 11.
1060 912 1134 949 [vers.
1151 913 1190 950 8.]
1207 912 1382 942 Verumtamen
1394 915 1473 942 oculis
1486 915 1544 943 tut'f
1543 917 1724 952 considerabis,
1735 923 1760 946 et

962 958 1149 1001 retributionem
1155 958 1323 1001 peccatorum
1335 962 1439 990 videbis.
1457 962 1526 996 Quid
1540 967 1581 991 est
1594 964 1664 992 hoc?
1676 972 1760 1001 quare

930 989 1001 1009 -ᾰι,

962 997 1153 1033 o‘erlmtamen?
1166 997 1324 1040 Quiav'ficuit
1347 1008 1435 1044 impiis
1457 1010 1596 1044 superbire
1618 1011 1645 1038 in
1667 1020 1760 1041 servos

962 1055 1021 1080 tuos
1032 1074 1039 1086 ,
1055 1052 1128 1080 licuit
1143 1053 1231 1088 impiis
1246 1054 1369 1090 persequi
1383 1062 1475 1082 servos
1489 1061 1557 1083 tuos.
1573 1056 1682 1092 Impune
1697 1066 1760 1093 ergo

962 1098 1013 1126 erit
1025 1099 1124 1134 impiis,
1140 1099 1200 1135 quia
1217 1101 1349 1135 persecuti
1363 1106 1425 1128 sunt
1439 1109 1531 1129 servos
1543 1103 1624 1130 tuos?
1638 1103 1694 1131 Non
1708 1105 1760 1132 erit

962 1145 1079 1181 impune.
1095 1146 1221 1181 Quamvis
1237 1148 1306 1175 enim
1322 1152 1348 1175 tu
1365 1149 1518 1183 permiseris
1530 1171 1537 1182 ,
1553 1154 1581 1177 et
1600 1151 1683 1185 magis
1698 1151 1759 1179 inde

962 1193 999 1219 tui
1015 1193 1134 1221 coronati
1147 1194 1220 1235 sint;~
1234 1193 1413 1235 Verumtamen
1429 1196 1508 1224 oculis
1521 1196 1570 1223 tuis
1580 1197 1758 1231 considerabis,

962 1242 986 1266 et
998 1239 1186 1267 retributionem
1200 1232 1361 1276 peccatoriluit
1372 1241 1476 1284 videbis:
1490 1241 1586 1270 Malunt
1600 1243 1670 1270 enim
1686 1243 1758 1279 quod

962 1285 1112 1319 voluerunt,
1126 1295 1178 1314 non
1194 1286 1291 1314 bonum
1304 1283 1374 1322 q'uod
1385 1295 1433 1324 per
1444 1285 1593 1316 ucSCieutes
1606 1295 1693 1316 aetum
1707 1294 1756 1323 est,

962 1332 1001 1360 eis
1016 1333 1186 1361 retribuctur.
1200 1333 1278 1361 Modo
1291 1342 1357 1369 opus
1371 1339 1413 1362 est
1432 1339 1460 1362 ut
1479 1335 1570 1362 oculos
1583 1335 1644 1363 fidei
1660 1336 1760 1364 habea-

963 1387 1032 1412 mus,
1045 1385 1072 1408 et
1083 1380 1221 1409 videamus
1231 1382 1291 1417 quia
1307 1382 1458 1410 exaltantur
1470 1382 1503 1410 ad
1519 1388 1633 1419 tempus,
1645 1388 1672 1411 et
1685 1384 1760 1420 plau-

962 1431 1026 1462 geut
1040 1427 1066 1455 in
1082 1432 1211 1456 aeternum
1224 1437 1231 1461 ;
1247 1433 1274 1456 et
1287 1429 1383 1464 quibus
1398 1429 1477 1457 datur
1492 1435 1609 1465 potestas
1628 1430 1654 1458 in
1664 1439 1760 1459 servos

963 1472 1009 1500 Dei
1027 1474 1219 1509 temporaliler,
1236 1474 1339 1503 dicetur
1352 1475 1390 1502 eis
1408 1485 1414 1502 :
1430 1475 1470 1503 Ite
1485 1476 1511 1503 in
1525 1476 1606 1512 ignem
1619 1482 1740 1504 aeternum
1750 1499 1758 1511 ,

961 1518 1005 1554 qui
1018 1524 1121 1554 paratus
1132 1524 1167 1546 est
1181 1520 1281 1547 diabolo
1296 1526 1319 1547 et
1332 1521 1429 1557 angelis
1443 1522 1497 1557 cjus
1512 1522 1617 1557 (Matth.
1632 1531 1696 1556 xxv,
1710 1523 1760 1551 52-

962 1564 1019 1599 H).
1036 1565 1088 1592 Sed
1104 1565 1126 1592 si
1143 1565 1238 1593 haheat
1252 1566 1364 1602 quisque
1380 1567 1481 1599 oculos,
1496 1567 1566 1595 sicut
1578 1568 1665 1602 dixit,
1678 1569 1760 1596 oculis

963 1610 1011 1637 tuis
1025 1611 1206 1645 considerabis;
1215 1620 1265 1639 non
1275 1617 1316 1640 est
1330 1613 1386 1640 leve
1397 1613 1486 1641 videre
1497 1614 1607 1649 impium
1620 1614 1759 1643 ﬂorentem

962 1656 990 1683 in
1005 1656 1056 1684 hoc
1068 1658 1178 1691 saeculo,
1194 1663 1220 1685 et
1233 1658 1330 1686 habere
1345 1658 1377 1686 ad
1392 1659 1466 1686 illum
1480 1660 1582 1694 oculos,
1598 1665 1624 1688 ut
1638 1661 1760 1689 conside-

962 1710 1006 1730 res
1020 1702 1071 1730 fide
1089 1703 1151 1739 quid
1168 1703 1210 1731 ille
1225 1709 1352 1738 passurus
1366 1709 1407 1733 est
1422 1705 1447 1732 in
1462 1705 1514 1733 fine
1525 1727 1532 1739 ,
1547 1706 1569 1733 si
1589 1714 1619 1734 se
1632 1714 1684 1734 non
1698 1715 1760 1735 cor-

962 1749 1061 1776 rexerit
1077 1757 1083 1775 :
1099 1750 1159 1784 quia
1174 1750 1218 1784 qui
1234 1750 1313 1777 modo
1328 1756 1420 1778 tonare
1442 1752 1550 1785 volunt,
1566 1758 1657 1787 postea
1672 1752 1760 1781 fulmi-

963 1799 1068 1821 nautur.
1087 1793 1262 1822 Verumtamen
1276 1796 1355 1823 oculis
1368 1797 1418 1824 tuis
1430 1797 1609 1831 considerabis,
1622 1803 1645 1825 et
1656 1799 1759 1826 retribu-

963 1839 1054 1867 tionem
1069 1846 1226 1876 peccatorum
1240 1841 1344 1869 videbis.

999 1885 1041 1912 1‘2.
1062 1884 1141 1921 [vers.
1155 1885 1201 1922 9.]
1217 1886 1342 1920 Quoniam
1366 1891 1393 1914 tu
1415 1896 1440 1915 es
1454 1909 1461 1921 ,
1476 1887 1584 1915 Domine
1595 1910 1602 1922 ,
1618 1898 1674 1924 spes
1694 1898 1757 1918 men.

964 1932 1032 1960 Ecce
1048 1934 1118 1960 venit
1132 1933 1164 1960 ad
1179 1933 1243 1960 illud
1255 1955 1261 1966 ,
1278 1942 1360 1969 quare
1375 1942 1427 1961 non
1444 1935 1520 1962 cadat
1536 1943 1549 1962 a
1564 1936 1639 1963 ruina
1662 1941 1688 1964 et
1702 1936 1759 1964 dre-

964 1979 1054 2006 monio
1069 1980 1217 2007 meridiano
1230 1989 1235 2006 :
1248 1980 1373 2014 Quoniam
1386 1985 1412 2007 tu
1427 1989 1452 2008 es
1464 2002 1471 2014 ,
1484 1981 1590 2008 Domine
1601 2003 1608 2015 ,
1620 1991 1675 2018 spes
1689 1991 1758 2014 mea;

965 2024 1115 2052 altissimum
1139 2026 1246 2061 posuisti
1264 2027 1390 2062 refugium
1410 2031 1490 2054 tuum.
1503 2027 1571 2061 Quid
1585 2031 1622 2055 est
1639 2027 1710 2063 quod
1733 2029 1758 2056 in

964 2071 1018 2098 alto
1029 2075 1068 2099 est
1082 2072 1210 2107 refugium
1223 2073 1313 2099 tuum?
1328 2073 1399 2099 Multi
1411 2074 1480 2100 enim
1495 2074 1533 2101 sic
1545 2074 1593 2102 sibi
1607 2074 1707 2103 faciunt
1717 2084 1760 2105 re-

965 2117 1062 2153 fugium
1079 2117 1123 2144 Dei
1137 2138 1144 2151 ,
1159 2126 1212 2152 quo
1226 2118 1327 2153 fugiant
1342 2127 1356 2146 a
1382 2119 1574 2154 temporalibus
1597 2121 1715 2149 :cstibus.
1730 2122 1758 2151 ln

965 2163 1018 2191 alto
1029 2168 1070 2192 est
1083 2164 1153 2192 enim
1169 2164 1296 2200 refugium
1312 2165 1359 2192 Dei
1371 2186 1377 2198 ,
1392 2165 1468 2193 valde
1482 2167 1508 2194 in
1522 2166 1625 2195 occulto
1636 2172 1675 2195 est
1685 2189 1692 2202 ,
1707 2176 1760 2204 quo

965 2209 1050 2245 fugias
1065 2210 1098 2237 al)
1113 2210 1149 2237 ira
1163 2216 1283 2238 ventura.
1297 2210 1369 2238 lntus
1386 2220 1395 2237 ‹
1413 2211 1570 2240 altissimum
1587 2213 1697 2248 posuisti
1714 2222 1758 2242 re-

965 2255 1064 2292 fugium
1082 2261 1165 2284 tuum.
1180 2256 1236 2286 Non
1253 2257 1379 2285 accedent
1392 2257 1424 2285 ad
1440 2262 1465 2285 te
1480 2259 1547 2285 mala
1559 2280 1565 2292 ,
1582 2264 1608 2287 et
1624 2259 1758 2295 flagellum

966 2310 1017 2330 non
1034 2303 1253 2339 appropinquabit
1269 2304 1440 2332 tabernaculo
1456 2309 1510 2332 tuo.
1525 2301 1655 2339 Quoniam
1669 2307 1759 2342 Ange-

965 2349 1031 2386 gclis
1045 2350 1099 2376 suis
1111 2349 1246 2377 mandavit
1258 2350 1291 2378 de
1305 2354 1340 2384 te,
1355 2355 1383 2378 ut
1398 2351 1548 2379 custodiant
1561 2356 1585 2379 te
1598 2352 1622 2379 in
1637 2353 1760 2381 omnibus

967 2396 1017 2423 viis
1031 2397 1091 2423 tuis.
1108 2396 1134 2424 lu
1149 2396 1269 2425 manibus
1283 2397 1376 2425 tollent
1388 2402 1423 2430 te,
1440 2398 1580 2434 nequando
1595 2398 1713 2426 offendas
1725 2398 1759 2426 ad

966 2442 1079 2478 lapidem
1094 2443 1188 2479 pedem
1204 2448 1287 2472 tuum.
1306 2453 1314 2470 ι
1334 2444 1384 2472 ista
1400 2449 1462 2472 sunt
1475 2445 1552 2472 verba
1564 2453 1623 2480 qme
1636 2444 1759 2473 diabolus

966 2488 1030 2517 dixit
1045 2489 1156 2517 Dom‘uo
1166 2489 1228 2517 Jcsu
1240 2489 1356 2524 Christo,
1371 2490 1475 2526 quando
1489 2490 1559 2518 illum
1572 2491 1691 2518 tentavit.
1705 2490 1759 2520 Sed

966 2536 1026 2571 quia
1039 2535 1189 2571 diligentius
1203 2536 1395 2564 considet-mula
1412 2540 1482 2569 Slltll,
1499 2543 1532 2564 ne
1546 2543 1592 2563 vos
1607 2535 1758 2572 fatigemus,

967 2581 1120 2609 differamus
1143 2582 1168 2609 iu
1189 2583 1332 2610 crastinum
1348 2582 1358 2617 (
1375 2584 1433 2617 quia
1457 2587 1484 2610 et
1508 2583 1625 2610 crastino
1648 2583 1759 2613 debetur

967 2628 1040 2655 vobis
1055 2636 1142 2656 serum
1157 2629 1163 2644 ¹
1183 2629 1202 2664 ),
1218 2633 1245 2656 ut
1258 2629 1291 2656 ab
1303 2629 1353 2656 isto
1366 2629 1424 2656 loco
1436 2629 1531 2657 Psalmi
1545 2638 1636 2658 rursus
1651 2631 1759 2666 incipia.

967 2682 1035 2707 mus,
1049 2679 1156 2710 propter
1169 2675 1274 2702 lﬂ‘dlllltl
1290 2679 1417 2708 vrslrum;
1430 2683 1462 2702 ne
1475 2684 1534 2704 cum
1549 2677 1671 2703 volumus
1684 2678 1759 2705 linire

968 2729 1010 2748 res
1032 2722 1156 2749 obscuras
1170 2743 1176 2754 ,
1192 2722 1401 2758 ιηκιλοὶιήιειιιυε,
1419 2728 1445 2751 et
1473 2732 1524 2751 nun
1549 2725 1703 2760 perveniant
1726 2725 1758 2753 ad

968 2768 1165 2808 intelligentiqu
1183 2773 1307 2796 vestram.

1296 2823 1382 2844 SERMO
1401 2824 1429 2844 fl.

1005 2862 1029 2890 i.
1045 2863 1116 2890 Sicut
1128 2871 1180 2890 non
1196 2863 1285 2891 dubito
1300 2865 1451 2892 meminisse
1461 2864 1622 2892 Char-iuueni
1633 2869 1757 2900 vestram,

1002 2920 1009 2935 ί
1024 2918 1179 2955 sicinnium-:5
1188 2923 1212 2944 et
1225 2919 1271 2954 [iul
1280 2920 1335 2955 ique
1344 2923 1396 2955 Mss.
1409 2919 1450 2955 alii
1462 2920 1557 2955 quidam
1568 2920 1695 2955 (ςιιιηΕιΜη
1704 2927 1759 2952 qum

972 2951 994 2976 et
1006 2950 1119 2981 crastino,
1132 2950 1153 2976 si
1167 2951 1278 2977 Pontilttls
1287 2950 1393 2982 rulnerit,
1406 2950 1463 2976 inde
1472 2950 1537 2977 rolris
1545 2951 1590 2977 en't
1601 2957 1686 2978 sermo.
