4132 6460
604 339 743 399 “59

598 462 689 534 qui
733 460 985 516 hesterno
1025 458 1113 515 die
1153 458 1388 515 sermoni
1428 454 1709 522 adfuistis,
1740 457 2002 525 psalmum
2033 468 2190 524 quem

597 570 933 625 caperemus
960 567 1245 623 exponere,
1272 568 1337 606 uc
1356 549 1421 604 ad
1447 551 1728 603 terminum
1754 549 2075 619 perveniret,
2098 562 2195 601 an-

595 651 767 720 gustia
811 646 1065 716 temporis
1094 642 1372 713 impedivit
1397 659 1411 708 ;
1439 648 1495 696 et
1520 640 1686 696 dilata
1713 650 1794 696 est
1833 655 1953 710 pars
1982 638 2099 708 ejus
2138 636 2190 691 in

595 740 909 795 hodiernum
935 738 1097 791 diem.
1129 735 1240 790 Hoc
1267 734 1354 805 qui
1380 733 1493 788 heri
1520 732 1785 795 adfuistis,
1811 728 2188 793 recordamini,

594 833 682 902 qui
742 847 843 884 non
907 827 1189 893 adfuistis,
1234 825 1559 897 cognoscite.
1615 823 1904 892 Pr0pterea
1969 820 2190 875 fecimus

594 924 762 994 ipsam
790 921 1073 976 lectionem
1102 917 1373 987 Evangelii
1398 914 1611 972 recitari
1630 956 1646 979 ,
1671 916 1759 970 ubi
1790 914 2044 969 Dominus
2075 922 2162 967 ten

595 1025 732 1069 tatus
753 1022 833 1070 est
864 1029 957 1084 per
977 1029 1036 1066 ea
1065 1011 1227 1067 verba
1243 1010 1460 1071 Psalmi.
1484 1026 1603 1081 qua:
1624 1009 1709 1065 hic
1726 1008 1949 1063 audistis
1970 1006 2191 1077 (Matth.

593 1122 665 1172 ιν,
698 1108 773 1175 6).
808 1104 1193 1195 ldewntatus
1226 1111 1309 1155 est
1336 1099 1618 1178 Christus,
1644 1116 1710 1155 ne
1740 1100 1981 1153 vincatur
2003 1114 2033 1153 a
2064 1109 2185 1153 ten-

593 1206 765 1253 tatore
799 1191 1139 1251 atrismanus.
1193 1194 1286 1248 llle
1330 1193 1527 1263 quippe
1562 1193 1812 1262 magister
1842 1191 1894 1246 in
1938 1191 2186 1246 omnibus

592 1272 997 1355 teni-ornauit,
1025 1288 1143 1358 quia
1178 1295 1479 1349 tentantur;
1510 1284 1645 1340 sicut
1673 1284 1804 1338 mori
1830 1283 2033 1348 voluit,
2062 1283 2185 1353 quia

594 1382 872 1447 morimur;
906 1382 1042 1435 sicut
1070 1394 1345 1448 resurgere
1372 1377 1554 1442 voluit,
1578 1376 1699 1448 quia
1729 1376 2075 1431 resurrecturi
2097 1390 2187 1430 su-

592 1492 730 1533 mus.
766 1475 853 1530 illa
886 1475 1027 1530 enim
1049 1489 1167 1543 qua:
1188 1472 1422 1526 ostendit
1452 1472 1503 1525 in
1535 1471 1771 1537 homine,
1795 1471 1882 1541 qui
1909 1470 2079 1525 factus
2104 1477 2188 1525 est

593 1579 810 1643 propter
838 1582 936 1623 nos
962 1566 1140 1631 homo,
1166 1581 1287 1619 cum
1315 1563 1617 1619 essetDeus
1638 1579 1734 1634 per
1758 1578 1915 1632 quem
1945 1562 2067 1616 lacti
2095 1576 2186 1616 su-

590 1681 730 1730 mus,
760 1671 981 1733 propter
1011 1676 1109 1715 nos
1142 1657 1398 1715 ostendit.
1432 1658 1495 1711 Et
1524 1673 1667 1727 sape
1694 1655 2184 1713 commendavimus

590 1755 843 1811 Charitati
866 1763 1078 1819 vestrae,
1109 1753 1249 1823 quod
1282 1768 1378 1807 nos
1405 1766 1547 1821 smpe
1578 1755 1768 1805 iterare
1796 1767 1898 1803 non
1928 1750 2103 1819 piget;
2129 1757 2186 1804 ut

589 1850 709 1921 quia
736 1849 870 1903 forte
893 1847 1041 1901 multi
1064 1856 1299 1902 vestrum
1326 1846 1501 1916 legere
1530 1859 1633 1898 non
1659 1851 1899 1912 possunt,
1928 1842 2049 1913 quia
2076 1858 2182 1896 non

589 1944 667 1998 cis
696 1951 845 1996 vacat
870 1941 1046 2011 legere
1066 1983 1080 2003 ,
1108 1948 1197 1993 aut
1230 1939 1430 1991 litteras
1459 1953 1562 1991 non
1590 1946 1805 2000 norunt,
1829 1934 2017 1990 saltem
2044 1935 2181 1990 assi-

587 2035 691 2091 due
721 2034 984 2089 audiendo
1012 2049 1117 2087 non
1136 2031 1516 2086 obliviscantur
1536 2029 1800 2082 salubrem
1827 2026 1982 2082 [idem
2006 2043 2178 2082 suam.

585 2131 741 2186 Certe
761 2144 823 2184 ea
852 2126 1139 2197 repetendo
1166 2122 1479 2194 quibusdam
1510 2120 1719 2175 molesti
1741 2119 2033 2181 videamur,
2052 2118 2178 2173 dum

587 2233 765 2278 tamen
814 2221 1070 2292 quosdam
1114 2217 1460 2272 a-dilicemus.
1493 2214 1748 2269 Nuvimus
1792 2213 1933 2269 enim
1982 2213 2180 2269 multos

586 2331 704 2369 esse
727 2324 781 2369 et
807 2312 1062 2367 memoria
1088 2309 1465 2382 prazvalentes,
1493 2316 1547 2360 et
1578 2305 1821 2360 lectionis
1846 2305 2041 2359 divinm
2066 2313 2179 2359 stu-

582 2408 785 2473 diosos,
815 2406 903 2476 qui
932 2421 993 2460 ea
1023 2420 1141 2474 qua:
1178 2401 1369 2458 dicturi
1407 2415 1590 2453 sumus
1630 2406 1889 2453 noverunt
1913 2414 1928 2461 ;
1954 2409 2005 2451 et
2044 2397 2178 2452 forte

584 2517 683 2556 nos
709 2515 771 2554 ea
802 2500 985 2552 volunt
1011 2496 1190 2553 dicere
1229 2510 1347 2566 qnze
1387 2508 1490 2547 non
1524 2501 1806 2546 noverunt.
1838 2488 1941 2544 Sed
1970 2490 2011 2544 si
2039 2490 2178 2544 cele-

581 2595 753 2650 riores
780 2601 924 2655 sunt,
949 2591 1253 2646 intueantur
1275 2588 1398 2659 quia
1419 2602 1538 2642 cum
1562 2583 1882 2639 tardioribus
1903 2582 2177 2639 ambulant

580 2688 741 2741 viam.
771 2683 996 2752 Quando
1031 2691 1209 2737 autem
1237 2680 1343 2735 duo
1370 2679 1594 2734 comites
1621 2693 1781 2732 unam
1813 2676 1952 2730 viam
1982 2676 2175 2730 ambu-

580 2777 710 2841 lant,
740 2790 963 2844 quurnm
994 2782 1075 2827 est
1103 2786 1239 2825 unus
1263 2770 1507 2833 celerior,
1535 2767 1671 2822 alter
1701 2765 1924 2829 tardior,
1945 2767 1996 2819 in
2027 2774 2178 2836 pote-

581 2878 719 2923 state
746 2866 1023 2923 celerioris
1048 2872 1130 2919 est
1160 2872 1219 2917 ut
1246 2878 1367 2917 cum
1402 2861 1493 2916 illo
1522 2860 1758 2913 ambulet
1797 2858 1996 2913 tardior
2020 2900 2033 2922 ,
2068 2875 2172 2913 non

581 2962 633 3015 in
676 2966 935 3030 potestate
976 2956 1259 3022 tardioris;
1289 2954 1409 3025 quia
1455 2952 1498 3008 si
1547 2953 1675 3006 velit
1702 2952 1929 3007 celerior
1971 2962 2171 3006 tantum

580 3054 755 3109 facere
798 3058 1053 3123 quantum
1101 3058 1316 3121 potest,
1350 3046 1549 3102 tardior
1576 3045 1722 3100 illum
1772 3062 1876 3100 non
1910 3047 2167 3115 sequitur.

577 3148 724 3219 Opus
753 3159 834 3203 est
860 3163 986 3217 ergo
1016 3155 1073 3200 ut
1097 3144 1326 3201 celerior
1350 3142 1587 3199 refrenet
1614 3140 1943 3197 celeritatem
1976 3157 2127 3196 suam
2154 3184 2168 3206 ,

576 3252 633 3297 et
653 3257 755 3297 non
776 3240 1040 3310 relinquat
1061 3239 1309 3295 comitem
1327 3236 1633 3292 tardiorem.
1656 3236 1767 3292 Hoc
1788 3244 1866 3290 est
1884 3250 2012 3306 ergo
2028 3236 2171 3306 quod

577 3334 687 3389 dixi
730 3350 814 3390 me
854 3349 997 3403 saape
1044 3332 1281 3396 dixisse,
1309 3340 1357 3385 et
1405 3345 1544 3385 nunc
1592 3328 1782 3384 iterum
1822 3328 1941 3382 dico
1980 3346 1993 3383 :
2036 3329 2173 3383 sicut

576 3428 707 3482 dicit
736 3428 1043 3496 Apostolus,
1065 3424 1260 3479 Eadem
1283 3421 1494 3477 scribere
1513 3420 1669 3487 vobis,
1700 3420 1821 3473 mihi
1847 3421 2043 3490 quidem
2070 3437 2171 3474 non

577 3521 809 3591 pigrum,
840 3517 975 3571 vobis
1000 3526 1165 3569 autem
1190 3524 1349 3568 tutum
1378 3513 1397 3585 (
1427 3512 1654 3585 Philipp.
1680 3529 1756 3578 tu,
1789 3513 1810 3566 1
1842 3512 1880 3582 ).
1915 3512 2171 3567 Dominus

578 3621 764 3668 noster
791 3610 946 3665 Jesus
972 3610 1237 3672 Christus,
1258 3617 1507 3677 tanquam
1537 3615 1678 3660 totus
1707 3604 1971 3674 perfectus
1988 3606 2087 3669 vir,
2116 3616 2169 3661 et

576 3712 764 3775 caput,
790 3712 843 3758 et
863 3718 1058 3772 corpus
1091 3720 1103 3757 :
1132 3709 1291 3769 caput
1319 3700 1370 3753 in
1403 3698 1496 3752 illo
1527 3698 1741 3751 homine
1772 3698 2114 3764 agnossimus
2148 3740 2162 3763 ,

576 3799 665 3870 qui
700 3806 851 3852 natus
879 3805 962 3851 est
986 3794 1052 3849 de
1080 3794 1239 3848 Maria
1263 3792 1464 3861 virgine
1484 3834 1497 3852 ,
1524 3805 1714 3860 passus
1738 3790 1837 3843 sub
1862 3791 2046 3844 Pontio
2079 3791 2166 3845 Pi-

577 3894 713 3956 lato,
737 3891 974 3961 sepultus
999 3929 1012 3951 ,
1043 3887 1334 3943 resurrexit
1354 3927 1367 3944 .
1397 3884 1640 3940 ascendit
1672 3884 1721 3937 in
1766 3885 1993 3950 caelum,
2019 3884 2170 3939 sedet

576 3987 642 4043 ad
671 3987 942 4042 dexteram
975 3983 1143 4037 Patris
1163 4023 1176 4047 ,
1209 3980 1331 4035 inde
1360 3980 1505 4033 illum
1535 3986 1906 4049 exspectamus
1931 3977 2165 4047 judicem

577 4081 815 4135 vivorum
862 4088 1020 4148 atque
1068 4087 1395 4131 mortuorum
1421 4091 1434 4139 ;
1464 4072 1563 4126 hoe
1592 4082 1672 4126 est
1702 4083 1857 4139 caput
1917 4072 2167 4127 Ecclesiae

578 4172 792 4243 (Epiros.
827 4186 884 4238 ν,
907 4171 1026 4239 ἳὸ).
1046 4166 1423 4239 Corpuslmjus
1451 4165 1639 4235 capitis
1664 4166 1893 4219 ποριρεὶτι
1926 4173 2028 4231 est,
2062 4181 2164 4219 non

579 4281 698 4336 qua:
741 4264 841 4318 hoc
881 4262 1001 4317 loco
1022 4271 1136 4325 est,
1167 4259 1260 4315 sed
1296 4267 1349 4315 et
1375 4274 1493 4328 quae
1525 4257 1626 4310 hoc.
1651 4258 1765 4310 loco
1797 4268 1848 4310 et
1879 4272 1971 4324 per
1997 4266 2165 4310 totum

578 4357 761 4411 orbem
796 4365 1053 4409 terrarum
1090 4370 1102 4402 :
1138 4366 1237 4405 nec
1276 4350 1363 4404 illa
1394 4364 1513 4419 qua:
1543 4347 1644 4401 hoc
1675 4356 1913 4416 tempore
1936 4388 1949 4411 ,
1977 4347 2067 4401 sed
2100 4346 2167 4402 ab

579 4452 696 4519 ipso
724 4449 853 4503 Abel
886 4463 1053 4517 usque
1088 4445 1153 4500 ad
1185 4461 1278 4500 eos
1309 4443 1395 4513 qui
1438 4440 1692 4497 nascituri
1738 4452 1859 4495 sunt
1902 4456 2070 4503 usque
2113 4440 2165 4495 in

581 4548 740 4600 linem
768 4554 820 4597 et
845 4541 1093 4597 credituri
1122 4540 1172 4594 in
1204 4538 1504 4601 Christum,
1538 4544 1677 4589 totus
1701 4533 1923 4604 populus
1951 4542 2165 4588 sancto-

580 4653 695 4692 rum
742 4635 807 4689 ad
858 4649 1015 4687 unam
1060 4632 1325 4686 civitatein
1376 4625 1789 4697 pertinentium;
1822 4641 1938 4696 quae
1981 4626 2166 4680 civitas

578 4743 774 4798 corpus
799 4734 882 4783 est
906 4724 1136 4787 Christi,
1166 4723 1249 4778 cui
1280 4728 1438 4791 caput
1461 4727 1540 4774 est
1569 4717 1835 4773 Christus.
1868 4717 1937 4771 Ibi
1961 4727 2085 4773 sunt
2114 4726 2168 4773 et

579 4820 765 4891 Angeli
796 4818 938 4873 cives
964 4816 1129 4871 nostri
1160 4832 1173 4869 :
1204 4813 1297 4869 sed
1328 4811 1449 4883 quia
1494 4825 1593 4864 nos
1626 4809 2051 4879 peregrinantur,
2085 4807 2166 4863 la-

580 4913 865 4977 boramus;
900 4909 973 4964 illi
1001 4919 1182 4962 autem
1214 4906 1265 4959 in
1296 4903 1510 4958 civitate
1538 4909 1851 4971 exspectant
1880 4900 2163 4954 adventum

578 5017 840 5063 nostrum.
868 5004 935 5059 Et
972 5002 1039 5058 de
1088 5001 1173 5055 illa
1200 4998 1414 5053 civitate
1443 4996 1582 5051 unde
1614 4995 2014 5065 peregrinantur
2038 5037 2050 5057 ,
2079 4994 2164 5048 lit-

581 5110 707 5154 tera:
740 5097 891 5153 nobis
918 5100 1177 5149 venerunt
1206 5110 1218 5145 :
1250 5090 1378 5160 ipsa:
1411 5095 1535 5141 sunt
1568 5086 1856 5155 Scriptura:
1882 5128 1894 5147 ,
1923 5101 2040 5155 qua:
2068 5100 2165 5140 nos

581 5192 860 5246 hortantur
886 5197 943 5241 ut
972 5188 1103 5241 bene
1134 5184 1392 5238 vivamus.
1420 5178 1555 5246 Quid
1584 5178 1755 5233 dicam
1789 5178 1996 5232 venisse
2022 5178 2163 5233 litte-

580 5284 700 5340 ras?
726 5283 843 5353 Ipse
869 5297 964 5337 rex
994 5277 1288 5341 descendit,
1316 5285 1368 5329 et
1398 5274 1562 5327 lactus
1591 5281 1671 5326 est
1700 5270 1850 5325 nobis
1874 5270 1953 5323 via
1975 5271 2023 5324 in
2046 5286 2166 5340 per-

580 5376 931 5447 egrinatione;
960 5382 1017 5427 ut
1044 5372 1094 5424 in
1148 5369 1237 5423 illo
1266 5366 1619 5428 ambulantes,
1655 5378 1752 5417 nec
1779 5378 2039 5425 erremus,
2068 5377 2165 5418 nec

578 5470 888 5525 deﬁciamus
922 5507 935 5529 ,
982 5477 1079 5518 nec
1136 5462 1186 5515 in
1241 5458 1618 5514 latrocinantes
1673 5454 1970 5509 incidamus
2001 5495 2017 5521 ,
2066 5469 2165 5509 nec

580 5563 631 5617 in
664 5561 880 5629 laqueos
906 5554 1188 5616 irruamus,
1222 5550 1308 5619 qui
1332 5559 1597 5619 ponuntur
1612 5548 1759 5617 juxta
1792 5547 1949 5599 viam.
1981 5544 2162 5600 Talem

577 5672 704 5725 ergo
735 5654 965 5707 scientes
988 5646 1257 5701 Christum
1290 5652 1456 5697 totum
1483 5650 1640 5710 atque
1680 5640 1981 5695 universum
2008 5639 2164 5693 simul

575 5763 695 5803 cum
729 5741 989 5802 Ecclesia;
1025 5740 1194 5809 ipsum
1227 5742 1401 5790 autem
1432 5734 1602 5788 solum
1636 5741 1815 5787 natum
1846 5732 1911 5788 de
1939 5733 2161 5804 virgine,

576 5848 733 5912 caput
780 5832 1026 5890 Ecclesim
1052 5872 1066 5896 ,
1095 5828 1440 5883 mediatorum
1485 5824 1688 5879 scilicet
1732 5825 1867 5879 inter
1921 5825 2081 5879 Deum
2112 5835 2161 5880 et

1812 333 1872 394 S.
1910 327 2285 393 AUGUSTINI
2325 330 2622 394 EPISCOPI

3734 358 3864 418 H60

2303 452 2547 510 homines
2575 454 2844 512 Christum
2872 450 3056 514 Iesum
3086 457 3131 532 (l
3160 459 3291 516 Tim.
3317 476 3352 517 n
3373 502 3387 527 ,
3413 460 3471 536 5)
3503 480 3516 518 :
3545 463 3611 519 ad
3642 464 3733 525 hoc
3755 490 3867 530 me-

2298 546 2559 603 diutorem
2584 591 2597 612 ,
2625 559 2681 604 ut
2706 566 2803 605 eos
2830 552 2919 622 qui
2952 563 3306 629 recesserant,
3336 571 3431 625 per
3456 573 3513 611 re
3540 563 3865 632 reconciliet;

2296 640 2505 695 medius
2530 641 2672 695 enim
2704 658 2808 698 non
2835 654 2916 698 est
2940 645 3038 699 nisi
3068 645 3206 701 inter
3230 647 3385 703 duos.
3416 647 3811 708 Decesse-ramus
3837 672 3866 710 a

2295 734 2574 804 majestate
2601 736 2693 791 Dei
2718 779 2733 804 ,
2762 748 2816 792 et
2846 742 3062 808 peccato
3086 750 3270 795 nostro
3299 742 3686 800 oll‘enderamus
3710 764 3822 804 eum
3852 768 3867 803 :

2295 828 2489 881 missus
2518 836 2602 883 est
2632 828 2794 884 Filius
2820 831 3100 893 mediator,
3124 834 3211 901 qui
3240 833 3503 904 sanguine
3530 849 3627 890 suo
3651 838 3869 895 solveret

2294 928 2509 988 peccata
2532 930 2734 985 nostra,
2764 922 2954 991 quibm
2981 924 3369 993 separabamur
3393 941 3423 978 a
3454 926 3565 981 Deo
3590 944 3606 993 ;
3634 937 3686 983 et
3713 930 3870 986 inter-

2292 1012 2498 1081 positus
2525 1014 2771 1069 redderet
2800 1030 2897 1070 nos
2918 1016 2967 1070 ei
2999 1026 3052 1070 et
3086 1016 3493 1086 reconciliaret,
3522 1035 3551 1072 a
3575 1036 3680 1091 quo
3705 1026 3870 1080 aversi

2292 1102 2348 1156 in
2389 1105 2621 1173 peccatis
2648 1106 2847 1160 nostris
2876 1115 2930 1161 et
2956 1108 3163 1163 delictis
3190 1109 3519 1165 tenebamur.
3544 1111 3661 1180 Ipse
3684 1124 3758 1168 est
3782 1132 3872 1170 ca-

2291 1207 2384 1266 put
2406 1206 2666 1264 nostrum,
2697 1200 2809 1268 ipse
2833 1210 2915 1254 est
2942 1200 3082 1257 Deus
3105 1203 3327 1272 aequalis
3347 1203 3509 1267 Patri,
3539 1203 3756 1261 Verbum
3776 1207 3871 1265 Dei

2291 1305 2387 1360 per
2414 1293 2553 1361 quod
2587 1294 2721 1347 facta
2747 1303 2872 1349 sunt
2899 1296 3076 1350 omnia
3105 1294 3283 1368 (Joan.
3316 1312 3351 1359 ι,
3396 1298 3454 1369 3)
3489 1316 3504 1354 :
3530 1298 3624 1354 sed
3656 1299 3785 1356 Deus
3814 1312 3872 1358 ut

2290 1394 2530 1451 crearet,
2566 1385 2724 1440 homo
2746 1396 2801 1440 ut
2824 1397 3093 1443 recrearet
3124 1389 3139 1419 ¹
3166 1405 3181 1454 ;
3213 1388 3352 1445 Deus
3376 1400 3433 1443 ut
3456 1390 3647 1447 laceret
3671 1435 3687 1460 ,
3718 1392 3872 1452 homo

2291 1487 2349 1531 ut
2376 1477 2637 1534 reticeret.
2672 1478 2825 1536 Hunc
2852 1482 3140 1549 intuentes,
3160 1480 3240 1537 sic
3264 1482 3545 1541 audiamus
3573 1485 3827 1543 Psalmum
3852 1506 3867 1546 :

2290 1572 2529 1628 intendat
2555 1573 2799 1630 Charitas
2820 1575 3025 1631 Vestra.
3060 1575 3343 1646 Disciplina
3371 1587 3453 1632 est
3478 1579 3577 1633 ista
3604 1590 3660 1635 et
3684 1580 3874 1637 doctri-

2289 1679 2355 1718 na
2382 1663 2579 1721 schola:
2611 1666 2786 1737 hujus,
2808 1684 2927 1738 qua:
2954 1667 3104 1723 vobis
3130 1669 3303 1725 valeat
3322 1685 3425 1726 non
3454 1671 3520 1725 ad
3548 1688 3708 1729 unum
3736 1676 3871 1745 psal~

2289 1774 2433 1812 mum
2472 1760 2868 1830 intelligendum
2894 1804 2908 1827 ,
2932 1762 3027 1818 sed
3057 1763 3123 1818 ad
3152 1765 3347 1819 multos
3368 1805 3384 1832 ,
3413 1766 3456 1820 si
3487 1769 3709 1823 teneatis
3738 1768 3869 1825 hanc

2288 1854 2547 1923 regulam.
2590 1856 2889 1924 Aliquando
2933 1858 3207 1927 psalmus,
3237 1875 3343 1913 non
3385 1861 3557 1915 solum
3602 1862 3865 1932 psalmus,

2286 1946 2379 2000 sed
2430 1957 2485 2002 et
2534 1949 2707 2003 omnis
2752 1948 3370 2020 prophetia,aliquaudo
3412 1952 3491 2008 sic
3539 1953 3763 2024 loquitur
3804 1956 3868 2013 de

2285 2038 2527 2106 Christo,
2554 2050 2613 2095 ut
2640 2053 2798 2111 caput
2835 2043 3006 2098 solum
3038 2045 3374 2101 commendet
3398 2089 3413 2111 ,
3445 2055 3502 2101 et
3527 2047 3803 2117 aliquando
3837 2064 3866 2104 a

2285 2134 2456 2201 capite
2479 2134 2609 2201 it_ad
2640 2150 2856 2204 corpus,
2880 2137 2931 2190 id
2960 2137 3131 2192 estad
3159 2137 3452 2194 Ecclesiam
3474 2179 3491 2205 ,
3510 2149 3565 2195 et
3595 2156 3697 2194 non
3723 2140 3865 2195 vide-

2286 2236 2372 2281 tur
2412 2238 2645 2284 nudasse
2671 2245 2991 2299 persnnam;
3025 2231 3145 2300 quia
3194 2249 3298 2285 non
3342 2244 3620 2302 separatur
3648 2244 3800 2303 caput
3835 2249 3865 2291 a

2282 2333 2507 2390 corpore
2534 2362 2549 2385 ,
2581 2322 2673 2375 sed
2717 2333 2965 2393 tanquam
2996 2323 3064 2378 de
3091 2341 3196 2378 uno
3229 2325 3485 2395 loquitur.
3514 2323 3703 2380 Videat
3726 2326 3865 2381 enim

2282 2410 2526 2467 Charitas
2555 2412 2737 2468 Vestra
2758 2415 2898 2484 quod
2927 2415 3065 2471 dico.
3096 2415 3403 2471 Manifestus
3432 2427 3513 2472 est
3532 2427 3678 2473 certe
3703 2421 3866 2472 omni-

2282 2505 2378 2561 bus
2406 2508 2636 2576 psalmus
2660 2507 2747 2563 ubi
2778 2508 2847 2564 de
2876 2511 3119 2579 passione
3155 2511 3362 2565 Domini
3391 2510 3613 2566 dicitur:
3649 2529 3667 2562 ι
3701 2512 3866 2566 Fode-

2279 2610 2404 2653 runt
2450 2612 2640 2653 manus
2687 2616 2833 2655 ineas
2873 2612 2927 2655 et
2969 2601 3658 2671 pedes;dinumeraverunt
3692 2601 3863 2657 omnia

2279 2706 2397 2744 ossa
2439 2706 2554 2746 mea
2582 2709 2596 2746 :
2626 2691 2921 2747 diviserunt
2951 2695 3053 2749 sibi
3093 2694 3408 2749 vestimenta
3449 2708 3567 2749 mea
3593 2736 3609 2761 ,
3633 2705 3688 2751 et
3709 2709 3863 2765 super

2278 2786 2652 2840 vestimentum
2684 2802 2857 2842 meum
2886 2787 3143 2843 miserunt
3169 2797 3391 2843 sortem.
3431 2806 3450 2840 ι
3483 2787 3597 2844 Hoc
3623 2798 3677 2843 ct
3699 2787 3862 2845 Judrei

2277 2878 2490 2948 quando
2518 2879 2741 2934 audiunt
2767 2879 3090 2935 erubescunt
3113 2896 3126 2945 ;
3149 2880 3544 2937 evidentissime
3573 2881 3713 2935 enim
3743 2896 3862 2951 pro-

2280 2970 2456 3039 phetia
2484 2970 2553 3025 de
2584 2972 2827 3039 passione
2856 2973 3060 3027 Domini
3091 2975 3258 3029 uosu'i
3280 2972 3404 3028 Jeso
3439 2973 3632 3028 Christi
3664 2975 3862 3043 prolata

2276 3074 2378 3119 est.
2406 3065 2598 3120 Delicta
2626 3076 2803 3121 autem
2837 3081 2939 3119 non
2969 3066 3194 3121 habebat
3219 3067 3479 3122 Dominus
3508 3074 3687 3123 noster
3711 3068 3862 3123 Iesus

2275 3156 2535 3220 Christus;
2560 3166 2614 3213 et
2637 3167 2811 3212 tamen
2844 3159 2895 3213 in
2923 3159 3096 3228 capite
3124 3160 3286 3229 ipsius
3310 3159 3678 3229 psalmidicit:
3707 3160 3860 3227 Deus,

2279 3249 2415 3304 Deus
2446 3268 2603 3315 naeus,
2636 3252 2809 3323 utquid
2840 3270 2917 3305 me
2945 3252 3292 3322 dereliquisti?
3324 3253 3493 3326 Longe
3516 3273 3547 3307 ιι
3572 3256 3735 3308 salute
3759 3271 3861 3309 mea

2275 3348 2422 3401 verba
2456 3346 2749 3400 delictorum
2776 3364 2996 3401 meorum
3019 3346 3187 3409 (Psal.
3222 3364 3309 3403 XXI
3335 3391 3349 3413 ,
3384 3349 3449 3403 l7
3471 3391 3484 3412 ,
3516 3348 3583 3404 18
3606 3392 3620 3416 ,
3651 3351 3717 3405 19
3746 3392 3762 3413 ,
3784 3350 3858 3422 2).

2276 3437 2477 3492 Videtis
2507 3454 2634 3508 ergo
2660 3439 2783 3509 quid
2815 3438 3021 3493 dicatur
3046 3454 3108 3493 ex
3147 3454 3373 3510 persona
3405 3441 3612 3510 capitis,
3644 3442 3774 3513 quid
3800 3460 3860 3499 ex

2274 3524 2498 3599 pcrsuna
2529 3534 2784 3597 corporis.
2815 3530 3011 3585 Delicta
3036 3529 3101 3584 ad
3132 3545 3229 3585 nos
3255 3532 3539 3601 pertinent.
3569 3534 3749 3604 passio
3771 3551 3862 3606 pro

2274 3622 2426 3677 nobis
2452 3622 2516 3676 ad
2542 3632 2698 3693 caput
2723 3622 2951 3692 pertinet
2981 3641 2993 3677 :
3024 3621 3117 3677 sed
3150 3634 3367 3693 propter
3394 3626 3693 3694 passionem
3724 3626 3859 3681 illius

2274 3730 2372 3782 pro
2402 3714 2584 3776 nobis,
2617 3713 2836 3783 etquod
2862 3713 2928 3768 ad
2962 3728 3059 3768 nos
3092 3716 3319 3785 pertinet
3345 3715 3660 3772 delictorum
3698 3719 3859 3773 solvi-

2274 3818 2358 3861 tur
2385 3811 2426 3858 ².
2461 3808 2547 3861 Sic
2573 3817 2626 3862 et
2654 3808 2704 3861 in
2736 3809 2838 3861 isto
2864 3807 3089 3876 psalmo.

2342 3924 2394 3977 Ξ.
2428 3925 2573 3997 [vei-3.
2604 3922 2744 3995 l~8.]
2768 3922 2883 3977 Jam
2915 3922 3045 3977 istos
3069 3937 3256 3978 versus
3283 3922 3529 3978 hesterna
3551 3922 3637 3978 die
3665 3933 3853 3980 tracta-

2272 4021 2441 4073 vimus
2471 4037 2481 4070 :
2516 4018 2743 4074 breviter
2780 4032 3258 4073 conttttetnorentus
3290 4016 3424 4070 illos.
3459 4017 3559 4084 Qui
3585 4017 3776 4072 habitat
3807 4021 3855 4073 iu

2270 4111 2524 4180 adiutorio
2553 4110 2796 4165 Altissimi
2816 4152 2829 4174 ,
2854 4109 2904 4163 in
2945 4110 3253 4179 proiectione
3279 4108 3375 4162 Dei
3393 4110 3506 4162 cain
3530 4110 3855 4164 commorabi-

2270 4216 2370 4259 tur.
2396 4206 2503 4259 lloc
2516 4203 3004 4258 commendavimus
3024 4200 3279 4258 Charitati
3310 4201 3506 4256 Vestrae
3527 4201 3577 4256 in
3608 4202 3724 4255 istis
3746 4218 3855 4258 ver-

2270 4298 2436 4362 sibus,
2470 4313 2535 4352 ne
2556 4296 2833 4366 quisquam
2866 4295 2918 4349 in
2948 4310 3006 4350 se
3035 4310 3183 4365 spem
3210 4303 3387 4363 ponat,
3409 4293 3501 4348 sed
3528 4303 3690 4348 totam
3710 4310 3852 4364 spem

2270 4408 2418 4445 suam
2449 4391 2498 4445 in
2527 4390 2617 4444 illo
2643 4399 2800 4459 ponat
2824 4431 2839 4456 ,
2873 4389 2925 4443 in
2952 4404 3056 4459 quo
3076 4397 3202 4442 sunt
3227 4388 3367 4441 vires
3394 4398 3590 4441 nostra:
3620 4406 3635 4453 ;
3664 4404 3732 4444 ex
3760 4388 3851 4441 ad-

2266 4484 2464 4554 jutorio
2494 4485 2633 4539 enim
2662 4483 2775 4551 ejus
2814 4483 3100 4547 vincimus,
3132 4497 3235 4535 non
3267 4496 3330 4535 ex
3371 4491 3547 4536 nostra
3593 4496 3850 4552 praesum-

2272 4578 2469 4648 ptione.
2523 4575 2759 4644 Protegit
2808 4589 2935 4643 ergo
2979 4587 3075 4626 nos
3134 4570 3273 4625 Deus
3324 4573 3477 4635 cmli,
3528 4572 3570 4626 si
3619 4571 3850 4627 dicamus

2274 4670 2493 4723 Domino
2521 4668 2659 4738 quod
2687 4666 2923 4736 sequitur
2946 4682 2959 4718 :
2989 4662 3135 4719 Dicet
3163 4661 3403 4729 Domino,
3429 4664 3850 4735 Susceptormeus

2271 4781 2321 4819 es
2346 4775 2418 4828 tu,
2446 4772 2493 4817 et
2517 4762 2769 4833 refugiunt
2796 4775 2980 4823 meum,
3029 4757 3163 4812 Deus
3202 4773 3359 4820 meus,
3391 4756 3603 4824 sperabo
3629 4757 3679 4809 iu
3709 4772 3847 4819 eum;

2269 4858 2507 4928 quoniam
2542 4857 2650 4926 ipse
2685 4864 2819 4907 eruet
2858 4869 2937 4905 me
2968 4852 3032 4906 de
3064 4851 3343 4920 muscipula
3389 4849 3707 4917 venantiwu,
3741 4859 3787 4903 et
3818 4866 3849 4901 ιι

2269 4953 2414 5006 verba
2443 4966 2642 5021 aspero.
2696 4947 2932 5001 Diximus
2980 4945 3101 5015 quia
3138 4944 3286 4999 multi
3319 4942 3567 4998 timentes
3606 4957 3846 5011 asperum

2270 5044 2488 5101 verbum
2518 5041 2750 5097 incidunt
2773 5039 2824 5093 in
2846 5036 3190 5106 moseipulam
3218 5034 3542 5090 venantium.
3570 5033 3849 5088 lnsultatnr

2271 5138 2492 5200 homini,
2524 5133 2647 5205 quia
2688 5131 3009 5188 christianos
3036 5139 3146 5191 est;
3178 5135 3232 5181 et
3276 5126 3497 5196 pmuitet
3530 5126 3697 5189 illum,
3730 5124 3844 5194 quia

2268 5231 2589 5287 christianos
2624 5227 2793 5281 iactus
2822 5232 2923 5287 est,
2966 5231 3020 5276 et
3050 5221 3118 5276 ab
3146 5235 3335 5290 aspero
3377 5219 3541 5275 verbo
3576 5218 3757 5273 incidit
3796 5216 3843 5269 in

2271 5323 2617 5393 moseipulam
2663 5317 2878 5373 diaboli.
2925 5314 3209 5370 lnsultatur
3254 5315 3412 5367 etiam
3454 5311 3681 5377 homini,
3727 5309 3842 5380 quia

2271 5424 2406 5485 inter
2436 5418 2628 5472 nmltos
2651 5412 2970 5468 christianos
2993 5410 3180 5464 melius
3202 5408 3359 5471 vivit;
3382 5414 3435 5460 et
3453 5406 3643 5460 timens
3663 5417 3843 5473 aspera

2275 5513 2434 5569 verba
2463 5511 2854 5573 insnltatorum,
2882 5503 3064 5559 incidit
3094 5502 3144 5555 iu
3170 5501 3387 5571 laqueos
3410 5497 3627 5565 diaboli,
3662 5504 3716 5551 ut
3744 5509 3841 5549 non

2270 5607 2341 5663 sit
2364 5605 2596 5661 triticum
2628 5602 2680 5656 in
2708 5615 2854 5666 arca,
2876 5595 2970 5654 sed
3002 5594 3205 5667 paleam
3242 5600 3511 5662 sequatur.
3542 5587 3643 5655 Qui
3672 5596 3840 5642 autem

2337 5769 2352 5799 ι
2388 5774 2515 5824 Mss,
2544 5771 2669 5812 Deus
2687 5766 2739 5811 ut
2762 5768 3057 5816 creuremur,
3083 5753 3222 5824 homo
3242 5761 3663 5824 numerarentur.

2337 5833 2356 5861 ²
2479 5805 2578 5876 λήἶ
2588 5805 2781 5874 'ci'tigs.‘
2792 5805 2941 5870 tibi.
2960 5825 3012 5867 et
3026 5805 3156 5878 tlov.,
3173 5815 3455 5867 delictorum
3467 5810 3675 5863 debitum
3697 5805 3839 5861 solm.
