4132 6482
345 430 467 487 1161

340 553 390 606 in
417 551 526 604 Deo
554 557 754 620 sperat,
785 547 989 601 eruitur
1029 561 1059 599 a
1111 541 1401 614 muscipula
1444 544 1751 598 venantium
1793 551 1846 597 et
1888 559 1916 595 a

342 642 500 698 verbo
524 656 737 711 aspero.
772 639 1049 707 Quomodo
1074 647 1249 693 autem
1279 647 1328 692 te
1356 638 1583 708 protegit
1626 637 1795 692 Deus?
1825 636 1917 689 ln-

341 750 412 791 ter
430 734 667 805 scapulas
685 749 803 788 snas
830 730 1140 786 obumbrabit
1168 729 1297 783 tibi:
1340 728 1390 783 id
1428 741 1529 792 est,
1578 738 1700 783 ante
1740 738 1925 798 pectus

340 843 491 883 suum
519 837 572 881 te
590 833 775 895 ponet,
805 832 861 878 ut
887 823 987 877 alis
1009 822 1120 876 suis
1139 830 1189 877 te
1211 830 1483 891 protegat;
1510 820 1552 875 si
1580 819 1738 874 modo
1761 835 1923 888 agno-

340 936 457 975 scas
484 918 847 972 inﬁrmitatem
880 925 1045 976 tuam,
1073 924 1127 966 ut
1169 912 1319 981 quasi
1350 912 1524 981 pullus
1568 910 1806 964 infirmus
1846 909 1926 963 fu-

338 1012 449 1081 gias
478 1010 581 1063 sub
609 1008 719 1061 alas
750 1006 953 1069 matris,
984 1018 1051 1059 ne
1079 1020 1109 1057 a
1137 1003 1298 1057 milvo
1328 1002 1568 1072 rapiaris.
1617 1000 1757 1054 Μηνὶ
1800 1009 1925 1054 sunt

338 1103 479 1158 enim
522 1116 694 1156 aerea:
740 1107 1049 1169 potestates,
1082 1095 1322 1150 diabolus
1356 1102 1409 1149 et
1436 1093 1610 1162 angeli
1638 1094 1751 1162 ejus
1786 1111 1798 1146 :
1836 1107 1923 1145 ra-

342 1209 467 1263 pere
499 1192 682 1246 volunt
702 1190 1061 1245 infirmitatem
1095 1196 1349 1241 nostram.
1383 1185 1667 1254 Fugiamus
1688 1184 1786 1237 sub
1813 1184 1925 1238 alas

342 1282 527 1337 matris
556 1281 863 1351 Sapientiae,
891 1280 1010 1350 quia
1039 1287 1092 1334 et
1114 1279 1224 1347 ipsa
1253 1277 1520 1346 Sapientia
1558 1275 1818 1329 infirmata
1844 1283 1925 1328 est

343 1384 562 1445 propter
588 1390 719 1437 nos;
750 1373 871 1443 quia
911 1370 1141 1426 Verbum
1185 1384 1311 1423 caro
1349 1368 1541 1422 factum
1572 1378 1647 1421 est
1675 1365 1853 1437 (Jonn.
1886 1383 1922 1429 ι,

345 1465 454 1536 ll).
486 1465 638 1520 Sicut
676 1464 970 1518 infirmatur
1005 1461 1199 1531 gallina
1226 1475 1344 1514 cum
1374 1459 1534 1529 pullis
1559 1458 1690 1523 suis,
1718 1468 1773 1512 ut
1802 1474 1927 1526 pro-

346 1567 485 1626 tegat
528 1571 623 1611 eos
670 1556 769 1609 alis
813 1551 1153 1621 suis(Matth.
1206 1565 1361 1616 χχιιι,
1393 1550 1482 1618 57)
1510 1568 1523 1604 :
1551 1550 1628 1603 sic
1675 1548 1927 1601 Dominus

346 1656 527 1703 noster
560 1646 718 1702 Jesus
746 1645 1009 1709 Christus,
1038 1643 1125 1712 qui
1157 1658 1276 1697 cum
1309 1642 1360 1696 in
1412 1640 1579 1694 forma
1626 1640 1722 1695 Dri
1759 1648 1925 1705 esset,

345 1753 447 1793 non
478 1738 718 1806 rapinam
745 1734 1032 1789 arbitratus
1057 1742 1141 1789 est
1178 1747 1299 1788 esse
1337 1731 1555 1802 aequalis
1588 1732 1716 1798 Deo,
1749 1739 1806 1785 ut
1842 1731 1928 1785 in-

347 1830 647 1885 firmaretur
677 1827 971 1890 nobiscum,
1002 1836 1056 1880 et
1092 1825 1191 1879 alis
1216 1826 1325 1879 suis
1356 1833 1654 1894 protegeret
1685 1839 1804 1889 nos,
1837 1838 1925 1878 se-

345 1920 629 1989 metipsum
658 1918 948 1974 exinanivit
969 1916 1193 1973 formam
1221 1916 1358 1971 servi
1384 1916 1669 1986 accipiens,
1700 1915 1751 1969 in
1777 1914 1927 1969 simi-

345 2011 622 2065 litudinem
644 2010 917 2063 hominum
943 2008 1130 2073 factus,
1153 2018 1206 2062 et
1233 2007 1411 2061 habitu
1433 2008 1677 2062 inventus
1698 2016 1754 2061 ut
1770 2007 1929 2062 homo

350 2100 614 2174 (Philipp.
642 2116 700 2164 ιι,
719 2100 752 2155 6
768 2108 815 2153 et
830 2099 908 2168 7).
934 2098 998 2151 Et
1022 2098 1112 2152 sub
1138 2096 1234 2151 alis
1250 2098 1358 2168 ejus
1379 2097 1622 2167 sperabis.
1646 2097 1803 2152 Scuto
1824 2099 1926 2151 circ

346 2194 602 2247 cunidabit
630 2202 678 2247 te
704 2193 881 2246 veritas
903 2192 1046 2261 ejus;
1076 2207 1176 2244 non
1198 2191 1389 2245 timebis
1418 2208 1448 2242 a
1469 2191 1646 2263 timore
1664 2199 1926 2244 nocturno.

348 2285 698 2339 Tentationes
749 2282 1095 2352 ignorantiae,
1144 2281 1301 2336 timor
1344 2290 1664 2346 nocturnus;
1716 2289 1929 2349 peccata

346 2377 607 2438 scientiae,
638 2374 823 2444 sagitta
847 2375 1029 2428 volans
1055 2389 1150 2445 per
1170 2373 1307 2427 diem
1334 2390 1347 2425 :
1375 2372 1427 2426 in
1450 2382 1604 2426 nocte
1621 2373 1760 2425 enim
1785 2372 1933 2442 igno-

348 2469 519 2525 rantia
550 2467 876 2536 intelligitur,
910 2466 960 2519 in
987 2465 1074 2519 die
1100 2465 1474 2519 manifestatio.
1502 2464 1634 2520 Sunt
1660 2465 1749 2535 qui
1778 2465 1928 2535 igno-

349 2568 531 2615 rantes
562 2564 806 2626 peccant,
836 2565 960 2611 sunt
990 2554 1079 2624 qui
1106 2554 1335 2608 scientes
1367 2562 1585 2622 peccant
1610 2572 1623 2607 :
1651 2554 1737 2623 qui
1776 2554 1931 2624 igno-

348 2660 531 2708 rantes
553 2658 794 2721 peceant,
825 2664 855 2702 a
884 2648 1073 2702 timore
1094 2655 1353 2701 nocturno
1374 2646 1781 2715 supplantantur
1804 2662 1819 2711 ;
1843 2647 1932 2717 qui

347 2745 582 2799 scientes
606 2748 845 2811 peccant,
885 2754 915 2793 a
944 2738 1129 2809 sagitta
1158 2737 1367 2790 volante
1406 2752 1500 2805 per
1524 2736 1665 2790 diem
1696 2737 1931 2805 percussi

348 2842 495 2887 sunt.
519 2833 646 2887 Hmc
669 2840 845 2885 autem
884 2844 1005 2884 cum
1038 2828 1089 2883 in
1116 2827 1447 2897 gravioribus
1482 2827 1934 2895 persccutionibus

353 2926 505 2989 tinnt,
533 2933 810 2992 qUousque
864 2919 1201 2990 perveniatur
1245 2928 1491 2988 tauquam
1523 2917 1589 2972 ad
1635 2918 1931 2984 meridiem,

348 3016 676 3086 quicumqbe
702 3014 794 3067 illo
819 3012 997 3068 calore
1034 3010 1305 3077 ceciderit,
1335 3019 1583 3080 tanquam
1612 3025 1641 3063 a
1671 3009 1935 3065 daemonio

350 3105 848 3164 meridianocadet.
883 3105 951 3159 Et
989 3104 1142 3159 multi
1179 3117 1210 3156 a
1253 3102 1430 3157 calore
1472 3102 1573 3158 isto
1608 3102 1932 3170 ceciderunt,

350 3199 618 3268 sicutjam
658 3196 1001 3266 exposuimus
1032 3195 1282 3249 hesterno
1304 3192 1393 3250 die
1418 3191 1670 3247 Charitati
1702 3202 1932 3258 vestrm;

350 3293 477 3365 quia
526 3291 766 3347 fervente
808 3288 1173 3359 persecutione
1201 3286 1398 3340 dictum
1435 3293 1537 3346 est,
1568 3284 1937 3354 Torqueantur

349 3382 666 3444 Christiani,
694 3380 865 3436 donec
903 3386 1095 3449 negent
1141 3376 1281 3447 quod
1315 3374 1589 3432 christiani
1623 3385 1764 3429 sunt.
1800 3375 1933 3430 Cum

350 3485 509 3530 antea
536 3474 772 3529 solerent
800 3470 1027 3527 confessi
1055 3468 1279 3539 percuti,
1306 3466 1370 3521 ad
1394 3466 1494 3521 hoc
1520 3476 1703 3535 postea
1727 3476 1936 3536 torque-

350 3567 549 3619 bantur
573 3572 631 3617 ut
656 3570 908 3632 negarent
936 3579 948 3615 :
979 3569 1032 3614 et
1069 3574 1189 3613 cum
1217 3557 1391 3611 omnis
1426 3571 1551 3611 reus
1583 3556 1779 3611 tamdiu
1825 3566 1935 3611 tor-

286 3718 317 3741 q
350 3664 620 3735 queatur,
664 3652 914 3730 quamdiu
959 3668 1162 3727 neget;
1207 3654 1627 3710 Christianorum
1673 3648 1933 3708 confessio

352 3754 736 3824 torquebatur,
784 3749 993 3820 negatio
1047 3745 1428 3803 dimittehatur.
1478 3745 1604 3799 Erat
1648 3760 1773 3815 ergo
1813 3753 1937 3800 tunc

350 3860 579 3915 magnus
610 3853 770 3896 :estus
793 3838 1243 3910 persequentium.
1277 3834 1606 3904 Quicumque
1632 3834 1683 3889 iu
1712 3836 1798 3889 illa
1824 3846 1938 3891 ten-

353 3938 557 3990 tatione
600 3933 942 3995 ceciderunt,
984 3940 1231 3999 tanquam
1268 3942 1296 3979 a
1336 3926 1600 3981 daemonio
1642 3927 1935 3982 meridiano

353 4024 680 4080 ceciderunt.
704 4018 772 4077 Et
792 4021 972 4091 quanti
1004 4018 1340 4074 ceciderunt!
1373 4016 1519 4071 Multi
1541 4017 1626 4086 qui
1664 4031 1721 4071 se
1754 4033 1936 4087 spera-

359 4118 747 4172 bantsessuros
766 4130 885 4168 cum
919 4111 1143 4166 Domino
1168 4118 1223 4165 et
1241 4109 1592 4179 judicaturos,
1620 4108 1744 4163 illia
1770 4109 1936 4165 latere

351 4206 683 4263 ceciderunt.
707 4206 835 4261 ltem
862 4202 1012 4257 multi
1040 4202 1128 4272 qui
1156 4216 1214 4256 se
1246 4198 1532 4269 sperabant
1555 4198 1620 4253 ad
1662 4198 1932 4255 dexteram

351 4299 582 4358 futuros.
611 4297 662 4355 in
688 4298 839 4366 plebe
874 4302 1057 4349 sancta
1079 4290 1419 4363 stipendiaria
1452 4298 1698 4360 tanquam
1726 4291 1936 4360 provin-

348 4391 539 4457 ciales,
571 4391 657 4459 qui
686 4403 948 4443 annonam
990 4385 1246 4439 militibus
1288 4382 1557 4453 prmbent,
1603 4382 1793 4452 quibus
1831 4382 1932 4437 dici

351 4482 536 4544 habet,
567 4479 784 4541 Esurivi,
826 4488 872 4531 et
905 4476 1111 4529 dedistis
1143 4475 1264 4527 mihi
1304 4471 1609 4526 manducare
1629 4470 1718 4542 (ad
1749 4472 1935 4527 dexte-

349 4586 468 4625 ram
494 4570 632 4624 enim
660 4580 813 4623 erunt
844 4565 1014 4633 multi)
1040 4582 1053 4631 ;
1077 4573 1134 4619 et
1162 4564 1227 4618 de
1254 4564 1367 4633 ipsa
1406 4577 1502 4632 spe
1533 4562 1858 4628 ceciderunt,
1883 4573 1937 4617 et

348 4663 540 4732 plures
560 4660 702 4722 inde,
726 4661 843 4731 quia
877 4659 1057 4729 plures
1092 4656 1182 4711 ibi.
1210 4655 1495 4711 Pauciores
1529 4656 1672 4709 enim
1692 4656 1781 4725 qui
1814 4670 1934 4709 cum

351 4753 587 4807 Domino
608 4750 939 4820 judicabant,
971 4756 1025 4802 et
1056 4748 1234 4817 plures
1256 4745 1349 4816 qui
1369 4746 1583 4801 stabunt
1602 4754 1725 4799 ante
1746 4746 1894 4799 illum
1919 4764 1932 4800 :

346 4844 450 4899 sed
488 4858 590 4897 non
633 4858 733 4897 una
768 4841 999 4896 conditio
1028 4855 1233 4894 eorum.
1279 4838 1383 4892 Alii
1418 4837 1485 4891 ad
1523 4838 1811 4904 sinistram,
1849 4839 1934 4892 alii

345 4936 421 4989 ad
450 4936 723 4990 dexteram
751 4951 765 4997 ;
795 4931 883 4987 alii
909 4941 965 4987 ut
993 4940 1235 5002 regnent,
1264 4930 1354 4984 alii
1394 4939 1451 4984 ut
1489 4931 1806 4999 puniantur;
1844 4930 1937 4985 alii

348 5037 415 5083 ut
438 5026 675 5090 audiant,
728 5024 917 5090 Venite,
959 5024 1201 5078 benedicti
1238 5021 1411 5075 Patris
1438 5022 1556 5087 mei,
1589 5021 1824 5091 percipite
1854 5038 1936 5074 re-

345 5136 542 5191 gnum;
567 5118 654 5173 alii
677 5127 732 5171 ut
753 5116 989 5175 audiant.
1018 5114 1098 5169 Ite
1120 5115 1174 5167 in
1201 5115 1367 5183 ignem
1394 5124 1657 5177 telernmn,
1696 5112 1782 5180 qui
1808 5127 1939 5179 pra:-

349 5218 564 5281 paratns
590 5216 663 5260 est
687 5206 885 5260 diabolo
914 5214 961 5258 et
989 5203 1181 5273 angelis
1209 5202 1319 5271 ejus
1336 5200 1543 5271 (Matth.
1570 5214 1697 5261 xxv,
1721 5198 1935 5268 52-“).

350 5298 500 5368 Ergo
518 5300 607 5369 qui
632 5298 649 5328 ³
675 5313 708 5351 a
730 5297 879 5350 ruina
904 5304 950 5348 et
979 5294 1225 5347 dwmonio
1267 5291 1542 5344 meridiano
1568 5290 1765 5353 cadent,
1803 5290 1940 5344 mille

347 5408 389 5443 α
417 5389 591 5455 latere,
636 5398 682 5442 et
709 5388 840 5442 dena
868 5388 1025 5440 millia
1045 5402 1075 5438 a
1099 5385 1309 5439 dextris.
1337 5384 1416 5437 Ad
1449 5392 1495 5438 te
1516 5393 1683 5437 autem
1708 5400 1808 5437 non
1842 5400 1938 5454 ap-

352 5479 712 5552 propinquabit
742 5495 759 5533 :
787 5477 952 5548 quid?
994 5476 1321 5531 Daemonium
1354 5475 1704 5530 meridianum
1743 5484 1795 5529 te
1834 5490 1936 5527 non

351 5572 556 5640 dejicit.
582 5570 716 5639 Quid
745 5571 936 5624 mirum
966 5569 1008 5623 si
1039 5577 1197 5637 caput
1219 5583 1322 5621 non
1350 5566 1567 5636 dejicit?
1586 5567 1691 5622 Sed
1715 5581 1817 5620 non
1839 5565 1937 5620 de-

347 5663 471 5733 jicit
499 5672 554 5717 et
582 5662 699 5716 illos
719 5661 807 5716 oui
834 5662 911 5715 sic
941 5659 1145 5713 haerent
1180 5659 1359 5722 capiti,
1384 5657 1648 5728 quomodo
1683 5658 1754 5710 ait
1797 5658 1940 5725 Apo-

354 5756 551 5822 stolus,
585 5752 738 5807 Novit
769 5751 1012 5806 Dominus
1036 5758 1121 5818 qut
1162 5761 1276 5804 sunt
1309 5752 1417 5821 ejus
1459 5749 1523 5818 (ll
1564 5748 1692 5803 Tim.
1740 5764 1796 5814 ll,
1828 5745 1938 5816 l9).

422 5867 439 5898 ι
480 5864 609 5926 Αμιϐ
633 5871 705 5913 Fr.
733 5872 850 5912 \‘eu.
878 5870 945 5911 et.
973 5868 1080 5910 hor.
1100 5862 1259 5921 deest,
1292 5864 1389 5921 qui.
1464 5870 1514 5908 λι.

684 5974 905 6028 bauer.
942 5973 983 6024 Α
999 5983 1216 6025 υσυετ.
1258 5965 1361 6024 ιγ.

1478 420 1870 483 ΕΝᾸΗΠΑΊῚΟ
1912 426 1973 481 ΙΝ
2015 428 2334 488 PSALML'M
2376 434 2482 489 XC.

3471 450 3610 503 “62

2033 542 2167 598 Sunt
2194 547 2334 600 enim
2365 548 2579 618 quidam
2603 550 2672 604 ita
2708 552 3091 622 pnedestiuati,
3122 566 3177 611 ut
3204 560 3407 613 noverit
3436 562 3614 617 Domi-

2033 651 2131 690 nus
2156 637 2244 705 qui
2292 639 2589 707 pertineant
2635 640 2701 696 ad
2731 657 2924 713 corpus
2975 644 3161 715 ipsius.
3206 648 3338 704 Cum
3378 666 3506 720 ergo
3546 654 3611 706 ad

2034 727 2131 781 hos
2158 744 2263 783 non
2292 731 2509 786 accedet
2533 732 2621 788 illa
2654 736 2892 803 tentatio,
2926 745 2984 791 ut
3022 738 3234 809 dejiciat
3260 757 3380 809 eos;
3413 743 3497 799 isti
3532 747 3615 798 in~

2036 819 2340 890 telliguntur
2366 822 2417 874 in
2453 838 2519 877 eo
2546 823 2685 893 quod
2715 827 2967 896 scriptum
2995 837 3097 895 est,
3129 830 3209 883 Ad
3238 842 3283 885 te
3320 844 3487 889 autem
3513 854 3613 889 non

2034 911 2473 981 appmpinquabit.
2505 913 2607 969 Sed
2634 931 2701 970 ne
2728 916 2801 970 illi
2835 928 3139 987 peccatores
3166 924 3354 992 quibus
3387 935 3529 981 tanta
3554 929 3617 981 li—

2034 1002 2141 1055 cuit
2163 1018 2414 1059 exercere
2442 1006 2492 1060 in
2518 1006 2867 1076 Christianos,
2889 1014 3225 1070 attenduntur
3248 1033 3276 1069 a
3299 1019 3613 1087 quibusdam

2035 1090 2276 1159 infirmis,
2304 1102 2357 1148 et
2375 1094 2599 1162 dicatur,
2628 1097 2787 1165 Ecce,
2818 1101 2941 1170 quid
2971 1104 3137 1159 volunt
3192 1106 3348 1170 Deus,
3403 1118 3458 1163 ut
3495 1120 3612 1163 tan-

2035 1190 2142 1236 tum
2172 1183 2346 1253 impiis
2362 1194 2414 1240 et
2437 1187 2705 1244 sceleratis
2734 1191 2889 1246 liceat
2918 1195 2969 1248 in
2990 1208 3173 1251 servos
3196 1197 3327 1252 Dei?
3347 1201 3613 1258 modicum

2033 1273 2309 1329 considera
2341 1278 2509 1331 oculis
2541 1280 2661 1345 tuis,
2690 1282 2857 1336 oculis
2884 1283 3026 1350 lidci,
3056 1295 3110 1340 et
3138 1287 3340 1342 videbis
3378 1294 3613 1346 retribu-

2035 1364 2231 1419 tionem
2283 1376 2614 1435 peccatorum
2661 1371 2713 1425 in
2762 1371 2884 1438 fine,
2915 1374 3107 1444 quibus
3137 1378 3295 1433 modo
3327 1390 3467 1436 tanta
3498 1399 3615 1452 per-

2034 1454 2333 1522 mittuntur,
2363 1466 2422 1511 ut
2449 1462 2767 1515 exercearis.
2802 1463 2911 1518 lloc
2937 1468 3076 1520 enim
3107 1471 3379 1538 sequitur:
3417 1473 3615 1528 Verum-

2037 1555 2200 1599 tamen
2229 1549 2389 1603 oculis
2413 1550 2513 1604 tuis
2537 1553 2892 1622 considerabis,
2926 1566 2970 1609 et
2995 1560 3364 1616 retributionem
3386 1579 3613 1635 peccato-

2036 1654 2147 1691 rum
2172 1640 2377 1694 videbis.

2105 1730 2159 1781 5.
2194 1728 2342 1802 [vers.
2371 1732 2550 1806 942.]
2579 1735 2827 1800 Quoniam
2869 1750 2923 1794 tu
2962 1759 3031 1808 es,
3080 1743 3311 1814 Domine,
3343 1768 3455 1820 spes
3480 1769 3610 1818 mea,

2035 1819 2335 1874 altissimum
2359 1825 2571 1893 posuisti
2595 1828 2845 1899 refugium
2874 1840 3035 1886 tuum.
3069 1834 3187 1890 Non
3219 1841 3452 1895 accedent
3480 1844 3548 1896 ad
3569 1856 3614 1898 te

2035 1908 2190 1963 mala.
2240 1911 2466 1967 Domino
2512 1914 2681 1971 dicit:
2716 1918 2966 1983 Quoniam
3004 1932 3058 1977 tu
3103 1942 3174 1990 es,
3223 1926 3457 1995 Domine,
3500 1951 3614 2002 spes

2038 2016 2184 2066 mea;
2209 2003 2509 2057 altissimum
2537 2008 2749 2077 posuisti
2772 2013 3023 2082 refugium
3050 2024 3210 2070 tuum.
3239 2018 3355 2074 Non
3381 2025 3614 2079 accedent

2037 2091 2104 2144 ad
2133 2102 2180 2145 te
2199 2094 2335 2148 mala
2352 2113 2372 2160 ;
2388 2106 2433 2149 et
2460 2098 2720 2169 ﬂagellant
2742 2118 2841 2156 non
2860 2109 3279 2179 appropinquabit
3295 2113 3614 2171 tabernaculo

2036 2193 2141 2236 tuo.
2173 2185 2370 2241 Deinde
2391 2187 2500 2256 jam
2532 2190 2689 2245 verba
2720 2207 2838 2263 qua:
2878 2197 3095 2253 audistis
3124 2200 3260 2256 dicta
3295 2220 3322 2255 a
3354 2205 3565 2261 diabolo
3598 2229 3610 2262 :

2041 2271 2292 2339 Quoniam
2332 2276 2537 2347 Angelis
2565 2281 2669 2335 suis
2702 2284 2957 2337 mandavit
2984 2287 3047 2341 de
3084 2298 3148 2355 te,
3178 2304 3232 2345 ut
3261 2297 3541 2351 custodiant
3569 2311 3614 2353 te

2036 2363 2089 2415 in
2116 2366 2347 2420 omnibus
2372 2368 2465 2421 viis
2503 2370 2619 2424 tuis.
2665 2370 2731 2425 In
2780 2374 3011 2429 manibus
3039 2380 3213 2434 tollent
3251 2392 3317 2449 te,
3352 2390 3613 2455 nequando

2038 2452 2265 2519 offendas
2305 2457 2375 2510 ad
2412 2458 2634 2527 lapidem
2672 2463 2848 2531 pedem
2879 2476 3038 2520 tuum.
3070 2470 3164 2524 Cui
3194 2471 3296 2528 hoc
3332 2452 3490 2531 dicit?
3519 2478 3611 2535 Cui

2038 2543 2188 2611 dixit,
2217 2548 2470 2612 Quoniam
2489 2560 2543 2605 tu
2570 2568 2639 2617 es,
2662 2551 2896 2621 Domine,
2927 2575 3038 2627 spes
3064 2577 3192 2615 utea.
3223 2562 3335 2618 Jam
3360 2576 3486 2635 puto
3507 2586 3611 2628 non

2037 2651 2157 2691 esse
2198 2640 2570 2708 exponendum
2625 2643 2937 2701 Christianis
2981 2651 3098 2719 quis
3139 2653 3208 2708 sit
3248 2656 3519 2713 Dominus.
3557 2662 3611 2718 Si

2041 2727 2205 2782 Deum
2243 2729 2450 2786 Patrem
2478 2732 2795 2804 intelligunt,
2823 2740 3087 2807 quomodo
3113 2743 3260 2798 illum
3298 2749 3482 2804 tollent
3506 2752 3611 2805 Au-

2038 2819 2140 2887 geli
2168 2820 2219 2874 in
2249 2822 2510 2887 nianibus,
2541 2840 2610 2881 ne
2630 2826 2862 2883 offendat
2880 2831 2944 2884 ad
2973 2832 3197 2902 lapidem
3228 2839 3411 2906 pedem
3433 2847 3613 2898 suum?

2041 2906 2241 2963 Videtis
2261 2925 2387 2981 ergo
2406 2912 2525 2982 quia
2544 2923 2597 2968 et
2612 2914 2855 2971 Christus
2872 2919 3144 2987 Dominus,
3163 2924 3289 2983 dum
3312 2928 3613 2999 loqueretur

2040 3000 2107 3055 de
2131 3016 2375 3073 corpore,
2406 3004 2580 3060 subito
2606 3009 2767 3077 cmpit
2810 3010 2949 3080 loqui
2993 3012 3059 3068 de
3085 3017 3276 3084 capite.
3309 3022 3477 3090 Caput
3513 3040 3612 3079 no—

2040 3100 2207 3146 strum
2233 3094 2555 3163 appellatum
2576 3107 2658 3152 est
2677 3099 2856 3166 modo,
2878 3116 2998 3155 cum
3028 3103 3334 3163 diceretur:
3366 3110 3613 3178 Quoniam

2042 3191 2094 3235 tu
2118 3199 2186 3247 es,
2212 3181 2447 3250 Domine,
2468 3204 2583 3257 spes
2615 3205 2757 3254 mea;
2786 3191 3087 3247 altissimum
3127 3199 3334 3265 posuisti
3367 3204 3614 3275 refugium

2042 3282 2201 3327 tuum.
2228 3274 2349 3329 Ideo
2369 3278 2580 3345 posuisti
2604 3281 2901 3335 altissimum
2921 3285 3169 3356 refugium
3195 3299 3355 3356 tuum,
3379 3274 3615 3365 quoniam

2042 3373 2094 3416 tu
2119 3381 2190 3430 es,
2218 3363 2457 3433 Domine,
2476 3386 2589 3438 spes
2614 3388 2743 3426 mea.
2774 3372 2907 3440 Quid
2934 3377 3031 3431 sibi
3062 3377 3161 3434 hoc
3191 3383 3339 3436 vult?
3365 3363 3616 3444 Attendat

2038 3453 2281 3511 Charitas
2310 3468 2521 3514 vestra:
2556 3460 2804 3525 Quoniam
2844 3475 2898 3519 tu
2933 3484 3005 3532 es,
3045 3467 3282 3539 Domine,
3320 3492 3432 3545 spes
3472 3495 3615 3545 mea;

2039 3546 2337 3601 altissimum
2373 3552 2584 3619 posuisti
2609 3556 2860 3625 refugium
2886 3568 3044 3611 tamn.
3082 3560 3199 3615 Jam
3246 3580 3349 3619 uou
3389 3577 3472 3621 est
3518 3572 3617 3623 mi-

2042 3638 2263 3699 randum
2289 3666 2301 3699 :
2330 3654 2611 3720 propterea
2649 3648 2790 3705 enim
2820 3650 3079 3726 sequitur,
3124 3653 3240 3707 Non
3279 3666 3512 3723 αεεεάρηι
3550 3671 3619 3725 ad

2042 3744 2090 3788 te
2124 3738 2280 3803 mala,
2319 3739 2441 3808 quia
2483 3741 2783 3797 altissimum
2813 3748 3023 3814 posuisti
3058 3752 3309 3821 refugium
3349 3766 3528 3822 tuum;
3573 3772 3618 3814 et

2040 3829 2299 3898 flagellum
2324 3847 2425 3885 non
2447 3837 2868 3907 appropinquabit
2902 3841 3222 3896 tabernaculo
3248 3856 3356 3911 tuo,
3389 3851 3508 3917 quia
3533 3854 3608 3906 al-

2039 3920 2282 3974 tissimum
2314 3925 2524 3993 posuisti
2544 3930 2795 3998 refugium
2829 3941 2990 3985 tuum.
3035 3934 3147 3988 Non
3187 3946 3361 3992 autem
3394 3942 3617 4012 legimus

2040 4009 2092 4063 in
2124 4011 2415 4081 Evangelio
2442 4015 2564 4083 quia
2594 4018 2782 4072 alicubi
2826 4021 3011 4089 Angeli
3051 4035 3391 4092 portaverunt
3433 4009 3616 4088 Domi-

2039 4118 2187 4170 num,
2218 4119 2284 4158 ne
2310 4104 2598 4162 offenderet
2636 4108 2704 4163 ad
2747 4110 2974 4181 lapidem
3018 4125 3113 4170 :et
3157 4126 3329 4173 tamen
3371 4123 3616 4196 intelligi-

2040 4209 2177 4248 mus.
2207 4195 2331 4249 Ha'c
2366 4198 2505 4252 enim
2540 4198 2649 4269 jam
2700 4198 2835 4257 facta
2864 4213 3006 4271 sunt,
3051 4216 3106 4261 ct
3141 4224 3246 4263 non
3301 4213 3416 4269 sine
3455 4195 3615 4275 causa

2042 4285 2352 4354 prOphetata
2381 4299 2522 4352 sunt,
2551 4291 2650 4344 nisi
2677 4293 2800 4361 quia
2845 4293 3016 4350 futura
3056 4310 3229 4356 erant.
3264 4302 3327 4359 Et
3353 4321 3455 4361 non
3487 4326 3599 4378 pos-

2039 4392 2222 4432 sumus
2235 4378 2433 4445 dicere,
2456 4380 2646 4436 Postea
2668 4393 2918 4439 venturus
2942 4397 3025 4442 est
3043 4388 3302 4459 Christus,
3329 4405 3381 4450 ut
3405 4413 3510 4452 non
3533 4397 3619 4457 of—

2041 4465 2219 4521 fendat
2251 4467 2316 4521 ad
2356 4469 2582 4539 lapidem
2624 4473 2811 4541 pedem
2856 4491 3009 4531 suum
3055 4497 3067 4532 :
3105 4480 3433 4549 iudicaturus
3474 4492 3612 4544 enim

2040 4557 2353 4614 veniet.Uhi
2380 4575 2506 4631 ergo
2527 4562 2844 4632 completum
2871 4566 2978 4620 est?
3004 4566 3493 4644 lntendatCharitas
3526 4596 3611 4633 vc-

2041 4663 2169 4706 stra.

2110 4744 2163 4798 4.
2192 4743 2370 4798 Primo
2404 4745 2503 4799 bos
2526 4759 2711 4800 versus
2735 4746 2920 4803 audite
2960 4766 2973 4802 :
3007 4750 3257 4817 Quoniam
3303 4765 3356 4808 tu
3393 4773 3465 4823 es,
3510 4757 3613 4812 Do-

2041 4836 2192 4901 mine,
2239 4852 2351 4905 spes
2392 4853 2538 4901 mea;
2580 4838 2877 4892 altissimum
2913 4843 3121 4909 posuisti
3166 4845 3411 4915 refugium
3453 4857 3615 4901 tuum.

2043 4925 2221 4981 Genus
2254 4925 2541 4982 humanum
2580 4928 2716 4983 mori
2756 4928 3023 4985 hominem
3070 4944 3307 5001 noverat,
3337 4953 3619 5006 resurgere

2044 5034 2147 5073 non
2183 5026 2401 5073 noverat
2430 5037 2443 5073 :
2471 5018 2589 5075 ideo
2613 5020 2753 5089 quod
2803 5021 3011 5076 timeret
3036 5021 3280 5087 habebat,
3308 5028 3445 5094 quod
3490 5045 3615 5096 spe~

2043 5119 2187 5164 roret
2215 5126 2319 5164 non
2352 5111 2596 5166 habebat.
2623 5110 2694 5167 Ut
2721 5126 2847 5181 ergo
2886 5111 2974 5165 ille
3002 5113 3091 5181 qui
3138 5123 3353 5181 promer
3377 5117 3614 5187 discipli-

2044 5217 2165 5255 nam
2193 5200 2317 5255 fecit
2346 5202 2590 5255 timorem
2617 5201 2824 5266 mortis,
2870 5212 3085 5271 propter
3107 5206 3381 5273 praemium
3426 5208 3618 5266 futura:

2046 5293 2166 5346 vita:
2192 5301 2407 5347 telernte
2432 5291 2584 5346 daret
2615 5306 2763 5360 spem
2801 5295 3231 5362 resurrectionis,
3260 5300 3406 5366 prior
3444 5318 3619 5359 resur-

2046 5385 2181 5440 rexit
2224 5385 2482 5439 Dominus
2525 5392 2704 5438 noster
2752 5384 2906 5438 Jesus
2952 5384 3214 5441 Christus.
3261 5391 3498 5448 Mortuus
3538 5406 3622 5449 est

2049 5485 2167 5545 post
2192 5477 2421 5539 multos;
2454 5474 2743 5529 resurrexit
2782 5485 2905 5530 ante
2929 5492 3136 5533 omnes.
3171 5480 3282 5535 Hoc
3326 5499 3511 5552 passos
3539 5500 3623 5541 es;

2049 5566 2324 5621 moriendo
2347 5565 2485 5635 quod
2504 5565 2614 5634 jam
2658 5566 2808 5620 multi
2853 5569 2992 5635 passi
3019 5578 3199 5636 erant;
3232 5571 3332 5627 hoc
3360 5575 3469 5642 jam
3499 5575 3623 5631 fecit

2051 5656 2395 5726 resurgendo,
2438 5656 2579 5725 quod
2614 5657 2788 5710 nullus
2823 5666 2947 5713 ante
2991 5660 3136 5714 illum
3170 5678 3183 5714 :
3229 5664 3439 5731 quando
3480 5667 3621 5723 enim

2050 5747 2150 5801 hoc
2179 5745 2399 5815 accipiet
2430 5745 2687 5811 Ecclesia,
2740 5747 2839 5800 nisi
2883 5748 2934 5801 in
2965 5747 3111 5803 fine?
3152 5749 3428 5807 Praecessit
3458 5754 3508 5807 in
3538 5771 3618 5807 ea.

2053 5846 2157 5912 pitc
2186 5836 2323 5907 quod
2370 5835 2600 5889 membra
2631 5847 2840 5905 silerent
2868 5854 2881 5890 :
2914 5840 3059 5891 novit
3087 5838 3225 5893 enim
3264 5842 3503 5897 (.baritus
3536 5863 3623 5912 vc-

2861 5950 3348 6031 (TI‘enle-sept.j
