4132 6466
556 414 593 461 a
606 405 706 461 {65

556 532 676 578 sua
714 522 983 592 quomodo
1035 522 1171 577 inter
1213 534 1274 575 se
1308 518 1503 574 dicant.
1552 516 1700 571 Dicat
1739 530 1867 586 ergo
1913 514 2145 569 ECClt‘Si't

572 614 796 667 nomino
837 628 936 667 suo
972 611 1095 667 Jesu
1143 611 1380 678 Christo,
1431 606 1574 663 dicat
1610 621 1805 676 corpus
1834 607 1991 676 capiti
2033 620 2150 668 suo,

568 702 818 771 Quoniam
849 711 899 754 tu
921 718 991 763 es,
1023 700 1257 766 Domine,
1284 715 1399 770 spes
1438 714 1583 763 mea;
1622 697 1920 752 altissimum
1946 696 2154 766 posuisti

564 794 817 865 refugium
840 803 980 846 tuum
1009 809 1027 845 :
1059 793 1106 845 ’d
1133 802 1234 857 cst,
1257 791 1379 846 ideo
1405 788 1745 845 resurrexisti
1768 804 1800 843 a
1826 787 2072 850 mortuis,
2100 795 2155 841 ct

568 886 617 939 iu
640 886 830 939 emtum
855 883 1160 948 aseendisti,
1191 890 1248 936 ut
1272 882 1435 937 altum
1462 894 1692 950 poneres
1718 878 1978 949 refugium
2003 888 2148 931 tuum

559 975 878 1036 ascendens,
913 984 966 1028 et
995 972 1150 1027 ﬂeres
1177 985 1299 1041 spes
1325 985 1463 1034 mea,
1495 970 1586 1040 qui
1626 970 1677 1024 in
1720 977 1860 1023 terra
1901 968 2151 1037 despera-

552 1064 706 1127 ‘bam,
738 1074 897 1119 ct-me
916 1071 1337 1118 resurrecturum
1368 1075 1487 1114 esse
1513 1075 1615 1113 non
1644 1058 1962 1122 credebam;
1990 1056 2151 1112 modo

548 1155 667 1225 iam
696 1153 877 1220 credo,
909 1152 1030 1224 quia
1056 1152 1297 1207 ascendit
1318 1152 1369 1205 in
1399 1151 1591 1206 caelum
1619 1158 1777 1218 caput
1797 1164 2012 1213 meum;
2042 1163 2147 1218 qtto

565 1254 719 1314 caput
750 1243 1042 1314 prascessit,
1075 1253 1128 1297 et
1153 1242 1390 1296 membra
1416 1251 1660 1296 secutura
1689 1248 1833 1293 sunt.
1868 1240 1999 1293 Puto
2038 1238 2147 1306 jam

562 1334 901 1389 manifestum
947 1348 1070 1389 esse
1116 1331 1259 1402 quod
1306 1331 1505 1386 dictum
1547 1340 1647 1393 est,
1685 1328 1938 1393 Quoniam
1982 1336 2037 1381 tu
2074 1343 2146 1394 es,

557 1426 797 1490 Domine,
821 1440 934 1494 spes
960 1440 1106 1488 mea;
1131 1423 1431 1477 altissimum
1454 1422 1663 1491 posuisti
1695 1420 1947 1491 refugium
1984 1429 2144 1473 tuum.

564 1516 676 1571 lloc
703 1515 910 1586 planius
940 1514 1186 1569 dixerim.
1230 1512 1299 1568 Ut
1325 1512 1579 1567 haberem
1623 1526 1769 1579 spem
1802 1509 2146 1565 resurrectio-

563 1609 645 1662 nis
684 1622 841 1678 quam
886 1620 990 1659 non
1038 1604 1320 1667 habebam,
1368 1602 1487 1657 ideo
1529 1602 1671 1672 prior
1700 1600 2057 1663 resurrexisti,
2091 1609 2148 1653 ut

559 1716 666 1773 quo
692 1699 1028 1770 prtecessisti,
1063 1698 1185 1751 illuc
1226 1712 1311 1750 mc
1346 1703 1650 1750 secuturum
1692 1706 1986 1763 Sperarem.
2028 1691 2143 1747 Vox

560 1794 701 1849 cnim
732 1800 813 1847 est
839 1789 1086 1845 Ecclesizr
1112 1787 1176 1842 ad
1208 1786 1486 1840 Dominttm
1513 1800 1688 1850 suum,
1714 1799 1816 1837 vox
1841 1792 1928 1838 est
1955 1797 2144 1852 corpo-

546 1888 631 1940 ris
657 1885 721 1940 ad
744 1892 902 1952 caput
929 1896 1107 1936 suum.

632 1977 684 2033 5.
718 1975 834 2029 Noli
873 1988 1001 2043 ergo
1040 1972 1259 2027 mirari:
1297 1968 1417 2023 Non
1458 1968 1692 2022 accedent
1730 1967 1796 2019 ad
1835 1976 1883 2019 te
1907 1966 2063 2029 mala,
2096 1974 2143 2017 et

557 2065 819 2137 ﬂagellum
855 2080 957 2117 non
1004 2060 1422 2133 appropinquabit
1452 2057 1773 2113 tabernaculo
1808 2064 1915 2109 tuo.
1940 2054 2140 2109 Taber-

561 2156 805 2212 naculutn
845 2152 937 2209 Dei
967 2166 1091 2208 caro
1118 2158 1225 2208 est.
1264 2150 1321 2205 ln
1361 2164 1521 2204 carne
1551 2147 1863 2203 inltabitavit
1887 2145 2137 2207 Verbunt,

556 2258 610 2302 et
634 2261 760 2301 caro
789 2244 923 2300 facta
948 2252 1031 2300 est
1060 2241 1456 2297 tabernaculum
1488 2240 1595 2299 Deo
1621 2256 1633 2291 :
1669 2238 1720 2291 iu
1751 2238 1868 2307 ipso
1898 2235 2140 2290 taberna-

548 2337 677 2392 culo
707 2337 998 2405 imperator
1024 2333 1265 2388 militavit
1291 2346 1387 2402 pro
1428 2330 1613 2395 nobis;
1644 2330 1698 2383 in
1743 2328 1859 2398 ipso
1889 2326 2139 2381 taberna-

549 2427 676 2483 culo
703 2427 770 2480 ab
794 2425 944 2480 hoste
970 2431 1202 2480 tentatus
1226 2431 1328 2487 est,
1360 2437 1425 2475 ne.
1453 2421 1604 2476 miles
1624 2419 1894 2474 deﬁceret.
1928 2418 1993 2471 Et
2016 2416 2138 2488 quia

555 2520 721 2588 ipsam
740 2532 955 2573 carnem
978 2515 1210 2570 Ostendit
1226 2514 1397 2568 oculis
1417 2512 1633 2575 nostris,
1670 2511 1792 2580 quia
1812 2508 1951 2565 oculi
1972 2508 2136 2562 nostri

553 2611 650 2664 ista
684 2611 800 2664 luce
826 2608 1078 2679 gaudent,
1110 2616 1165 2661 et
1202 2606 1390 2660 visibili
1423 2604 1623 2659 lumine
1662 2603 1762 2657 isto
1785 2602 2133 2665 delectantur,

554 2701 677 2770 quia
706 2700 758 2753 in
790 2696 1213 2753 manifestatione
1234 2695 1410 2765 posuit
1434 2708 1648 2748 carnem
1672 2707 1844 2758 suam,
1867 2700 1926 2745 ut
1952 2705 2139 2745 omnes

553 2791 828 2855 viderent;
860 2789 977 2843 ideo
1003 2787 1240 2858 psalmus
1279 2786 1423 2849 dicit,
1455 2784 1522 2838 In
1567 2783 1672 2838 sole
1703 2783 1868 2853 posuit
1905 2782 2137 2835 taberna-

550 2881 720 2936 culum
744 2896 914 2934 suum.
932 2878 1066 2946 Quid
1089 2886 1190 2942 est,
1212 2877 1265 2930 in
1289 2877 1392 2930 sole
1409 2877 1433 2928 ?
1453 2874 1508 2928 In
1530 2882 1736 2944 aperto,
1760 2874 1813 2927 in
1833 2872 2133 2937 manifesto,

551 2974 607 3027 in
639 2973 754 3027 luce
799 2980 1042 3034 terrena;
1077 2967 1127 3023 id
1154 2975 1256 3034 est,
1304 2967 1355 3021 in
1406 2966 1522 3021 luce
1552 2980 1669 3034 qua:
1703 2974 1873 3019 terras
1908 2963 1973 3018 de
2001 2962 2138 3017 ctelo

549 3063 843 3135 perfundit,
891 3063 963 3117 ibi
1012 3059 1186 3131 posuit
1214 3058 1609 3114 tabernaculum
1653 3072 1828 3112 suum.
1861 3056 1964 3111 Sed
2008 3071 2140 3127 quo-

548 3155 711 3209 modo
739 3154 806 3208 ibi
827 3160 1048 3223 poneret
1069 3150 1466 3206 tabernaculum
1488 3163 1662 3213 suum,
1693 3149 1735 3203 si
1761 3163 1863 3201 non
1886 3156 2136 3217 tanquam

550 3262 779 3316 Sponsus
793 3245 1103 3316 procederet
1118 3243 1186 3299 de
1200 3242 1433 3297 thalamo
1447 3256 1544 3297 suo
1558 3242 1581 3294 ?
1601 3240 1701 3295 hoc
1717 3241 1857 3295 enim
1879 3240 2134 3310 sequitur.

552 3337 621 3391 In
650 3338 756 3391 sole
776 3338 938 3405 posuit
969 3333 1350 3390 tabernaculum
1388 3349 1535 3387 suum
1564 3349 1581 3385 :
1611 3340 1667 3387 et
1693 3331 1841 3401 quasi
1868 3329 2139 3385 diceretur

550 3430 626 3494 ei,
650 3426 971 3496 Quomodo?
995 3425 1065 3479 Et
1093 3427 1220 3495 ipse,
1269 3425 1457 3495 inquit,
1489 3434 1726 3491 tanquam
1767 3439 1981 3493 sponsus
2020 3439 2138 3492 pro-

550 3521 734 3573 cedens
759 3519 820 3571 de
837 3518 1060 3572 thalamo
1079 3532 1204 3581 suo;
1225 3516 1490 3569 exsultavit
1511 3525 1565 3567 ut
1586 3516 1728 3585 gigas
1746 3515 1815 3568 ad
1839 3515 2138 3569 currendum

553 3612 684 3663 ciam
722 3608 893 3678 (I’sul.
927 3624 1075 3672 xvttt,
1122 3608 1201 3680 6).
1238 3606 1389 3673 Quod
1435 3615 1516 3661 est
1565 3607 1981 3671 tabernaculum,
2024 3607 2136 3675 ipsa

554 3708 639 3756 est
660 3714 877 3770 Sponsa.
906 3698 1135 3753 Verbum
1167 3711 1419 3767 sponsus,
1465 3712 1591 3753 caro
1632 3711 1846 3767 sponsa,
1888 3706 1940 3751 et
1972 3697 2140 3751 thala-

557 3808 675 3845 mus
703 3802 884 3845 uterus
912 3790 1144 3859 virginis.
1170 3789 1237 3842 Et
1261 3788 1385 3860 quid
1408 3788 1535 3842 dicit
1562 3788 1882 3857 Apostolus?
1908 3786 1976 3841 Et
1995 3797 2137 3842 erunt

555 3883 655 3937 duo
683 3883 737 3937 in
760 3898 910 3936 carne
938 3898 1060 3935 una.
1094 3881 1478 3936 Sacramentum
1505 3881 1599 3934 hoc
1632 3897 1869 3951 magnum
1901 3890 2008 3945 est;
2045 3898 2137 3951 ego

554 3984 717 4027 autem
739 3973 851 4027 dico
873 3973 926 4026 in
954 3971 1152 4026 Christo
1172 3982 1217 4027 et
1242 3971 1295 4025 in
1323 3970 1782 4041 Ecclesia(Ep/res.
1798 3988 1850 4035 v,
1873 3973 1934 4027 51
1953 3982 2004 4025 et
2021 3971 2133 4042 52).

562 4066 625 4118 Et
652 4064 777 4137 quid
828 4064 940 4134 ipse
984 4063 1240 4118 Dominus
1270 4063 1321 4117 in
1352 4062 1675 4132 Evangelia?
1702 4061 1869 4134 Igitur
1895 4064 2009 4133 jam
2038 4080 2138 4118 non

553 4165 670 4208 sunt
692 4154 813 4218 duo,
829 4154 917 4207 sed
930 4169 1031 4206 una
1051 4170 1166 4206 caro
1181 4151 1389 4226 (Matth.
1409 4169 1518 4217 χιχ,
1536 4153 1612 4220 ti).
1636 4153 1708 4207 Ex
1727 4152 1934 4207 duobus
1949 4168 2135 4220 unum,

556 4261 623 4300 ex
653 4245 826 4299 Verbo
846 4256 900 4300 et
923 4260 1084 4300 carne
1109 4260 1245 4300 unus
1271 4245 1452 4312 homo,
1485 4261 1619 4300 unus
1639 4246 1801 4301 Deus.
1824 4246 1935 4301 lloc
1959 4255 2137 4301 autem

559 4336 957 4397 tabernaculum
980 4335 1095 4406 ejus
1118 4336 1285 4391 sensit
1300 4334 1501 4405 ﬂagella
1527 4336 1576 4389 iu
1601 4344 1740 4390 terra
1760 4353 1777 4400 ',
1801 4337 2136 4392 manifestum

556 4440 639 4483 est
663 4429 783 4500 quia
811 4428 1103 4498 ﬂagellatus
1128 4437 1211 4483 est
1236 4428 1489 4483 Dominus
1511 4427 1621 4495 (Id.
1645 4445 1811 4494 xxvu,
1840 4428 1953 4497 26).
1977 4429 2140 4485 Num-

558 4518 684 4589 quid
717 4520 766 4572 in
797 4517 937 4573 caelo
964 4519 1128 4573 sentit
1156 4520 1170 4551 ¹
1214 4517 1451 4587 ﬂagella?
1478 4518 1822 4589 Nequaquam
1849 4521 1890 4572 ⁸.
1923 4520 2138 4588 Quare?

546 4608 689 4677 Quia
714 4594 1029 4662 altissimum
1065 4610 1237 4677 posuit
1265 4608 1524 4678 refugium
1549 4623 1724 4677 suum,
1755 4618 1812 4664 ut
1835 4620 1976 4666 esset
2016 4627 2139 4681 spes

556 4712 774 4766 nostra;
802 4709 857 4756 et
890 4716 994 4755 non
1033 4700 1099 4756 ad
1127 4716 1248 4757 eum
1273 4701 1530 4757 accedent
1562 4702 1718 4767 tnala,
1750 4718 1848 4759 nec
1872 4703 2136 4775 ﬂagellum

555 4792 928 4865 prepinquabit
953 4792 1296 4849 tabernaculo
1314 4792 1448 4863 ejus.
1473 4793 1651 4863 Longe
1670 4802 1751 4849 est
1768 4810 1930 4865 super
1952 4811 2138 4851 omnes

554 4886 743 4951 celos,
774 4884 867 4939 sed
894 4883 1056 4955 pedes
1088 4885 1249 4940 habet
1276 4884 1327 4938 in
1360 4893 1495 4939 terra
1529 4904 1543 4938 :
1570 4894 1728 4954 caput
1772 4887 1820 4939 in
1852 4886 1989 4941 etelo
2031 4900 2133 4956 est,

501 4974 509 5035 ξ
551 4990 747 5046 corpus
793 4976 848 5029 iu
897 4983 1057 5031 terra.
1095 4975 1226 5029 Cum
1265 4983 1442 5028 autem
1486 4974 1646 5043 pedes
1688 4976 1852 5045 ipsius
1900 4977 2136 5047 ﬂagella-

500 5056 520 5082 ”
553 5075 741 5120 ventur
766 5074 823 5120 et
847 5065 1179 5121 calcarcutur
1197 5081 1227 5119 a
1256 5065 1437 5129 Saulo,
1461 5066 1707 5121 clamavit
1730 5076 1890 5136 caput
1913 5086 1925 5120 :
1957 5068 2134 5135 Saule,

554 5157 733 5221 Saule,
767 5158 887 5226 quid
906 5174 983 5211 me
1005 5158 1309 5228 persequeris
1328 5156 1458 5229 (Act.
1490 5174 1562 5222 ιι,
1589 5159 1671 5228 4)ἳ
1703 5160 1835 5214 Ecce
1855 5170 2014 5229 caput
2046 5177 2138 5215 ue-

558 5262 649 5301 rno
673 5248 1028 5317 persequitur,
1053 5262 1179 5303 ecce
1202 5256 1361 5317 caput
1390 5249 1440 5302 in
1461 5248 1601 5302 caalo
1621 5264 1634 5301 :
1653 5249 1775 5317 quia
1794 5248 2037 5303 Christus
2054 5266 2139 5304 re-

554 5352 781 5407 surgens
810 5352 839 5391 a
867 5337 1106 5402 mortuis,
1135 5338 1241 5407 jam
1274 5352 1378 5393 non
1407 5339 1651 5404 moritur,
1680 5349 1731 5395 et
1760 5355 1903 5396 mors
1924 5342 1972 5395 ei
2002 5342 2136 5396 ultra

556 5444 661 5483 non
705 5428 1066 5483 dominabitur
1096 5428 1272 5499 (Rom.
1318 5446 1388 5493 Vl,
1432 5428 1511 5500 9),
1558 5428 1683 5484 Non
1722 5432 1955 5486 accedent
1984 5433 2051 5486 ad
2093 5444 2140 5487 te

557 5518 715 5588 ntala,
743 5531 789 5574 et
816 5519 1079 5591 ﬂagellum
1102 5538 1201 5575 non
1226 5523 1650 5592 apprOpinquabit
1686 5522 2008 5578 tabernaculo
2028 5536 2137 5580 tuo.

617 5715 634 5746 ί
670 5720 744 5764 Er.
764 5722 881 5764 Ven.
910 5722 962 5765 et
993 5723 1121 5775 Lov.,
1140 5715 1297 5765 sensit.
1363 5722 1419 5765 Μ.

551 5777 645 5888 LO;
670 5783 787 5888 In:
822 5777 969 5829 deest
996 5791 1086 5828 vox
1104 5812 1118 5838 ,
1140 5789 1471 5840 nequaquam;
1504 5776 1626 5827 hanc
1650 5778 1808 5828 ferunt
1848 5786 1920 5827 Er.
1951 5788 2065 5830 ven.
2093 5791 2137 5831 et

1798 400 1862 456 S.
1909 398 2269 454 AUGUSTINI
2312 399 2608 459 LI’ISCOPI
3711 423 3835 479 “6‘

2267 516 2369 571 Sed
2396 532 2462 571 ne
2486 530 2731 587 putemus
2756 524 2877 593 quia
2905 536 3205 595 separatum
3237 539 3317 583 est
3343 542 3502 602 caput
3531 549 3559 587 a
3580 549 3827 608 corpore:

2258 610 2543 667 discretum
2569 618 2805 670 estenim
2832 617 2981 683 locis,
3008 619 3099 673 sed
3118 621 3358 690 junctum
3385 636 3465 679 est
3485 625 3673 685 aﬂ‘eCtu
3694 647 3707 692 ;
3728 632 3825 701 ipsa

2258 701 2477 757 aﬂ‘ectus
2502 707 2807 774 conjunctio
2847 706 3093 764 clamavit
3129 711 3195 766 de
3232 715 3392 778 coelo,
3436 715 3615 784 Saule,
3660 718 3821 783 Saule.

2256 795 2379 864 quid
2403 812 2483 849 me
2502 799 2808 868 persequeris
2825 801 2850 852 ?
2870 800 3161 856 Prostravit
3186 805 3326 859 enim
3358 822 3479 861 eum
3508 825 3635 865 voce
3660 813 3822 883 objur-

2254 899 2435 957 gante,
2454 898 2506 944 et
2521 890 2713 944 levavit
2740 892 2954 947 dextera
2976 895 3282 951 miserante.
3310 897 3408 964 Qui
3430 915 3624 970 corpus
3644 902 3820 960 Christi

2260 982 2696 1051 persequebatur,
2731 980 2898 1036 iactus
2923 991 3005 1038 est
3033 986 3330 1042 membrum
3356 987 3587 1055 Christi;
3616 999 3674 1046 ut
3695 996 3820 1063 quod

2256 1070 2499 1139 iaciebat,
2534 1074 2646 1143 ipse
2673 1073 2743 1127 ibi
2774 1083 3059 1144 pateretur.

2326 1167 2377 1220 6.
2419 1166 2555 1234 Quid
2576 1182 2722 1237 ergo,
2753 1166 2984 1223 fratres?
3004 1169 3070 1226 de
3091 1172 3263 1240 capite
3285 1184 3470 1228 nostro
3486 1175 3611 1245 quid
3638 1176 3819 1233 dictum

2252 1259 2372 1312 est?
2402 1277 2420 1309 ι
2455 1257 2715 1327 Quoniam
2742 1268 2795 1314 tu
2825 1274 2904 1326 es,
2935 1260 3178 1328 Domine,
3206 1277 3329 1333 spes
3350 1280 3498 1330 mea;
3520 1266 3819 1322 altissimum

2256 1350 2474 1417 posuisti
2522 1350 2777 1421 refugium
2817 1360 2984 1409 tuum.
3014 1352 3129 1407 Non
3168 1354 3422 1410 accedent
3459 1355 3525 1411 ad
3570 1366 3619 1411 te
3661 1360 3817 1426 mala,

2252 1447 2306 1493 et
2359 1439 2620 1509 ﬂagellum
2662 1456 2765 1495 non
2807 1443 3247 1514 appropinquabit
3284 1447 3622 1503 tabernaculo
3662 1459 3762 1506 tuo.
3799 1472 3815 1504 ι

2254 1531 2398 1587 Dicta
2426 1544 2547 1588 sunt
2575 1534 2707 1590 haec.
2744 1554 2762 1586 ‹
2798 1536 3057 1602 Quoniam
3094 1537 3315 1607 Angelis
3340 1540 3450 1593 suis
3475 1541 3736 1597 mandavit
3759 1544 3821 1600 de

2253 1632 2303 1679 te
2334 1666 2349 1690 ,
2381 1634 2438 1679 ut
2466 1626 2767 1681 custodiant
2804 1636 2855 1681 te
2889 1627 2940 1682 in
2966 1628 3211 1683 omnibus
3254 1630 3353 1684 viis
3392 1632 3515 1686 tuis.
3550 1651 3569 1685 ι
3599 1634 3822 1691 Audistis

2251 1716 2429 1782 modo,
2458 1732 2578 1771 cum
2609 1717 2949 1788 Evangelium
2973 1719 3283 1774 recitaretur
3304 1719 3323 1791 (
3346 1719 3534 1777 Matth.
3554 1738 3624 1789 tv,
3649 1724 3780 1797 t-ll)
3806 1742 3819 1779 :

2248 1808 2522 1864 attendite.
2573 1809 2875 1879 Baptizatus
2908 1809 3159 1864 Dominus
3195 1809 3474 1880 jejunavit.
3523 1812 3694 1880 Quare
3731 1814 3820 1868 ba-

2248 1900 2515 1968 ptizatus?
2545 1899 2605 1956 Ut
2635 1916 2740 1954 nou
2784 1914 3193 1969 aspcrnarcmur
3220 1902 3493 1971 baptizari.
3532 1903 3663 1958 Nam
3704 1921 3815 1960 cum

2248 1992 2360 2062 ipse
2384 1992 2612 2047 Joannes
2628 1992 2828 2048 diceret
2846 1993 3087 2059 Domino,
3104 1993 3181 2046 Tu
3204 1994 3271 2047 ad
3298 2011 3375 2049 me
3391 1996 3522 2050 venis
3546 1995 3819 2065 baptizari;

2244 2097 2336 2153 ego
2361 2098 2393 2136 a
2422 2092 2469 2137 te
2510 2082 2661 2138 debeo
2688 2083 2973 2151 baptizari;
2993 2093 3046 2138 et
3073 2084 3355 2148 Dominus,
3384 2085 3509 2140 Sine
3546 2088 3693 2140 modo
3715 2104 3733 2152 ;
3754 2090 3820 2142 sic

2255 2174 2388 2227 enim
2402 2174 2536 2227 decet
2552 2190 2643 2228 nos
2654 2174 2860 2244 implere
2874 2190 3070 2228 omnem
3077 2176 3327 2245 justitiam
3347 2174 3454 2247 (Id.
3475 2193 3551 2245 tu,
3568 2178 3633 2232 Η
3646 2190 3690 2232 et
3706 2180 3725 2232 Ι
3738 2180 3788 2251 5)
3804 2199 3816 2233 :

2245 2263 2412 2319 voluit
2450 2264 2671 2333 implere
2701 2264 3072 2329 humilitatem,
3109 2274 3166 2319 ut
3194 2264 3501 2321 ablueretur
3526 2269 3614 2337 qui
3640 2269 3819 2325 sordes

2246 2371 2351 2411 non
2379 2356 2625 2412 habebat.
2672 2356 2869 2427 thuid
2900 2356 3043 2412 hoc?
3086 2356 3309 2428 Propter
3338 2361 3639 2429 superbiam
3690 2364 3821 2417 futu-

2245 2463 2448 2502 rorum.
2477 2448 2669 2502 Existit
2712 2449 2853 2502 enim
2884 2449 3168 2518 aliquando
3195 2450 3384 2520 aliquis
3413 2452 3820 2508 catechumenos

2244 2538 2333 2608 qui
2366 2538 2500 2593 forte
2524 2537 2765 2593 doctrina
2815 2548 2866 2593 et
2896 2538 3130 2593 moribus
3173 2541 3338 2595 vincit
3378 2543 3575 2598 multos
3603 2544 3816 2609 ﬁdeles;

2244 2631 2466 2685 attendit
2510 2631 2620 2701 jam
2648 2630 2940 2700 baptizatos
2984 2633 3179 2687 multos
3222 2633 3514 2703 imperitos,
3547 2645 3600 2691 et
3635 2638 3819 2693 multos

2246 2738 2352 2777 non
2381 2723 2459 2777 sic
2488 2724 2725 2779 viventes
2775 2723 3043 2793 quomodo
3086 2724 3198 2793 ipse
3244 2725 3406 2793 vivit,
3459 2742 3562 2781 non
3592 2728 3642 2782 in
3685 2737 3819 2783 tanta

2243 2816 2590 2882 continentia,
2608 2832 2711 2871 non
2734 2816 2784 2870 in
2812 2826 2952 2873 tanta
2966 2818 3209 2875 castitate
3226 2837 3240 2885 ;
3256 2818 3362 2889 jam
3388 2821 3472 2876 ille
3487 2838 3585 2877 nec
3606 2838 3819 2880 uxorem

2242 2909 2520 2977 qtt:13ril,ct
2546 2907 2687 2962 videt
2702 2908 2987 2980 aliquando
3009 2909 3240 2979 fidelem,
3258 2913 3300 2967 si
3320 2928 3424 2966 non
3446 2913 3813 2980 fornicantem,

2245 3009 2419 3054 tamen
2453 3015 2627 3055 uxore
2652 3002 3089 3071 intemperantius
3109 3012 3346 3059 utentem
3375 3022 3387 3058 :
3418 3013 3592 3072 potest
3621 3006 3818 3075 erigere

2243 3091 2504 3155 cervicem
2537 3093 2815 3160 superbiae,
2833 3100 2885 3147 et
2904 3092 3104 3160 dicere,
3127 3093 3263 3162 Quid
3295 3093 3422 3148 mihi
3450 3078 3558 3165 jam
3586 3111 3717 3166 opus
3743 3105 3820 3152 est

2246 3181 2520 3249 baptizari,
2552 3190 2608 3236 ut
2630 3182 2730 3237 hoc
2759 3184 3014 3254 accipiam
3042 3184 3182 3254 quod
3213 3186 3311 3241 iste
3334 3184 3513 3253 habet,
3539 3204 3695 3258 quem
3713 3188 3818 3258 jam

2244 3282 2295 3325 et
2337 3274 2442 3326 vita
2482 3282 2535 3327 et
2573 3274 2811 3329 doctrina
2846 3276 3135 3345 pratcedo?
3172 3277 3306 3332 Huic
3351 3280 3641 3347 Dominus,
3688 3281 3821 3351 Quid

2243 3367 2561 3435 prmcessist‘i
2582 3367 2873 3437 ?quantum
2892 3372 3209 3439 prmccssisti
3229 3373 3253 3426 ?
3280 3380 3548 3429 tantumne
3570 3386 3819 3444 quantum

2242 3473 2342 3528 ego
2373 3460 2462 3513 te?
2508 3458 2628 3514 Non
2672 3470 2743 3514 est
2772 3478 2943 3516 servus
2971 3479 3123 3533 super
3160 3464 3418 3522 dominum
3456 3483 3600 3519 suum
3625 3509 3639 3533 ,
3671 3484 3823 3537 neque

2244 3551 2520 3620 discipulus
2550 3569 2701 3621 super
2730 3554 3023 3623 magistrum
3072 3570 3219 3607 suum
3262 3572 3279 3607 :
3308 3557 3488 3626 suﬁicil
3513 3575 3655 3611 servo
3686 3569 3740 3613 ut
3764 3560 3823 3613 sit

2242 3646 2369 3698 sicut
2401 3646 2632 3699 dominus
2652 3647 2779 3716 ejus,
2800 3655 2843 3699 et
2860 3646 3109 3715 discipulo
3135 3657 3186 3700 ut
3210 3650 3273 3701 sit
3295 3650 3424 3701 sicut
3456 3650 3694 3720 magister
3720 3653 3839 3721 ejus

2248 3737 2356 3810 (Id.
2391 3754 2444 3803 x,
2466 3738 2536 3793 24
2554 3749 2598 3791 et
2624 3739 2741 3808 25).
2769 3737 2889 3793 Noli
2933 3739 3112 3794 extolli
3137 3781 3151 3802 ,
3187 3749 3241 3793 ut
3279 3756 3381 3793 non
3408 3754 3616 3810 qua-ras
3644 3742 3822 3812 Bapti-

2244 3843 2438 3884 smum.
2469 3828 2796 3898 Baptismum
2838 3843 3043 3899 quaeres
3083 3829 3325 3893 Domini,
3355 3847 3453 3901 ego
3496 3831 3636 3886 servi
3681 3848 3823 3902 quae-

2244 3920 2361 3974 sivi.
2394 3919 2696 3989 Baptizatus
2724 3927 2804 3975 cst
2827 3936 2953 3991 ergo
2974 3920 3251 3986 Dominus,
3275 3930 3328 3975 et
3357 3930 3475 3991 post
3506 3922 3820 3993 baptismum

2246 4021 2477 4067 tentatus
2521 4021 2636 4078 est,
2662 4011 2921 4083 jejunavit
2948 4012 3288 4083 quadraginta
3317 4013 3503 4068 diebus
3532 4015 3583 4068 iu
3626 4026 3821 4087 myste-

2244 4102 2353 4170 rio,
2387 4103 2525 4174 quod
2548 4119 2689 4174 saepe
2715 4104 2864 4158 vobis
2888 4105 3321 4159 commemoravi.
3366 4105 3480 4159 Non
3520 4108 3701 4161 omnia
3725 4121 3823 4162 uno

2247 4203 2484 4263 tempore
2530 4192 2632 4248 dici
2667 4204 2923 4263 possunt,
2956 4210 3024 4248 ne
3067 4203 3326 4262 occupent
3369 4197 3667 4252 necessaria
3698 4206 3823 4253 tem-

2247 4300 2392 4354 pora.
2426 4285 2550 4339 Post
2576 4286 2922 4356 quadraginta
2951 4285 3065 4340 dies
3094 4286 3332 4341 esurivit.
3368 4287 3581 4341 Poterat
3614 4297 3667 4342 et
3698 4305 3823 4343 nun-

2244 4394 2402 4447 quam
2446 4380 2649 4433 esurire
2680 4397 2690 4431 :
2737 4378 2827 4433 sed
2860 4378 3125 4448 quomodo
3154 4380 3493 4434 tentaretur?
3534 4382 3636 4435 Aut
3660 4382 3707 4435 si
3739 4381 3822 4435 ille

2246 4488 2350 4526 non
2384 4472 2619 4526 vinceret
2648 4481 2962 4526 teutatorem
2988 4515 3003 4538 ,
3036 4471 3302 4541 quomodo
3346 4472 3580 4527 disceres
3628 4482 3681 4526 tu
3709 4490 3819 4528 cum

2246 4573 2508 4619 tentatore
2532 4579 2765 4634 pugnare
2781 4565 2804 4617 ?
2820 4562 3050 4617 Esurivit
3074 4581 3086 4615 :
3107 4572 3159 4617 et
3183 4561 3292 4633 jam
3319 4572 3569 4627 teutator,
3588 4563 3684 4617 Dic
3702 4564 3821 4633 lapi-

2245 4654 2391 4710 dibus
2418 4656 2525 4709 istis
2541 4666 2594 4708 ut
2620 4672 2773 4724 panes
2803 4655 2948 4722 ﬁant,
2968 4656 3011 4708 si
3028 4653 3189 4709 Filius
3216 4654 3309 4709 Dei
3324 4672 3390 4709 es.
3413 4654 3549 4723 Quid
3580 4671 3816 4727 magnum

2246 4761 2359 4803 erat
2389 4748 2611 4801 Domino
2639 4746 2764 4801 Jesu
2786 4742 3000 4801 Christo
3025 4745 3089 4800 de
3111 4744 3371 4815 lapidibus
3399 4762 3588 4815 panem
3621 4746 3816 4807 ﬂtcerc.

2244 4839 2331 4908 qui
2361 4836 2426 4891 de
2455 4838 2684 4906 quinque
2717 4836 2943 4906 panibus
2970 4846 3043 4889 tot
3070 4836 3231 4890 millia
3270 4840 3526 4891 saturavit
3556 4840 3571 4909 (
3604 4838 3691 4892 Id.
3718 4854 3814 4901 xw,

2248 4929 2409 4984 l7-21
2436 4929 2491 5001 )?
2518 4928 2590 4984 De
2617 4928 2783 4983 nihilo
2810 4927 2931 4983 fecit
2953 4944 3161 4998 panem.
3186 4928 3350 4984 Tanta
3377 4929 3519 4984 enim
3546 4931 3817 4985 multitudo

2245 5035 2381 5075 escae
2413 5062 2427 5087 ,
2476 5036 2592 5090 qua:
2636 5026 2899 5074 saturaret
2954 5028 3029 5074 tot
3078 5020 3280 5087 millia,
3335 5019 3474 5075 unde
3524 5020 3818 5091 processit?

2249 5112 2444 5167 Fontes
2485 5111 2634 5180 panis
2658 5112 2672 5143 ¹
2701 5122 2853 5167 erant
2876 5112 2927 5165 in
2960 5111 3201 5165 manibus
3224 5112 3455 5166 Detnini.
3482 5113 3596 5167 Non
3623 5124 3704 5167 est
3727 5112 3818 5165 mi-

2247 5220 2361 5258 rum
2394 5224 2406 5258 :
2443 5220 2564 5257 nam
2593 5203 2706 5272 ipse
2732 5202 2857 5257 fecit
2883 5203 2949 5257 de
2973 5204 3206 5273 quinque
3239 5203 3462 5273 panibus
3482 5204 3701 5258 multum
3729 5216 3815 5271 pa-

2249 5295 2328 5349 nis
2356 5294 2496 5349 unde
2517 5303 2779 5348 saturarct
2806 5304 2881 5348 tot
2906 5294 3068 5359 milia,
3093 5294 3182 5363 qui
3206 5293 3325 5347 iacit
3354 5294 3588 5365 quotidie
3610 5296 3657 5348 in
3682 5304 3813 5347 terra

2247 5386 2313 5440 de
2342 5389 2521 5455 paucis
2546 5387 2722 5454 granis
2752 5382 2951 5440 mcsSes
2979 5386 3238 5456 ingentes.
3266 5387 3381 5456 Ipsa
3405 5388 3544 5440 enim
3575 5396 3695 5441 sunt
3727 5385 3817 5436 ini-

2250 5479 2425 5532 racula
2460 5478 2664 5531 Domini
2690 5496 2704 5543 ;
2736 5478 2831 5532 sed
2861 5478 3169 5533 assiduitate
3198 5479 3482 5533 viluerunt.
3518 5478 3650 5548 Quid
3676 5492 3811 5546 ergo,

2312 5659 2327 5689 ί
2363 5655 2665 5720 Edd..fontes
2682 5668 2828 5719 panes
2846 5660 3011 5705 erant:
3042 5662 3091 5705 et
3118 5654 3258 5718 paulo
3280 5664 3404 5716 post,
3430 5656 3490 5705 de
3520 5656 3719 5720 quinque
3738 5661 3817 5711 ρα-

2248 5719 2384 5769 nibus
2404 5719 2578 5768 multos
2616 5732 2779 5777 panes.
2816 5724 2872 5766 At
2896 5725 3010 5779 Reg.
3038 5727 3089 5767 et
3127 5720 3307 5779 uemig.
3342 5720 3503 5779 proba:
3526 5719 3648 5765 noue
3682 5720 3814 5779 Mss...

2249 5782 2398 5842 futues
2415 5780 2552 5849 partis
2580 5769 2717 5830 erant
2743 5793 2758 5829 :
2780 5788 2925 5842 atque
2952 5769 3072 5829 intra
3094 5791 3203 5828 cum
3226 5769 3461 5830 aliis'ttss.
3486 5780 3683 5841 habent,
3704 5769 3817 5836 mul-

2250 5849 2349 5891 tum
2363 5853 2518 5907 piatis.
