  <div class='ocr_page' id='page_1' title='image "/cluster/home/n/w/nwhite01/storage/ocr_20150623/37/uva.x000827106/080.png"; bbox 0 0 4132 6482; ppageno 0'>
   <div class='ocr_carea' id='block_1_1' title="bbox 309 461 438 516">
    <p class='ocr_par' dir='ltr' id='par_1_1' title="bbox 309 461 438 516">
     <span class='ocr_line' id='line_1_1' title="bbox 309 461 438 516; baseline -0.008 0"><span class='ocrx_word' id='word_1_1' title='bbox 309 461 438 516; x_wconf 78' lang='grc'><strong>1165</strong></span> 
     </span>
    </p>
   </div>
   <div class='ocr_carea' id='block_1_2' title="bbox 304 564 1866 639">
    <p class='ocr_par' dir='ltr' id='par_1_2' title="bbox 304 564 1866 639">
     <span class='ocr_line' id='line_1_2' title="bbox 304 564 1866 639; baseline -0.007 -11"><span class='ocrx_word' id='word_1_2' title='bbox 304 574 519 637; x_wconf 82' lang='lat' dir='ltr'><strong>fratres,</strong></span> <span class='ocrx_word' id='word_1_3' title='bbox 547 567 872 639; x_wconf 86' lang='lat' dir='ltr'><strong>impossibile</strong></span> <span class='ocrx_word' id='word_1_4' title='bbox 908 577 1023 621; x_wconf 87' lang='lat' dir='ltr'><strong>erat</strong></span> <span class='ocrx_word' id='word_1_5' title='bbox 1050 565 1275 621; x_wconf 90' lang='lat' dir='ltr'><strong>Domino</strong></span> <span class='ocrx_word' id='word_1_6' title='bbox 1303 564 1370 620; x_wconf 90' lang='lat' dir='ltr'><strong>dc</strong></span> <span class='ocrx_word' id='word_1_7' title='bbox 1415 565 1676 634; x_wconf 78' lang='lat' dir='ltr'><strong>lapidibus</strong></span> <span class='ocrx_word' id='word_1_8' title='bbox 1703 579 1866 634; x_wconf 88' lang='lat' dir='ltr'><strong>panes</strong></span> 
     </span>
    </p>
   </div>
   <div class='ocr_carea' id='block_1_3' title="bbox 303 656 1870 728">
    <p class='ocr_par' dir='ltr' id='par_1_3' title="bbox 303 656 1870 728">
     <span class='ocr_line' id='line_1_3' title="bbox 303 656 1870 728; baseline -0.008 -7"><span class='ocrx_word' id='word_1_9' title='bbox 303 666 469 721; x_wconf 89' lang='lat' dir='ltr'><strong>facere</strong></span> <span class='ocrx_word' id='word_1_10' title='bbox 481 664 506 718; x_wconf 70' lang='grc' dir='ltr'><strong>’ἰ</strong></span> <span class='ocrx_word' id='word_1_11' title='bbox 519 662 769 718; x_wconf 81' lang='lat' dir='ltr'><strong>Homines</strong></span> <span class='ocrx_word' id='word_1_12' title='bbox 789 662 910 715; x_wconf 88' lang='lat' dir='ltr'><strong>fecit</strong></span> <span class='ocrx_word' id='word_1_13' title='bbox 929 659 994 715; x_wconf 89' lang='lat' dir='ltr'><strong>de</strong></span> <span class='ocrx_word' id='word_1_14' title='bbox 1011 659 1294 728; x_wconf 87' lang='lat' dir='ltr'><strong>lapidibus,</strong></span> <span class='ocrx_word' id='word_1_15' title='bbox 1310 657 1521 712; x_wconf 92' lang='lat' dir='ltr'><strong>dicente</strong></span> <span class='ocrx_word' id='word_1_16' title='bbox 1543 658 1656 726; x_wconf 91' lang='lat' dir='ltr'><strong>ipso</strong></span> <span class='ocrx_word' id='word_1_17' title='bbox 1665 656 1870 712; x_wconf 86' lang='lat' dir='ltr'><strong>Joanne</strong></span> 
     </span>
    </p>
   </div>
   <div class='ocr_carea' id='block_1_4' title="bbox 300 748 1872 827">
    <p class='ocr_par' dir='ltr' id='par_1_4' title="bbox 300 748 1872 827">
     <span class='ocr_line' id='line_1_4' title="bbox 300 748 1872 827; baseline -0.008 -13"><span class='ocrx_word' id='word_1_18' title='bbox 300 757 527 827; x_wconf 73' lang='lat' dir='ltr'><strong>Baptista</strong></span> <span class='ocrx_word' id='word_1_19' title='bbox 555 771 569 807; x_wconf 92' lang='lat'><strong>:</strong></span> <span class='ocrx_word' id='word_1_20' title='bbox 602 751 790 806; x_wconf 81' lang='lat' dir='ltr'><strong>Potens</strong></span> <span class='ocrx_word' id='word_1_21' title='bbox 818 761 889 806; x_wconf 88' lang='lat' dir='ltr'><strong>est</strong></span> <span class='ocrx_word' id='word_1_22' title='bbox 932 749 1069 803; x_wconf 86' lang='lat' dir='ltr'><strong>Deus</strong></span> <span class='ocrx_word' id='word_1_23' title='bbox 1114 749 1176 803; x_wconf 88' lang='lat' dir='ltr'><strong>de</strong></span> <span class='ocrx_word' id='word_1_24' title='bbox 1205 749 1458 819; x_wconf 78' lang='lat' dir='ltr'><strong>lapidibus</strong></span> <span class='ocrx_word' id='word_1_25' title='bbox 1491 749 1602 802; x_wconf 89' lang='lat' dir='ltr'><strong>istis</strong></span> <span class='ocrx_word' id='word_1_26' title='bbox 1629 748 1872 802; x_wconf 77' lang='lat' dir='ltr'><strong>suscitare</strong></span> 
     </span>
    </p>
   </div>
   <div class='ocr_carea' id='block_1_5' title="bbox 301 838 1872 918">
    <p class='ocr_par' dir='ltr' id='par_1_5' title="bbox 301 838 1872 918">
     <span class='ocr_line' id='line_1_5' title="bbox 301 838 1872 918; baseline -0.006 -15"><span class='ocrx_word' id='word_1_27' title='bbox 301 851 429 918; x_wconf 76' lang='lat' dir='ltr'><strong>ﬁlios</strong></span> <span class='ocrx_word' id='word_1_28' title='bbox 454 840 897 914; x_wconf 71' lang='lat' dir='ltr'><strong>AbrahwUlatth.</strong></span> <span class='ocrx_word' id='word_1_29' title='bbox 919 841 1090 911; x_wconf 90' lang='lat' dir='ltr'><strong>nt,9).</strong></span> <span class='ocrx_word' id='word_1_30' title='bbox 1119 840 1294 909; x_wconf 84' lang='lat' dir='ltr'><strong>Quare</strong></span> <span class='ocrx_word' id='word_1_31' title='bbox 1319 855 1446 910; x_wconf 89' lang='lat' dir='ltr'><strong>ergo</strong></span> <span class='ocrx_word' id='word_1_32' title='bbox 1473 856 1577 894; x_wconf 91' lang='lat' dir='ltr'><strong>non</strong></span> <span class='ocrx_word' id='word_1_33' title='bbox 1605 839 1772 895; x_wconf 87' lang='lat' dir='ltr'><strong>fecit?</strong></span> <span class='ocrx_word' id='word_1_34' title='bbox 1800 838 1872 894; x_wconf 89' lang='lat' dir='ltr'><strong>Ut</strong></span> 
     </span>
    </p>
   </div>
   <div class='ocr_carea' id='block_1_6' title="bbox 303 931 1868 1005">
    <p class='ocr_par' dir='ltr' id='par_1_6' title="bbox 303 931 1868 1005">
     <span class='ocr_line' id='line_1_6' title="bbox 303 931 1868 1005; baseline -0.006 -12"><span class='ocrx_word' id='word_1_35' title='bbox 303 937 578 993; x_wconf 84' lang='lat' dir='ltr'><strong>tedoceret</strong></span> <span class='ocrx_word' id='word_1_36' title='bbox 603 933 932 1005; x_wconf 88' lang='lat' dir='ltr'><strong>respondere</strong></span> <span class='ocrx_word' id='word_1_37' title='bbox 953 932 1235 995; x_wconf 88' lang='lat' dir='ltr'><strong>tentatori,</strong></span> <span class='ocrx_word' id='word_1_38' title='bbox 1259 940 1318 986; x_wconf 90' lang='lat' dir='ltr'><strong>ut</strong></span> <span class='ocrx_word' id='word_1_39' title='bbox 1356 932 1398 985; x_wconf 87' lang='lat' dir='ltr'><strong>si</strong></span> <span class='ocrx_word' id='word_1_40' title='bbox 1428 932 1561 986; x_wconf 91' lang='lat' dir='ltr'><strong>forte</strong></span> <span class='ocrx_word' id='word_1_41' title='bbox 1602 932 1654 984; x_wconf 90' lang='lat' dir='ltr'><strong>in</strong></span> <span class='ocrx_word' id='word_1_42' title='bbox 1693 931 1868 999; x_wconf 87' lang='lat' dir='ltr'><strong>aliqua</strong></span> 
     </span>
    </p>
   </div>
   <div class='ocr_carea' id='block_1_7' title="bbox 297 1022 1869 1100">
    <p class='ocr_par' dir='ltr' id='par_1_7' title="bbox 297 1022 1869 1100">
     <span class='ocr_line' id='line_1_7' title="bbox 297 1022 1869 1100; baseline -0.004 -16"><span class='ocrx_word' id='word_1_43' title='bbox 297 1028 529 1100; x_wconf 72' lang='lat' dir='ltr'><strong>angustia</strong></span> <span class='ocrx_word' id='word_1_44' title='bbox 554 1027 756 1096; x_wconf 91' lang='lat' dir='ltr'><strong>positus</strong></span> <span class='ocrx_word' id='word_1_45' title='bbox 787 1025 972 1091; x_wconf 91' lang='lat' dir='ltr'><strong>fueris,</strong></span> <span class='ocrx_word' id='word_1_46' title='bbox 995 1033 1050 1079; x_wconf 88' lang='lat' dir='ltr'><strong>et</strong></span> <span class='ocrx_word' id='word_1_47' title='bbox 1074 1025 1393 1094; x_wconf 85' lang='lat' dir='ltr'><strong>suggesserit</strong></span> <span class='ocrx_word' id='word_1_48' title='bbox 1420 1025 1511 1077; x_wconf 88' lang='lat' dir='ltr'><strong>tibi</strong></span> <span class='ocrx_word' id='word_1_49' title='bbox 1541 1031 1788 1090; x_wconf 85' lang='lat' dir='ltr'><strong>tentatur,</strong></span> <span class='ocrx_word' id='word_1_50' title='bbox 1812 1022 1869 1078; x_wconf 91' lang='lat' dir='ltr'><strong>Si</strong></span> 
     </span>
    </p>
   </div>
   <div class='ocr_carea' id='block_1_8' title="bbox 296 1115 1870 1185">
    <p class='ocr_par' dir='ltr' id='par_1_8' title="bbox 296 1115 1870 1185">
     <span class='ocr_line' id='line_1_8' title="bbox 296 1115 1870 1185; baseline -0.004 -8"><span class='ocrx_word' id='word_1_51' title='bbox 296 1119 606 1177; x_wconf 85' lang='lat' dir='ltr'><strong>christianos</strong></span> <span class='ocrx_word' id='word_1_52' title='bbox 619 1133 767 1173; x_wconf 84' lang='lat' dir='ltr'><strong>esses</strong></span> <span class='ocrx_word' id='word_1_53' title='bbox 779 1125 832 1173; x_wconf 90' lang='lat' dir='ltr'><strong>et</strong></span> <span class='ocrx_word' id='word_1_54' title='bbox 843 1117 906 1172; x_wconf 88' lang='lat' dir='ltr'><strong>ad</strong></span> <span class='ocrx_word' id='word_1_55' title='bbox 920 1116 1188 1172; x_wconf 74' lang='lat' dir='ltr'><strong>Christum</strong></span> <span class='ocrx_word' id='word_1_56' title='bbox 1203 1117 1516 1185; x_wconf 87' lang='lat' dir='ltr'><strong>pcrtiueres,</strong></span> <span class='ocrx_word' id='word_1_57' title='bbox 1533 1115 1806 1170; x_wconf 85' lang='lat' dir='ltr'><strong>desereret</strong></span> <span class='ocrx_word' id='word_1_58' title='bbox 1818 1123 1870 1170; x_wconf 92' lang='lat' dir='ltr'><strong>te</strong></span> 
     </span>
    </p>
   </div>
   <div class='ocr_carea' id='block_1_9' title="bbox 296 1205 1866 1266">
    <p class='ocr_par' dir='ltr' id='par_1_9' title="bbox 296 1205 1866 1266">
     <span class='ocr_line' id='line_1_9' title="bbox 296 1205 1866 1266; baseline -0.004 0"><span class='ocrx_word' id='word_1_59' title='bbox 296 1209 452 1266; x_wconf 90' lang='lat' dir='ltr'><strong>modo</strong></span> <span class='ocrx_word' id='word_1_60' title='bbox 471 1211 495 1265; x_wconf 68' lang='grc'><strong><em>2</em></strong></span> <span class='ocrx_word' id='word_1_61' title='bbox 520 1224 625 1264; x_wconf 93' lang='lat' dir='ltr'><strong>non</strong></span> <span class='ocrx_word' id='word_1_62' title='bbox 643 1208 736 1264; x_wconf 89' lang='lat' dir='ltr'><strong>tibi</strong></span> <span class='ocrx_word' id='word_1_63' title='bbox 753 1207 983 1262; x_wconf 84' lang='lat' dir='ltr'><strong>misisset</strong></span> <span class='ocrx_word' id='word_1_64' title='bbox 1008 1207 1299 1261; x_wconf 86' lang='lat' dir='ltr'><strong>auxilium?</strong></span> <span class='ocrx_word' id='word_1_65' title='bbox 1319 1207 1383 1262; x_wconf 84' lang='lat' dir='ltr'><strong>Et</strong></span> <span class='ocrx_word' id='word_1_66' title='bbox 1411 1205 1547 1261; x_wconf 91' lang='lat' dir='ltr'><strong>forte</strong></span> <span class='ocrx_word' id='word_1_67' title='bbox 1561 1205 1735 1260; x_wconf 89' lang='lat' dir='ltr'><strong>adhuc</strong></span> <span class='ocrx_word' id='word_1_68' title='bbox 1753 1220 1866 1259; x_wconf 83' lang='lat' dir='ltr'><strong>me-</strong></span> 
     </span>
    </p>
   </div>
   <div class='ocr_carea' id='block_1_10' title="bbox 297 1293 1870 1366">
    <p class='ocr_par' dir='ltr' id='par_1_10' title="bbox 297 1293 1870 1366">
     <span class='ocr_line' id='line_1_10' title="bbox 297 1293 1870 1366; baseline -0.005 -11"><span class='ocrx_word' id='word_1_69' title='bbox 297 1299 440 1355; x_wconf 87' lang='lat' dir='ltr'><strong>dicus</strong></span> <span class='ocrx_word' id='word_1_70' title='bbox 454 1309 620 1366; x_wconf 85' lang='lat' dir='ltr'><strong>secat,</strong></span> <span class='ocrx_word' id='word_1_71' title='bbox 634 1305 689 1354; x_wconf 91' lang='lat' dir='ltr'><strong>et</strong></span> <span class='ocrx_word' id='word_1_72' title='bbox 702 1297 822 1354; x_wconf 91' lang='lat' dir='ltr'><strong>ideo</strong></span> <span class='ocrx_word' id='word_1_73' title='bbox 842 1295 1042 1352; x_wconf 86' lang='lat' dir='ltr'><strong>deserit</strong></span> <span class='ocrx_word' id='word_1_74' title='bbox 1068 1313 1082 1350; x_wconf 89' lang='lat'><strong>:</strong></span> <span class='ocrx_word' id='word_1_75' title='bbox 1104 1295 1198 1351; x_wconf 88' lang='lat' dir='ltr'><strong>sed</strong></span> <span class='ocrx_word' id='word_1_76' title='bbox 1221 1310 1324 1350; x_wconf 85' lang='lat' dir='ltr'><strong>non</strong></span> <span class='ocrx_word' id='word_1_77' title='bbox 1353 1295 1569 1350; x_wconf 86' lang='lat' dir='ltr'><strong>deserit.</strong></span> <span class='ocrx_word' id='word_1_78' title='bbox 1593 1293 1870 1362; x_wconf 86' lang='lat' dir='ltr'><strong>Quomodo</strong></span> 
     </span>
    </p>
   </div>
   <div class='ocr_carea' id='block_1_11' title="bbox 299 1383 1866 1458">
    <p class='ocr_par' dir='ltr' id='par_1_11' title="bbox 299 1383 1866 1458">
     <span class='ocr_line' id='line_1_11' title="bbox 299 1383 1866 1458; baseline -0.004 -14"><span class='ocrx_word' id='word_1_79' title='bbox 299 1390 508 1445; x_wconf 81' lang='lat' dir='ltr'><strong>Paulum</strong></span> <span class='ocrx_word' id='word_1_80' title='bbox 555 1389 726 1458; x_wconf 90' lang='lat' dir='ltr'><strong>ipsum</strong></span> <span class='ocrx_word' id='word_1_81' title='bbox 767 1385 891 1443; x_wconf 89' lang='lat' dir='ltr'><strong>ideo</strong></span> <span class='ocrx_word' id='word_1_82' title='bbox 929 1401 1037 1442; x_wconf 90' lang='lat' dir='ltr'><strong>non</strong></span> <span class='ocrx_word' id='word_1_83' title='bbox 1077 1385 1387 1451; x_wconf 82' lang='lat' dir='ltr'><strong>exaudivit,</strong></span> <span class='ocrx_word' id='word_1_84' title='bbox 1427 1386 1548 1454; x_wconf 85' lang='lat' dir='ltr'><strong>quia</strong></span> <span class='ocrx_word' id='word_1_85' title='bbox 1579 1383 1866 1439; x_wconf 80' lang='lat' dir='ltr'><strong>exaudivit.</strong></span> 
     </span>
    </p>
   </div>
   <div class='ocr_carea' id='block_1_12' title="bbox 298 1475 1870 1536">
    <p class='ocr_par' dir='ltr' id='par_1_12' title="bbox 298 1475 1870 1536">
     <span class='ocr_line' id='line_1_12' title="bbox 298 1475 1870 1536; baseline -0.005 0"><span class='ocrx_word' id='word_1_86' title='bbox 298 1479 417 1536; x_wconf 80' lang='lat' dir='ltr'><strong>Nam</strong></span> <span class='ocrx_word' id='word_1_87' title='bbox 433 1479 561 1536; x_wconf 82' lang='lat' dir='ltr'><strong>dicit</strong></span> <span class='ocrx_word' id='word_1_88' title='bbox 574 1478 766 1534; x_wconf 85' lang='lat' dir='ltr'><strong>Pauias</strong></span> <span class='ocrx_word' id='word_1_89' title='bbox 781 1492 885 1533; x_wconf 92' lang='lat' dir='ltr'><strong>non</strong></span> <span class='ocrx_word' id='word_1_90' title='bbox 901 1492 961 1533; x_wconf 92' lang='lat' dir='ltr'><strong>se</strong></span> <span class='ocrx_word' id='word_1_91' title='bbox 975 1491 1095 1532; x_wconf 88' lang='lat' dir='ltr'><strong>esse</strong></span> <span class='ocrx_word' id='word_1_92' title='bbox 1115 1476 1419 1531; x_wconf 71' lang='lat' dir='ltr'><strong>exauditnm</strong></span> <span class='ocrx_word' id='word_1_93' title='bbox 1434 1475 1501 1530; x_wconf 91' lang='lat' dir='ltr'><strong>de</strong></span> <span class='ocrx_word' id='word_1_94' title='bbox 1519 1475 1734 1531; x_wconf 91' lang='lat' dir='ltr'><strong>stimulo</strong></span> <span class='ocrx_word' id='word_1_95' title='bbox 1750 1489 1870 1528; x_wconf 87' lang='lat' dir='ltr'><strong>car-</strong></span> 
     </span>
    </p>
   </div>
   <div class='ocr_carea' id='block_1_13' title="bbox 298 1566 1866 1640">
    <p class='ocr_par' dir='ltr' id='par_1_13' title="bbox 298 1566 1866 1640">
     <span class='ocr_line' id='line_1_13' title="bbox 298 1566 1866 1640; baseline -0.006 -13"><span class='ocrx_word' id='word_1_96' title='bbox 298 1573 374 1627; x_wconf 87' lang='lat' dir='ltr'><strong>nis</strong></span> <span class='ocrx_word' id='word_1_97' title='bbox 397 1587 505 1628; x_wconf 72' lang='lat' dir='ltr'><strong>sua:</strong></span> <span class='ocrx_word' id='word_1_98' title='bbox 532 1571 725 1640; x_wconf 91' lang='lat' dir='ltr'><strong>angelo</strong></span> <span class='ocrx_word' id='word_1_99' title='bbox 752 1577 952 1623; x_wconf 70' lang='lat' dir='ltr'><strong>satana:</strong></span> <span class='ocrx_word' id='word_1_100' title='bbox 976 1611 990 1632; x_wconf 90' lang='lat'><strong>,</strong></span> <span class='ocrx_word' id='word_1_101' title='bbox 1046 1584 1075 1622; x_wconf 89' lang='lat' dir='ltr'><strong>a</strong></span> <span class='ocrx_word' id='word_1_102' title='bbox 1117 1583 1223 1638; x_wconf 93' lang='lat' dir='ltr'><strong>quo</strong></span> <span class='ocrx_word' id='word_1_103' title='bbox 1251 1567 1573 1636; x_wconf 83' lang='lat' dir='ltr'><strong>colaphizari</strong></span> <span class='ocrx_word' id='word_1_104' title='bbox 1602 1581 1660 1621; x_wconf 91' lang='lat' dir='ltr'><strong>se</strong></span> <span class='ocrx_word' id='word_1_105' title='bbox 1689 1566 1821 1621; x_wconf 83' lang='lat' dir='ltr'><strong>dixit</strong></span> <span class='ocrx_word' id='word_1_106' title='bbox 1853 1583 1866 1619; x_wconf 91' lang='lat'><strong>:</strong></span> 
     </span>
    </p>
   </div>
   <div class='ocr_carea' id='block_1_14' title="bbox 299 1659 1871 1733">
    <p class='ocr_par' dir='ltr' id='par_1_14' title="bbox 299 1659 1871 1733">
     <span class='ocr_line' id='line_1_14' title="bbox 299 1659 1871 1733; baseline -0.006 -16"><span class='ocrx_word' id='word_1_107' title='bbox 299 1663 502 1733; x_wconf 78' lang='lat' dir='ltr'><strong>Propter</strong></span> <span class='ocrx_word' id='word_1_108' title='bbox 527 1662 666 1732; x_wconf 83' lang='lat' dir='ltr'><strong>quod</strong></span> <span class='ocrx_word' id='word_1_109' title='bbox 711 1659 984 1714; x_wconf 78' lang='lat' dir='ltr'><strong>Dominum</strong></span> <span class='ocrx_word' id='word_1_110' title='bbox 1022 1668 1095 1712; x_wconf 85' lang='lat' dir='ltr'><strong>ter</strong></span> <span class='ocrx_word' id='word_1_111' title='bbox 1123 1659 1296 1728; x_wconf 86' lang='lat' dir='ltr'><strong>rogavi</strong></span> <span class='ocrx_word' id='word_1_112' title='bbox 1338 1667 1391 1711; x_wconf 91' lang='lat' dir='ltr'><strong>ut</strong></span> <span class='ocrx_word' id='word_1_113' title='bbox 1437 1661 1658 1730; x_wconf 79' lang='lat' dir='ltr'><strong>auferret</strong></span> <span class='ocrx_word' id='word_1_114' title='bbox 1696 1673 1810 1711; x_wconf 86' lang='lat' dir='ltr'><strong>eum</strong></span> <span class='ocrx_word' id='word_1_115' title='bbox 1839 1672 1871 1709; x_wconf 88' lang='lat' dir='ltr'><strong>a</strong></span> 
     </span>
    </p>
   </div>
   <div class='ocr_carea' id='block_1_15' title="bbox 297 1749 1871 1822">
    <p class='ocr_par' dir='ltr' id='par_1_15' title="bbox 297 1749 1871 1822">
     <span class='ocr_line' id='line_1_15' title="bbox 297 1749 1871 1822; baseline -0.003 -14"><span class='ocrx_word' id='word_1_116' title='bbox 297 1771 397 1820; x_wconf 82' lang='lat' dir='ltr'><strong>nte,</strong></span> <span class='ocrx_word' id='word_1_117' title='bbox 423 1765 469 1810; x_wconf 86' lang='lat' dir='ltr'><strong>et</strong></span> <span class='ocrx_word' id='word_1_118' title='bbox 497 1755 631 1808; x_wconf 73' lang='lat' dir='ltr'><strong>dixit</strong></span> <span class='ocrx_word' id='word_1_119' title='bbox 658 1753 815 1818; x_wconf 79' lang='lat' dir='ltr'><strong>mihi,</strong></span> <span class='ocrx_word' id='word_1_120' title='bbox 843 1751 1038 1822; x_wconf 69' lang='lat' dir='ltr'><strong>Sufﬁcit</strong></span> <span class='ocrx_word' id='word_1_121' title='bbox 1063 1751 1149 1804; x_wconf 90' lang='lat' dir='ltr'><strong>tibi</strong></span> <span class='ocrx_word' id='word_1_122' title='bbox 1187 1752 1349 1822; x_wconf 87' lang='lat' dir='ltr'><strong>gratia</strong></span> <span class='ocrx_word' id='word_1_123' title='bbox 1393 1766 1540 1814; x_wconf 85' lang='lat' dir='ltr'><strong>mea;</strong></span> <span class='ocrx_word' id='word_1_124' title='bbox 1569 1767 1686 1804; x_wconf 90' lang='lat' dir='ltr'><strong>nam</strong></span> <span class='ocrx_word' id='word_1_125' title='bbox 1713 1749 1871 1804; x_wconf 88' lang='lat' dir='ltr'><strong>virtus</strong></span> 
     </span>
    </p>
   </div>
   <div class='ocr_carea' id='block_1_16' title="bbox 295 1839 1867 1914">
    <p class='ocr_par' dir='ltr' id='par_1_16' title="bbox 295 1839 1867 1914">
     <span class='ocr_line' id='line_1_16' title="bbox 295 1839 1867 1914; baseline -0.004 -15"><span class='ocrx_word' id='word_1_126' title='bbox 295 1847 345 1899; x_wconf 90' lang='lat' dir='ltr'><strong>in</strong></span> <span class='ocrx_word' id='word_1_127' title='bbox 388 1845 682 1913; x_wconf 74' lang='lat' dir='ltr'><strong>inﬁrmitate</strong></span> <span class='ocrx_word' id='word_1_128' title='bbox 721 1844 979 1914; x_wconf 83' lang='lat' dir='ltr'><strong>per/icitur</strong></span> <span class='ocrx_word' id='word_1_129' title='bbox 1003 1840 1084 1914; x_wconf 93' lang='grc'><strong>(11</strong></span> <span class='ocrx_word' id='word_1_130' title='bbox 1111 1841 1226 1896; x_wconf 87' lang='lat' dir='ltr'><strong>Cor.</strong></span> <span class='ocrx_word' id='word_1_131' title='bbox 1259 1857 1332 1896; x_wconf 85' lang='lat' dir='ltr'><strong>xu</strong></span> <span class='ocrx_word' id='word_1_132' title='bbox 1358 1883 1370 1903; x_wconf 84' lang='lat'><strong>,</strong></span> <span class='ocrx_word' id='word_1_133' title='bbox 1407 1840 1566 1912; x_wconf 88' lang='lat'><strong>7-9).</strong></span> <span class='ocrx_word' id='word_1_134' title='bbox 1597 1839 1867 1910; x_wconf 82' lang='lat' dir='ltr'><strong>Tanquam</strong></span> 
     </span>
    </p>
   </div>
   <div class='ocr_carea' id='block_1_17' title="bbox 297 1931 1868 2002">
    <p class='ocr_par' dir='ltr' id='par_1_17' title="bbox 297 1931 1868 2002">
     <span class='ocr_line' id='line_1_17' title="bbox 297 1931 1868 2002; baseline -0.004 -11"><span class='ocrx_word' id='word_1_135' title='bbox 297 1937 491 1991; x_wconf 86' lang='lat' dir='ltr'><strong>medico</strong></span> <span class='ocrx_word' id='word_1_136' title='bbox 517 1935 809 1997; x_wconf 91' lang='lat' dir='ltr'><strong>diceretur,</strong></span> <span class='ocrx_word' id='word_1_137' title='bbox 839 1934 1010 2002; x_wconf 87' lang='lat' dir='ltr'><strong>posito</strong></span> <span class='ocrx_word' id='word_1_138' title='bbox 1036 1933 1170 1986; x_wconf 83' lang='lat' dir='ltr'><strong>forte</strong></span> <span class='ocrx_word' id='word_1_139' title='bbox 1197 1931 1520 2002; x_wconf 87' lang='lat' dir='ltr'><strong>epithemate</strong></span> <span class='ocrx_word' id='word_1_140' title='bbox 1551 1949 1564 1986; x_wconf 88' lang='lat'><strong>:</strong></span> <span class='ocrx_word' id='word_1_141' title='bbox 1592 1931 1868 1987; x_wconf 82' lang='lat' dir='ltr'><strong>Molestum</strong></span> 
     </span>
    </p>
   </div>
   <div class='ocr_carea' id='block_1_18' title="bbox 293 2022 1870 2095">
    <p class='ocr_par' dir='ltr' id='par_1_18' title="bbox 293 2022 1870 2095">
     <span class='ocr_line' id='line_1_18' title="bbox 293 2022 1870 2095; baseline -0.003 -13"><span class='ocrx_word' id='word_1_142' title='bbox 293 2038 368 2082; x_wconf 85' lang='lat' dir='ltr'><strong>est</strong></span> <span class='ocrx_word' id='word_1_143' title='bbox 395 2026 519 2080; x_wconf 89' lang='lat' dir='ltr'><strong>mihi</strong></span> <span class='ocrx_word' id='word_1_144' title='bbox 552 2025 655 2080; x_wconf 91' lang='lat' dir='ltr'><strong>hoc</strong></span> <span class='ocrx_word' id='word_1_145' title='bbox 681 2025 1059 2095; x_wconf 83' lang='lat' dir='ltr'><strong>emplastrum;</strong></span> <span class='ocrx_word' id='word_1_146' title='bbox 1085 2037 1216 2093; x_wconf 85' lang='lat' dir='ltr'><strong>rogo</strong></span> <span class='ocrx_word' id='word_1_147' title='bbox 1241 2031 1313 2089; x_wconf 86' lang='lat' dir='ltr'><strong>te,</strong></span> <span class='ocrx_word' id='word_1_148' title='bbox 1343 2023 1468 2078; x_wconf 89' lang='lat' dir='ltr'><strong>tolle</strong></span> <span class='ocrx_word' id='word_1_149' title='bbox 1489 2022 1636 2076; x_wconf 89' lang='lat' dir='ltr'><strong>illud.</strong></span> <span class='ocrx_word' id='word_1_150' title='bbox 1664 2023 1727 2077; x_wconf 87' lang='lat' dir='ltr'><strong>Et</strong></span> <span class='ocrx_word' id='word_1_151' title='bbox 1754 2039 1870 2078; x_wconf 90' lang='lat' dir='ltr'><strong>mc-</strong></span> 
     </span>
    </p>
   </div>
   <div class='ocr_carea' id='block_1_19' title="bbox 294 2113 1870 2185">
    <p class='ocr_par' dir='ltr' id='par_1_19' title="bbox 294 2113 1870 2185">
     <span class='ocr_line' id='line_1_19' title="bbox 294 2113 1870 2185; baseline -0.004 -11"><span class='ocrx_word' id='word_1_152' title='bbox 294 2119 432 2174; x_wconf 88' lang='lat' dir='ltr'><strong>dicus</strong></span> <span class='ocrx_word' id='word_1_153' title='bbox 463 2136 475 2171; x_wconf 94' lang='lat'>:</span> <span class='ocrx_word' id='word_1_154' title='bbox 503 2117 649 2184; x_wconf 85' lang='lat' dir='ltr'><strong>Non,</strong></span> <span class='ocrx_word' id='word_1_155' title='bbox 681 2131 816 2185; x_wconf 90' lang='lat' dir='ltr'><strong>opus</strong></span> <span class='ocrx_word' id='word_1_156' title='bbox 843 2125 923 2171; x_wconf 90' lang='lat' dir='ltr'><strong>est</strong></span> <span class='ocrx_word' id='word_1_157' title='bbox 952 2115 1044 2170; x_wconf 88' lang='lat' dir='ltr'><strong>dio</strong></span> <span class='ocrx_word' id='word_1_158' title='bbox 1075 2113 1143 2168; x_wconf 91' lang='lat' dir='ltr'><strong>ibi</strong></span> <span class='ocrx_word' id='word_1_159' title='bbox 1170 2117 1270 2179; x_wconf 87' lang='lat' dir='ltr'><strong>sit;</strong></span> <span class='ocrx_word' id='word_1_160' title='bbox 1300 2130 1403 2169; x_wconf 90' lang='lat' dir='ltr'><strong>non</strong></span> <span class='ocrx_word' id='word_1_161' title='bbox 1434 2115 1575 2168; x_wconf 88' lang='lat' dir='ltr'><strong>enim</strong></span> <span class='ocrx_word' id='word_1_162' title='bbox 1607 2115 1758 2168; x_wconf 84' lang='lat' dir='ltr'><strong>aliter</strong></span> <span class='ocrx_word' id='word_1_163' title='bbox 1782 2129 1870 2168; x_wconf 89' lang='lat' dir='ltr'><strong>sa-</strong></span> 
     </span>
    </p>
   </div>
   <div class='ocr_carea' id='block_1_20' title="bbox 296 2206 1872 2280">
    <p class='ocr_par' dir='ltr' id='par_1_20' title="bbox 296 2206 1872 2280">
     <span class='ocr_line' id='line_1_20' title="bbox 296 2206 1872 2280; baseline -0.004 -15"><span class='ocrx_word' id='word_1_164' title='bbox 296 2213 397 2265; x_wconf 85' lang='lat' dir='ltr'><strong>nari</strong></span> <span class='ocrx_word' id='word_1_165' title='bbox 427 2210 652 2280; x_wconf 86' lang='lat' dir='ltr'><strong>poteris.</strong></span> <span class='ocrx_word' id='word_1_166' title='bbox 685 2208 963 2278; x_wconf 67' lang='lat' dir='ltr'><strong>Egrotum</strong></span> <span class='ocrx_word' id='word_1_167' title='bbox 993 2223 1099 2261; x_wconf 91' lang='lat' dir='ltr'><strong>non</strong></span> <span class='ocrx_word' id='word_1_168' title='bbox 1130 2206 1397 2262; x_wconf 74' lang='lat' dir='ltr'><strong>exaudivit</strong></span> <span class='ocrx_word' id='word_1_169' title='bbox 1427 2207 1664 2262; x_wconf 89' lang='lat' dir='ltr'><strong>medicus</strong></span> <span class='ocrx_word' id='word_1_170' title='bbox 1692 2207 1757 2261; x_wconf 89' lang='lat' dir='ltr'><strong>ad</strong></span> <span class='ocrx_word' id='word_1_171' title='bbox 1779 2223 1872 2260; x_wconf 87' lang='lat' dir='ltr'><strong>vo-</strong></span> 
     </span>
    </p>
   </div>
   <div class='ocr_carea' id='block_1_21' title="bbox 295 2297 1872 2370">
    <p class='ocr_par' dir='ltr' id='par_1_21' title="bbox 295 2297 1872 2370">
     <span class='ocr_line' id='line_1_21' title="bbox 295 2297 1872 2370; baseline -0.003 -15"><span class='ocrx_word' id='word_1_172' title='bbox 295 2302 540 2356; x_wconf 88' lang='lat' dir='ltr'><strong>luntatem</strong></span> <span class='ocrx_word' id='word_1_173' title='bbox 565 2342 581 2366; x_wconf 94' lang='lat'><strong>,</strong></span> <span class='ocrx_word' id='word_1_174' title='bbox 624 2301 745 2370; x_wconf 88' lang='lat' dir='ltr'><strong>quia</strong></span> <span class='ocrx_word' id='word_1_175' title='bbox 775 2298 1049 2353; x_wconf 79' lang='lat' dir='ltr'><strong>exaudivit</strong></span> <span class='ocrx_word' id='word_1_176' title='bbox 1074 2297 1140 2352; x_wconf 90' lang='lat' dir='ltr'><strong>ad</strong></span> <span class='ocrx_word' id='word_1_177' title='bbox 1166 2298 1411 2352; x_wconf 87' lang='lat' dir='ltr'><strong>salutem.</strong></span> <span class='ocrx_word' id='word_1_178' title='bbox 1443 2297 1668 2367; x_wconf 89' lang='lat' dir='ltr'><strong>Ideoque</strong></span> <span class='ocrx_word' id='word_1_179' title='bbox 1711 2297 1872 2351; x_wconf 91' lang='lat' dir='ltr'><strong>fortes</strong></span> 
     </span>
    </p>
   </div>
   <div class='ocr_carea' id='block_1_22' title="bbox 293 2387 1868 2459">
    <p class='ocr_par' dir='ltr' id='par_1_22' title="bbox 293 2387 1868 2459">
     <span class='ocr_line' id='line_1_22' title="bbox 293 2387 1868 2459; baseline -0.003 -15"><span class='ocrx_word' id='word_1_180' title='bbox 293 2401 448 2446; x_wconf 88' lang='lat' dir='ltr'><strong>estote</strong></span> <span class='ocrx_word' id='word_1_181' title='bbox 473 2433 488 2458; x_wconf 93' lang='lat'><strong>,</strong></span> <span class='ocrx_word' id='word_1_182' title='bbox 521 2391 751 2455; x_wconf 84' lang='lat' dir='ltr'><strong>fratres;</strong></span> <span class='ocrx_word' id='word_1_183' title='bbox 780 2397 836 2444; x_wconf 87' lang='lat' dir='ltr'><strong>et</strong></span> <span class='ocrx_word' id='word_1_184' title='bbox 876 2388 1089 2459; x_wconf 88' lang='lat' dir='ltr'><strong>quando</strong></span> <span class='ocrx_word' id='word_1_185' title='bbox 1127 2388 1301 2458; x_wconf 90' lang='lat' dir='ltr'><strong>aliqua</strong></span> <span class='ocrx_word' id='word_1_186' title='bbox 1346 2387 1520 2455; x_wconf 81' lang='lat' dir='ltr'><strong>inopia</strong></span> <span class='ocrx_word' id='word_1_187' title='bbox 1552 2387 1822 2442; x_wconf 90' lang='lat' dir='ltr'><strong>tentamini</strong></span> <span class='ocrx_word' id='word_1_188' title='bbox 1853 2430 1868 2453; x_wconf 88' lang='lat'><strong>,</strong></span> 
     </span>
    </p>
   </div>
   <div class='ocr_carea' id='block_1_23' title="bbox 294 2477 1872 2552">
    <p class='ocr_par' dir='ltr' id='par_1_23' title="bbox 294 2477 1872 2552">
     <span class='ocr_line' id='line_1_23' title="bbox 294 2477 1872 2552; baseline -0.003 -18"><span class='ocrx_word' id='word_1_189' title='bbox 294 2481 396 2536; x_wconf 86' lang='lat' dir='ltr'><strong>Deo</strong></span> <span class='ocrx_word' id='word_1_190' title='bbox 419 2480 726 2552; x_wconf 79' lang='lat' dir='ltr'><strong>ﬂagellante</strong></span> <span class='ocrx_word' id='word_1_191' title='bbox 767 2487 822 2534; x_wconf 89' lang='lat' dir='ltr'><strong>et</strong></span> <span class='ocrx_word' id='word_1_192' title='bbox 866 2478 1140 2534; x_wconf 89' lang='lat' dir='ltr'><strong>erudiente</strong></span> <span class='ocrx_word' id='word_1_193' title='bbox 1165 2493 1258 2530; x_wconf 86' lang='lat' dir='ltr'><strong>vos</strong></span> <span class='ocrx_word' id='word_1_194' title='bbox 1282 2519 1297 2542; x_wconf 90' lang='lat'><strong>,</strong></span> <span class='ocrx_word' id='word_1_195' title='bbox 1347 2477 1539 2547; x_wconf 87' lang='lat' dir='ltr'><strong>quibus</strong></span> <span class='ocrx_word' id='word_1_196' title='bbox 1566 2485 1620 2532; x_wconf 92' lang='lat' dir='ltr'><strong>et</strong></span> <span class='ocrx_word' id='word_1_197' title='bbox 1647 2485 1796 2546; x_wconf 91' lang='lat' dir='ltr'><strong>parat</strong></span> <span class='ocrx_word' id='word_1_198' title='bbox 1817 2484 1872 2530; x_wconf 90' lang='lat' dir='ltr'><strong>et</strong></span> 
     </span>
    </p>
   </div>
   <div class='ocr_carea' id='block_1_24' title="bbox 293 2568 1874 2640">
    <p class='ocr_par' dir='ltr' id='par_1_24' title="bbox 293 2568 1874 2640">
     <span class='ocr_line' id='line_1_24' title="bbox 293 2568 1874 2640; baseline -0.004 -12"><span class='ocrx_word' id='word_1_199' title='bbox 293 2583 462 2628; x_wconf 79' lang='lat' dir='ltr'><strong>servat</strong></span> <span class='ocrx_word' id='word_1_200' title='bbox 487 2581 752 2627; x_wconf 73' lang='lat' dir='ltr'><strong>:eternam</strong></span> <span class='ocrx_word' id='word_1_201' title='bbox 778 2571 1162 2637; x_wconf 66' lang='lat' dir='ltr'><strong>hwreditatem,</strong></span> <span class='ocrx_word' id='word_1_202' title='bbox 1191 2585 1297 2624; x_wconf 86' lang='lat' dir='ltr'><strong>non</strong></span> <span class='ocrx_word' id='word_1_203' title='bbox 1322 2569 1471 2624; x_wconf 81' lang='lat' dir='ltr'><strong>vobis</strong></span> <span class='ocrx_word' id='word_1_204' title='bbox 1498 2579 1743 2640; x_wconf 77' lang='lat' dir='ltr'><strong>suggerat</strong></span> <span class='ocrx_word' id='word_1_205' title='bbox 1761 2568 1874 2624; x_wconf 85' lang='lat' dir='ltr'><strong>dia—</strong></span> 
     </span>
    </p>
   </div>
   <div class='ocr_carea' id='block_1_25' title="bbox 295 2661 1874 2732">
    <p class='ocr_par' dir='ltr' id='par_1_25' title="bbox 295 2661 1874 2732">
     <span class='ocr_line' id='line_1_25' title="bbox 295 2661 1874 2732; baseline -0.002 -15"><span class='ocrx_word' id='word_1_206' title='bbox 295 2663 434 2718; x_wconf 86' lang='lat' dir='ltr'><strong>bolus</strong></span> <span class='ocrx_word' id='word_1_207' title='bbox 460 2683 474 2718; x_wconf 89' lang='lat'><strong>:</strong></span> <span class='ocrx_word' id='word_1_208' title='bbox 505 2664 572 2720; x_wconf 87' lang='lat' dir='ltr'><strong>Si</strong></span> <span class='ocrx_word' id='word_1_209' title='bbox 598 2663 772 2732; x_wconf 88' lang='lat' dir='ltr'><strong>justus</strong></span> <span class='ocrx_word' id='word_1_210' title='bbox 797 2677 965 2727; x_wconf 84' lang='lat' dir='ltr'><strong>esses,</strong></span> <span class='ocrx_word' id='word_1_211' title='bbox 989 2675 1165 2717; x_wconf 88' lang='lat' dir='ltr'><strong>nonne</strong></span> <span class='ocrx_word' id='word_1_212' title='bbox 1183 2661 1272 2716; x_wconf 87' lang='lat' dir='ltr'><strong>tibi</strong></span> <span class='ocrx_word' id='word_1_213' title='bbox 1296 2675 1388 2730; x_wconf 90' lang='lat' dir='ltr'><strong>per</strong></span> <span class='ocrx_word' id='word_1_214' title='bbox 1403 2675 1620 2716; x_wconf 87' lang='lat' dir='ltr'><strong>corvum</strong></span> <span class='ocrx_word' id='word_1_215' title='bbox 1641 2661 1874 2715; x_wconf 88' lang='lat' dir='ltr'><strong>mitteret</strong></span> 
     </span>
    </p>
   </div>
   <div class='ocr_carea' id='block_1_26' title="bbox 294 2750 1870 2825">
    <p class='ocr_par' dir='ltr' id='par_1_26' title="bbox 294 2750 1870 2825">
     <span class='ocr_line' id='line_1_26' title="bbox 294 2750 1870 2825; baseline -0.001 -19"><span class='ocrx_word' id='word_1_216' title='bbox 294 2769 506 2824; x_wconf 89' lang='lat' dir='ltr'><strong>panem,</strong></span> <span class='ocrx_word' id='word_1_217' title='bbox 541 2754 810 2825; x_wconf 88' lang='lat' dir='ltr'><strong>quomodo</strong></span> <span class='ocrx_word' id='word_1_218' title='bbox 850 2753 995 2807; x_wconf 80' lang='lat' dir='ltr'><strong>misit</strong></span> <span class='ocrx_word' id='word_1_219' title='bbox 1035 2752 1166 2807; x_wconf 74' lang='lat' dir='ltr'><strong>Elian</strong></span> <span class='ocrx_word' id='word_1_220' title='bbox 1199 2751 1307 2822; x_wconf 88' lang='lat' dir='ltr'><strong>(Ill</strong></span> <span class='ocrx_word' id='word_1_221' title='bbox 1344 2750 1468 2821; x_wconf 82' lang='lat' dir='ltr'><strong>Reg.</strong></span> <span class='ocrx_word' id='word_1_222' title='bbox 1502 2752 1588 2814; x_wconf 86' lang='lat' dir='ltr'><strong>l7,</strong></span> <span class='ocrx_word' id='word_1_223' title='bbox 1629 2750 1744 2822; x_wconf 84' lang='lat'><strong>6)?</strong></span> <span class='ocrx_word' id='word_1_224' title='bbox 1784 2751 1870 2804; x_wconf 89' lang='lat' dir='ltr'><strong>ubi</strong></span> 
     </span>
    </p>
   </div>
   <div class='ocr_carea' id='block_1_27' title="bbox 291 2842 1872 2917">
    <p class='ocr_par' dir='ltr' id='par_1_27' title="bbox 291 2842 1872 2917">
     <span class='ocr_line' id='line_1_27' title="bbox 291 2842 1872 2917; baseline -0.006 -13"><span class='ocrx_word' id='word_1_225' title='bbox 291 2859 366 2904; x_wconf 88' lang='lat' dir='ltr'><strong>est</strong></span> <span class='ocrx_word' id='word_1_226' title='bbox 387 2848 528 2917; x_wconf 87' lang='lat' dir='ltr'><strong>quod</strong></span> <span class='ocrx_word' id='word_1_227' title='bbox 564 2846 737 2916; x_wconf 51' lang='lat' dir='ltr'><strong>legisti</strong></span> <span class='ocrx_word' id='word_1_228' title='bbox 758 2889 771 2912; x_wconf 88' lang='lat'><strong>,</strong></span> <span class='ocrx_word' id='word_1_229' title='bbox 802 2844 1078 2916; x_wconf 86' lang='lat' dir='ltr'><strong>Nunquam</strong></span> <span class='ocrx_word' id='word_1_230' title='bbox 1107 2845 1210 2897; x_wconf 87' lang='lat' dir='ltr'><strong>vidi</strong></span> <span class='ocrx_word' id='word_1_231' title='bbox 1223 2846 1423 2915; x_wconf 85' lang='lat' dir='ltr'><strong>justum</strong></span> <span class='ocrx_word' id='word_1_232' title='bbox 1447 2842 1763 2910; x_wconf 85' lang='lat' dir='ltr'><strong>derelictum,</strong></span> <span class='ocrx_word' id='word_1_233' title='bbox 1784 2858 1872 2895; x_wconf 87' lang='lat' dir='ltr'><strong>nec</strong></span> 
     </span>
    </p>
   </div>
   <div class='ocr_carea' id='block_1_28' title="bbox 291 2933 1874 3008">
    <p class='ocr_par' dir='ltr' id='par_1_28' title="bbox 291 2933 1874 3008">
     <span class='ocr_line' id='line_1_28' title="bbox 291 2933 1874 3008; baseline -0.004 -14"><span class='ocrx_word' id='word_1_234' title='bbox 291 2956 445 2994; x_wconf 84' lang='lat' dir='ltr'><strong>semen</strong></span> <span class='ocrx_word' id='word_1_235' title='bbox 465 2941 585 3008; x_wconf 83' lang='lat' dir='ltr'><strong>ejus</strong></span> <span class='ocrx_word' id='word_1_236' title='bbox 607 2954 834 3008; x_wconf 68' lang='lat' dir='ltr'><strong>qurerens</strong></span> <span class='ocrx_word' id='word_1_237' title='bbox 859 2936 1080 3005; x_wconf 81' lang='lat' dir='ltr'><strong>panem(</strong></span> <span class='ocrx_word' id='word_1_238' title='bbox 1109 2933 1253 2988; x_wconf 88' lang='lat' dir='ltr'><strong>Psal.</strong></span> <span class='ocrx_word' id='word_1_239' title='bbox 1274 2950 1454 3000; x_wconf 61' lang='grc' dir='ltr'>χχχιιι,</span> <span class='ocrx_word' id='word_1_240' title='bbox 1491 2933 1560 2988; x_wconf 70' lang='lat'><strong>25</strong></span> <span class='ocrx_word' id='word_1_241' title='bbox 1579 2933 1636 3006; x_wconf 88' lang='lat'><strong>)?</strong></span> <span class='ocrx_word' id='word_1_242' title='bbox 1661 2933 1738 2987; x_wconf 91' lang='lat' dir='ltr'><strong>Tu</strong></span> <span class='ocrx_word' id='word_1_243' title='bbox 1791 2949 1874 2987; x_wconf 81' lang='lat' dir='ltr'><strong>re-</strong></span> 
     </span>
    </p>
   </div>
   <div class='ocr_carea' id='block_1_29' title="bbox 290 3025 1874 3102">
    <p class='ocr_par' dir='ltr' id='par_1_29' title="bbox 290 3025 1874 3102">
     <span class='ocr_line' id='line_1_29' title="bbox 290 3025 1874 3102; baseline -0.005 -15"><span class='ocrx_word' id='word_1_244' title='bbox 290 3033 482 3102; x_wconf 72' lang='lat' dir='ltr'><strong>aponde</strong></span> <span class='ocrx_word' id='word_1_245' title='bbox 507 3031 728 3086; x_wconf 90' lang='lat' dir='ltr'><strong>diabolo</strong></span> <span class='ocrx_word' id='word_1_246' title='bbox 751 3047 763 3084; x_wconf 90' lang='lat'>:</span> <span class='ocrx_word' id='word_1_247' title='bbox 786 3030 978 3085; x_wconf 83' lang='lat' dir='ltr'><strong>Verum</strong></span> <span class='ocrx_word' id='word_1_248' title='bbox 1001 3027 1127 3083; x_wconf 88' lang='lat' dir='ltr'><strong>dicit</strong></span> <span class='ocrx_word' id='word_1_249' title='bbox 1154 3027 1422 3097; x_wconf 86' lang='lat' dir='ltr'><strong>Scriptura</strong></span> <span class='ocrx_word' id='word_1_250' title='bbox 1439 3068 1453 3093; x_wconf 92' lang='lat'><strong>,</strong></span> <span class='ocrx_word' id='word_1_251' title='bbox 1481 3025 1752 3091; x_wconf 83' lang='lat' dir='ltr'><strong>Nunquam</strong></span> <span class='ocrx_word' id='word_1_252' title='bbox 1773 3026 1874 3079; x_wconf 90' lang='lat' dir='ltr'><strong>vidi</strong></span> 
     </span>
    </p>
   </div>
   <div class='ocr_carea' id='block_1_30' title="bbox 290 3121 1872 3196">
    <p class='ocr_par' dir='ltr' id='par_1_30' title="bbox 290 3121 1872 3196">
     <span class='ocr_line' id='line_1_30' title="bbox 290 3121 1872 3196; baseline -0.002 -20"><span class='ocrx_word' id='word_1_253' title='bbox 290 3126 472 3196; x_wconf 74' lang='lat' dir='ltr'><strong>iustum</strong></span> <span class='ocrx_word' id='word_1_254' title='bbox 512 3122 854 3188; x_wconf 77' lang='lat' dir='ltr'><strong>derelictum,</strong></span> <span class='ocrx_word' id='word_1_255' title='bbox 900 3138 989 3175; x_wconf 78' lang='lat' dir='ltr'><strong>nec</strong></span> <span class='ocrx_word' id='word_1_256' title='bbox 1023 3136 1190 3176; x_wconf 89' lang='lat' dir='ltr'><strong>semen</strong></span> <span class='ocrx_word' id='word_1_257' title='bbox 1232 3121 1339 3192; x_wconf 83' lang='lat' dir='ltr'><strong>ejus</strong></span> <span class='ocrx_word' id='word_1_258' title='bbox 1381 3136 1608 3190; x_wconf 65' lang='lat' dir='ltr'><strong>quaerens</strong></span> <span class='ocrx_word' id='word_1_259' title='bbox 1654 3137 1872 3189; x_wconf 87' lang='lat' dir='ltr'><strong>panem;</strong></span> 
     </span>
    </p>
   </div>
   <div class='ocr_carea' id='block_1_31' title="bbox 294 3211 1871 3282">
    <p class='ocr_par' dir='ltr' id='par_1_31' title="bbox 294 3211 1871 3282">
     <span class='ocr_line' id='line_1_31' title="bbox 294 3211 1871 3282; baseline -0.003 -13"><span class='ocrx_word' id='word_1_260' title='bbox 294 3215 453 3270; x_wconf 83' lang='lat' dir='ltr'><strong>habeo</strong></span> <span class='ocrx_word' id='word_1_261' title='bbox 479 3215 631 3270; x_wconf 89' lang='lat' dir='ltr'><strong>enim</strong></span> <span class='ocrx_word' id='word_1_262' title='bbox 665 3228 850 3282; x_wconf 88' lang='lat' dir='ltr'><strong>panem</strong></span> <span class='ocrx_word' id='word_1_263' title='bbox 879 3226 1056 3267; x_wconf 91' lang='lat' dir='ltr'><strong>meum</strong></span> <span class='ocrx_word' id='word_1_264' title='bbox 1087 3226 1244 3281; x_wconf 90' lang='lat' dir='ltr'><strong>quem</strong></span> <span class='ocrx_word' id='word_1_265' title='bbox 1272 3221 1324 3263; x_wconf 91' lang='lat' dir='ltr'><strong>to</strong></span> <span class='ocrx_word' id='word_1_266' title='bbox 1366 3227 1469 3265; x_wconf 92' lang='lat' dir='ltr'><strong>non</strong></span> <span class='ocrx_word' id='word_1_267' title='bbox 1510 3213 1670 3265; x_wconf 90' lang='lat' dir='ltr'><strong>nosti.</strong></span> <span class='ocrx_word' id='word_1_268' title='bbox 1704 3211 1871 3277; x_wconf 88' lang='lat' dir='ltr'><strong>Quem</strong></span> 
     </span>
    </p>
   </div>
   <div class='ocr_carea' id='block_1_32' title="bbox 293 3301 1871 3377">
    <p class='ocr_par' dir='ltr' id='par_1_32' title="bbox 293 3301 1871 3377">
     <span class='ocr_line' id='line_1_32' title="bbox 293 3301 1871 3377; baseline -0.004 -17"><span class='ocrx_word' id='word_1_269' title='bbox 293 3306 521 3377; x_wconf 83' lang='lat' dir='ltr'><strong>panem?</strong></span> <span class='ocrx_word' id='word_1_270' title='bbox 546 3305 684 3358; x_wconf 80' lang='lat' dir='ltr'><strong>Audi</strong></span> <span class='ocrx_word' id='word_1_271' title='bbox 708 3304 985 3358; x_wconf 89' lang='lat' dir='ltr'><strong>Dominum</strong></span> <span class='ocrx_word' id='word_1_272' title='bbox 1011 3319 1024 3354; x_wconf 90' lang='lat'><strong>:</strong></span> <span class='ocrx_word' id='word_1_273' title='bbox 1057 3301 1178 3355; x_wconf 87' lang='lat' dir='ltr'><strong>Non</strong></span> <span class='ocrx_word' id='word_1_274' title='bbox 1203 3303 1254 3355; x_wconf 90' lang='lat' dir='ltr'><strong>in</strong></span> <span class='ocrx_word' id='word_1_275' title='bbox 1279 3302 1387 3356; x_wconf 90' lang='lat' dir='ltr'><strong>solo</strong></span> <span class='ocrx_word' id='word_1_276' title='bbox 1415 3318 1544 3372; x_wconf 84' lang='lat' dir='ltr'><strong>pane</strong></span> <span class='ocrx_word' id='word_1_277' title='bbox 1567 3303 1683 3355; x_wconf 85' lang='lat' dir='ltr'><strong>vivit</strong></span> <span class='ocrx_word' id='word_1_278' title='bbox 1703 3305 1871 3364; x_wconf 81' lang='lat' dir='ltr'><strong>homo,</strong></span> 
     </span>
    </p>
   </div>
   <div class='ocr_carea' id='block_1_33' title="bbox 290 3393 1874 3461">
    <p class='ocr_par' dir='ltr' id='par_1_33' title="bbox 290 3393 1874 3461">
     <span class='ocr_line' id='line_1_33' title="bbox 290 3393 1874 3461; baseline -0.003 -9"><span class='ocrx_word' id='word_1_279' title='bbox 290 3401 372 3452; x_wconf 85' lang='lat' dir='ltr'><strong>sed</strong></span> <span class='ocrx_word' id='word_1_280' title='bbox 397 3398 449 3452; x_wconf 85' lang='lat' dir='ltr'><strong>in</strong></span> <span class='ocrx_word' id='word_1_281' title='bbox 479 3397 624 3452; x_wconf 86' lang='lat' dir='ltr'><strong>omni</strong></span> <span class='ocrx_word' id='word_1_282' title='bbox 648 3395 791 3448; x_wconf 80' lang='lat' dir='ltr'><strong>verba</strong></span> <span class='ocrx_word' id='word_1_283' title='bbox 823 3394 932 3447; x_wconf 86' lang='lat' dir='ltr'><strong>Dei.</strong></span> <span class='ocrx_word' id='word_1_284' title='bbox 961 3393 1195 3447; x_wconf 78' lang='lat' dir='ltr'><strong>Putasne</strong></span> <span class='ocrx_word' id='word_1_285' title='bbox 1223 3393 1443 3446; x_wconf 83' lang='lat' dir='ltr'><strong>verbum</strong></span> <span class='ocrx_word' id='word_1_286' title='bbox 1475 3393 1566 3447; x_wconf 85' lang='lat' dir='ltr'><strong>Dei</strong></span> <span class='ocrx_word' id='word_1_287' title='bbox 1597 3408 1785 3461; x_wconf 88' lang='lat' dir='ltr'><strong>panem</strong></span> <span class='ocrx_word' id='word_1_288' title='bbox 1810 3394 1826 3424; x_wconf 79' lang='grc' dir='ltr'>ί</span> <span class='ocrx_word' id='word_1_289' title='bbox 1851 3395 1874 3447; x_wconf 85' lang='lat'><strong>?</strong></span> 
     </span>
    </p>
   </div>
   <div class='ocr_carea' id='block_1_34' title="bbox 290 3485 1877 3556">
    <p class='ocr_par' dir='ltr' id='par_1_34' title="bbox 290 3485 1877 3556">
     <span class='ocr_line' id='line_1_34' title="bbox 290 3485 1877 3556; baseline -0.004 -8"><span class='ocrx_word' id='word_1_290' title='bbox 290 3492 341 3548; x_wconf 84' lang='lat' dir='ltr'><strong>Si</strong></span> <span class='ocrx_word' id='word_1_291' title='bbox 390 3507 491 3547; x_wconf 90' lang='lat' dir='ltr'><strong>non</strong></span> <span class='ocrx_word' id='word_1_292' title='bbox 539 3497 686 3544; x_wconf 82' lang='lat' dir='ltr'><strong>esset</strong></span> <span class='ocrx_word' id='word_1_293' title='bbox 733 3488 884 3556; x_wconf 86' lang='lat' dir='ltr'><strong>panis</strong></span> <span class='ocrx_word' id='word_1_294' title='bbox 907 3486 1137 3540; x_wconf 80' lang='lat' dir='ltr'><strong>Verbum</strong></span> <span class='ocrx_word' id='word_1_295' title='bbox 1170 3485 1259 3539; x_wconf 87' lang='lat' dir='ltr'><strong>Dei</strong></span> <span class='ocrx_word' id='word_1_296' title='bbox 1289 3501 1382 3554; x_wconf 88' lang='lat' dir='ltr'><strong>per</strong></span> <span class='ocrx_word' id='word_1_297' title='bbox 1405 3485 1543 3555; x_wconf 93' lang='lat' dir='ltr'><strong>quod</strong></span> <span class='ocrx_word' id='word_1_298' title='bbox 1587 3485 1720 3539; x_wconf 90' lang='lat' dir='ltr'><strong>facta</strong></span> <span class='ocrx_word' id='word_1_299' title='bbox 1753 3496 1877 3541; x_wconf 91' lang='lat' dir='ltr'><strong>sunt</strong></span> 
     </span>
    </p>
   </div>
   <div class='ocr_carea' id='block_1_35' title="bbox 292 3575 1875 3648">
    <p class='ocr_par' dir='ltr' id='par_1_35' title="bbox 292 3575 1875 3648">
     <span class='ocr_line' id='line_1_35' title="bbox 292 3575 1875 3648; baseline -0.003 -13"><span class='ocrx_word' id='word_1_300' title='bbox 292 3584 482 3648; x_wconf 84' lang='lat' dir='ltr'><strong>omnia,</strong></span> <span class='ocrx_word' id='word_1_301' title='bbox 505 3596 618 3634; x_wconf 82' lang='lat' dir='ltr'><strong>non</strong></span> <span class='ocrx_word' id='word_1_302' title='bbox 646 3579 847 3632; x_wconf 81' lang='lat' dir='ltr'><strong>diceret</strong></span> <span class='ocrx_word' id='word_1_303' title='bbox 877 3594 890 3629; x_wconf 76' lang='grc' dir='ltr'><strong>ε</strong></span> <span class='ocrx_word' id='word_1_304' title='bbox 924 3576 1036 3647; x_wconf 83' lang='lat' dir='ltr'><strong>Ego</strong></span> <span class='ocrx_word' id='word_1_305' title='bbox 1062 3592 1173 3629; x_wconf 88' lang='lat' dir='ltr'><strong>sum</strong></span> <span class='ocrx_word' id='word_1_306' title='bbox 1203 3575 1350 3644; x_wconf 86' lang='lat' dir='ltr'><strong>panis</strong></span> <span class='ocrx_word' id='word_1_307' title='bbox 1374 3578 1534 3640; x_wconf 86' lang='lat' dir='ltr'><strong>vivus,</strong></span> <span class='ocrx_word' id='word_1_308' title='bbox 1563 3577 1650 3645; x_wconf 87' lang='lat' dir='ltr'><strong>qui</strong></span> <span class='ocrx_word' id='word_1_309' title='bbox 1666 3577 1729 3631; x_wconf 87' lang='lat' dir='ltr'><strong>de</strong></span> <span class='ocrx_word' id='word_1_310' title='bbox 1751 3577 1875 3632; x_wconf 63' lang='lat' dir='ltr'><strong>calo</strong></span> 
     </span>
    </p>
   </div>
   <div class='ocr_carea' id='block_1_36' title="bbox 291 3667 1874 3744">
    <p class='ocr_par' dir='ltr' id='par_1_36' title="bbox 291 3667 1874 3744">
     <span class='ocr_line' id='line_1_36' title="bbox 291 3667 1874 3744; baseline -0.003 -15"><span class='ocrx_word' id='word_1_311' title='bbox 291 3674 520 3729; x_wconf 76' lang='lat' dir='ltr'><strong>descendi</strong></span> <span class='ocrx_word' id='word_1_312' title='bbox 568 3671 759 3744; x_wconf 82' lang='lat' dir='ltr'><strong>(Joan.</strong></span> <span class='ocrx_word' id='word_1_313' title='bbox 791 3686 842 3724; x_wconf 86' lang='lat' dir='ltr'><strong>vt</strong></span> <span class='ocrx_word' id='word_1_314' title='bbox 867 3711 881 3734; x_wconf 92' lang='lat'><strong>,</strong></span> <span class='ocrx_word' id='word_1_315' title='bbox 910 3671 971 3724; x_wconf 75' lang='grc'><strong>41</strong></span> <span class='ocrx_word' id='word_1_316' title='bbox 1000 3667 1041 3740; x_wconf 88' lang='grc'><strong>).</strong></span> <span class='ocrx_word' id='word_1_317' title='bbox 1076 3668 1312 3722; x_wconf 91' lang='lat' dir='ltr'><strong>Didicisti</strong></span> <span class='ocrx_word' id='word_1_318' title='bbox 1343 3681 1470 3738; x_wconf 84' lang='lat' dir='ltr'><strong>ergo</strong></span> <span class='ocrx_word' id='word_1_319' title='bbox 1497 3669 1620 3738; x_wconf 89' lang='lat' dir='ltr'><strong>quid</strong></span> <span class='ocrx_word' id='word_1_320' title='bbox 1652 3684 1874 3739; x_wconf 85' lang='lat' dir='ltr'><strong>respon-</strong></span> 
     </span>
    </p>
   </div>
   <div class='ocr_carea' id='block_1_37' title="bbox 292 3760 1244 3832">
    <p class='ocr_par' dir='ltr' id='par_1_37' title="bbox 292 3760 1244 3832">
     <span class='ocr_line' id='line_1_37' title="bbox 292 3760 1244 3832; baseline -0.008 -11"><span class='ocrx_word' id='word_1_321' title='bbox 292 3766 414 3822; x_wconf 85' lang='lat' dir='ltr'><strong>deas</strong></span> <span class='ocrx_word' id='word_1_322' title='bbox 437 3764 692 3821; x_wconf 88' lang='lat' dir='ltr'><strong>tentatori</strong></span> <span class='ocrx_word' id='word_1_323' title='bbox 720 3764 770 3818; x_wconf 88' lang='lat' dir='ltr'><strong>in</strong></span> <span class='ocrx_word' id='word_1_324' title='bbox 801 3762 1041 3832; x_wconf 81' lang='lat' dir='ltr'><strong>angustia</strong></span> <span class='ocrx_word' id='word_1_325' title='bbox 1071 3760 1244 3814; x_wconf 90' lang='lat' dir='ltr'><strong>famis.</strong></span> 
     </span>
    </p>
   </div>
   <div class='ocr_carea' id='block_1_38' title="bbox 359 3852 1876 3925">
    <p class='ocr_par' dir='ltr' id='par_1_38' title="bbox 359 3852 1876 3925">
     <span class='ocr_line' id='line_1_38' title="bbox 359 3852 1876 3925; baseline -0.004 -12"><span class='ocrx_word' id='word_1_326' title='bbox 359 3860 409 3913; x_wconf 89' lang='lat'><strong>7.</strong></span> <span class='ocrx_word' id='word_1_327' title='bbox 450 3856 614 3925; x_wconf 87' lang='lat' dir='ltr'><strong>Quid,</strong></span> <span class='ocrx_word' id='word_1_328' title='bbox 645 3856 688 3909; x_wconf 89' lang='lat' dir='ltr'><strong>si</strong></span> <span class='ocrx_word' id='word_1_329' title='bbox 721 3864 771 3910; x_wconf 88' lang='lat' dir='ltr'><strong>te</strong></span> <span class='ocrx_word' id='word_1_330' title='bbox 799 3856 876 3909; x_wconf 87' lang='lat' dir='ltr'><strong>sic</strong></span> <span class='ocrx_word' id='word_1_331' title='bbox 903 3863 1104 3919; x_wconf 88' lang='lat' dir='ltr'><strong>teutat,</strong></span> <span class='ocrx_word' id='word_1_332' title='bbox 1147 3862 1203 3906; x_wconf 87' lang='grc' dir='ltr'><strong>ιιι</strong></span> <span class='ocrx_word' id='word_1_333' title='bbox 1227 3852 1367 3906; x_wconf 82' lang='lat' dir='ltr'><strong>dicat</strong></span> <span class='ocrx_word' id='word_1_334' title='bbox 1390 3852 1479 3906; x_wconf 90' lang='lat' dir='ltr'><strong>tibi</strong></span> <span class='ocrx_word' id='word_1_335' title='bbox 1514 3853 1606 3908; x_wconf 85' lang='lat' dir='ltr'><strong>:Si</strong></span> <span class='ocrx_word' id='word_1_336' title='bbox 1628 3854 1876 3908; x_wconf 86' lang='lat' dir='ltr'><strong>christia-</strong></span> 
     </span>
    </p>
   </div>
   <div class='ocr_carea' id='block_1_39' title="bbox 295 3943 1876 4014">
    <p class='ocr_par' dir='ltr' id='par_1_39' title="bbox 295 3943 1876 4014">
     <span class='ocr_line' id='line_1_39' title="bbox 295 3943 1876 4014; baseline -0.003 -10"><span class='ocrx_word' id='word_1_337' title='bbox 295 3965 390 4004; x_wconf 87' lang='lat' dir='ltr'><strong>nos</strong></span> <span class='ocrx_word' id='word_1_338' title='bbox 413 3962 588 4014; x_wconf 84' lang='lat' dir='ltr'><strong>esses,</strong></span> <span class='ocrx_word' id='word_1_339' title='bbox 620 3947 824 4002; x_wconf 89' lang='lat' dir='ltr'><strong>faceres</strong></span> <span class='ocrx_word' id='word_1_340' title='bbox 852 3944 1102 3999; x_wconf 85' lang='lat' dir='ltr'><strong>miracula</strong></span> <span class='ocrx_word' id='word_1_341' title='bbox 1127 3985 1143 4010; x_wconf 93' lang='lat'><strong>,</strong></span> <span class='ocrx_word' id='word_1_342' title='bbox 1172 3943 1441 4014; x_wconf 90' lang='lat' dir='ltr'><strong>quomodo</strong></span> <span class='ocrx_word' id='word_1_343' title='bbox 1471 3944 1707 3998; x_wconf 89' lang='lat' dir='ltr'><strong>fecerunt</strong></span> <span class='ocrx_word' id='word_1_344' title='bbox 1729 3947 1876 3999; x_wconf 85' lang='lat' dir='ltr'><strong>nmlti</strong></span> 
     </span>
    </p>
   </div>
   <div class='ocr_carea' id='block_1_40' title="bbox 295 4034 1879 4107">
    <p class='ocr_par' dir='ltr' id='par_1_40' title="bbox 295 4034 1879 4107">
     <span class='ocr_line' id='line_1_40' title="bbox 295 4034 1879 4107; baseline -0.006 -12"><span class='ocrx_word' id='word_1_345' title='bbox 295 4039 614 4096; x_wconf 88' lang='lat' dir='ltr'><strong>christiani?</strong></span> <span class='ocrx_word' id='word_1_346' title='bbox 639 4039 716 4092; x_wconf 88' lang='lat' dir='ltr'><strong>Tu</strong></span> <span class='ocrx_word' id='word_1_347' title='bbox 738 4038 849 4107; x_wconf 80' lang='lat' dir='ltr'><strong>jam</strong></span> <span class='ocrx_word' id='word_1_348' title='bbox 879 4035 1218 4107; x_wconf 76' lang='lat' dir='ltr'><strong>suggestione</strong></span> <span class='ocrx_word' id='word_1_349' title='bbox 1243 4034 1382 4088; x_wconf 86' lang='lat' dir='ltr'><strong>mala</strong></span> <span class='ocrx_word' id='word_1_350' title='bbox 1410 4034 1683 4103; x_wconf 88' lang='lat' dir='ltr'><strong>deceptus,</strong></span> <span class='ocrx_word' id='word_1_351' title='bbox 1710 4043 1879 4088; x_wconf 87' lang='lat' dir='ltr'><strong>tenta-</strong></span> 
     </span>
    </p>
   </div>
   <div class='ocr_carea' id='block_1_41' title="bbox 299 4124 1879 4189">
    <p class='ocr_par' dir='ltr' id='par_1_41' title="bbox 299 4124 1879 4189">
     <span class='ocr_line' id='line_1_41' title="bbox 299 4124 1879 4189; baseline -0.004 -4"><span class='ocrx_word' id='word_1_352' title='bbox 299 4148 384 4186; x_wconf 82' lang='lat' dir='ltr'><strong>res</strong></span> <span class='ocrx_word' id='word_1_353' title='bbox 407 4131 686 4187; x_wconf 91' lang='lat' dir='ltr'><strong>Dominum</strong></span> <span class='ocrx_word' id='word_1_354' title='bbox 714 4129 881 4184; x_wconf 89' lang='lat' dir='ltr'><strong>Deum</strong></span> <span class='ocrx_word' id='word_1_355' title='bbox 929 4137 1074 4182; x_wconf 89' lang='lat' dir='ltr'><strong>tuotn</strong></span> <span class='ocrx_word' id='word_1_356' title='bbox 1097 4166 1112 4189; x_wconf 95' lang='lat'><strong>,</strong></span> <span class='ocrx_word' id='word_1_357' title='bbox 1161 4134 1220 4180; x_wconf 92' lang='lat' dir='ltr'><strong>ut</strong></span> <span class='ocrx_word' id='word_1_358' title='bbox 1264 4125 1472 4179; x_wconf 89' lang='lat' dir='ltr'><strong>diceres</strong></span> <span class='ocrx_word' id='word_1_359' title='bbox 1519 4124 1744 4178; x_wconf 87' lang='lat' dir='ltr'><strong>Domino</strong></span> <span class='ocrx_word' id='word_1_360' title='bbox 1771 4125 1879 4179; x_wconf 87' lang='lat' dir='ltr'><strong>Deo</strong></span> 
     </span>
    </p>
   </div>
   <div class='ocr_carea' id='block_1_42' title="bbox 295 4214 1874 4281">
    <p class='ocr_par' dir='ltr' id='par_1_42' title="bbox 295 4214 1874 4281">
     <span class='ocr_line' id='line_1_42' title="bbox 295 4214 1874 4281; baseline -0.007 -2"><span class='ocrx_word' id='word_1_361' title='bbox 295 4233 474 4278; x_wconf 88' lang='lat' dir='ltr'><strong>nostro</strong></span> <span class='ocrx_word' id='word_1_362' title='bbox 502 4240 515 4274; x_wconf 92' lang='lat'>:</span> <span class='ocrx_word' id='word_1_363' title='bbox 544 4221 600 4276; x_wconf 89' lang='lat' dir='ltr'><strong>Si</strong></span> <span class='ocrx_word' id='word_1_364' title='bbox 630 4219 950 4275; x_wconf 88' lang='lat' dir='ltr'><strong>christianos</strong></span> <span class='ocrx_word' id='word_1_365' title='bbox 973 4233 1089 4272; x_wconf 90' lang='lat' dir='ltr'><strong>sum</strong></span> <span class='ocrx_word' id='word_1_366' title='bbox 1112 4258 1125 4281; x_wconf 94' lang='lat'><strong>,</strong></span> <span class='ocrx_word' id='word_1_367' title='bbox 1154 4224 1203 4270; x_wconf 87' lang='lat' dir='ltr'><strong>et</strong></span> <span class='ocrx_word' id='word_1_368' title='bbox 1227 4231 1345 4270; x_wconf 92' lang='lat' dir='ltr'><strong>sum</strong></span> <span class='ocrx_word' id='word_1_369' title='bbox 1377 4222 1498 4268; x_wconf 87' lang='lat' dir='ltr'><strong>ante</strong></span> <span class='ocrx_word' id='word_1_370' title='bbox 1526 4214 1707 4268; x_wconf 88' lang='lat' dir='ltr'><strong>oculos</strong></span> <span class='ocrx_word' id='word_1_371' title='bbox 1737 4223 1874 4280; x_wconf 87' lang='lat' dir='ltr'><strong>tuos,</strong></span> 
     </span>
    </p>
   </div>
   <div class='ocr_carea' id='block_1_43' title="bbox 295 4303 1880 4381">
    <p class='ocr_par' dir='ltr' id='par_1_43' title="bbox 295 4303 1880 4381">
     <span class='ocr_line' id='line_1_43' title="bbox 295 4303 1880 4381; baseline -0.008 -12"><span class='ocrx_word' id='word_1_372' title='bbox 295 4325 345 4368; x_wconf 91' lang='lat' dir='ltr'><strong>et</strong></span> <span class='ocrx_word' id='word_1_373' title='bbox 374 4315 425 4369; x_wconf 91' lang='lat' dir='ltr'><strong>in</strong></span> <span class='ocrx_word' id='word_1_374' title='bbox 456 4313 641 4381; x_wconf 89' lang='lat' dir='ltr'><strong>aliquo</strong></span> <span class='ocrx_word' id='word_1_375' title='bbox 668 4323 890 4364; x_wconf 90' lang='lat' dir='ltr'><strong>numero</strong></span> <span class='ocrx_word' id='word_1_376' title='bbox 920 4317 1128 4362; x_wconf 90' lang='lat' dir='ltr'><strong>tuorum</strong></span> <span class='ocrx_word' id='word_1_377' title='bbox 1162 4321 1248 4361; x_wconf 89' lang='lat' dir='ltr'><strong>me</strong></span> <span class='ocrx_word' id='word_1_378' title='bbox 1276 4305 1552 4374; x_wconf 76' lang='lat' dir='ltr'><strong>computes</strong></span> <span class='ocrx_word' id='word_1_379' title='bbox 1571 4346 1584 4371; x_wconf 89' lang='lat'><strong>,</strong></span> <span class='ocrx_word' id='word_1_380' title='bbox 1619 4303 1802 4357; x_wconf 85' lang='lat' dir='ltr'><strong>faciam</strong></span> <span class='ocrx_word' id='word_1_381' title='bbox 1827 4312 1880 4357; x_wconf 90' lang='lat' dir='ltr'><strong>ct</strong></span> 
     </span>
    </p>
   </div>
   <div class='ocr_carea' id='block_1_44' title="bbox 293 4395 1878 4478">
    <p class='ocr_par' dir='ltr' id='par_1_44' title="bbox 293 4395 1878 4478">
     <span class='ocr_line' id='line_1_44' title="bbox 293 4395 1878 4478; baseline -0.007 -17"><span class='ocrx_word' id='word_1_382' title='bbox 293 4423 390 4478; x_wconf 86' lang='lat' dir='ltr'><strong>ego</strong></span> <span class='ocrx_word' id='word_1_383' title='bbox 416 4404 640 4476; x_wconf 87' lang='lat' dir='ltr'><strong>aliquid,</strong></span> <span class='ocrx_word' id='word_1_384' title='bbox 668 4403 842 4473; x_wconf 87' lang='lat' dir='ltr'><strong>qualia</strong></span> <span class='ocrx_word' id='word_1_385' title='bbox 865 4400 1026 4454; x_wconf 90' lang='lat' dir='ltr'><strong>multa</strong></span> <span class='ocrx_word' id='word_1_386' title='bbox 1058 4399 1298 4454; x_wconf 80' lang='lat' dir='ltr'><strong>fecerunt</strong></span> <span class='ocrx_word' id='word_1_387' title='bbox 1321 4397 1490 4452; x_wconf 86' lang='lat' dir='ltr'><strong>sancti</strong></span> <span class='ocrx_word' id='word_1_388' title='bbox 1517 4395 1878 4451; x_wconf 80' lang='lat' dir='ltr'><strong>tui?’l‘eutasti</strong></span> 
     </span>
    </p>
   </div>
   <div class='ocr_carea' id='block_1_45' title="bbox 295 4486 1878 4564">
    <p class='ocr_par' dir='ltr' id='par_1_45' title="bbox 295 4486 1878 4564">
     <span class='ocr_line' id='line_1_45' title="bbox 295 4486 1878 4564; baseline -0.009 -11"><span class='ocrx_word' id='word_1_389' title='bbox 295 4498 460 4553; x_wconf 91' lang='lat' dir='ltr'><strong>Deum</strong></span> <span class='ocrx_word' id='word_1_390' title='bbox 483 4538 499 4563; x_wconf 89' lang='lat'><strong>,</strong></span> <span class='ocrx_word' id='word_1_391' title='bbox 541 4495 693 4564; x_wconf 87' lang='lat' dir='ltr'><strong>quasi</strong></span> <span class='ocrx_word' id='word_1_392' title='bbox 740 4509 846 4547; x_wconf 90' lang='lat' dir='ltr'><strong>non</strong></span> <span class='ocrx_word' id='word_1_393' title='bbox 875 4493 949 4547; x_wconf 89' lang='lat' dir='ltr'><strong>sis</strong></span> <span class='ocrx_word' id='word_1_394' title='bbox 992 4490 1312 4545; x_wconf 88' lang='lat' dir='ltr'><strong>christianos</strong></span> <span class='ocrx_word' id='word_1_395' title='bbox 1340 4490 1383 4543; x_wconf 91' lang='lat' dir='ltr'><strong>si</strong></span> <span class='ocrx_word' id='word_1_396' title='bbox 1420 4487 1520 4542; x_wconf 88' lang='lat' dir='ltr'><strong>hoc</strong></span> <span class='ocrx_word' id='word_1_397' title='bbox 1563 4503 1670 4542; x_wconf 90' lang='lat' dir='ltr'><strong>non</strong></span> <span class='ocrx_word' id='word_1_398' title='bbox 1698 4486 1878 4541; x_wconf 85' lang='lat' dir='ltr'><strong>facias.</strong></span> 
     </span>
    </p>
   </div>
   <div class='ocr_carea' id='block_1_46' title="bbox 296 4579 1882 4664">
    <p class='ocr_par' dir='ltr' id='par_1_46' title="bbox 296 4579 1882 4664">
     <span class='ocr_line' id='line_1_46' title="bbox 296 4579 1882 4664; baseline -0.008 -20"><span class='ocrx_word' id='word_1_399' title='bbox 296 4590 438 4664; x_wconf 69' lang='lat' dir='ltr'><strong>Llnlti</strong></span> <span class='ocrx_word' id='word_1_400' title='bbox 493 4589 617 4642; x_wconf 87' lang='lat' dir='ltr'><strong>talia</strong></span> <span class='ocrx_word' id='word_1_401' title='bbox 663 4584 1030 4641; x_wconf 86' lang='lat' dir='ltr'><strong>desiderantes</strong></span> <span class='ocrx_word' id='word_1_402' title='bbox 1069 4581 1392 4636; x_wconf 83' lang='lat' dir='ltr'><strong>ceciderunt.</strong></span> <span class='ocrx_word' id='word_1_403' title='bbox 1424 4579 1555 4634; x_wconf 80' lang='lat' dir='ltr'><strong>Nam</strong></span> <span class='ocrx_word' id='word_1_404' title='bbox 1579 4579 1760 4636; x_wconf 89' lang='lat' dir='ltr'><strong>Simon</strong></span> <span class='ocrx_word' id='word_1_405' title='bbox 1794 4579 1882 4632; x_wconf 90' lang='lat' dir='ltr'><strong>ille</strong></span> 
     </span>
    </p>
   </div>
   <div class='ocr_carea' id='block_1_47' title="bbox 295 4667 1880 4751">
    <p class='ocr_par' dir='ltr' id='par_1_47' title="bbox 295 4667 1880 4751">
     <span class='ocr_line' id='line_1_47' title="bbox 295 4667 1880 4751; baseline -0.008 -16"><span class='ocrx_word' id='word_1_406' title='bbox 295 4667 485 4751; x_wconf 76' lang='lat' dir='ltr'><strong>magus</strong></span> <span class='ocrx_word' id='word_1_407' title='bbox 532 4677 656 4733; x_wconf 89' lang='lat' dir='ltr'><strong>talia</strong></span> <span class='ocrx_word' id='word_1_408' title='bbox 703 4674 1024 4730; x_wconf 82' lang='lat' dir='ltr'><strong>desideravit</strong></span> <span class='ocrx_word' id='word_1_409' title='bbox 1052 4673 1119 4728; x_wconf 92' lang='lat' dir='ltr'><strong>ab</strong></span> <span class='ocrx_word' id='word_1_410' title='bbox 1159 4671 1460 4740; x_wconf 78' lang='lat' dir='ltr'><strong>Apostolis,</strong></span> <span class='ocrx_word' id='word_1_411' title='bbox 1490 4670 1579 4738; x_wconf 93' lang='lat' dir='ltr'><strong>qui</strong></span> <span class='ocrx_word' id='word_1_412' title='bbox 1627 4669 1880 4739; x_wconf 87' lang='lat' dir='ltr'><strong>Spiritum</strong></span> 
     </span>
    </p>
   </div>
   <div class='ocr_carea' id='block_1_48' title="bbox 297 4759 1878 4838">
    <p class='ocr_par' dir='ltr' id='par_1_48' title="bbox 297 4759 1878 4838">
     <span class='ocr_line' id='line_1_48' title="bbox 297 4759 1878 4838; baseline -0.008 -14"><span class='ocrx_word' id='word_1_413' title='bbox 297 4780 540 4825; x_wconf 84' lang='lat' dir='ltr'><strong>sanctum</strong></span> <span class='ocrx_word' id='word_1_414' title='bbox 571 4766 795 4838; x_wconf 84' lang='lat' dir='ltr'><strong>pecunia</strong></span> <span class='ocrx_word' id='word_1_415' title='bbox 819 4764 982 4818; x_wconf 90' lang='lat' dir='ltr'><strong>voluit</strong></span> <span class='ocrx_word' id='word_1_416' title='bbox 1007 4777 1320 4833; x_wconf 80' lang='lat' dir='ltr'><strong>comparare</strong></span> <span class='ocrx_word' id='word_1_417' title='bbox 1349 4761 1496 4833; x_wconf 79' lang='lat' dir='ltr'><strong>(Act.</strong></span> <span class='ocrx_word' id='word_1_418' title='bbox 1515 4776 1629 4826; x_wconf 88' lang='lat' dir='ltr'><strong>vnt,</strong></span> <span class='ocrx_word' id='word_1_419' title='bbox 1655 4761 1741 4823; x_wconf 89' lang='grc'><strong>18,</strong></span> <span class='ocrx_word' id='word_1_420' title='bbox 1769 4759 1878 4831; x_wconf 88' lang='grc'><strong>19).</strong></span> 
     </span>
    </p>
   </div>
   <div class='ocr_carea' id='block_1_49' title="bbox 299 4849 1883 4927">
    <p class='ocr_par' dir='ltr' id='par_1_49' title="bbox 299 4849 1883 4927">
     <span class='ocr_line' id='line_1_49' title="bbox 299 4849 1883 4927; baseline -0.006 -15"><span class='ocrx_word' id='word_1_421' title='bbox 299 4859 514 4912; x_wconf 78' lang='lat' dir='ltr'><strong>Amavit</strong></span> <span class='ocrx_word' id='word_1_422' title='bbox 539 4855 828 4927; x_wconf 89' lang='lat' dir='ltr'><strong>potentiam</strong></span> <span class='ocrx_word' id='word_1_423' title='bbox 860 4855 1256 4917; x_wconf 84' lang='lat' dir='ltr'><strong>miraculorum,</strong></span> <span class='ocrx_word' id='word_1_424' title='bbox 1279 4860 1459 4906; x_wconf 90' lang='lat' dir='ltr'><strong>etnon</strong></span> <span class='ocrx_word' id='word_1_425' title='bbox 1486 4850 1683 4904; x_wconf 88' lang='lat' dir='ltr'><strong>amavit</strong></span> <span class='ocrx_word' id='word_1_426' title='bbox 1706 4849 1883 4904; x_wconf 88' lang='lat' dir='ltr'><strong>imita-</strong></span> 
     </span>
    </p>
   </div>
   <div class='ocr_carea' id='block_1_50' title="bbox 302 4940 1884 5014">
    <p class='ocr_par' dir='ltr' id='par_1_50' title="bbox 302 4940 1884 5014">
     <span class='ocr_line' id='line_1_50' title="bbox 302 4940 1884 5014; baseline -0.008 -9"><span class='ocrx_word' id='word_1_427' title='bbox 302 4951 502 5005; x_wconf 86' lang='lat' dir='ltr'><strong>tionem</strong></span> <span class='ocrx_word' id='word_1_428' title='bbox 527 4946 858 5002; x_wconf 86' lang='lat' dir='ltr'><strong>humilitatis.</strong></span> <span class='ocrx_word' id='word_1_429' title='bbox 876 4945 999 5000; x_wconf 90' lang='lat' dir='ltr'><strong>ldeo</strong></span> <span class='ocrx_word' id='word_1_430' title='bbox 1013 4943 1226 5014; x_wconf 87' lang='lat' dir='ltr'><strong>quidam</strong></span> <span class='ocrx_word' id='word_1_431' title='bbox 1247 4941 1655 5012; x_wconf 83' lang='lat' dir='ltr'><strong>discipulus,vel</strong></span> <span class='ocrx_word' id='word_1_432' title='bbox 1672 4940 1884 5011; x_wconf 89' lang='lat' dir='ltr'><strong>quidam</strong></span> 
     </span>
    </p>
   </div>
   <div class='ocr_carea' id='block_1_51' title="bbox 302 5031 1887 5105">
    <p class='ocr_par' dir='ltr' id='par_1_51' title="bbox 302 5031 1887 5105">
     <span class='ocr_line' id='line_1_51' title="bbox 302 5031 1887 5105; baseline -0.009 -7"><span class='ocrx_word' id='word_1_433' title='bbox 302 5044 368 5098; x_wconf 92' lang='lat' dir='ltr'><strong>de</strong></span> <span class='ocrx_word' id='word_1_434' title='bbox 391 5041 546 5097; x_wconf 88' lang='lat' dir='ltr'><strong>turba</strong></span> <span class='ocrx_word' id='word_1_435' title='bbox 574 5054 697 5095; x_wconf 88' lang='lat' dir='ltr'><strong>cum</strong></span> <span class='ocrx_word' id='word_1_436' title='bbox 723 5037 884 5092; x_wconf 88' lang='lat' dir='ltr'><strong>vellet</strong></span> <span class='ocrx_word' id='word_1_437' title='bbox 916 5036 1062 5105; x_wconf 87' lang='lat' dir='ltr'><strong>sequi</strong></span> <span class='ocrx_word' id='word_1_438' title='bbox 1097 5034 1397 5095; x_wconf 89' lang='lat' dir='ltr'><strong>Dotninum,</strong></span> <span class='ocrx_word' id='word_1_439' title='bbox 1423 5031 1700 5087; x_wconf 88' lang='lat' dir='ltr'><strong>attendens</strong></span> <span class='ocrx_word' id='word_1_440' title='bbox 1727 5031 1887 5085; x_wconf 59' lang='lat' dir='ltr'><strong>mira-</strong></span> 
     </span>
    </p>
   </div>
   <div class='ocr_carea' id='block_1_52' title="bbox 301 5125 1884 5206">
    <p class='ocr_par' dir='ltr' id='par_1_52' title="bbox 301 5125 1884 5206">
     <span class='ocr_line' id='line_1_52' title="bbox 301 5125 1884 5206; baseline -0.01 -14"><span class='ocrx_word' id='word_1_441' title='bbox 301 5136 419 5192; x_wconf 87' lang='lat' dir='ltr'><strong>cola</strong></span> <span class='ocrx_word' id='word_1_442' title='bbox 450 5149 571 5206; x_wconf 73' lang='lat' dir='ltr'><strong>qua:</strong></span> <span class='ocrx_word' id='word_1_443' title='bbox 597 5131 856 5195; x_wconf 82' lang='lat' dir='ltr'><strong>faciebat;</strong></span> <span class='ocrx_word' id='word_1_444' title='bbox 879 5128 1010 5183; x_wconf 86' lang='lat' dir='ltr'><strong>vidit</strong></span> <span class='ocrx_word' id='word_1_445' title='bbox 1030 5128 1174 5181; x_wconf 87' lang='lat' dir='ltr'><strong>illum</strong></span> <span class='ocrx_word' id='word_1_446' title='bbox 1194 5127 1454 5180; x_wconf 88' lang='lat' dir='ltr'><strong>Dominus</strong></span> <span class='ocrx_word' id='word_1_447' title='bbox 1473 5125 1758 5193; x_wconf 90' lang='lat' dir='ltr'><strong>superbum</strong></span> <span class='ocrx_word' id='word_1_448' title='bbox 1782 5139 1884 5176; x_wconf 89' lang='lat' dir='ltr'><strong>non</strong></span> 
     </span>
    </p>
   </div>
   <div class='ocr_carea' id='block_1_53' title="bbox 303 5216 1890 5298">
    <p class='ocr_par' dir='ltr' id='par_1_53' title="bbox 303 5216 1890 5298">
     <span class='ocr_line' id='line_1_53' title="bbox 303 5216 1890 5298; baseline -0.008 -16"><span class='ocrx_word' id='word_1_449' title='bbox 303 5242 546 5298; x_wconf 70' lang='lat' dir='ltr'><strong>qumrcre</strong></span> <span class='ocrx_word' id='word_1_450' title='bbox 572 5227 710 5280; x_wconf 89' lang='lat' dir='ltr'><strong>viam</strong></span> <span class='ocrx_word' id='word_1_451' title='bbox 741 5222 1086 5285; x_wconf 90' lang='lat' dir='ltr'><strong>humilitatis,</strong></span> <span class='ocrx_word' id='word_1_452' title='bbox 1132 5218 1224 5273; x_wconf 89' lang='lat' dir='ltr'><strong>sed</strong></span> <span class='ocrx_word' id='word_1_453' title='bbox 1271 5217 1488 5288; x_wconf 87' lang='lat' dir='ltr'><strong>typhum</strong></span> <span class='ocrx_word' id='word_1_454' title='bbox 1516 5216 1764 5286; x_wconf 76' lang='lat' dir='ltr'><strong>potentia:</strong></span> <span class='ocrx_word' id='word_1_455' title='bbox 1788 5256 1802 5280; x_wconf 87' lang='lat'><strong>,</strong></span> <span class='ocrx_word' id='word_1_456' title='bbox 1836 5224 1890 5270; x_wconf 90' lang='lat' dir='ltr'><strong>et</strong></span> 
     </span>
    </p>
   </div>
   <div class='ocr_carea' id='block_1_54' title="bbox 303 5306 1889 5389">
    <p class='ocr_par' dir='ltr' id='par_1_54' title="bbox 303 5306 1889 5389">
     <span class='ocr_line' id='line_1_54' title="bbox 303 5306 1889 5389; baseline -0.009 -14"><span class='ocrx_word' id='word_1_457' title='bbox 303 5321 381 5376; x_wconf 83' lang='lat' dir='ltr'><strong>ait</strong></span> <span class='ocrx_word' id='word_1_458' title='bbox 413 5337 428 5373; x_wconf 90' lang='lat'><strong>:</strong></span> <span class='ocrx_word' id='word_1_459' title='bbox 475 5319 659 5389; x_wconf 83' lang='lat' dir='ltr'><strong>Vulpes</strong></span> <span class='ocrx_word' id='word_1_460' title='bbox 688 5320 859 5388; x_wconf 77' lang='lat' dir='ltr'><strong>foveas</strong></span> <span class='ocrx_word' id='word_1_461' title='bbox 885 5314 1094 5378; x_wconf 83' lang='lat' dir='ltr'><strong>habent,</strong></span> <span class='ocrx_word' id='word_1_462' title='bbox 1128 5322 1173 5366; x_wconf 91' lang='lat' dir='ltr'><strong>et</strong></span> <span class='ocrx_word' id='word_1_463' title='bbox 1197 5311 1422 5364; x_wconf 83' lang='lat' dir='ltr'><strong>volucres</strong></span> <span class='ocrx_word' id='word_1_464' title='bbox 1443 5310 1558 5363; x_wconf 73' lang='lat' dir='ltr'><strong>caeli</strong></span> <span class='ocrx_word' id='word_1_465' title='bbox 1585 5309 1762 5373; x_wconf 87' lang='lat' dir='ltr'><strong>nidos;</strong></span> <span class='ocrx_word' id='word_1_466' title='bbox 1794 5306 1889 5361; x_wconf 83' lang='lat' dir='ltr'><strong>Fi-</strong></span> 
     </span>
    </p>
   </div>
   <div class='ocr_carea' id='block_1_55' title="bbox 305 5397 1886 5472">
    <p class='ocr_par' dir='ltr' id='par_1_55' title="bbox 305 5397 1886 5472">
     <span class='ocr_line' id='line_1_55' title="bbox 305 5397 1886 5472; baseline -0.007 -9"><span class='ocrx_word' id='word_1_467' title='bbox 305 5411 404 5464; x_wconf 84' lang='lat' dir='ltr'><strong>lius</strong></span> <span class='ocrx_word' id='word_1_468' title='bbox 427 5419 594 5464; x_wconf 79' lang='lat' dir='ltr'><strong>autem</strong></span> <span class='ocrx_word' id='word_1_469' title='bbox 625 5405 841 5462; x_wconf 84' lang='lat' dir='ltr'><strong>hominis</strong></span> <span class='ocrx_word' id='word_1_470' title='bbox 865 5422 964 5460; x_wconf 85' lang='lat' dir='ltr'><strong>non</strong></span> <span class='ocrx_word' id='word_1_471' title='bbox 989 5406 1133 5458; x_wconf 79' lang='lat' dir='ltr'><strong>habet</strong></span> <span class='ocrx_word' id='word_1_472' title='bbox 1162 5403 1243 5456; x_wconf 90' lang='lat' dir='ltr'><strong>ubi</strong></span> <span class='ocrx_word' id='word_1_473' title='bbox 1272 5412 1420 5472; x_wconf 85' lang='lat' dir='ltr'><strong>caput</strong></span> <span class='ocrx_word' id='word_1_474' title='bbox 1442 5400 1648 5454; x_wconf 82' lang='lat' dir='ltr'><strong>reclinet</strong></span> <span class='ocrx_word' id='word_1_475' title='bbox 1677 5397 1886 5467; x_wconf 76' lang='lat' dir='ltr'><strong>(Matth.</strong></span> 
     </span>
    </p>
   </div>
   <div class='ocr_carea' id='block_1_56' title="bbox 305 5491 1890 5571">
    <p class='ocr_par' dir='ltr' id='par_1_56' title="bbox 305 5491 1890 5571">
     <span class='ocr_line' id='line_1_56' title="bbox 305 5491 1890 5571; baseline -0.004 -20"><span class='ocrx_word' id='word_1_476' title='bbox 305 5515 397 5554; x_wconf 88' lang='lat' dir='ltr'><strong>vnt</strong></span> <span class='ocrx_word' id='word_1_477' title='bbox 419 5541 435 5566; x_wconf 94' lang='lat'><strong>,</strong></span> <span class='ocrx_word' id='word_1_478' title='bbox 467 5499 534 5555; x_wconf 73' lang='lat'><strong>20</strong></span> <span class='ocrx_word' id='word_1_479' title='bbox 553 5501 592 5571; x_wconf 92' lang='lat'><strong>).</strong></span> <span class='ocrx_word' id='word_1_480' title='bbox 617 5497 819 5568; x_wconf 82' lang='lat' dir='ltr'><strong>Vulpes</strong></span> <span class='ocrx_word' id='word_1_481' title='bbox 847 5497 895 5549; x_wconf 86' lang='lat' dir='ltr'><strong>iu</strong></span> <span class='ocrx_word' id='word_1_482' title='bbox 945 5505 998 5549; x_wconf 89' lang='lat' dir='ltr'><strong>te</strong></span> <span class='ocrx_word' id='word_1_483' title='bbox 1041 5493 1220 5548; x_wconf 84' lang='lat' dir='ltr'><strong>foveas</strong></span> <span class='ocrx_word' id='word_1_484' title='bbox 1244 5491 1474 5554; x_wconf 88' lang='lat' dir='ltr'><strong>habent;</strong></span> <span class='ocrx_word' id='word_1_485' title='bbox 1503 5491 1746 5545; x_wconf 88' lang='lat' dir='ltr'><strong>volucres</strong></span> <span class='ocrx_word' id='word_1_486' title='bbox 1770 5491 1890 5545; x_wconf 75' lang='lat' dir='ltr'><strong>coeli</strong></span> 
     </span>
    </p>
   </div>
   <div class='ocr_carea' id='block_1_57' title="bbox 307 5579 1892 5655">
    <p class='ocr_par' dir='ltr' id='par_1_57' title="bbox 307 5579 1892 5655">
     <span class='ocr_line' id='line_1_57' title="bbox 307 5579 1892 5655; baseline -0.008 -10"><span class='ocrx_word' id='word_1_487' title='bbox 307 5590 466 5645; x_wconf 84' lang='lat' dir='ltr'><strong>nidos</strong></span> <span class='ocrx_word' id='word_1_488' title='bbox 491 5591 539 5644; x_wconf 89' lang='lat' dir='ltr'><strong>in</strong></span> <span class='ocrx_word' id='word_1_489' title='bbox 585 5599 636 5645; x_wconf 90' lang='lat' dir='ltr'><strong>te</strong></span> <span class='ocrx_word' id='word_1_490' title='bbox 658 5590 876 5644; x_wconf 88' lang='lat' dir='ltr'><strong>habent.</strong></span> <span class='ocrx_word' id='word_1_491' title='bbox 919 5585 1119 5655; x_wconf 86' lang='lat' dir='ltr'><strong>Vulpes</strong></span> <span class='ocrx_word' id='word_1_492' title='bbox 1147 5584 1300 5638; x_wconf 88' lang='lat' dir='ltr'><strong>dolus</strong></span> <span class='ocrx_word' id='word_1_493' title='bbox 1328 5591 1443 5646; x_wconf 89' lang='lat' dir='ltr'><strong>est;</strong></span> <span class='ocrx_word' id='word_1_494' title='bbox 1487 5581 1732 5636; x_wconf 89' lang='lat' dir='ltr'><strong>volucres</strong></span> <span class='ocrx_word' id='word_1_495' title='bbox 1769 5579 1892 5635; x_wconf 64' lang='grc' dir='ltr'><strong>ειεΙί</strong></span> 
     </span>
    </p>
   </div>
   <div class='ocr_carea' id='block_1_58' title="bbox 308 5673 1891 5752">
    <p class='ocr_par' dir='ltr' id='par_1_58' title="bbox 308 5673 1891 5752">
     <span class='ocr_line' id='line_1_58' title="bbox 308 5673 1891 5752; baseline -0.007 -16"><span class='ocrx_word' id='word_1_496' title='bbox 308 5683 557 5752; x_wconf 75' lang='lat' dir='ltr'><strong>superbia</strong></span> <span class='ocrx_word' id='word_1_497' title='bbox 581 5690 665 5737; x_wconf 87' lang='lat' dir='ltr'><strong>est</strong></span> <span class='ocrx_word' id='word_1_498' title='bbox 696 5696 710 5733; x_wconf 90' lang='lat'>:</span> <span class='ocrx_word' id='word_1_499' title='bbox 734 5679 875 5735; x_wconf 84' lang='lat' dir='ltr'><strong>sicut</strong></span> <span class='ocrx_word' id='word_1_500' title='bbox 897 5678 1040 5733; x_wconf 88' lang='lat' dir='ltr'><strong>enim</strong></span> <span class='ocrx_word' id='word_1_501' title='bbox 1062 5676 1303 5730; x_wconf 87' lang='lat' dir='ltr'><strong>volucres</strong></span> <span class='ocrx_word' id='word_1_502' title='bbox 1332 5675 1436 5728; x_wconf 89' lang='lat' dir='ltr'><strong>alta</strong></span> <span class='ocrx_word' id='word_1_503' title='bbox 1464 5681 1668 5743; x_wconf 90' lang='lat' dir='ltr'><strong>petunt,</strong></span> <span class='ocrx_word' id='word_1_504' title='bbox 1698 5673 1773 5726; x_wconf 90' lang='lat' dir='ltr'><strong>sic</strong></span> <span class='ocrx_word' id='word_1_505' title='bbox 1799 5687 1891 5725; x_wconf 89' lang='lat' dir='ltr'><strong>su-</strong></span> 
     </span>
    </p>
   </div>
   <div class='ocr_carea' id='block_1_59' title="bbox 310 5763 1894 5842">
    <p class='ocr_par' dir='ltr' id='par_1_59' title="bbox 310 5763 1894 5842">
     <span class='ocr_line' id='line_1_59' title="bbox 310 5763 1894 5842; baseline -0.006 -16"><span class='ocrx_word' id='word_1_506' title='bbox 310 5773 496 5842; x_wconf 85' lang='lat' dir='ltr'><strong>perbi;</strong></span> <span class='ocrx_word' id='word_1_507' title='bbox 519 5782 574 5826; x_wconf 91' lang='lat' dir='ltr'><strong>ut</strong></span> <span class='ocrx_word' id='word_1_508' title='bbox 593 5782 646 5827; x_wconf 91' lang='lat' dir='ltr'><strong>et</strong></span> <span class='ocrx_word' id='word_1_509' title='bbox 663 5772 848 5841; x_wconf 76' lang='lat' dir='ltr'><strong>vulpes</strong></span> <span class='ocrx_word' id='word_1_510' title='bbox 869 5781 1121 5825; x_wconf 81' lang='lat' dir='ltr'><strong>eaveruas</strong></span> <span class='ocrx_word' id='word_1_511' title='bbox 1143 5765 1340 5820; x_wconf 87' lang='lat' dir='ltr'><strong>habent</strong></span> <span class='ocrx_word' id='word_1_512' title='bbox 1354 5765 1588 5829; x_wconf 88' lang='lat' dir='ltr'><strong>dolosas,</strong></span> <span class='ocrx_word' id='word_1_513' title='bbox 1611 5763 1679 5817; x_wconf 92' lang='lat' dir='ltr'><strong>ita</strong></span> <span class='ocrx_word' id='word_1_514' title='bbox 1707 5777 1894 5817; x_wconf 86' lang='lat' dir='ltr'><strong>omnes</strong></span> 
     </span>
    </p>
   </div>
   <div class='ocr_carea' id='block_1_60' title="bbox 374 5871 1810 5939">
    <p class='ocr_par' dir='ltr' id='par_1_60' title="bbox 374 5871 1810 5939">
     <span class='ocr_line' id='line_1_60' title="bbox 374 5871 1810 5939; baseline -0.006 -7"><span class='ocrx_word' id='word_1_515' title='bbox 374 5883 395 5914; x_wconf 79' lang='grc'>⁸</span> <span class='ocrx_word' id='word_1_516' title='bbox 431 5883 504 5932; x_wconf 84' lang='lat' dir='ltr'><strong>Sic</strong></span> <span class='ocrx_word' id='word_1_517' title='bbox 525 5889 627 5931; x_wconf 72' lang='lat' dir='ltr'><strong>Mss.</strong></span> <span class='ocrx_word' id='word_1_518' title='bbox 653 5890 707 5930; x_wconf 82' lang='grc' dir='ltr'>Αι</span> <span class='ocrx_word' id='word_1_519' title='bbox 729 5880 864 5939; x_wconf 63' lang='lat' dir='ltr'><strong>ma,</strong></span> <span class='ocrx_word' id='word_1_520' title='bbox 891 5883 1092 5928; x_wconf 77' lang='lat' dir='ltr'><strong>Putasne</strong></span> <span class='ocrx_word' id='word_1_521' title='bbox 1107 5875 1302 5926; x_wconf 83' lang='lat' dir='ltr'><strong>verbum</strong></span> <span class='ocrx_word' id='word_1_522' title='bbox 1329 5873 1413 5924; x_wconf 73' lang='lat' dir='ltr'><strong>Dei</strong></span> <span class='ocrx_word' id='word_1_523' title='bbox 1435 5886 1528 5923; x_wconf 85' lang='lat' dir='ltr'><strong>non</strong></span> <span class='ocrx_word' id='word_1_524' title='bbox 1549 5872 1609 5924; x_wconf 85' lang='lat' dir='ltr'><strong>sit</strong></span> <span class='ocrx_word' id='word_1_525' title='bbox 1625 5871 1763 5937; x_wconf 86' lang='lat' dir='ltr'><strong>panis</strong></span> <span class='ocrx_word' id='word_1_526' title='bbox 1786 5871 1810 5923; x_wconf 73' lang='grc'><em>7</em></span> 
     </span>
    </p>
   </div>
   <div class='ocr_carea' id='block_1_61' title="bbox 1395 449 2406 509">
    <p class='ocr_par' dir='ltr' id='par_1_61' title="bbox 1395 449 2406 509">
     <span class='ocr_line' id='line_1_61' title="bbox 1395 449 2406 509; baseline 0 -2"><span class='ocrx_word' id='word_1_527' title='bbox 1395 451 1789 507; x_wconf 70' lang='lat' dir='ltr'><strong>ENARRATIO</strong></span> <span class='ocrx_word' id='word_1_528' title='bbox 1830 449 1892 504; x_wconf 65' lang='lat' dir='ltr'><strong>IN</strong></span> <span class='ocrx_word' id='word_1_529' title='bbox 1935 451 2252 507; x_wconf 74' lang='lat' dir='ltr'><strong>PSALMUM</strong></span> <span class='ocrx_word' id='word_1_530' title='bbox 2296 455 2406 509; x_wconf 72' lang='lat' dir='ltr'><strong>XC.</strong></span> 
     </span>
    </p>
   </div>
   <div class='ocr_carea' id='block_1_62' title="bbox 3431 466 3564 519">
    <p class='ocr_par' dir='ltr' id='par_1_62' title="bbox 3431 466 3564 519">
     <span class='ocr_line' id='line_1_62' title="bbox 3431 466 3564 519; baseline 0.015 -2"><span class='ocrx_word' id='word_1_531' title='bbox 3431 466 3564 519; x_wconf 78' lang='lat' dir='ltr'><strong>ll66</strong></span> 
     </span>
    </p>
   </div>
   <div class='ocr_carea' id='block_1_63' title="bbox 1981 551 3562 639">
    <p class='ocr_par' dir='ltr' id='par_1_63' title="bbox 1981 551 3562 639">
     <span class='ocr_line' id='line_1_63' title="bbox 1981 551 3562 639; baseline 0.011 -25"><span class='ocrx_word' id='word_1_532' title='bbox 1981 562 2335 620; x_wconf 87' lang='lat' dir='ltr'><strong>insidiatores.</strong></span> <span class='ocrx_word' id='word_1_533' title='bbox 2362 567 2499 635; x_wconf 87' lang='lat' dir='ltr'><strong>Quid</strong></span> <span class='ocrx_word' id='word_1_534' title='bbox 2527 582 2656 639; x_wconf 89' lang='lat' dir='ltr'><strong>ergo</strong></span> <span class='ocrx_word' id='word_1_535' title='bbox 2677 571 2950 639; x_wconf 78' lang='lat' dir='ltr'><strong>reSpondit</strong></span> <span class='ocrx_word' id='word_1_536' title='bbox 2984 573 3236 629; x_wconf 90' lang='lat' dir='ltr'><strong>Dominus</strong></span> <span class='ocrx_word' id='word_1_537' title='bbox 3257 575 3281 629; x_wconf 89' lang='lat'><strong>?</strong></span> <span class='ocrx_word' id='word_1_538' title='bbox 3302 551 3493 631; x_wconf 76' lang='lat' dir='ltr'><strong>Potest</strong></span> <span class='ocrx_word' id='word_1_539' title='bbox 3512 578 3562 632; x_wconf 90' lang='lat' dir='ltr'><strong>in</strong></span> 
     </span>
    </p>
   </div>
   <div class='ocr_carea' id='block_1_64' title="bbox 1979 655 3560 727">
    <p class='ocr_par' dir='ltr' id='par_1_64' title="bbox 1979 655 3560 727">
     <span class='ocr_line' id='line_1_64' title="bbox 1979 655 3560 727; baseline 0.011 -20"><span class='ocrx_word' id='word_1_540' title='bbox 1979 664 2028 709; x_wconf 91' lang='lat' dir='ltr'><strong>te</strong></span> <span class='ocrx_word' id='word_1_541' title='bbox 2059 655 2296 712; x_wconf 90' lang='lat' dir='ltr'><strong>habitare</strong></span> <span class='ocrx_word' id='word_1_542' title='bbox 2321 659 2565 727; x_wconf 89' lang='lat' dir='ltr'><strong>superbia</strong></span> <span class='ocrx_word' id='word_1_543' title='bbox 2598 670 2652 714; x_wconf 91' lang='lat' dir='ltr'><strong>et</strong></span> <span class='ocrx_word' id='word_1_544' title='bbox 2678 661 2863 727; x_wconf 88' lang='lat' dir='ltr'><strong>dolus;</strong></span> <span class='ocrx_word' id='word_1_545' title='bbox 2893 663 3134 720; x_wconf 89' lang='lat' dir='ltr'><strong>Christus</strong></span> <span class='ocrx_word' id='word_1_546' title='bbox 3163 680 3268 720; x_wconf 85' lang='lat' dir='ltr'><strong>non</strong></span> <span class='ocrx_word' id='word_1_547' title='bbox 3295 667 3452 724; x_wconf 89' lang='lat' dir='ltr'><strong>habet</strong></span> <span class='ocrx_word' id='word_1_548' title='bbox 3475 671 3560 724; x_wconf 90' lang='lat' dir='ltr'><strong>ubi</strong></span> 
     </span>
    </p>
   </div>
   <div class='ocr_carea' id='block_1_65' title="bbox 1977 744 3561 824">
    <p class='ocr_par' dir='ltr' id='par_1_65' title="bbox 1977 744 3561 824">
     <span class='ocr_line' id='line_1_65' title="bbox 1977 744 3561 824; baseline 0.011 -26"><span class='ocrx_word' id='word_1_549' title='bbox 1977 744 2029 798; x_wconf 93' lang='lat' dir='ltr'><strong>in</strong></span> <span class='ocrx_word' id='word_1_550' title='bbox 2052 753 2104 800; x_wconf 91' lang='lat' dir='ltr'><strong>te</strong></span> <span class='ocrx_word' id='word_1_551' title='bbox 2129 745 2350 813; x_wconf 88' lang='lat' dir='ltr'><strong>habitet,</strong></span> <span class='ocrx_word' id='word_1_552' title='bbox 2377 749 2464 803; x_wconf 92' lang='lat' dir='ltr'><strong>ubi</strong></span> <span class='ocrx_word' id='word_1_553' title='bbox 2490 751 2710 805; x_wconf 88' lang='lat' dir='ltr'><strong>reclinet</strong></span> <span class='ocrx_word' id='word_1_554' title='bbox 2735 762 2892 822; x_wconf 82' lang='lat' dir='ltr'><strong>caput</strong></span> <span class='ocrx_word' id='word_1_555' title='bbox 2917 769 3091 808; x_wconf 89' lang='lat' dir='ltr'><strong>suum.</strong></span> <span class='ocrx_word' id='word_1_556' title='bbox 3125 756 3256 824; x_wconf 84' lang='lat' dir='ltr'><strong>Quia</strong></span> <span class='ocrx_word' id='word_1_557' title='bbox 3285 759 3561 816; x_wconf 87' lang='lat' dir='ltr'><strong>reclinatio</strong></span> 
     </span>
    </p>
   </div>
   <div class='ocr_carea' id='block_1_66' title="bbox 1974 837 3557 922">
    <p class='ocr_par' dir='ltr' id='par_1_66' title="bbox 1974 837 3557 922">
     <span class='ocr_line' id='line_1_66' title="bbox 1974 837 3557 922; baseline 0.011 -32"><span class='ocrx_word' id='word_1_558' title='bbox 1974 837 2165 906; x_wconf 90' lang='lat' dir='ltr'><strong>capitis</strong></span> <span class='ocrx_word' id='word_1_559' title='bbox 2192 881 2208 904; x_wconf 90' lang='lat'><strong>,</strong></span> <span class='ocrx_word' id='word_1_560' title='bbox 2238 838 2508 896; x_wconf 89' lang='lat' dir='ltr'><strong>humilitas</strong></span> <span class='ocrx_word' id='word_1_561' title='bbox 2531 841 2728 897; x_wconf 87' lang='lat' dir='ltr'><strong>Christi</strong></span> <span class='ocrx_word' id='word_1_562' title='bbox 2764 853 2865 900; x_wconf 89' lang='lat' dir='ltr'><strong>est.</strong></span> <span class='ocrx_word' id='word_1_563' title='bbox 2915 846 3024 901; x_wconf 85' lang='lat' dir='ltr'><strong>Nisi</strong></span> <span class='ocrx_word' id='word_1_564' title='bbox 3053 849 3335 905; x_wconf 90' lang='lat' dir='ltr'><strong>reclinaret</strong></span> <span class='ocrx_word' id='word_1_565' title='bbox 3358 861 3518 922; x_wconf 88' lang='lat' dir='ltr'><strong>caput</strong></span> <span class='ocrx_word' id='word_1_566' title='bbox 3541 895 3557 920; x_wconf 92' lang='lat'><strong>,</strong></span> 
     </span>
    </p>
   </div>
   <div class='ocr_carea' id='block_1_67' title="bbox 1976 931 3561 1015">
    <p class='ocr_par' dir='ltr' id='par_1_67' title="bbox 1976 931 3561 1015">
     <span class='ocr_line' id='line_1_67' title="bbox 1976 931 3561 1015; baseline 0.011 -31"><span class='ocrx_word' id='word_1_567' title='bbox 1976 945 2079 984; x_wconf 92' lang='lat' dir='ltr'><strong>non</strong></span> <span class='ocrx_word' id='word_1_568' title='bbox 2102 931 2490 1002; x_wconf 85' lang='lat' dir='ltr'><strong>justifieareris.</strong></span> <span class='ocrx_word' id='word_1_569' title='bbox 2515 934 2662 991; x_wconf 89' lang='lat' dir='ltr'><strong>Talia</strong></span> <span class='ocrx_word' id='word_1_570' title='bbox 2709 936 3072 996; x_wconf 87' lang='lat' dir='ltr'><strong>desiderantes</strong></span> <span class='ocrx_word' id='word_1_571' title='bbox 3110 950 3164 995; x_wconf 88' lang='lat' dir='ltr'><strong>et</strong></span> <span class='ocrx_word' id='word_1_572' title='bbox 3189 942 3432 1015; x_wconf 92' lang='lat' dir='ltr'><strong>discipuli</strong></span> <span class='ocrx_word' id='word_1_573' title='bbox 3457 986 3471 1012; x_wconf 93' lang='lat'><strong>,</strong></span> <span class='ocrx_word' id='word_1_574' title='bbox 3505 957 3561 1002; x_wconf 90' lang='lat' dir='ltr'><strong>et</strong></span> 
     </span>
    </p>
   </div>
   <div class='ocr_carea' id='block_1_68' title="bbox 1975 1022 3554 1105">
    <p class='ocr_par' dir='ltr' id='par_1_68' title="bbox 1975 1022 3554 1105">
     <span class='ocr_line' id='line_1_68' title="bbox 1975 1022 3554 1105; baseline 0.011 -30"><span class='ocrx_word' id='word_1_575' title='bbox 1975 1022 2214 1077; x_wconf 90' lang='lat' dir='ltr'><strong>volentes</strong></span> <span class='ocrx_word' id='word_1_576' title='bbox 2237 1024 2346 1092; x_wconf 83' lang='lat' dir='ltr'><strong>jam</strong></span> <span class='ocrx_word' id='word_1_577' title='bbox 2370 1033 2621 1095; x_wconf 88' lang='lat' dir='ltr'><strong>appetere</strong></span> <span class='ocrx_word' id='word_1_578' title='bbox 2643 1028 2660 1059; x_wconf 85' lang='grc'>¹</span> <span class='ocrx_word' id='word_1_579' title='bbox 2683 1027 2864 1083; x_wconf 91' lang='lat' dir='ltr'><strong>sedem</strong></span> <span class='ocrx_word' id='word_1_580' title='bbox 2891 1032 3074 1101; x_wconf 77' lang='lat' dir='ltr'><strong>regni,</strong></span> <span class='ocrx_word' id='word_1_581' title='bbox 3106 1044 3388 1105; x_wconf 87' lang='lat' dir='ltr'><strong>antequam</strong></span> <span class='ocrx_word' id='word_1_582' title='bbox 3417 1039 3554 1092; x_wconf 83' lang='lat' dir='ltr'><strong>viam</strong></span> 
     </span>
    </p>
   </div>
   <div class='ocr_carea' id='block_1_69' title="bbox 1977 1112 3555 1192">
    <p class='ocr_par' dir='ltr' id='par_1_69' title="bbox 1977 1112 3555 1192">
     <span class='ocr_line' id='line_1_69' title="bbox 1977 1112 3555 1192; baseline 0.011 -26"><span class='ocrx_word' id='word_1_583' title='bbox 1977 1112 2286 1168; x_wconf 88' lang='lat' dir='ltr'><strong>humilitatis</strong></span> <span class='ocrx_word' id='word_1_584' title='bbox 2314 1126 2587 1184; x_wconf 86' lang='lat' dir='ltr'><strong>caperent,</strong></span> <span class='ocrx_word' id='word_1_585' title='bbox 2614 1119 2826 1186; x_wconf 90' lang='lat' dir='ltr'><strong>quando</strong></span> <span class='ocrx_word' id='word_1_586' title='bbox 2853 1120 2924 1174; x_wconf 91' lang='lat' dir='ltr'><strong>illi</strong></span> <span class='ocrx_word' id='word_1_587' title='bbox 2950 1134 3251 1192; x_wconf 83' lang='lat' dir='ltr'><strong>suggestum</strong></span> <span class='ocrx_word' id='word_1_588' title='bbox 3278 1137 3357 1181; x_wconf 89' lang='lat' dir='ltr'><strong>est</strong></span> <span class='ocrx_word' id='word_1_589' title='bbox 3384 1143 3412 1180; x_wconf 90' lang='lat' dir='ltr'><strong>a</strong></span> <span class='ocrx_word' id='word_1_590' title='bbox 3440 1145 3555 1184; x_wconf 61' lang='lat' dir='ltr'><strong>ma-</strong></span> 
     </span>
    </p>
   </div>
   <div class='ocr_carea' id='block_1_70' title="bbox 1976 1202 3557 1286">
    <p class='ocr_par' dir='ltr' id='par_1_70' title="bbox 1976 1202 3557 1286">
     <span class='ocr_line' id='line_1_70' title="bbox 1976 1202 3557 1286; baseline 0.011 -30"><span class='ocrx_word' id='word_1_591' title='bbox 1976 1209 2057 1256; x_wconf 88' lang='lat' dir='ltr'><strong>tre</strong></span> <span class='ocrx_word' id='word_1_592' title='bbox 2089 1202 2470 1273; x_wconf 89' lang='lat' dir='ltr'><strong>discipulorum</strong></span> <span class='ocrx_word' id='word_1_593' title='bbox 2490 1245 2505 1271; x_wconf 87' lang='lat'><strong>,</strong></span> <span class='ocrx_word' id='word_1_594' title='bbox 2535 1205 2632 1261; x_wconf 86' lang='lat' dir='ltr'><strong>Dic</strong></span> <span class='ocrx_word' id='word_1_595' title='bbox 2659 1217 2715 1261; x_wconf 91' lang='lat' dir='ltr'><strong>ut</strong></span> <span class='ocrx_word' id='word_1_596' title='bbox 2747 1225 2880 1263; x_wconf 87' lang='lat' dir='ltr'><strong>unus</strong></span> <span class='ocrx_word' id='word_1_597' title='bbox 2907 1211 3074 1264; x_wconf 84' lang='lat' dir='ltr'><strong>sedeat</strong></span> <span class='ocrx_word' id='word_1_598' title='bbox 3099 1213 3168 1265; x_wconf 86' lang='lat' dir='ltr'><strong>ad</strong></span> <span class='ocrx_word' id='word_1_599' title='bbox 3190 1215 3447 1271; x_wconf 72' lang='lat' dir='ltr'><strong>dexteram</strong></span> <span class='ocrx_word' id='word_1_600' title='bbox 3467 1261 3481 1286; x_wconf 89' lang='lat'><strong>,</strong></span> <span class='ocrx_word' id='word_1_601' title='bbox 3511 1230 3557 1273; x_wconf 89' lang='lat' dir='ltr'><strong>et</strong></span> 
     </span>
    </p>
   </div>
   <div class='ocr_carea' id='block_1_71' title="bbox 1975 1293 3554 1373">
    <p class='ocr_par' dir='ltr' id='par_1_71' title="bbox 1975 1293 3554 1373">
     <span class='ocr_line' id='line_1_71' title="bbox 1975 1293 3554 1373; baseline 0.013 -28"><span class='ocrx_word' id='word_1_602' title='bbox 1975 1293 2107 1346; x_wconf 87' lang='lat' dir='ltr'><strong>alius</strong></span> <span class='ocrx_word' id='word_1_603' title='bbox 2143 1294 2211 1346; x_wconf 87' lang='lat' dir='ltr'><strong>ad</strong></span> <span class='ocrx_word' id='word_1_604' title='bbox 2251 1294 2507 1349; x_wconf 84' lang='lat' dir='ltr'><strong>sinistram</strong></span> <span class='ocrx_word' id='word_1_605' title='bbox 2548 1305 2728 1361; x_wconf 87' lang='lat' dir='ltr'><strong>tuam;</strong></span> <span class='ocrx_word' id='word_1_606' title='bbox 2757 1301 3045 1368; x_wconf 87' lang='lat' dir='ltr'><strong>potentiam</strong></span> <span class='ocrx_word' id='word_1_607' title='bbox 3080 1306 3428 1373; x_wconf 71' lang='lat' dir='ltr'><strong>qua&#39;rebant:</strong></span> <span class='ocrx_word' id='word_1_608' title='bbox 3461 1310 3554 1365; x_wconf 88' lang='lat' dir='ltr'><strong>sed</strong></span> 
     </span>
    </p>
   </div>
   <div class='ocr_carea' id='block_1_72' title="bbox 1975 1387 3554 1466">
    <p class='ocr_par' dir='ltr' id='par_1_72' title="bbox 1975 1387 3554 1466">
     <span class='ocr_line' id='line_1_72' title="bbox 1975 1387 3554 1466; baseline 0.009 -25"><span class='ocrx_word' id='word_1_609' title='bbox 1975 1401 2072 1456; x_wconf 88' lang='lat' dir='ltr'><strong>per</strong></span> <span class='ocrx_word' id='word_1_610' title='bbox 2121 1387 2421 1457; x_wconf 90' lang='lat' dir='ltr'><strong>passionem</strong></span> <span class='ocrx_word' id='word_1_611' title='bbox 2466 1391 2488 1422; x_wconf 82' lang='lat'>&#39;</span> <span class='ocrx_word' id='word_1_612' title='bbox 2539 1390 2850 1446; x_wconf 89' lang='lat' dir='ltr'><strong>humilitatis</strong></span> <span class='ocrx_word' id='word_1_613' title='bbox 2900 1397 3108 1450; x_wconf 83' lang='lat' dir='ltr'><strong>venitur</strong></span> <span class='ocrx_word' id='word_1_614' title='bbox 3153 1396 3218 1451; x_wconf 88' lang='lat' dir='ltr'><strong>ad</strong></span> <span class='ocrx_word' id='word_1_615' title='bbox 3267 1402 3554 1466; x_wconf 89' lang='lat' dir='ltr'><strong>potentiam</strong></span> 
     </span>
    </p>
   </div>
   <div class='ocr_carea' id='block_1_73' title="bbox 1974 1479 3557 1566">
    <p class='ocr_par' dir='ltr' id='par_1_73' title="bbox 1974 1479 3557 1566">
     <span class='ocr_line' id='line_1_73' title="bbox 1974 1479 3557 1566; baseline 0.01 -34"><span class='ocrx_word' id='word_1_616' title='bbox 1974 1479 2142 1549; x_wconf 84' lang='lat' dir='ltr'><strong>regni.</strong></span> <span class='ocrx_word' id='word_1_617' title='bbox 2172 1480 2260 1534; x_wconf 87' lang='lat' dir='ltr'><strong>Ait</strong></span> <span class='ocrx_word' id='word_1_618' title='bbox 2286 1481 2545 1537; x_wconf 90' lang='lat' dir='ltr'><strong>Dominus</strong></span> <span class='ocrx_word' id='word_1_619' title='bbox 2574 1500 2586 1536; x_wconf 91' lang='lat'>:</span> <span class='ocrx_word' id='word_1_620' title='bbox 2625 1483 2839 1538; x_wconf 77' lang='lat' dir='ltr'><strong>Potestis</strong></span> <span class='ocrx_word' id='word_1_621' title='bbox 2869 1485 3030 1540; x_wconf 84' lang='lat' dir='ltr'><strong>bibere</strong></span> <span class='ocrx_word' id='word_1_622' title='bbox 3056 1487 3260 1543; x_wconf 81' lang='lat' dir='ltr'><strong>calicem</strong></span> <span class='ocrx_word' id='word_1_623' title='bbox 3287 1509 3431 1560; x_wconf 85' lang='lat' dir='ltr'><strong>quem</strong></span> <span class='ocrx_word' id='word_1_624' title='bbox 3465 1510 3557 1566; x_wconf 83' lang='lat' dir='ltr'><strong>ego</strong></span> 
     </span>
    </p>
   </div>
   <div class='ocr_carea' id='block_1_74' title="bbox 1974 1571 3556 1649">
    <p class='ocr_par' dir='ltr' id='par_1_74' title="bbox 1974 1571 3556 1649">
     <span class='ocr_line' id='line_1_74' title="bbox 1974 1571 3556 1649; baseline 0.009 -24"><span class='ocrx_word' id='word_1_625' title='bbox 1974 1571 2216 1626; x_wconf 84' lang='lat' dir='ltr'><strong>bibiturus</strong></span> <span class='ocrx_word' id='word_1_626' title='bbox 2235 1589 2346 1627; x_wconf 88' lang='lat' dir='ltr'><strong>sum</strong></span> <span class='ocrx_word' id='word_1_627' title='bbox 2373 1573 2582 1644; x_wconf 77' lang='lat' dir='ltr'><strong>(Matth.</strong></span> <span class='ocrx_word' id='word_1_628' title='bbox 2605 1591 2694 1640; x_wconf 90' lang='lat' dir='ltr'><strong>xx,</strong></span> <span class='ocrx_word' id='word_1_629' title='bbox 2716 1575 2806 1639; x_wconf 73' lang='lat'><strong>21,</strong></span> <span class='ocrx_word' id='word_1_630' title='bbox 2823 1575 2913 1646; x_wconf 61' lang='grc' dir='ltr'><strong>Ἡ)</strong></span> <span class='ocrx_word' id='word_1_631' title='bbox 2930 1577 3102 1645; x_wconf 90' lang='lat' dir='ltr'><strong>?Quid</strong></span> <span class='ocrx_word' id='word_1_632' title='bbox 3119 1582 3361 1649; x_wconf 87' lang='lat' dir='ltr'><strong>cogitatis</strong></span> <span class='ocrx_word' id='word_1_633' title='bbox 3381 1583 3556 1639; x_wconf 89' lang='lat' dir='ltr'><strong>altitu-</strong></span> 
     </span>
    </p>
   </div>
   <div class='ocr_carea' id='block_1_75' title="bbox 1973 1665 3556 1732">
    <p class='ocr_par' dir='ltr' id='par_1_75' title="bbox 1973 1665 3556 1732">
     <span class='ocr_line' id='line_1_75' title="bbox 1973 1665 3556 1732; baseline 0.008 -15"><span class='ocrx_word' id='word_1_634' title='bbox 1973 1665 2150 1720; x_wconf 91' lang='lat' dir='ltr'><strong>dinem</strong></span> <span class='ocrx_word' id='word_1_635' title='bbox 2196 1666 2341 1732; x_wconf 86' lang='lat' dir='ltr'><strong>regni</strong></span> <span class='ocrx_word' id='word_1_636' title='bbox 2371 1705 2386 1728; x_wconf 91' lang='lat'><strong>,</strong></span> <span class='ocrx_word' id='word_1_637' title='bbox 2419 1673 2473 1720; x_wconf 94' lang='lat' dir='ltr'><strong>et</strong></span> <span class='ocrx_word' id='word_1_638' title='bbox 2500 1681 2603 1720; x_wconf 83' lang='lat' dir='ltr'><strong>non</strong></span> <span class='ocrx_word' id='word_1_639' title='bbox 2632 1667 2906 1722; x_wconf 89' lang='lat' dir='ltr'><strong>imitamini</strong></span> <span class='ocrx_word' id='word_1_640' title='bbox 2952 1670 3300 1726; x_wconf 75' lang='lat' dir='ltr'><strong>humilitatem</strong></span> <span class='ocrx_word' id='word_1_641' title='bbox 3328 1690 3499 1729; x_wconf 91' lang='lat' dir='ltr'><strong>meam</strong></span> <span class='ocrx_word' id='word_1_642' title='bbox 3532 1678 3556 1729; x_wconf 65' lang='grc' dir='ltr'><em>ἲ</em></span> 
     </span>
    </p>
   </div>
   <div class='ocr_carea' id='block_1_76' title="bbox 1974 1753 3555 1824">
    <p class='ocr_par' dir='ltr' id='par_1_76' title="bbox 1974 1753 3555 1824">
     <span class='ocr_line' id='line_1_76' title="bbox 1974 1753 3555 1824; baseline 0.006 -15"><span class='ocrx_word' id='word_1_643' title='bbox 1974 1755 2115 1824; x_wconf 85' lang='lat' dir='ltr'><strong>Ergo</strong></span> <span class='ocrx_word' id='word_1_644' title='bbox 2139 1753 2262 1824; x_wconf 90' lang='lat' dir='ltr'><strong>quid</strong></span> <span class='ocrx_word' id='word_1_645' title='bbox 2283 1794 2300 1820; x_wconf 89' lang='lat'><strong>,</strong></span> <span class='ocrx_word' id='word_1_646' title='bbox 2332 1754 2375 1808; x_wconf 91' lang='lat' dir='ltr'><strong>si</strong></span> <span class='ocrx_word' id='word_1_647' title='bbox 2403 1755 2479 1810; x_wconf 89' lang='lat' dir='ltr'><strong>sic</strong></span> <span class='ocrx_word' id='word_1_648' title='bbox 2506 1764 2555 1810; x_wconf 93' lang='lat' dir='ltr'><strong>te</strong></span> <span class='ocrx_word' id='word_1_649' title='bbox 2583 1763 2781 1822; x_wconf 79' lang='lat' dir='ltr'><strong>tentet,</strong></span> <span class='ocrx_word' id='word_1_650' title='bbox 2814 1755 2920 1812; x_wconf 89' lang='lat' dir='ltr'><strong>Fac</strong></span> <span class='ocrx_word' id='word_1_651' title='bbox 2945 1760 3192 1814; x_wconf 89' lang='lat' dir='ltr'><strong>miracula</strong></span> <span class='ocrx_word' id='word_1_652' title='bbox 3215 1762 3238 1815; x_wconf 71' lang='grc' dir='ltr'><strong><em>Ῥ</em></strong></span> <span class='ocrx_word' id='word_1_653' title='bbox 3266 1779 3332 1818; x_wconf 87' lang='lat' dir='ltr'><strong>ne</strong></span> <span class='ocrx_word' id='word_1_654' title='bbox 3358 1773 3410 1818; x_wconf 91' lang='grc' dir='ltr'><strong>ιιι</strong></span> <span class='ocrx_word' id='word_1_655' title='bbox 3437 1774 3555 1819; x_wconf 84' lang='lat' dir='ltr'><strong>ten-</strong></span> 
     </span>
    </p>
   </div>
   <div class='ocr_carea' id='block_1_77' title="bbox 1975 1844 3558 1923">
    <p class='ocr_par' dir='ltr' id='par_1_77' title="bbox 1975 1844 3558 1923">
     <span class='ocr_line' id='line_1_77' title="bbox 1975 1844 3558 1923; baseline 0.009 -26"><span class='ocrx_word' id='word_1_656' title='bbox 1975 1855 2055 1899; x_wconf 90' lang='lat' dir='ltr'><strong>tes</strong></span> <span class='ocrx_word' id='word_1_657' title='bbox 2095 1845 2299 1909; x_wconf 87' lang='lat' dir='ltr'><strong>Deum,</strong></span> <span class='ocrx_word' id='word_1_658' title='bbox 2327 1844 2452 1915; x_wconf 93' lang='lat' dir='ltr'><strong>quid</strong></span> <span class='ocrx_word' id='word_1_659' title='bbox 2497 1845 2661 1900; x_wconf 85' lang='lat' dir='ltr'><strong>debes</strong></span> <span class='ocrx_word' id='word_1_660' title='bbox 2705 1847 3234 1916; x_wconf 79' lang='lat' dir='ltr'><strong>respondere?QnoJ</strong></span> <span class='ocrx_word' id='word_1_661' title='bbox 3283 1855 3558 1923; x_wconf 84' lang='lat' dir='ltr'><strong>reSpondit</strong></span> 
     </span>
    </p>
   </div>
   <div class='ocr_carea' id='block_1_78' title="bbox 1978 1936 3557 2016">
    <p class='ocr_par' dir='ltr' id='par_1_78' title="bbox 1978 1936 3557 2016">
     <span class='ocr_line' id='line_1_78' title="bbox 1978 1936 3557 2016; baseline 0.006 -26"><span class='ocrx_word' id='word_1_662' title='bbox 1978 1936 2251 1990; x_wconf 90' lang='lat' dir='ltr'><strong>Dominus.</strong></span> <span class='ocrx_word' id='word_1_663' title='bbox 2293 1937 2378 1990; x_wconf 83' lang='lat' dir='ltr'><strong>Ait</strong></span> <span class='ocrx_word' id='word_1_664' title='bbox 2425 1936 2500 1991; x_wconf 90' lang='lat' dir='ltr'><strong>illi</strong></span> <span class='ocrx_word' id='word_1_665' title='bbox 2547 1937 2806 1991; x_wconf 84' lang='lat' dir='ltr'><strong>diabolus.</strong></span> <span class='ocrx_word' id='word_1_666' title='bbox 2859 1938 3005 1993; x_wconf 79' lang='lat' dir='ltr'><strong>Mitte</strong></span> <span class='ocrx_word' id='word_1_667' title='bbox 3041 1949 3087 1993; x_wconf 86' lang='lat' dir='ltr'><strong>te</strong></span> <span class='ocrx_word' id='word_1_668' title='bbox 3125 1941 3393 2009; x_wconf 85' lang='lat' dir='ltr'><strong>deorsum;</strong></span> <span class='ocrx_word' id='word_1_669' title='bbox 3439 1948 3557 2016; x_wconf 84' lang='lat' dir='ltr'><strong>quia</strong></span> 
     </span>
    </p>
   </div>
   <div class='ocr_carea' id='block_1_79' title="bbox 1973 2025 3557 2097">
    <p class='ocr_par' dir='ltr' id='par_1_79' title="bbox 1973 2025 3557 2097">
     <span class='ocr_line' id='line_1_79' title="bbox 1973 2025 3557 2097; baseline 0.006 -17"><span class='ocrx_word' id='word_1_670' title='bbox 1973 2026 2214 2095; x_wconf 85' lang='lat' dir='ltr'><strong>scriptum</strong></span> <span class='ocrx_word' id='word_1_671' title='bbox 2243 2035 2344 2091; x_wconf 87' lang='lat' dir='ltr'><strong>est,</strong></span> <span class='ocrx_word' id='word_1_672' title='bbox 2373 2025 2577 2097; x_wconf 83' lang='lat' dir='ltr'><strong>Angelis</strong></span> <span class='ocrx_word' id='word_1_673' title='bbox 2601 2027 2704 2081; x_wconf 82' lang='lat' dir='ltr'><strong>suis</strong></span> <span class='ocrx_word' id='word_1_674' title='bbox 2728 2029 2984 2082; x_wconf 86' lang='lat' dir='ltr'><strong>mandavit</strong></span> <span class='ocrx_word' id='word_1_675' title='bbox 3008 2029 3071 2083; x_wconf 84' lang='lat' dir='ltr'><strong>de</strong></span> <span class='ocrx_word' id='word_1_676' title='bbox 3093 2039 3158 2097; x_wconf 89' lang='lat' dir='ltr'><strong>te,</strong></span> <span class='ocrx_word' id='word_1_677' title='bbox 3182 2041 3237 2085; x_wconf 90' lang='lat' dir='ltr'><strong>ut</strong></span> <span class='ocrx_word' id='word_1_678' title='bbox 3257 2033 3307 2086; x_wconf 88' lang='lat' dir='ltr'><strong>in</strong></span> <span class='ocrx_word' id='word_1_679' title='bbox 3328 2036 3557 2090; x_wconf 87' lang='lat' dir='ltr'><strong>manibus</strong></span> 
     </span>
    </p>
   </div>
   <div class='ocr_carea' id='block_1_80' title="bbox 1975 2117 3558 2192">
    <p class='ocr_par' dir='ltr' id='par_1_80' title="bbox 1975 2117 3558 2192">
     <span class='ocr_line' id='line_1_80' title="bbox 1975 2117 3558 2192; baseline 0.008 -22"><span class='ocrx_word' id='word_1_680' title='bbox 1975 2117 2237 2184; x_wconf 87' lang='lat' dir='ltr'><strong>tollantte,</strong></span> <span class='ocrx_word' id='word_1_681' title='bbox 2256 2133 2318 2171; x_wconf 86' lang='lat' dir='ltr'><strong>ne</strong></span> <span class='ocrx_word' id='word_1_682' title='bbox 2333 2117 2700 2186; x_wconf 76' lang='lat' dir='ltr'><strong>forteoﬂ&#39;endas</strong></span> <span class='ocrx_word' id='word_1_683' title='bbox 2714 2119 2781 2172; x_wconf 90' lang='lat' dir='ltr'><strong>ad</strong></span> <span class='ocrx_word' id='word_1_684' title='bbox 2798 2119 3016 2191; x_wconf 84' lang='lat' dir='ltr'><strong>lapidem</strong></span> <span class='ocrx_word' id='word_1_685' title='bbox 3042 2123 3219 2192; x_wconf 80' lang='lat' dir='ltr'><strong>pedem</strong></span> <span class='ocrx_word' id='word_1_686' title='bbox 3245 2134 3403 2178; x_wconf 85' lang='lat' dir='ltr'><strong>tuum.</strong></span> <span class='ocrx_word' id='word_1_687' title='bbox 3433 2126 3486 2181; x_wconf 89' lang='lat' dir='ltr'><strong>Si</strong></span> <span class='ocrx_word' id='word_1_688' title='bbox 3507 2136 3558 2184; x_wconf 89' lang='lat' dir='ltr'><strong>te</strong></span> 
     </span>
    </p>
   </div>
   <div class='ocr_carea' id='block_1_81' title="bbox 1974 2207 3554 2284">
    <p class='ocr_par' dir='ltr' id='par_1_81' title="bbox 1974 2207 3554 2284">
     <span class='ocr_line' id='line_1_81' title="bbox 1974 2207 3554 2284; baseline 0.004 -20"><span class='ocrx_word' id='word_1_689' title='bbox 1974 2209 2204 2274; x_wconf 88' lang='lat' dir='ltr'><strong>miseris,</strong></span> <span class='ocrx_word' id='word_1_690' title='bbox 2234 2207 2423 2278; x_wconf 87' lang='lat' dir='ltr'><strong>Angeli</strong></span> <span class='ocrx_word' id='word_1_691' title='bbox 2452 2217 2502 2262; x_wconf 91' lang='lat' dir='ltr'><strong>te</strong></span> <span class='ocrx_word' id='word_1_692' title='bbox 2536 2210 2846 2278; x_wconf 88' lang='lat' dir='ltr'><strong>suscipient.</strong></span> <span class='ocrx_word' id='word_1_693' title='bbox 2879 2209 2946 2264; x_wconf 88' lang='lat' dir='ltr'><strong>Et</strong></span> <span class='ocrx_word' id='word_1_694' title='bbox 2970 2223 3152 2281; x_wconf 89' lang='lat' dir='ltr'><strong>posset</strong></span> <span class='ocrx_word' id='word_1_695' title='bbox 3174 2214 3386 2283; x_wconf 91' lang='lat' dir='ltr'><strong>quidem</strong></span> <span class='ocrx_word' id='word_1_696' title='bbox 3416 2217 3554 2284; x_wconf 87' lang='lat' dir='ltr'><strong>fieri,</strong></span> 
     </span>
    </p>
   </div>
   <div class='ocr_carea' id='block_1_82' title="bbox 1976 2298 3555 2377">
    <p class='ocr_par' dir='ltr' id='par_1_82' title="bbox 1976 2298 3555 2377">
     <span class='ocr_line' id='line_1_82' title="bbox 1976 2298 3555 2377; baseline 0.006 -24"><span class='ocrx_word' id='word_1_697' title='bbox 1976 2299 2185 2365; x_wconf 89' lang='lat' dir='ltr'><strong>fratres,</strong></span> <span class='ocrx_word' id='word_1_698' title='bbox 2199 2308 2256 2353; x_wconf 92' lang='lat' dir='ltr'><strong>ut</strong></span> <span class='ocrx_word' id='word_1_699' title='bbox 2275 2298 2318 2352; x_wconf 89' lang='lat' dir='ltr'><strong>si</strong></span> <span class='ocrx_word' id='word_1_700' title='bbox 2346 2313 2404 2354; x_wconf 90' lang='lat' dir='ltr'><strong>se</strong></span> <span class='ocrx_word' id='word_1_701' title='bbox 2419 2299 2650 2355; x_wconf 91' lang='lat' dir='ltr'><strong>misisset</strong></span> <span class='ocrx_word' id='word_1_702' title='bbox 2668 2299 2946 2367; x_wconf 89' lang='lat' dir='ltr'><strong>Dominus,</strong></span> <span class='ocrx_word' id='word_1_703' title='bbox 2961 2303 3213 2372; x_wconf 89' lang='lat' dir='ltr'><strong>obsequia</strong></span> <span class='ocrx_word' id='word_1_704' title='bbox 3233 2306 3555 2377; x_wconf 83' lang='lat' dir='ltr'><strong>Angelorum</strong></span> 
     </span>
    </p>
   </div>
   <div class='ocr_carea' id='block_1_83' title="bbox 1975 2390 3560 2463">
    <p class='ocr_par' dir='ltr' id='par_1_83' title="bbox 1975 2390 3560 2463">
     <span class='ocr_line' id='line_1_83' title="bbox 1975 2390 3560 2463; baseline 0.004 -18"><span class='ocrx_word' id='word_1_705' title='bbox 1975 2390 2310 2460; x_wconf 87' lang='lat' dir='ltr'><strong>susciperent</strong></span> <span class='ocrx_word' id='word_1_706' title='bbox 2340 2405 2552 2445; x_wconf 88' lang='lat' dir='ltr'><strong>carnem</strong></span> <span class='ocrx_word' id='word_1_707' title='bbox 2600 2391 2807 2446; x_wconf 89' lang='lat' dir='ltr'><strong>Domini</strong></span> <span class='ocrx_word' id='word_1_708' title='bbox 2833 2409 2846 2444; x_wconf 89' lang='lat'><strong>:</strong></span> <span class='ocrx_word' id='word_1_709' title='bbox 2871 2391 2964 2446; x_wconf 89' lang='lat' dir='ltr'><strong>sed</strong></span> <span class='ocrx_word' id='word_1_710' title='bbox 2995 2393 3119 2463; x_wconf 88' lang='lat' dir='ltr'><strong>quid</strong></span> <span class='ocrx_word' id='word_1_711' title='bbox 3173 2394 3245 2448; x_wconf 94' lang='lat' dir='ltr'><strong>illi</strong></span> <span class='ocrx_word' id='word_1_712' title='bbox 3300 2397 3420 2450; x_wconf 85' lang='lat' dir='ltr'><strong>ait?</strong></span> <span class='ocrx_word' id='word_1_713' title='bbox 3450 2397 3560 2451; x_wconf 81' lang='lat' dir='ltr'><strong>Ite-</strong></span> 
     </span>
    </p>
   </div>
   <div class='ocr_carea' id='block_1_84' title="bbox 1975 2479 3551 2552">
    <p class='ocr_par' dir='ltr' id='par_1_84' title="bbox 1975 2479 3551 2552">
     <span class='ocr_line' id='line_1_84' title="bbox 1975 2479 3551 2552; baseline 0.004 -17"><span class='ocrx_word' id='word_1_714' title='bbox 1975 2499 2085 2536; x_wconf 88' lang='lat' dir='ltr'><strong>rum</strong></span> <span class='ocrx_word' id='word_1_715' title='bbox 2109 2482 2351 2552; x_wconf 85' lang='lat' dir='ltr'><strong>scriptum</strong></span> <span class='ocrx_word' id='word_1_716' title='bbox 2380 2491 2489 2546; x_wconf 85' lang='lat' dir='ltr'><strong>est,</strong></span> <span class='ocrx_word' id='word_1_717' title='bbox 2521 2479 2640 2535; x_wconf 85' lang='lat' dir='ltr'><strong>Non</strong></span> <span class='ocrx_word' id='word_1_718' title='bbox 2667 2483 2878 2535; x_wconf 85' lang='lat' dir='ltr'><strong>lentabis</strong></span> <span class='ocrx_word' id='word_1_719' title='bbox 2907 2481 3176 2536; x_wconf 89' lang='lat' dir='ltr'><strong>Dominum</strong></span> <span class='ocrx_word' id='word_1_720' title='bbox 3208 2482 3365 2537; x_wconf 89' lang='lat' dir='ltr'><strong>Deum</strong></span> <span class='ocrx_word' id='word_1_721' title='bbox 3392 2495 3551 2541; x_wconf 88' lang='lat' dir='ltr'><strong>tuum.</strong></span> 
     </span>
    </p>
   </div>
   <div class='ocr_carea' id='block_1_85' title="bbox 1977 2570 3552 2641">
    <p class='ocr_par' dir='ltr' id='par_1_85' title="bbox 1977 2570 3552 2641">
     <span class='ocr_line' id='line_1_85' title="bbox 1977 2570 3552 2641; baseline 0.003 -14"><span class='ocrx_word' id='word_1_722' title='bbox 1977 2570 2255 2627; x_wconf 80' lang='lat' dir='ltr'><strong>Hominem</strong></span> <span class='ocrx_word' id='word_1_723' title='bbox 2287 2587 2373 2626; x_wconf 90' lang='lat' dir='ltr'><strong>me</strong></span> <span class='ocrx_word' id='word_1_724' title='bbox 2398 2580 2572 2640; x_wconf 91' lang='lat' dir='ltr'><strong>potas.</strong></span> <span class='ocrx_word' id='word_1_725' title='bbox 2608 2571 2685 2624; x_wconf 80' lang='lat' dir='ltr'><strong>Ad</strong></span> <span class='ocrx_word' id='word_1_726' title='bbox 2719 2571 2818 2624; x_wconf 89' lang='lat' dir='ltr'><strong>hoc</strong></span> <span class='ocrx_word' id='word_1_727' title='bbox 2847 2573 2988 2625; x_wconf 90' lang='lat' dir='ltr'><strong>enim</strong></span> <span class='ocrx_word' id='word_1_728' title='bbox 3017 2573 3242 2626; x_wconf 85' lang='lat' dir='ltr'><strong>accessit</strong></span> <span class='ocrx_word' id='word_1_729' title='bbox 3269 2575 3511 2631; x_wconf 88' lang='lat' dir='ltr'><strong>diabolus</strong></span> <span class='ocrx_word' id='word_1_730' title='bbox 3539 2621 3552 2641; x_wconf 95' lang='lat'><strong>,</strong></span> 
     </span>
    </p>
   </div>
   <div class='ocr_carea' id='block_1_86' title="bbox 1978 2661 3556 2732">
    <p class='ocr_par' dir='ltr' id='par_1_86' title="bbox 1978 2661 3556 2732">
     <span class='ocr_line' id='line_1_86' title="bbox 1978 2661 3556 2732; baseline 0.003 -15"><span class='ocrx_word' id='word_1_731' title='bbox 1978 2671 2033 2717; x_wconf 89' lang='lat' dir='ltr'><strong>ut</strong></span> <span class='ocrx_word' id='word_1_732' title='bbox 2064 2670 2292 2717; x_wconf 89' lang='lat' dir='ltr'><strong>tentaret</strong></span> <span class='ocrx_word' id='word_1_733' title='bbox 2310 2672 2486 2715; x_wconf 91' lang='lat' dir='ltr'><strong>utrum</strong></span> <span class='ocrx_word' id='word_1_734' title='bbox 2524 2661 2691 2716; x_wconf 89' lang='lat' dir='ltr'><strong>Filius</strong></span> <span class='ocrx_word' id='word_1_735' title='bbox 2722 2661 2814 2716; x_wconf 90' lang='lat' dir='ltr'><strong>Dei</strong></span> <span class='ocrx_word' id='word_1_736' title='bbox 2841 2661 2954 2732; x_wconf 92' lang='lat' dir='ltr'><strong>ipse</strong></span> <span class='ocrx_word' id='word_1_737' title='bbox 2984 2673 3144 2718; x_wconf 89' lang='lat' dir='ltr'><strong>esset.</strong></span> <span class='ocrx_word' id='word_1_738' title='bbox 3171 2663 3400 2721; x_wconf 91' lang='lat' dir='ltr'><strong>Videbat</strong></span> <span class='ocrx_word' id='word_1_739' title='bbox 3436 2683 3556 2723; x_wconf 65' lang='lat' dir='ltr'><strong>car.</strong></span> 
     </span>
    </p>
   </div>
   <div class='ocr_carea' id='block_1_87' title="bbox 1978 2751 3558 2827">
    <p class='ocr_par' dir='ltr' id='par_1_87' title="bbox 1978 2751 3558 2827">
     <span class='ocr_line' id='line_1_87' title="bbox 1978 2751 3558 2827; baseline 0.003 -19"><span class='ocrx_word' id='word_1_740' title='bbox 1978 2770 2134 2818; x_wconf 89' lang='lat' dir='ltr'><strong>nem;</strong></span> <span class='ocrx_word' id='word_1_741' title='bbox 2177 2753 2268 2807; x_wconf 88' lang='lat' dir='ltr'><strong>sed</strong></span> <span class='ocrx_word' id='word_1_742' title='bbox 2297 2752 2548 2822; x_wconf 72' lang='lat' dir='ltr'><strong>maiestas</strong></span> <span class='ocrx_word' id='word_1_743' title='bbox 2579 2752 2629 2806; x_wconf 87' lang='lat' dir='ltr'><strong>itt</strong></span> <span class='ocrx_word' id='word_1_744' title='bbox 2652 2751 2900 2822; x_wconf 85' lang='lat' dir='ltr'><strong>operibus</strong></span> <span class='ocrx_word' id='word_1_745' title='bbox 2928 2753 3234 2823; x_wconf 87' lang='lat' dir='ltr'><strong>apparebat.</strong></span> <span class='ocrx_word' id='word_1_746' title='bbox 3267 2757 3452 2827; x_wconf 90' lang='lat' dir='ltr'><strong>Augeli</strong></span> <span class='ocrx_word' id='word_1_747' title='bbox 3477 2767 3558 2813; x_wconf 85' lang='lat' dir='ltr'><strong>tc-</strong></span> 
     </span>
    </p>
   </div>
   <div class='ocr_carea' id='block_1_88' title="bbox 1978 2843 3560 2913">
    <p class='ocr_par' dir='ltr' id='par_1_88' title="bbox 1978 2843 3560 2913">
     <span class='ocr_line' id='line_1_88' title="bbox 1978 2843 3560 2913; baseline 0.003 -13"><span class='ocrx_word' id='word_1_748' title='bbox 1978 2846 2286 2900; x_wconf 88' lang='lat' dir='ltr'><strong>stimonium</strong></span> <span class='ocrx_word' id='word_1_749' title='bbox 2310 2845 2572 2900; x_wconf 81' lang='lat' dir='ltr'><strong>dixerant.</strong></span> <span class='ocrx_word' id='word_1_750' title='bbox 2603 2845 2693 2899; x_wconf 93' lang='lat' dir='ltr'><strong>llle</strong></span> <span class='ocrx_word' id='word_1_751' title='bbox 2712 2843 2927 2900; x_wconf 90' lang='lat' dir='ltr'><strong>videbat</strong></span> <span class='ocrx_word' id='word_1_752' title='bbox 2955 2848 3235 2902; x_wconf 86' lang='lat' dir='ltr'><strong>mortalem</strong></span> <span class='ocrx_word' id='word_1_753' title='bbox 3261 2890 3274 2913; x_wconf 92' lang='lat'><strong>,</strong></span> <span class='ocrx_word' id='word_1_754' title='bbox 3309 2859 3365 2903; x_wconf 89' lang='lat' dir='ltr'><strong>ttt</strong></span> <span class='ocrx_word' id='word_1_755' title='bbox 3390 2859 3560 2905; x_wconf 84' lang='lat' dir='ltr'><strong>tenta-</strong></span> 
     </span>
    </p>
   </div>
   <div class='ocr_carea' id='block_1_89' title="bbox 1977 2937 3558 3008">
    <p class='ocr_par' dir='ltr' id='par_1_89' title="bbox 1977 2937 3558 3008">
     <span class='ocr_line' id='line_1_89' title="bbox 1977 2937 3558 3008; baseline 0.001 -14"><span class='ocrx_word' id='word_1_756' title='bbox 1977 2948 2096 3005; x_wconf 92' lang='lat' dir='ltr'><strong>ret,</strong></span> <span class='ocrx_word' id='word_1_757' title='bbox 2130 2949 2187 2992; x_wconf 91' lang='lat' dir='ltr'><strong>ut</strong></span> <span class='ocrx_word' id='word_1_758' title='bbox 2225 2937 2440 2992; x_wconf 89' lang='lat' dir='ltr'><strong>Christo</strong></span> <span class='ocrx_word' id='word_1_759' title='bbox 2487 2945 2686 2992; x_wconf 91' lang='lat' dir='ltr'><strong>tentato</strong></span> <span class='ocrx_word' id='word_1_760' title='bbox 2728 2937 3008 2992; x_wconf 88' lang='lat' dir='ltr'><strong>doceretur</strong></span> <span class='ocrx_word' id='word_1_761' title='bbox 3047 2937 3389 2994; x_wconf 89' lang='lat' dir='ltr'><strong>christianos.</strong></span> <span class='ocrx_word' id='word_1_762' title='bbox 3422 2941 3558 3008; x_wconf 86' lang='lat' dir='ltr'><strong>Quid</strong></span> 
     </span>
    </p>
   </div>
   <div class='ocr_carea' id='block_1_90' title="bbox 1976 3027 3556 3102">
    <p class='ocr_par' dir='ltr' id='par_1_90' title="bbox 1976 3027 3556 3102">
     <span class='ocr_line' id='line_1_90' title="bbox 1976 3027 3556 3102; baseline -0.001 -16"><span class='ocrx_word' id='word_1_763' title='bbox 1976 3046 2104 3102; x_wconf 86' lang='lat' dir='ltr'><strong>ergo</strong></span> <span class='ocrx_word' id='word_1_764' title='bbox 2119 3030 2374 3100; x_wconf 91' lang='lat' dir='ltr'><strong>scriptum</strong></span> <span class='ocrx_word' id='word_1_765' title='bbox 2394 3030 2519 3083; x_wconf 87' lang='lat' dir='ltr'><strong>est?</strong></span> <span class='ocrx_word' id='word_1_766' title='bbox 2538 3027 2657 3083; x_wconf 82' lang='lat' dir='ltr'><strong>Non</strong></span> <span class='ocrx_word' id='word_1_767' title='bbox 2683 3030 2891 3082; x_wconf 86' lang='lat' dir='ltr'><strong>tentabis</strong></span> <span class='ocrx_word' id='word_1_768' title='bbox 2917 3027 3193 3083; x_wconf 87' lang='lat' dir='ltr'><strong>Dominum</strong></span> <span class='ocrx_word' id='word_1_769' title='bbox 3213 3029 3376 3084; x_wconf 84' lang='lat' dir='ltr'><strong>Deum</strong></span> <span class='ocrx_word' id='word_1_770' title='bbox 3397 3042 3556 3086; x_wconf 85' lang='lat' dir='ltr'><strong>tuum.</strong></span> 
     </span>
    </p>
   </div>
   <div class='ocr_carea' id='block_1_91' title="bbox 1981 3120 3561 3193">
    <p class='ocr_par' dir='ltr' id='par_1_91' title="bbox 1981 3120 3561 3193">
     <span class='ocr_line' id='line_1_91' title="bbox 1981 3120 3561 3193; baseline 0.003 -17"><span class='ocrx_word' id='word_1_771' title='bbox 1981 3122 2157 3193; x_wconf 89' lang='lat' dir='ltr'><strong>Itaque</strong></span> <span class='ocrx_word' id='word_1_772' title='bbox 2179 3137 2284 3176; x_wconf 91' lang='lat' dir='ltr'><strong>non</strong></span> <span class='ocrx_word' id='word_1_773' title='bbox 2317 3130 2582 3176; x_wconf 89' lang='lat' dir='ltr'><strong>tentemns</strong></span> <span class='ocrx_word' id='word_1_774' title='bbox 2615 3121 2891 3174; x_wconf 89' lang='lat' dir='ltr'><strong>Dominum</strong></span> <span class='ocrx_word' id='word_1_775' title='bbox 2916 3164 2930 3186; x_wconf 91' lang='lat'><strong>,</strong></span> <span class='ocrx_word' id='word_1_776' title='bbox 2956 3128 3012 3174; x_wconf 92' lang='lat' dir='ltr'><strong>ut</strong></span> <span class='ocrx_word' id='word_1_777' title='bbox 3040 3120 3298 3178; x_wconf 88' lang='lat' dir='ltr'><strong>dicamus.</strong></span> <span class='ocrx_word' id='word_1_778' title='bbox 3335 3123 3391 3179; x_wconf 90' lang='lat' dir='ltr'><strong>Si</strong></span> <span class='ocrx_word' id='word_1_779' title='bbox 3418 3123 3483 3178; x_wconf 89' lang='lat' dir='ltr'><strong>ad</strong></span> <span class='ocrx_word' id='word_1_780' title='bbox 3509 3133 3561 3180; x_wconf 86' lang='lat' dir='ltr'><strong>te</strong></span> 
     </span>
    </p>
   </div>
   <div class='ocr_carea' id='block_1_92' title="bbox 1979 3209 2980 3283">
    <p class='ocr_par' dir='ltr' id='par_1_92' title="bbox 1979 3209 2980 3283">
     <span class='ocr_line' id='line_1_92' title="bbox 1979 3209 2980 3283; baseline -0.005 -16"><span class='ocrx_word' id='word_1_781' title='bbox 1979 3212 2306 3283; x_wconf 84' lang='lat' dir='ltr'><strong>pertinemus</strong></span> <span class='ocrx_word' id='word_1_782' title='bbox 2327 3253 2342 3278; x_wconf 93' lang='lat'><strong>,</strong></span> <span class='ocrx_word' id='word_1_783' title='bbox 2366 3209 2678 3264; x_wconf 87' lang='lat' dir='ltr'><strong>miraculum</strong></span> <span class='ocrx_word' id='word_1_784' title='bbox 2708 3209 2980 3264; x_wconf 89' lang='lat' dir='ltr'><strong>faciamus.</strong></span> 
     </span>
    </p>
   </div>
   <div class='ocr_carea' id='block_1_93' title="bbox 2048 3301 3561 3377">
    <p class='ocr_par' dir='ltr' id='par_1_93' title="bbox 2048 3301 3561 3377">
     <span class='ocr_line' id='line_1_93' title="bbox 2048 3301 3561 3377; baseline 0.003 -19"><span class='ocrx_word' id='word_1_785' title='bbox 2048 3302 2101 3358; x_wconf 92' lang='lat'><strong>8.</strong></span> <span class='ocrx_word' id='word_1_786' title='bbox 2135 3302 2434 3358; x_wconf 78' lang='lat' dir='ltr'><strong>Redeamus</strong></span> <span class='ocrx_word' id='word_1_787' title='bbox 2460 3311 2676 3371; x_wconf 82' lang='lat' dir='ltr'><strong>propter</strong></span> <span class='ocrx_word' id='word_1_788' title='bbox 2695 3301 2852 3356; x_wconf 84' lang='lat' dir='ltr'><strong>verba</strong></span> <span class='ocrx_word' id='word_1_789' title='bbox 2875 3302 3092 3358; x_wconf 87' lang='lat' dir='ltr'><strong>Psalmi.</strong></span> <span class='ocrx_word' id='word_1_790' title='bbox 3115 3305 3318 3377; x_wconf 86' lang='lat' dir='ltr'><strong>Angelis</strong></span> <span class='ocrx_word' id='word_1_791' title='bbox 3333 3307 3458 3372; x_wconf 83' lang='lat' dir='ltr'><strong>suis,</strong></span> <span class='ocrx_word' id='word_1_792' title='bbox 3476 3307 3561 3362; x_wconf 60' lang='lat' dir='ltr'><strong>in.</strong></span> 
     </span>
    </p>
   </div>
   <div class='ocr_carea' id='block_1_94' title="bbox 1978 3392 3557 3462">
    <p class='ocr_par' dir='ltr' id='par_1_94' title="bbox 1978 3392 3557 3462">
     <span class='ocr_line' id='line_1_94' title="bbox 1978 3392 3557 3462; baseline 0.003 -15"><span class='ocrx_word' id='word_1_793' title='bbox 1978 3393 2122 3462; x_wconf 85' lang='lat' dir='ltr'><strong>quit,</strong></span> <span class='ocrx_word' id='word_1_794' title='bbox 2141 3392 2555 3456; x_wconf 85' lang='lat' dir='ltr'><strong>mandavildcle,</strong></span> <span class='ocrx_word' id='word_1_795' title='bbox 2577 3403 2627 3445; x_wconf 90' lang='lat' dir='ltr'><strong>ut</strong></span> <span class='ocrx_word' id='word_1_796' title='bbox 2643 3393 2926 3446; x_wconf 87' lang='lat' dir='ltr'><strong>custodiant</strong></span> <span class='ocrx_word' id='word_1_797' title='bbox 2949 3402 2995 3447; x_wconf 87' lang='lat' dir='ltr'><strong>te</strong></span> <span class='ocrx_word' id='word_1_798' title='bbox 3008 3394 3060 3448; x_wconf 84' lang='lat' dir='ltr'><strong>in</strong></span> <span class='ocrx_word' id='word_1_799' title='bbox 3078 3395 3306 3450; x_wconf 88' lang='lat' dir='ltr'><strong>omnibus</strong></span> <span class='ocrx_word' id='word_1_800' title='bbox 3332 3397 3424 3451; x_wconf 87' lang='lat' dir='ltr'><strong>viis</strong></span> <span class='ocrx_word' id='word_1_801' title='bbox 3442 3401 3557 3452; x_wconf 85' lang='lat' dir='ltr'><strong>tuis.</strong></span> 
     </span>
    </p>
   </div>
   <div class='ocr_carea' id='block_1_95' title="bbox 1980 3483 3563 3556">
    <p class='ocr_par' dir='ltr' id='par_1_95' title="bbox 1980 3483 3563 3556">
     <span class='ocr_line' id='line_1_95' title="bbox 1980 3483 3563 3556; baseline 0.001 -18"><span class='ocrx_word' id='word_1_802' title='bbox 1980 3483 2044 3538; x_wconf 87' lang='lat' dir='ltr'><strong>In</strong></span> <span class='ocrx_word' id='word_1_803' title='bbox 2073 3485 2302 3537; x_wconf 87' lang='lat' dir='ltr'><strong>manibus</strong></span> <span class='ocrx_word' id='word_1_804' title='bbox 2331 3483 2505 3537; x_wconf 86' lang='lat' dir='ltr'><strong>tollent</strong></span> <span class='ocrx_word' id='word_1_805' title='bbox 2551 3492 2597 3535; x_wconf 85' lang='lat' dir='ltr'><strong>te</strong></span> <span class='ocrx_word' id='word_1_806' title='bbox 2619 3524 2632 3545; x_wconf 94' lang='lat'><strong>,</strong></span> <span class='ocrx_word' id='word_1_807' title='bbox 2677 3483 2942 3552; x_wconf 81' lang='lat' dir='ltr'><strong>nequando</strong></span> <span class='ocrx_word' id='word_1_808' title='bbox 2980 3484 3208 3551; x_wconf 73' lang='lat' dir='ltr'><strong>oﬂ&#39;endas</strong></span> <span class='ocrx_word' id='word_1_809' title='bbox 3236 3486 3305 3539; x_wconf 89' lang='lat' dir='ltr'><strong>ad</strong></span> <span class='ocrx_word' id='word_1_810' title='bbox 3342 3486 3563 3556; x_wconf 87' lang='lat' dir='ltr'><strong>lapidem</strong></span> 
     </span>
    </p>
   </div>
   <div class='ocr_carea' id='block_1_96' title="bbox 1980 3573 3562 3649">
    <p class='ocr_par' dir='ltr' id='par_1_96' title="bbox 1980 3573 3562 3649">
     <span class='ocr_line' id='line_1_96' title="bbox 1980 3573 3562 3649; baseline 0.004 -21"><span class='ocrx_word' id='word_1_811' title='bbox 1980 3575 2155 3645; x_wconf 87' lang='lat' dir='ltr'><strong>pedem</strong></span> <span class='ocrx_word' id='word_1_812' title='bbox 2180 3583 2340 3628; x_wconf 89' lang='lat' dir='ltr'><strong>tuum.</strong></span> <span class='ocrx_word' id='word_1_813' title='bbox 2374 3573 2624 3628; x_wconf 89' lang='lat' dir='ltr'><strong>Soblatns</strong></span> <span class='ocrx_word' id='word_1_814' title='bbox 2648 3582 2730 3628; x_wconf 90' lang='lat' dir='ltr'><strong>est</strong></span> <span class='ocrx_word' id='word_1_815' title='bbox 2751 3575 2994 3630; x_wconf 87' lang='lat' dir='ltr'><strong>Christus</strong></span> <span class='ocrx_word' id='word_1_816' title='bbox 3031 3575 3357 3632; x_wconf 83' lang='lat' dir='ltr'><strong>in-manibus</strong></span> <span class='ocrx_word' id='word_1_817' title='bbox 3385 3577 3562 3649; x_wconf 80' lang='lat' dir='ltr'><strong>Ange-</strong></span> 
     </span>
    </p>
   </div>
   <div class='ocr_carea' id='block_1_97' title="bbox 1980 3664 3562 3740">
    <p class='ocr_par' dir='ltr' id='par_1_97' title="bbox 1980 3664 3562 3740">
     <span class='ocr_line' id='line_1_97' title="bbox 1980 3664 3562 3740; baseline 0.003 -21"><span class='ocrx_word' id='word_1_818' title='bbox 1980 3667 2149 3719; x_wconf 92' lang='lat' dir='ltr'><strong>lorum</strong></span> <span class='ocrx_word' id='word_1_819' title='bbox 2171 3708 2184 3730; x_wconf 89' lang='lat'><strong>,</strong></span> <span class='ocrx_word' id='word_1_820' title='bbox 2216 3664 2427 3735; x_wconf 87' lang='lat' dir='ltr'><strong>quando</strong></span> <span class='ocrx_word' id='word_1_821' title='bbox 2467 3673 2770 3734; x_wconf 89' lang='lat' dir='ltr'><strong>assumptus</strong></span> <span class='ocrx_word' id='word_1_822' title='bbox 2800 3675 2882 3720; x_wconf 87' lang='lat' dir='ltr'><strong>est</strong></span> <span class='ocrx_word' id='word_1_823' title='bbox 2911 3665 2963 3720; x_wconf 91' lang='lat' dir='ltr'><strong>in</strong></span> <span class='ocrx_word' id='word_1_824' title='bbox 2993 3667 3184 3722; x_wconf 64' lang='lat' dir='ltr'><strong>coalum</strong></span> <span class='ocrx_word' id='word_1_825' title='bbox 3222 3683 3236 3732; x_wconf 92' lang='lat'><strong>;</strong></span> <span class='ocrx_word' id='word_1_826' title='bbox 3265 3683 3368 3723; x_wconf 89' lang='lat' dir='ltr'><strong>non</strong></span> <span class='ocrx_word' id='word_1_827' title='bbox 3403 3670 3523 3740; x_wconf 90' lang='lat' dir='ltr'><strong>quia</strong></span> <span class='ocrx_word' id='word_1_828' title='bbox 3544 3709 3562 3738; x_wconf 84' lang='lat'><strong>,</strong></span> 
     </span>
    </p>
   </div>
   <div class='ocr_carea' id='block_1_98' title="bbox 1980 3757 3565 3832">
    <p class='ocr_par' dir='ltr' id='par_1_98' title="bbox 1980 3757 3565 3832">
     <span class='ocr_line' id='line_1_98' title="bbox 1980 3757 3565 3832; baseline 0.003 -20"><span class='ocrx_word' id='word_1_829' title='bbox 1980 3758 2024 3813; x_wconf 91' lang='lat' dir='ltr'><strong>si</strong></span> <span class='ocrx_word' id='word_1_830' title='bbox 2057 3775 2160 3812; x_wconf 91' lang='lat' dir='ltr'><strong>non</strong></span> <span class='ocrx_word' id='word_1_831' title='bbox 2192 3765 2467 3827; x_wconf 91' lang='lat' dir='ltr'><strong>portarent</strong></span> <span class='ocrx_word' id='word_1_832' title='bbox 2494 3757 2681 3825; x_wconf 80' lang='lat' dir='ltr'><strong>Augeli</strong></span> <span class='ocrx_word' id='word_1_833' title='bbox 2714 3799 2728 3821; x_wconf 89' lang='lat'><strong>,</strong></span> <span class='ocrx_word' id='word_1_834' title='bbox 2753 3759 2990 3813; x_wconf 88' lang='lat' dir='ltr'><strong>ruiturus</strong></span> <span class='ocrx_word' id='word_1_835' title='bbox 3018 3767 3167 3825; x_wconf 89' lang='lat' dir='ltr'><strong>erat;</strong></span> <span class='ocrx_word' id='word_1_836' title='bbox 3194 3761 3287 3818; x_wconf 86' lang='lat' dir='ltr'><strong>sed</strong></span> <span class='ocrx_word' id='word_1_837' title='bbox 3317 3763 3437 3832; x_wconf 92' lang='lat' dir='ltr'><strong>quia</strong></span> <span class='ocrx_word' id='word_1_838' title='bbox 3464 3763 3565 3816; x_wconf 89' lang='lat' dir='ltr'><strong>ob-</strong></span> 
     </span>
    </p>
   </div>
   <div class='ocr_carea' id='block_1_99' title="bbox 1979 3846 3563 3925">
    <p class='ocr_par' dir='ltr' id='par_1_99' title="bbox 1979 3846 3563 3925">
     <span class='ocr_line' id='line_1_99' title="bbox 1979 3846 3563 3925; baseline 0.004 -23"><span class='ocrx_word' id='word_1_839' title='bbox 1979 3848 2342 3919; x_wconf 84' lang='lat' dir='ltr'><strong>sequebantur</strong></span> <span class='ocrx_word' id='word_1_840' title='bbox 2367 3846 2499 3918; x_wconf 88' lang='lat' dir='ltr'><strong>regi.</strong></span> <span class='ocrx_word' id='word_1_841' title='bbox 2523 3846 2601 3903; x_wconf 85' lang='lat' dir='ltr'><strong>Ne</strong></span> <span class='ocrx_word' id='word_1_842' title='bbox 2630 3847 2767 3902; x_wconf 87' lang='lat' dir='ltr'><strong>forte</strong></span> <span class='ocrx_word' id='word_1_843' title='bbox 2794 3849 2980 3903; x_wconf 86' lang='lat' dir='ltr'><strong>dicatis</strong></span> <span class='ocrx_word' id='word_1_844' title='bbox 3005 3865 3018 3903; x_wconf 91' lang='lat'><strong>:</strong></span> <span class='ocrx_word' id='word_1_845' title='bbox 3047 3850 3291 3906; x_wconf 84' lang='lat' dir='ltr'><strong>Meliores</strong></span> <span class='ocrx_word' id='word_1_846' title='bbox 3327 3861 3450 3907; x_wconf 91' lang='lat' dir='ltr'><strong>sunt</strong></span> <span class='ocrx_word' id='word_1_847' title='bbox 3475 3855 3563 3925; x_wconf 86' lang='lat' dir='ltr'><strong>qui</strong></span> 
     </span>
    </p>
   </div>
   <div class='ocr_carea' id='block_1_100' title="bbox 1983 3939 3566 4012">
    <p class='ocr_par' dir='ltr' id='par_1_100' title="bbox 1983 3939 3566 4012">
     <span class='ocr_line' id='line_1_100' title="bbox 1983 3939 3566 4012; baseline 0.004 -19"><span class='ocrx_word' id='word_1_848' title='bbox 1983 3943 2296 4009; x_wconf 89' lang='lat' dir='ltr'><strong>portabant,</strong></span> <span class='ocrx_word' id='word_1_849' title='bbox 2342 3954 2498 4009; x_wconf 90' lang='lat' dir='ltr'><strong>quam</strong></span> <span class='ocrx_word' id='word_1_850' title='bbox 2541 3939 2630 3992; x_wconf 90' lang='lat' dir='ltr'><strong>ille</strong></span> <span class='ocrx_word' id='word_1_851' title='bbox 2669 3939 2757 4006; x_wconf 86' lang='lat' dir='ltr'><strong>qui</strong></span> <span class='ocrx_word' id='word_1_852' title='bbox 2789 3944 3116 4008; x_wconf 84' lang='lat' dir='ltr'><strong>portabatur.</strong></span> <span class='ocrx_word' id='word_1_853' title='bbox 3164 3941 3302 4012; x_wconf 82' lang='lat' dir='ltr'><strong>Ergo</strong></span> <span class='ocrx_word' id='word_1_854' title='bbox 3345 3943 3566 3999; x_wconf 91' lang='lat' dir='ltr'><strong>meliora</strong></span> 
     </span>
    </p>
   </div>
   <div class='ocr_carea' id='block_1_101' title="bbox 1982 4029 3563 4101">
    <p class='ocr_par' dir='ltr' id='par_1_101' title="bbox 1982 4029 3563 4101">
     <span class='ocr_line' id='line_1_101' title="bbox 1982 4029 3563 4101; baseline 0.003 -16"><span class='ocrx_word' id='word_1_855' title='bbox 1982 4040 2105 4086; x_wconf 88' lang='lat' dir='ltr'><strong>sunt</strong></span> <span class='ocrx_word' id='word_1_856' title='bbox 2128 4031 2367 4101; x_wconf 87' lang='lat' dir='ltr'><strong>jomenta</strong></span> <span class='ocrx_word' id='word_1_857' title='bbox 2398 4044 2555 4098; x_wconf 90' lang='lat' dir='ltr'><strong>quam</strong></span> <span class='ocrx_word' id='word_1_858' title='bbox 2599 4029 2888 4085; x_wconf 86' lang='lat' dir='ltr'><strong>homines?</strong></span> <span class='ocrx_word' id='word_1_859' title='bbox 2913 4029 3017 4086; x_wconf 88' lang='lat' dir='ltr'><strong>Sed</strong></span> <span class='ocrx_word' id='word_1_860' title='bbox 3055 4032 3173 4101; x_wconf 91' lang='lat' dir='ltr'><strong>quia</strong></span> <span class='ocrx_word' id='word_1_861' title='bbox 3205 4032 3563 4092; x_wconf 82' lang='lat' dir='ltr'><strong>infirmitatem</strong></span> 
     </span>
    </p>
   </div>
   <div class='ocr_carea' id='block_1_102' title="bbox 1985 4120 3562 4190">
    <p class='ocr_par' dir='ltr' id='par_1_102' title="bbox 1985 4120 3562 4190">
     <span class='ocr_line' id='line_1_102' title="bbox 1985 4120 3562 4190; baseline 0.004 -15"><span class='ocrx_word' id='word_1_862' title='bbox 1985 4122 2254 4176; x_wconf 91' lang='lat' dir='ltr'><strong>hominum</strong></span> <span class='ocrx_word' id='word_1_863' title='bbox 2281 4129 2490 4190; x_wconf 88' lang='lat' dir='ltr'><strong>portant</strong></span> <span class='ocrx_word' id='word_1_864' title='bbox 2514 4120 2785 4189; x_wconf 85' lang='lat' dir='ltr'><strong>jontenta;</strong></span> <span class='ocrx_word' id='word_1_865' title='bbox 2812 4136 2908 4175; x_wconf 92' lang='lat' dir='ltr'><strong>nec</strong></span> <span class='ocrx_word' id='word_1_866' title='bbox 2932 4122 3031 4175; x_wconf 93' lang='lat' dir='ltr'><strong>hoc</strong></span> <span class='ocrx_word' id='word_1_867' title='bbox 3058 4121 3315 4178; x_wconf 89' lang='lat' dir='ltr'><strong>debemus</strong></span> <span class='ocrx_word' id='word_1_868' title='bbox 3343 4123 3523 4181; x_wconf 87' lang='lat' dir='ltr'><strong>dicere</strong></span> <span class='ocrx_word' id='word_1_869' title='bbox 3550 4147 3562 4182; x_wconf 92' lang='lat'>:</span> 
     </span>
    </p>
   </div>
   <div class='ocr_carea' id='block_1_103' title="bbox 1982 4209 3560 4284">
    <p class='ocr_par' dir='ltr' id='par_1_103' title="bbox 1982 4209 3560 4284">
     <span class='ocr_line' id='line_1_103' title="bbox 1982 4209 3560 4284; baseline 0.003 -18"><span class='ocrx_word' id='word_1_870' title='bbox 1982 4212 2178 4266; x_wconf 87' lang='lat' dir='ltr'><strong>etenim</strong></span> <span class='ocrx_word' id='word_1_871' title='bbox 2201 4212 2440 4280; x_wconf 88' lang='lat' dir='ltr'><strong>jumenta</strong></span> <span class='ocrx_word' id='word_1_872' title='bbox 2467 4211 2511 4265; x_wconf 87' lang='lat' dir='ltr'><strong>si</strong></span> <span class='ocrx_word' id='word_1_873' title='bbox 2538 4223 2595 4265; x_wconf 88' lang='lat' dir='ltr'><strong>se</strong></span> <span class='ocrx_word' id='word_1_874' title='bbox 2621 4209 2936 4265; x_wconf 80' lang='lat' dir='ltr'><strong>subtraham</strong></span> <span class='ocrx_word' id='word_1_875' title='bbox 2967 4253 2983 4277; x_wconf 92' lang='lat'><strong>,</strong></span> <span class='ocrx_word' id='word_1_876' title='bbox 3013 4213 3209 4268; x_wconf 89' lang='lat' dir='ltr'><strong>cadunt</strong></span> <span class='ocrx_word' id='word_1_877' title='bbox 3235 4216 3323 4284; x_wconf 90' lang='lat' dir='ltr'><strong>qui</strong></span> <span class='ocrx_word' id='word_1_878' title='bbox 3352 4216 3560 4271; x_wconf 88' lang='lat' dir='ltr'><strong>sedent.</strong></span> 
     </span>
    </p>
   </div>
   <div class='ocr_carea' id='block_1_104' title="bbox 1982 4300 3567 4374">
    <p class='ocr_par' dir='ltr' id='par_1_104' title="bbox 1982 4300 3567 4374">
     <span class='ocr_line' id='line_1_104' title="bbox 1982 4300 3567 4374; baseline -0.001 -14"><span class='ocrx_word' id='word_1_879' title='bbox 1982 4305 2087 4362; x_wconf 88' lang='lat' dir='ltr'><strong>Sed</strong></span> <span class='ocrx_word' id='word_1_880' title='bbox 2115 4302 2382 4374; x_wconf 91' lang='lat' dir='ltr'><strong>quomodo</strong></span> <span class='ocrx_word' id='word_1_881' title='bbox 2402 4303 2656 4358; x_wconf 90' lang='lat' dir='ltr'><strong>debemus</strong></span> <span class='ocrx_word' id='word_1_882' title='bbox 2675 4301 2892 4356; x_wconf 87' lang='lat' dir='ltr'><strong>dicere?</strong></span> <span class='ocrx_word' id='word_1_883' title='bbox 2917 4300 3046 4356; x_wconf 80' lang='lat' dir='ltr'><strong>Nam</strong></span> <span class='ocrx_word' id='word_1_884' title='bbox 3070 4310 3123 4358; x_wconf 92' lang='lat' dir='ltr'><strong>et</strong></span> <span class='ocrx_word' id='word_1_885' title='bbox 3142 4303 3208 4358; x_wconf 91' lang='lat' dir='ltr'><strong>de</strong></span> <span class='ocrx_word' id='word_1_886' title='bbox 3232 4305 3340 4360; x_wconf 91' lang='lat' dir='ltr'><strong>Deo</strong></span> <span class='ocrx_word' id='word_1_887' title='bbox 3367 4305 3567 4362; x_wconf 89' lang='lat' dir='ltr'><strong>dictum</strong></span> 
     </span>
    </p>
   </div>
   <div class='ocr_carea' id='block_1_105' title="bbox 1985 4394 3566 4468">
    <p class='ocr_par' dir='ltr' id='par_1_105' title="bbox 1985 4394 3566 4468">
     <span class='ocr_line' id='line_1_105' title="bbox 1985 4394 3566 4468; baseline -0.003 -13"><span class='ocrx_word' id='word_1_888' title='bbox 1985 4411 2068 4456; x_wconf 90' lang='lat' dir='ltr'><strong>est</strong></span> <span class='ocrx_word' id='word_1_889' title='bbox 2099 4417 2112 4452; x_wconf 92' lang='lat'><strong>:</strong></span> <span class='ocrx_word' id='word_1_890' title='bbox 2144 4398 2333 4452; x_wconf 70' lang='lat' dir='ltr'><strong>Cretum</strong></span> <span class='ocrx_word' id='word_1_891' title='bbox 2354 4395 2478 4449; x_wconf 83' lang='lat' dir='ltr'><strong>mihi</strong></span> <span class='ocrx_word' id='word_1_892' title='bbox 2498 4395 2636 4450; x_wconf 88' lang='lat' dir='ltr'><strong>sedes</strong></span> <span class='ocrx_word' id='word_1_893' title='bbox 2663 4404 2736 4449; x_wconf 90' lang='lat' dir='ltr'><strong>est</strong></span> <span class='ocrx_word' id='word_1_894' title='bbox 2757 4394 2910 4465; x_wconf 81' lang='lat' dir='ltr'><strong>(Isai.</strong></span> <span class='ocrx_word' id='word_1_895' title='bbox 2941 4410 3087 4461; x_wconf 71' lang='grc' dir='ltr'>ιῑινι,</span> <span class='ocrx_word' id='word_1_896' title='bbox 3116 4399 3166 4462; x_wconf 88' lang='grc'><strong>1;</strong></span> <span class='ocrx_word' id='word_1_897' title='bbox 3198 4397 3304 4451; x_wconf 84' lang='lat' dir='ltr'><strong>Act.</strong></span> <span class='ocrx_word' id='word_1_898' title='bbox 3337 4413 3426 4464; x_wconf 90' lang='lat' dir='ltr'><strong>vtt,</strong></span> <span class='ocrx_word' id='word_1_899' title='bbox 3451 4399 3566 4468; x_wconf 74' lang='grc'><strong>49).</strong></span> 
     </span>
    </p>
   </div>
   <div class='ocr_carea' id='block_1_106' title="bbox 1984 4487 3572 4559">
    <p class='ocr_par' dir='ltr' id='par_1_106' title="bbox 1984 4487 3572 4559">
     <span class='ocr_line' id='line_1_106' title="bbox 1984 4487 3572 4559; baseline -0.003 -15"><span class='ocrx_word' id='word_1_900' title='bbox 1984 4491 2114 4559; x_wconf 92' lang='lat' dir='ltr'><strong>Quia</strong></span> <span class='ocrx_word' id='word_1_901' title='bbox 2144 4504 2271 4559; x_wconf 86' lang='lat' dir='ltr'><strong>ergo</strong></span> <span class='ocrx_word' id='word_1_902' title='bbox 2290 4487 2482 4544; x_wconf 59' lang='lat' dir='ltr'><strong>coelum</strong></span> <span class='ocrx_word' id='word_1_903' title='bbox 2513 4495 2718 4556; x_wconf 82' lang='lat' dir='ltr'><strong>portat,</strong></span> <span class='ocrx_word' id='word_1_904' title='bbox 2762 4497 2815 4540; x_wconf 90' lang='lat' dir='ltr'><strong>et</strong></span> <span class='ocrx_word' id='word_1_905' title='bbox 2837 4487 2976 4541; x_wconf 89' lang='lat' dir='ltr'><strong>Deos</strong></span> <span class='ocrx_word' id='word_1_906' title='bbox 3001 4487 3152 4542; x_wconf 89' lang='lat' dir='ltr'><strong>sedet</strong></span> <span class='ocrx_word' id='word_1_907' title='bbox 3176 4530 3188 4549; x_wconf 89' lang='lat'><strong><em>.</em></strong></span> <span class='ocrx_word' id='word_1_908' title='bbox 3223 4488 3342 4542; x_wconf 88' lang='lat' dir='ltr'><strong>idco</strong></span> <span class='ocrx_word' id='word_1_909' title='bbox 3381 4489 3572 4543; x_wconf 64' lang='lat' dir='ltr'><strong>melius</strong></span> 
     </span>
    </p>
   </div>
   <div class='ocr_carea' id='block_1_107' title="bbox 1987 4573 3570 4648">
    <p class='ocr_par' dir='ltr' id='par_1_107' title="bbox 1987 4573 3570 4648">
     <span class='ocr_line' id='line_1_107' title="bbox 1987 4573 3570 4648; baseline -0.003 -10"><span class='ocrx_word' id='word_1_910' title='bbox 1987 4589 2068 4638; x_wconf 87' lang='lat' dir='ltr'><strong>est</strong></span> <span class='ocrx_word' id='word_1_911' title='bbox 2088 4579 2327 4637; x_wconf 66' lang='lat' dir='ltr'><strong>malum?</strong></span> <span class='ocrx_word' id='word_1_912' title='bbox 2352 4573 2439 4635; x_wconf 89' lang='lat' dir='ltr'><strong>Sic</strong></span> <span class='ocrx_word' id='word_1_913' title='bbox 2480 4593 2607 4648; x_wconf 81' lang='lat' dir='ltr'><strong>ergo</strong></span> <span class='ocrx_word' id='word_1_914' title='bbox 2650 4583 2704 4630; x_wconf 92' lang='lat' dir='ltr'><strong>ct</strong></span> <span class='ocrx_word' id='word_1_915' title='bbox 2748 4576 2815 4632; x_wconf 81' lang='lat' dir='ltr'><strong>de</strong></span> <span class='ocrx_word' id='word_1_916' title='bbox 2859 4577 3116 4647; x_wconf 89' lang='lat' dir='ltr'><strong>obsequio</strong></span> <span class='ocrx_word' id='word_1_917' title='bbox 3147 4577 3467 4647; x_wconf 68' lang='lat' dir='ltr'><strong>Auge-lorum</strong></span> <span class='ocrx_word' id='word_1_918' title='bbox 3521 4582 3570 4633; x_wconf 89' lang='lat' dir='ltr'><strong>in</strong></span> 
     </span>
    </p>
   </div>
   <div class='ocr_carea' id='block_1_108' title="bbox 1988 4669 3570 4744">
    <p class='ocr_par' dir='ltr' id='par_1_108' title="bbox 1988 4669 3570 4744">
     <span class='ocr_line' id='line_1_108' title="bbox 1988 4669 3570 4744; baseline -0.003 -16"><span class='ocrx_word' id='word_1_919' title='bbox 1988 4676 2090 4729; x_wconf 89' lang='lat' dir='ltr'><strong>hoc</strong></span> <span class='ocrx_word' id='word_1_920' title='bbox 2118 4673 2322 4744; x_wconf 90' lang='lat' dir='ltr'><strong>psalmo</strong></span> <span class='ocrx_word' id='word_1_921' title='bbox 2348 4671 2640 4740; x_wconf 73' lang='lat' dir='ltr'><strong>intelligere</strong></span> <span class='ocrx_word' id='word_1_922' title='bbox 2661 4669 2972 4737; x_wconf 85' lang='lat' dir='ltr'><strong>poterimus,</strong></span> <span class='ocrx_word' id='word_1_923' title='bbox 2998 4685 3101 4724; x_wconf 91' lang='lat' dir='ltr'><strong>non</strong></span> <span class='ocrx_word' id='word_1_924' title='bbox 3125 4670 3188 4724; x_wconf 91' lang='lat' dir='ltr'><strong>ad</strong></span> <span class='ocrx_word' id='word_1_925' title='bbox 3211 4669 3570 4726; x_wconf 86' lang='lat' dir='ltr'><strong>infirmitatem</strong></span> 
     </span>
    </p>
   </div>
   <div class='ocr_carea' id='block_1_109' title="bbox 1988 4759 3570 4834">
    <p class='ocr_par' dir='ltr' id='par_1_109' title="bbox 1988 4759 3570 4834">
     <span class='ocr_line' id='line_1_109' title="bbox 1988 4759 3570 4834; baseline -0.006 -11"><span class='ocrx_word' id='word_1_926' title='bbox 1988 4767 2197 4823; x_wconf 87' lang='lat' dir='ltr'><strong>Domini</strong></span> <span class='ocrx_word' id='word_1_927' title='bbox 2228 4764 2459 4834; x_wconf 88' lang='lat' dir='ltr'><strong>pertinet</strong></span> <span class='ocrx_word' id='word_1_928' title='bbox 2488 4807 2502 4828; x_wconf 94' lang='lat'><strong>,</strong></span> <span class='ocrx_word' id='word_1_929' title='bbox 2536 4762 2628 4817; x_wconf 89' lang='lat' dir='ltr'><strong>sed</strong></span> <span class='ocrx_word' id='word_1_930' title='bbox 2668 4761 2732 4815; x_wconf 91' lang='lat' dir='ltr'><strong>ad</strong></span> <span class='ocrx_word' id='word_1_931' title='bbox 2780 4761 2988 4816; x_wconf 88' lang='lat' dir='ltr'><strong>illorum</strong></span> <span class='ocrx_word' id='word_1_932' title='bbox 3017 4763 3036 4793; x_wconf 91' lang='grc'>³</span> <span class='ocrx_word' id='word_1_933' title='bbox 3067 4759 3528 4818; x_wconf 78' lang='lat' dir='ltr'><strong>honoriﬁcentiam</strong></span> <span class='ocrx_word' id='word_1_934' title='bbox 3558 4805 3570 4822; x_wconf 88' lang='grc'><em>,</em></span> 
     </span>
    </p>
   </div>
   <div class='ocr_carea' id='block_1_110' title="bbox 1989 4851 3626 4926">
    <p class='ocr_par' dir='ltr' id='par_1_110' title="bbox 1989 4851 3626 4926">
     <span class='ocr_line' id='line_1_110' title="bbox 1989 4851 3626 4926; baseline -0.004 -13"><span class='ocrx_word' id='word_1_935' title='bbox 1989 4859 2055 4913; x_wconf 89' lang='lat' dir='ltr'><strong>ad</strong></span> <span class='ocrx_word' id='word_1_936' title='bbox 2105 4858 2314 4912; x_wconf 89' lang='lat' dir='ltr'><strong>illorum</strong></span> <span class='ocrx_word' id='word_1_937' title='bbox 2371 4855 2701 4909; x_wconf 78' lang='lat' dir='ltr'><strong>servitutem.</strong></span> <span class='ocrx_word' id='word_1_938' title='bbox 2731 4851 3043 4907; x_wconf 81' lang='lat' dir='ltr'><strong>Resurrexit</strong></span> <span class='ocrx_word' id='word_1_939' title='bbox 3090 4859 3266 4905; x_wconf 85' lang='lat' dir='ltr'><strong>autem</strong></span> <span class='ocrx_word' id='word_1_940' title='bbox 3315 4852 3573 4907; x_wconf 82' lang='lat' dir='ltr'><strong>Dominus</strong></span> <span class='ocrx_word' id='word_1_941' title='bbox 3622 4913 3626 4926; x_wconf 22' lang='grc' dir='ltr'>π</span> 
     </span>
    </p>
   </div>
   <div class='ocr_carea' id='block_1_111' title="bbox 1989 4946 3668 5018">
    <p class='ocr_par' dir='ltr' id='par_1_111' title="bbox 1989 4946 3668 5018">
     <span class='ocr_line' id='line_1_111' title="bbox 1989 4946 3668 5018; baseline -0.005 -10"><span class='ocrx_word' id='word_1_942' title='bbox 1989 4953 2147 5008; x_wconf 82' lang='lat' dir='ltr'><strong>Jesos</strong></span> <span class='ocrx_word' id='word_1_943' title='bbox 2187 4951 2432 5005; x_wconf 86' lang='lat' dir='ltr'><strong>Christus</strong></span> <span class='ocrx_word' id='word_1_944' title='bbox 2461 4991 2474 5013; x_wconf 91' lang='lat'><strong>,</strong></span> <span class='ocrx_word' id='word_1_945' title='bbox 2523 4959 2738 5018; x_wconf 90' lang='lat' dir='ltr'><strong>propter</strong></span> <span class='ocrx_word' id='word_1_946' title='bbox 2787 4947 2958 5016; x_wconf 82' lang='lat' dir='ltr'><strong>quid?</strong></span> <span class='ocrx_word' id='word_1_947' title='bbox 3005 4948 3315 5016; x_wconf 75' lang='lat' dir='ltr'><strong>Apostolum</strong></span> <span class='ocrx_word' id='word_1_948' title='bbox 3373 4946 3570 5001; x_wconf 82' lang='lat' dir='ltr'><strong>audite.</strong></span> <span class='ocrx_word' id='word_1_949' title='bbox 3623 4965 3668 4994; x_wconf 63' lang='grc' dir='ltr'>ι.</span> 
     </span>
    </p>
   </div>
   <div class='ocr_carea' id='block_1_112' title="bbox 1992 5039 3576 5110">
    <p class='ocr_par' dir='ltr' id='par_1_112' title="bbox 1992 5039 3576 5110">
     <span class='ocr_line' id='line_1_112' title="bbox 1992 5039 3576 5110; baseline -0.004 -13"><span class='ocrx_word' id='word_1_950' title='bbox 1992 5042 2228 5097; x_wconf 83' lang='lat' dir='ltr'><strong>Mortuus</strong></span> <span class='ocrx_word' id='word_1_951' title='bbox 2252 5051 2321 5094; x_wconf 87' lang='lat' dir='ltr'><strong>est</strong></span> <span class='ocrx_word' id='word_1_952' title='bbox 2353 5050 2554 5110; x_wconf 82' lang='lat' dir='ltr'><strong>propter</strong></span> <span class='ocrx_word' id='word_1_953' title='bbox 2578 5040 2759 5093; x_wconf 84' lang='lat' dir='ltr'><strong>delicta</strong></span> <span class='ocrx_word' id='word_1_954' title='bbox 2791 5049 2981 5104; x_wconf 85' lang='lat' dir='ltr'><strong>nostra,</strong></span> <span class='ocrx_word' id='word_1_955' title='bbox 3007 5047 3052 5090; x_wconf 88' lang='lat' dir='ltr'><strong>et</strong></span> <span class='ocrx_word' id='word_1_956' title='bbox 3075 5039 3348 5092; x_wconf 74' lang='lat' dir='ltr'><strong>resurrexit</strong></span> <span class='ocrx_word' id='word_1_957' title='bbox 3370 5047 3576 5108; x_wconf 81' lang='lat' dir='ltr'><strong>propter</strong></span> 
     </span>
    </p>
   </div>
   <div class='ocr_carea' id='block_1_113' title="bbox 1983 5125 3579 5204">
    <p class='ocr_par' dir='ltr' id='par_1_113' title="bbox 1983 5125 3579 5204">
     <span class='ocr_line' id='line_1_113' title="bbox 1983 5125 3579 5204; baseline -0.006 -17"><span class='ocrx_word' id='word_1_958' title='bbox 1983 5132 2399 5204; x_wconf 73' lang='lat' dir='ltr'><strong>justi/irationem</strong></span> <span class='ocrx_word' id='word_1_959' title='bbox 2446 5140 2670 5184; x_wconf 83' lang='lat' dir='ltr'><strong>nostram</strong></span> <span class='ocrx_word' id='word_1_960' title='bbox 2700 5129 2720 5192; x_wconf 84' lang='lat'><strong><em>(</em></strong></span> <span class='ocrx_word' id='word_1_961' title='bbox 2744 5128 2892 5182; x_wconf 83' lang='lat' dir='ltr'><strong>Rom.</strong></span> <span class='ocrx_word' id='word_1_962' title='bbox 2926 5142 2997 5192; x_wconf 90' lang='lat' dir='ltr'><strong>tv,</strong></span> <span class='ocrx_word' id='word_1_963' title='bbox 3038 5125 3166 5198; x_wconf 74' lang='lat'><strong>25).</strong></span> <span class='ocrx_word' id='word_1_964' title='bbox 3195 5127 3326 5182; x_wconf 82' lang='lat' dir='ltr'><strong>Item</strong></span> <span class='ocrx_word' id='word_1_965' title='bbox 3367 5127 3434 5184; x_wconf 89' lang='lat' dir='ltr'><strong>de</strong></span> <span class='ocrx_word' id='word_1_966' title='bbox 3458 5129 3579 5196; x_wconf 76' lang='lat' dir='ltr'><strong>Spi-</strong></span> 
     </span>
    </p>
   </div>
   <div class='ocr_carea' id='block_1_114' title="bbox 1993 5217 3580 5291">
    <p class='ocr_par' dir='ltr' id='par_1_114' title="bbox 1993 5217 3580 5291">
     <span class='ocr_line' id='line_1_114' title="bbox 1993 5217 3580 5291; baseline -0.005 -11"><span class='ocrx_word' id='word_1_967' title='bbox 1993 5226 2098 5280; x_wconf 89' lang='lat' dir='ltr'><strong>ritu</strong></span> <span class='ocrx_word' id='word_1_968' title='bbox 2123 5233 2305 5278; x_wconf 91' lang='lat' dir='ltr'><strong>sancto</strong></span> <span class='ocrx_word' id='word_1_969' title='bbox 2323 5219 2666 5291; x_wconf 85' lang='lat' dir='ltr'><strong>Evangelium</strong></span> <span class='ocrx_word' id='word_1_970' title='bbox 2697 5235 2710 5271; x_wconf 91' lang='lat'><strong>:</strong></span> <span class='ocrx_word' id='word_1_971' title='bbox 2736 5217 2982 5289; x_wconf 85' lang='lat' dir='ltr'><strong>Spiritus,</strong></span> <span class='ocrx_word' id='word_1_972' title='bbox 3010 5217 3197 5288; x_wconf 90' lang='lat' dir='ltr'><strong>inquit,</strong></span> <span class='ocrx_word' id='word_1_973' title='bbox 3221 5220 3442 5272; x_wconf 88' lang='lat' dir='ltr'><strong>nondum</strong></span> <span class='ocrx_word' id='word_1_974' title='bbox 3474 5232 3580 5274; x_wconf 87' lang='lat' dir='ltr'><strong>erat</strong></span> 
     </span>
    </p>
   </div>
   <div class='ocr_carea' id='block_1_115' title="bbox 1995 5307 3575 5384">
    <p class='ocr_par' dir='ltr' id='par_1_115' title="bbox 1995 5307 3575 5384">
     <span class='ocr_line' id='line_1_115' title="bbox 1995 5307 3575 5384; baseline -0.004 -14"><span class='ocrx_word' id='word_1_975' title='bbox 1995 5318 2165 5382; x_wconf 86' lang='lat' dir='ltr'><strong>datus,</strong></span> <span class='ocrx_word' id='word_1_976' title='bbox 2196 5315 2313 5384; x_wconf 85' lang='lat' dir='ltr'><strong>quia</strong></span> <span class='ocrx_word' id='word_1_977' title='bbox 2337 5311 2487 5366; x_wconf 82' lang='lat' dir='ltr'><strong>Jesus</strong></span> <span class='ocrx_word' id='word_1_978' title='bbox 2517 5309 2741 5364; x_wconf 89' lang='lat' dir='ltr'><strong>nondum</strong></span> <span class='ocrx_word' id='word_1_979' title='bbox 2767 5316 2872 5362; x_wconf 85' lang='lat' dir='ltr'><strong>erat</strong></span> <span class='ocrx_word' id='word_1_980' title='bbox 2899 5307 3209 5377; x_wconf 84' lang='lat' dir='ltr'><strong>clariﬁcatus</strong></span> <span class='ocrx_word' id='word_1_981' title='bbox 3247 5310 3264 5376; x_wconf 93' lang='lat'><strong>(</strong></span> <span class='ocrx_word' id='word_1_982' title='bbox 3297 5309 3453 5363; x_wconf 83' lang='lat' dir='ltr'><strong>Joau.</strong></span> <span class='ocrx_word' id='word_1_983' title='bbox 3481 5326 3575 5376; x_wconf 85' lang='lat' dir='ltr'><strong>vn,</strong></span> 
     </span>
    </p>
   </div>
   <div class='ocr_carea' id='block_1_116' title="bbox 1997 5398 3581 5474">
    <p class='ocr_par' dir='ltr' id='par_1_116' title="bbox 1997 5398 3581 5474">
     <span class='ocr_line' id='line_1_116' title="bbox 1997 5398 3581 5474; baseline -0.006 -11"><span class='ocrx_word' id='word_1_984' title='bbox 1997 5406 2119 5474; x_wconf 77' lang='lat'><strong>‘59).</strong></span> <span class='ocrx_word' id='word_1_985' title='bbox 2148 5406 2276 5474; x_wconf 84' lang='lat' dir='ltr'><strong>Quae</strong></span> <span class='ocrx_word' id='word_1_986' title='bbox 2297 5413 2375 5457; x_wconf 92' lang='lat' dir='ltr'><strong>est</strong></span> <span class='ocrx_word' id='word_1_987' title='bbox 2407 5400 2716 5457; x_wconf 81' lang='lat' dir='ltr'><strong>clariﬁcatio</strong></span> <span class='ocrx_word' id='word_1_988' title='bbox 2744 5398 2914 5454; x_wconf 83' lang='lat' dir='ltr'><strong>.lesu&#39;l</strong></span> <span class='ocrx_word' id='word_1_989' title='bbox 2943 5399 3284 5460; x_wconf 83' lang='lat' dir='ltr'><strong>Resurrexit,</strong></span> <span class='ocrx_word' id='word_1_990' title='bbox 3313 5411 3366 5454; x_wconf 92' lang='lat' dir='ltr'><strong>et</strong></span> <span class='ocrx_word' id='word_1_991' title='bbox 3391 5416 3581 5455; x_wconf 84' lang='lat' dir='ltr'><strong>ascen-</strong></span> 
     </span>
    </p>
   </div>
   <div class='ocr_carea' id='block_1_117' title="bbox 1999 5490 3574 5555">
    <p class='ocr_par' dir='ltr' id='par_1_117' title="bbox 1999 5490 3574 5555">
     <span class='ocr_line' id='line_1_117' title="bbox 1999 5490 3574 5555; baseline -0.006 -3"><span class='ocrx_word' id='word_1_992' title='bbox 1999 5497 2076 5552; x_wconf 90' lang='lat' dir='ltr'><strong>dit</strong></span> <span class='ocrx_word' id='word_1_993' title='bbox 2104 5496 2156 5550; x_wconf 85' lang='lat' dir='ltr'><strong>ln</strong></span> <span class='ocrx_word' id='word_1_994' title='bbox 2180 5496 2392 5549; x_wconf 63' lang='lat' dir='ltr'><strong>caelum.</strong></span> <span class='ocrx_word' id='word_1_995' title='bbox 2416 5496 2457 5547; x_wconf 77' lang='grc' dir='ltr'>Α</span> <span class='ocrx_word' id='word_1_996' title='bbox 2478 5493 2584 5546; x_wconf 90' lang='lat' dir='ltr'><strong>Deo</strong></span> <span class='ocrx_word' id='word_1_997' title='bbox 2604 5490 2926 5546; x_wconf 81' lang='lat' dir='ltr'><strong>clarificatus</strong></span> <span class='ocrx_word' id='word_1_998' title='bbox 2941 5492 3254 5546; x_wconf 88' lang='lat' dir='ltr'><strong>ascensione</strong></span> <span class='ocrx_word' id='word_1_999' title='bbox 3280 5493 3331 5545; x_wconf 92' lang='lat' dir='ltr'><strong>in</strong></span> <span class='ocrx_word' id='word_1_1000' title='bbox 3358 5491 3574 5555; x_wconf 87' lang='lat' dir='ltr'><strong>coelum,</strong></span> 
     </span>
    </p>
   </div>
   <div class='ocr_carea' id='block_1_118' title="bbox 2000 5581 3577 5656">
    <p class='ocr_par' dir='ltr' id='par_1_118' title="bbox 2000 5581 3577 5656">
     <span class='ocr_line' id='line_1_118' title="bbox 2000 5581 3577 5656; baseline -0.003 -14"><span class='ocrx_word' id='word_1_1001' title='bbox 2000 5589 2140 5644; x_wconf 89' lang='lat' dir='ltr'><strong>misit</strong></span> <span class='ocrx_word' id='word_1_1002' title='bbox 2186 5585 2437 5656; x_wconf 85' lang='lat' dir='ltr'><strong>Spiritum</strong></span> <span class='ocrx_word' id='word_1_1003' title='bbox 2485 5597 2638 5637; x_wconf 90' lang='lat' dir='ltr'><strong>suum</strong></span> <span class='ocrx_word' id='word_1_1004' title='bbox 2685 5594 2926 5638; x_wconf 85' lang='lat' dir='ltr'><strong>sanctum</strong></span> <span class='ocrx_word' id='word_1_1005' title='bbox 2975 5582 3063 5638; x_wconf 85' lang='lat' dir='ltr'><strong>die</strong></span> <span class='ocrx_word' id='word_1_1006' title='bbox 3106 5583 3463 5639; x_wconf 77' lang='lat' dir='ltr'><strong>Pentecostes.</strong></span> <span class='ocrx_word' id='word_1_1007' title='bbox 3521 5581 3577 5638; x_wconf 90' lang='lat' dir='ltr'><strong>ln</strong></span> 
     </span>
    </p>
   </div>
   <div class='ocr_carea' id='block_1_119' title="bbox 2063 5746 3120 5802">
    <p class='ocr_par' dir='ltr' id='par_1_119' title="bbox 2063 5746 3120 5802">
     <span class='ocr_line' id='line_1_119' title="bbox 2063 5746 3120 5802; baseline -0.005 -9"><span class='ocrx_word' id='word_1_1008' title='bbox 2063 5748 2079 5778; x_wconf 78' lang='grc' dir='ltr'><strong>ι</strong></span> <span class='ocrx_word' id='word_1_1009' title='bbox 2114 5746 2187 5794; x_wconf 84' lang='lat' dir='ltr'><strong>sic</strong></span> <span class='ocrx_word' id='word_1_1010' title='bbox 2209 5751 2307 5790; x_wconf 78' lang='lat' dir='ltr'><strong>Am.</strong></span> <span class='ocrx_word' id='word_1_1011' title='bbox 2333 5747 2408 5788; x_wconf 84' lang='lat' dir='ltr'><strong>Er.</strong></span> <span class='ocrx_word' id='word_1_1012' title='bbox 2435 5747 2487 5802; x_wconf 84' lang='lat' dir='ltr'><strong>et</strong></span> <span class='ocrx_word' id='word_1_1013' title='bbox 2509 5747 2615 5802; x_wconf 74' lang='lat' dir='ltr'><strong>Mss.</strong></span> <span class='ocrx_word' id='word_1_1014' title='bbox 2643 5747 2697 5790; x_wconf 80' lang='lat' dir='ltr'><strong>At</strong></span> <span class='ocrx_word' id='word_1_1015' title='bbox 2718 5747 2847 5799; x_wconf 87' lang='lat' dir='ltr'><strong>Lov.,</strong></span> <span class='ocrx_word' id='word_1_1016' title='bbox 2866 5751 3120 5802; x_wconf 86' lang='lat' dir='ltr'><strong>apparere.</strong></span> 
     </span>
    </p>
   </div>
   <div class='ocr_carea' id='block_1_120' title="bbox 2061 5800 2679 5864">
    <p class='ocr_par' dir='ltr' id='par_1_120' title="bbox 2061 5800 2679 5864">
     <span class='ocr_line' id='line_1_120' title="bbox 2061 5800 2679 5864; baseline -0.015 -8"><span class='ocrx_word' id='word_1_1017' title='bbox 2061 5809 2082 5837; x_wconf 83' lang='grc'>²</span> <span class='ocrx_word' id='word_1_1018' title='bbox 2115 5813 2215 5855; x_wconf 85' lang='lat' dir='ltr'><strong>Duo</strong></span> <span class='ocrx_word' id='word_1_1019' title='bbox 2235 5811 2361 5860; x_wconf 70' lang='lat' dir='ltr'><strong>Mss,</strong></span> <span class='ocrx_word' id='word_1_1020' title='bbox 2383 5800 2679 5864; x_wconf 76' lang='lat' dir='ltr'><strong>patientiam.</strong></span> 
     </span>
    </p>
   </div>
   <div class='ocr_carea' id='block_1_121' title="bbox 2067 5856 3031 5919">
    <p class='ocr_par' dir='ltr' id='par_1_121' title="bbox 2067 5856 3031 5919">
     <span class='ocr_line' id='line_1_121' title="bbox 2067 5856 3031 5919; baseline -0.009 -2"><span class='ocrx_word' id='word_1_1021' title='bbox 2067 5869 2086 5900; x_wconf 81' lang='grc'>³</span> <span class='ocrx_word' id='word_1_1022' title='bbox 2119 5868 2191 5916; x_wconf 84' lang='lat' dir='ltr'><strong>sic</strong></span> <span class='ocrx_word' id='word_1_1023' title='bbox 2214 5875 2312 5913; x_wconf 79' lang='lat' dir='ltr'><strong>Am.</strong></span> <span class='ocrx_word' id='word_1_1024' title='bbox 2440 5870 2487 5913; x_wconf 91' lang='lat' dir='ltr'><strong>et</strong></span> <span class='ocrx_word' id='word_1_1025' title='bbox 2513 5869 2618 5919; x_wconf 71' lang='lat' dir='ltr'><strong>Mss.</strong></span> <span class='ocrx_word' id='word_1_1026' title='bbox 2646 5869 2701 5910; x_wconf 84' lang='grc' dir='ltr'>Αι</span> <span class='ocrx_word' id='word_1_1027' title='bbox 2731 5868 2860 5918; x_wconf 88' lang='lat' dir='ltr'><strong>Lov.,</strong></span> <span class='ocrx_word' id='word_1_1028' title='bbox 2885 5856 3031 5909; x_wconf 89' lang='lat' dir='ltr'><strong>illius.</strong></span> 
     </span>
    </p>
   </div>
  </div>
