4132 6462
568 398 706 456 1167

558 516 709 586 Lege
728 520 929 576 autem,
960 510 1010 565 in
1040 509 1176 564 libro
1200 506 1364 579 Moysi
1388 503 1605 569 Exodo,
1642 516 1673 555 ιι
1715 500 1800 556 die
1842 500 1963 571 agni
1985 499 2146 554 occisi

564 618 620 664 et
650 604 950 663 manducati
976 601 1349 674 quinquaginta
1364 597 1479 653 dies
1489 602 1852 658 numerantur;
1870 592 2050 647 etdata
2068 599 2153 646 est

566 698 676 754 Lex
701 697 752 752 in
779 691 1219 763 tabulislapideis
1258 688 1455 760 scripta
1493 686 1659 757 digito
1692 684 1784 740 Dei
1816 685 1834 754 (
1852 682 2022 738 Exod.
2052 698 2145 749 xu,

566 789 655 857 19,
677 788 819 858 etc.).
839 786 973 855 Quid
1007 786 1075 839 sit
1095 784 1294 855 digitus
1312 780 1435 847 Dei,
1455 778 1800 849 Evangelium
1820 774 1973 830 nobis
1988 787 2149 843 expo-

560 885 677 938 nit:
704 881 831 951 .quia
859 880 1056 950 digitus
1084 877 1175 931 Dei
1214 874 1445 947 Spiritus
1485 879 1702 952 sanctus
1737 876 1837 924 est.
1867 864 2150 935 Quomodo

563 969 890 1042 probamus?
925 967 1182 1023 Dominus
1221 962 1555 1035 respondens
1593 961 1672 1017 eis
1712 960 1801 1031 qui
1832 959 1978 1012 illum
2001 957 2147 1011 dice-

563 1065 689 1118 bant
717 1063 769 1117 in
811 1061 1028 1116 nomine
1075 1056 1372 1114 Beelzebub
1406 1055 1602 1125 ejicere
1642 1050 1933 1115 daemonia,
1963 1049 2055 1112 ait,
2088 1048 2151 1103 Si

559 1170 651 1225 ego
690 1155 743 1209 in
785 1152 987 1225 Spiritu
1024 1150 1121 1206 Dei
1153 1150 1299 1221 ejicio
1340 1145 1588 1201 dmmonia
1636 1142 1849 1214 (Matth.
1884 1155 1981 1203 χιι,
2009 1140 2101 1210 28)
2132 1158 2144 1192 :

560 1248 698 1302 alius
726 1245 1050 1316 evangelista
1077 1258 1197 1298 cum
1234 1241 1336 1296 hoc
1364 1246 1622 1303 narraret,
1659 1235 1721 1291 Si
1758 1251 1851 1316 ego
1876 1275 1889 1296 ,
1942 1231 2145 1302 inquit,

510 1304 536 1413 ξ
561 1339 616 1393 in
642 1338 801 1410 digito
828 1304 924 1390 υἷε
946 1335 1091 1407 ejicio
1120 1332 1369 1387 daemonia
1412 1329 1561 1399 (Luc.
1595 1343 1667 1392 xi,
1696 1304 1820 1395 20)]
1844 1322 1994 1390 Quod
2022 1336 2149 1413 ergo

563 1429 795 1499 positum
822 1436 902 1483 est
923 1427 978 1480 in
1006 1438 1112 1479 uno
1140 1430 1323 1491 aperte
1346 1461 1362 1487 ,
1391 1418 1621 1489 positum
1650 1424 1733 1470 est
1766 1415 1817 1469 in
1859 1413 2030 1467 altero
2055 1412 2150 1466 ob-

564 1536 721 1579 scure
750 1539 765 1575 :
794 1517 1069 1574 nesciebas
1111 1514 1239 1585 quid
1279 1512 1349 1567 sit
1393 1510 1589 1581 digitus
1619 1508 1736 1574 Dei,
1778 1504 1996 1575 exponit
2015 1503 2151 1557 alius

506 1601 906 1683 .E'vangelista,
960 1608 1143 1663 dicens
1181 1619 1301 1660 eum
1347 1617 1468 1659 esse
1515 1599 1769 1671 Spiritum
1816 1596 1930 1651 Dei.
1980 1594 2151 1665 Digito

562 1720 693 1777 ergo
716 1702 811 1759 Dei
839 1701 1034 1771 scripta
1064 1698 1175 1754 Lex
1200 1696 1322 1751 data
1355 1702 1438 1749 est
1475 1691 1563 1747 die
1602 1686 2040 1777 quinquagesimo
2083 1685 2151 1739 ab

356 1789 474 1868 1/
486 1833 491 1838 -
516 1808 542 1847 ί.
564 1776 831 1853 occisione
850 1793 991 1864 agni,
1023 1798 1078 1847 et
1107 1789 1333 1860 Spiritus
1356 1791 1573 1840 sanctus
1595 1780 1737 1836 venit
1776 1777 1864 1833 die
1892 1776 2151 1847 quinqua-

258 1844 376 1955 ’θυι
476 1914 535 1943 /
564 1888 771 1960 gesimo
791 1900 821 1940 a
842 1844 1091 1955 passione
1115 1878 1323 1934 Domini
1370 1875 1536 1931 nostri
1578 1872 1705 1928 .lesu
1747 1868 1964 1925 Christi.
1995 1865 2150 1922 Occi-

484 1986 490 2047 ξ
564 1957 658 2035 sus
682 1986 763 2033 est
790 1990 977 2047 agnus,
1007 1971 1202 2027 factum
1243 1978 1324 2024 est
1350 1966 1571 2028 Pascha,
1601 1960 1804 2033 impleti
1833 1966 1959 2015 sunt
1991 1957 2150 2028 quin-

565 2070 816 2143 quaginta
841 2068 978 2134 dies,
999 2064 1123 2120 data
1149 2072 1233 2119 est
1252 2061 1383 2117 Lex.
1406 2058 1509 2116 Sed
1533 2057 1639 2113 Lex
1671 2056 1755 2111 illa
1785 2054 1852 2109 ad
1883 2053 2148 2143 timorem,

566 2141 765 2217 nonad
810 2171 1048 2214 amorem
1083 2172 1095 2208 :
1126 2162 1184 2209 ut
1224 2163 1401 2207 autem
1454 2150 1612 2204 timor
1654 2152 2055 2202 converteretur
2097 2141 2148 2195 in

564 2267 825 2318 amorem,
853 2250 1063 2305 occisus
1085 2257 1167 2302 est
1187 2246 1359 2316 justus
1374 2244 1482 2313 jam
1514 2242 1565 2295 in
1597 2240 1853 2301 veritate;
1881 2237 2033 2307 cuius
2064 2244 2149 2307 ty-

565 2360 663 2415 pus
699 2351 815 2400 erat
857 2342 945 2397 ille
983 2352 1148 2411 agnus
1176 2351 1337 2407 quem
1379 2331 1693 2389 occidebant
1730 2328 1919 2385 Judaei.
1949 2327 2151 2381 Resur—

564 2436 734 2500 rexit;
766 2442 820 2489 et
849 2448 878 2487 a
904 2432 991 2487 die
1029 2428 1248 2486 Pascha:
1290 2424 1532 2491 Domini,
1561 2422 1696 2477 sicut
1738 2436 1769 2475 a
1809 2419 1895 2474 die
1934 2416 2150 2473 Paschze

561 2527 684 2598 agni
714 2522 910 2590 occisi,
943 2527 1289 2577 numerantur
1327 2513 1706 2586 quinquaginta
1737 2511 1891 2573 dies;
1918 2520 1971 2564 et
2006 2508 2151 2564 venit

562 2617 793 2688 Spiritus
832 2622 1047 2668 sanctus
1099 2609 1233 2680 (Act.
1283 2623 1346 2672 ιι,
1395 2606 1541 2676 1-4),
1577 2602 1686 2673 jam
1730 2603 1782 2657 in
1825 2598 2151 2671 plenitudine

562 2706 795 2772 amoris,
827 2718 933 2759 non
964 2702 1016 2756 in
1043 2714 1198 2771 ptena
1247 2696 1472 2752 timoris.
1513 2694 1689 2761 Quare
1738 2691 1841 2746 hoc
1877 2690 2025 2745 dixi?
2067 2688 2150 2745 Ad

568 2797 669 2852 hoc
690 2811 818 2866 ergo
847 2792 1141 2849 resurrexit
1172 2790 1427 2844 Dominus
1472 2794 1528 2841 et
1565 2784 1891 2854 gloriﬁcatus
1930 2790 2049 2848 est,
2094 2791 2152 2836 ut

556 2890 799 2945 mitteret
838 2885 1095 2957 Spiritum
1142 2889 1404 2936 sanctum.
1447 2877 1513 2931 Et
1568 2875 1805 2930 dixeram
1838 2870 2149 2941 jamdudum

546 2983 684 3055 quia
715 2987 875 3051 caput
920 2977 972 3031 in
1013 2975 1151 3032 etelo
1190 2981 1305 3037 est,
1337 2969 1503 3042 pedes
1537 2968 1589 3022 in
1622 2976 1783 3022 terra.
1819 2966 1872 3020 Si
1901 2972 2055 3035 caput
2098 2964 2149 3018 in

561 3073 702 3129 male
720 3112 737 3139 ,
766 3070 928 3141 pedes
957 3069 1008 3123 in
1041 3077 1215 3129 terra;
1240 3062 1366 3135 quid
1389 3069 1507 3125 est,
1539 3059 1698 3129 pedes
1725 3057 1928 3113 Domini
1956 3057 2012 3111 in
2042 3065 2150 3110 lcr-

564 3180 644 3228 ra,
672 3164 773 3219 nisi
803 3164 819 3194 ¹
851 3159 1023 3216 sancti
1046 3156 1254 3213 Domini
1285 3155 1334 3210 in
1361 3152 1540 3209 terra?
1565 3151 1664 3219 Qui
1690 3158 1814 3203 sunt
1846 3149 2007 3219 pedes
2050 3148 2151 3203 Do-

563 3254 733 3310 mini?
762 3251 1003 3321 Apostoli
1026 3248 1171 3304 missi
1202 3261 1296 3316 per
1319 3253 1486 3299 totum
1522 3242 1706 3297 orbem
1745 3248 2027 3295 terrarum.
2050 3237 2148 3304 Qui

556 3354 690 3403 sunt
726 3343 891 3416 pedes
932 3340 1184 3398 Domini?
1213 3338 1412 3395 Omnes
1442 3335 1820 3404 Evangelistze,
1869 3333 1922 3387 in
1959 3333 2151 3402 quibus

564 3446 812 3509 peragrat
846 3434 1099 3490 Dominus
1123 3432 1399 3486 universas
1436 3437 1643 3498 gentes.
1671 3425 2008 3481 Metuendum
2036 3430 2152 3480 erat

564 3525 1013 3597 neEvangelistm
1036 3521 1370 3578 oﬁ‘enderent
1399 3520 1449 3572 in
1489 3517 1714 3588 lapidem
1755 3533 1768 3569 :
1798 3515 1891 3570 illo
1919 3515 2059 3569 enim
2097 3515 2149 3568 in

564 3622 703 3679 ctelo
732 3619 907 3690 posito
948 3617 1156 3686 capite,
1207 3612 1368 3684 pedes
1394 3610 1483 3682 qui
1530 3611 1581 3664 in
1624 3619 1765 3664 terra
1803 3607 2147 3671 laborabant,

565 3719 785 3785 possent
810 3706 1094 3765 oll‘endere
1132 3707 1186 3761 iu
1223 3702 1472 3775 lapidem.
1502 3700 1558 3755 ln
1601 3716 1759 3771 quem
1785 3700 2054 3771 lapidem?
2095 3699 2149 3753 In

565 3807 761 3878 Legem
802 3800 1078 3858 intabuiis
1108 3798 1329 3870 lapideis
1370 3796 1570 3851 datam.
1594 3794 1671 3850 Ne
1702 3810 1833 3866 ergo
1874 3795 2032 3864 Legis
2072 3794 2149 3849 rei

566 3897 777 3961 ﬁerent,
798 3911 905 3951 non
926 3902 1142 3964 accepta
1170 3890 1358 3962 gratia,
1392 3896 1447 3944 et
1466 3888 1519 3943 in
1543 3887 1686 3958 Lege
1708 3887 1783 3942 rei
1807 3895 2148 3952 tenerentur;

566 3990 679 4059 ipsa
705 3996 788 4042 est
807 3986 947 4040 enim
975 3982 1401 4039 oﬂ’ensioreatns
1429 3997 1442 4033 :
1476 3993 1610 4050 quos
1631 3978 1737 4033 Lex
1770 3978 1982 4033 tenebat
2005 3993 2150 4046 reos,

567 4078 796 4135 absolvit
826 4076 1100 4138 Dominus,
1134 4081 1191 4128 ut
1224 4073 1331 4143 jam
1359 4073 1410 4126 in
1439 4072 1633 4142 Legem
1664 4085 1769 4124 non
1797 4068 2148 4123 offenderent.

318 4129 506 4279 4
567 4168 648 4226 Ne
678 4168 839 4239 pedes
860 4166 1018 4235 hujus
1037 4164 1224 4233 capitis
1252 4164 1590 4218 incurrerent
1636 4161 1690 4214 in
1727 4160 1882 4230 Legis
1921 4168 2149 4226 reatum,

453 4258 461 4279 l
588 4262 764 4279 ,,,--___-
794 4275 831 4279 -_
849 4268 862 4279 .
886 4256 1112 4279 βέλη--
1138 4262 1350 4279 --.υιμη
1375 4262 1426 4279 ..ι
1454 4266 1689 4279 Anum...
1721 4250 1913 4279 num-ma
1967 4259 2014 4279 ΔΙ
2040 4250 2116 4279 an!

438 4258 535 4343 λιν
568 4262 767 4317 missus
786 4268 868 4313 est
886 4256 1113 4327 Spiritus
1137 4262 1353 4310 sanctus
1375 4262 1432 4307 ut
1454 4266 1689 4306 amorem
1720 4250 1938 4316 laceret,
1966 4259 2021 4305 et
2040 4250 2150 4304 sol-

276 4321 454 4407 (νων
567 4358 721 4407 veret
759 4348 1037 4404 atimore.
1080 4345 1265 4401 Timor
1303 4344 1496 4412 Legem
1538 4356 1642 4395 non
1681 4338 1954 4409 implebat,
2003 4355 2152 4393 amor

399 4422 828 4515 QVA-implevit.
853 4416 2146 4499 Timuetmnpleverunt;

374 4498 543 4616 ﬁt”:
570 4498 882 4589 amaverunt
918 4537 973 4584 et
1018 4526 1387 4597 impleverunt.
1429 4522 1708 4592 Quomodo
1754 4520 2062 4582 timuerunt,
2098 4528 2153 4573 et

424 4578 433 4600 ι
570 4578 881 4589 «um-ww---
923 4578 969 4584 -ν
1440 4578 1474 4592 η
2051 4578 2058 4582 _

367 4578 543 4707 ὑί
571 4640 680 4679 ιιοη
710 4621 1089 4693 impleverunt;
1116 4623 1446 4681 amaverunt,
1475 4623 1531 4670 et
1544 4612 1942 4684 impleverunt?
1967 4611 2148 4666 Time-

442 4706 451 4713 ’⁷
572 4715 699 4773 bant
727 4712 990 4775 homines,
1015 4718 1068 4765 et
1100 4707 1375 4778 rapiebant
1401 4721 1488 4762 res
1528 4706 1762 4769 alienas;
1803 4713 2149 4768 amaverunt,

568 4816 623 4861 et
649 4804 978 4861 donaverunt
998 4814 1141 4855 suas.
1172 4799 1313 4868 Ergo
1334 4813 1440 4853 non
1461 4804 1543 4851 est
1564 4795 1862 4851 mirandum
1888 4795 2009 4865 quia
2029 4795 2152 4850 ideo

568 4899 623 4954 in
671 4895 916 4953 manibus
961 4892 1284 4963 Angelornm
1330 4898 1635 4958 assumptus
1676 4899 1757 4943 est
1806 4889 2060 4942 Dominus
2100 4889 2151 4943 in

572 4988 798 5053 caelum,
845 5002 912 5040 ne
953 4982 1249 5039 oﬁenderet
1286 4980 1351 5035 ad
1392 4979 1620 5049 lapidem
1669 4994 1760 5049 pcs
1788 4979 1942 5049 ejus:
1974 4994 2040 5033 ne
2078 4980 2151 5033 illi

572 5080 660 5149 qui
691 5079 908 5135 interra
949 5073 1261 5133 laborabant
1285 5072 1339 5127 in
1369 5085 1594 5142 corpore
1637 5069 1783 5140 ejus,
1812 5078 2155 5140 peragrantes

581 5180 750 5226 totum
781 5169 967 5226 orbem
992 5178 1253 5222 terrarum
1282 5164 1472 5221 ﬁerent
1492 5163 1568 5218 rei
1591 5161 1778 5232 Legis.
1802 5161 2063 5217 subtraxit
2088 5162 2154 5215 ab

573 5266 654 5321 eis
676 5264 952 5327 timorem,
995 5259 1311 5329 etimplevit
1351 5271 1445 5314 eos
1479 5271 1684 5312 amore.
1712 5254 1926 5309 Timore
1968 5254 2155 5308 Petrus

574 5370 657 5416 ter
685 5357 896 5429 negavit
931 5353 1146 5425 (Matth.
1178 5369 1303 5408 xxVI
1324 5394 1339 5416 ,
1363 5351 1586 5421 69-75);
1619 5349 1853 5405 nondum
1888 5349 2028 5404 enim
2065 5362 2155 5403 ac-

578 5458 796 5521 ceperat
839 5447 1091 5518 Spiritum
1131 5456 1373 5499 sanctum
1415 5461 1428 5497 :
1467 5451 1686 5512 accepto
1736 5450 1917 5509 postea
1959 5437 2155 5507 Spiritu

583 5550 792 5605 sancto,
835 5554 954 5593 cum
996 5536 1185 5592 ﬁducia
1222 5535 1384 5604 cmpit
1410 5533 1720 5603 przedicare.
1747 5531 1845 5601 Qui
1885 5530 1951 5584 ad
1973 5544 2156 5584 vocem

579 5631 786 5687 ancillm
808 5640 888 5685 ter
910 5628 1148 5699 negavit;
1177 5632 1397 5695 accepto
1425 5625 1625 5695 Spiritu
1652 5631 1857 5689 sancto,
1893 5623 2032 5677 inter
2062 5620 2159 5677 ﬁa-

484 2032 501 2273 ἱ

474 2420 488 2707 ξ

639 5786 655 5819 ³
694 5791 742 5833 In
765 5790 812 5831 η.
837 5783 1072 5832 omittitur
1098 5794 1209 5841 vox,
1234 5778 1345 5838 nisi,
1369 5792 1512 5843 quam
1537 5791 1600 5827 ex
1632 5784 1707 5826 Er.
1733 5785 1851 5825 Ven.
1873 5783 1923 5825 et
1946 5782 2054 5826 ιον.
2080 5788 2161 5825 re-

568 5848 835 5901 tistuimus.
902 5851 959 5893 lt.

1812 384 2253 445 S.AUGUSTINI
2290 387 2589 448 EPISCOPI

3714 398 3843 453 1168

2265 500 2400 569 gella
2433 502 2728 572 principum
2772 501 3052 558 confessus
3072 513 3155 558 est
3189 520 3346 576 quem
3388 517 3681 576 negaverat
3712 510 3839 580 (Art.

2260 607 2316 656 ιι,
2348 607 2400 657 v,
2425 596 2572 664 etc.).
2599 593 2716 648 Non
2747 595 2969 660 mirum;
2997 596 3117 666 quia
3157 597 3411 652 Dominus
3446 599 3620 668 ipsum
3650 602 3840 659 trinum
3890 632 3985 677 β

2258 681 2501 739 timorem
2551 685 2691 739 trino
2740 700 2925 743 amore
2952 687 3238 745 dissolvit.
3279 690 3582 762 Resurgens
3640 696 3783 750 enim
3817 714 3844 752 a

2258 776 2478 807 mnu-nt.-
2506 778 2576 807 αἱ·
2609 778 2763 807 θαι-η
2787 796 2800 807 .
2837 778 2982 807 0-.....
3037 797 3176 807 ιη.--
3204 798 3282 807 ..η
3301 783 3324 807 o
3347 783 3456 807 ium.
3484 785 3613 807 ,ιε-ε.
3637 804 3650 807 Α
3673 786 3784 807 ηιμ-
3810 805 3835 807 η

2257 776 2479 831 mortuis
2505 778 2580 832 ait
2606 778 2800 834 Petro:
2829 778 3001 845 Petro,
3032 797 3176 836 amas
3204 783 3324 836 me?
3346 783 3459 837 Non
3480 785 3650 840 dixit:
3673 786 3848 845 Times

2256 868 2381 923 me?
2400 868 2530 924 Nam
2557 871 2601 925 si
2631 871 2807 927 adhuc
2832 830 3063 935 timeret,
3087 872 3380 929 otl‘enderet
3405 875 3471 929 ad
3504 830 3875 948 lapidenipgt
4050 830 4051 913 ι

2256 957 2375 1013 dem
2403 974 2579 1016 suum.
2608 963 2764 1018 Amas
2787 964 2901 1018 nte?
2927 964 3127 1034 inquit;
3161 974 3216 1019 et
3242 965 3330 1019 ille
3365 983 3380 1020 :
3419 967 3565 1023 Amo.
3597 968 3844 1025 Sufﬁcie-

2256 1048 2344 1103 bat
2374 1052 2558 1106 semel.
2582 1051 2741 1108 Forte
2768 1053 2895 1108 mihi
2926 1054 3214 1118 sufﬁceret,
3241 1056 3331 1126 qui
3369 1071 3463 1111 eor
3505 1073 3614 1113 non
3650 1059 3806 1114 video
3832 1048 3862 1151 ςξ

2255 1150 2453 1208 quanto
2482 1143 2649 1212 magis
2694 1143 2966 1199 sufﬁceret
2995 1144 3219 1198 Domino
3241 1186 3255 1209 ,
3287 1146 3376 1215 qui
3402 1147 3619 1202 videbat
3657 1150 3844 1219 quibus

2255 1230 2503 1286 medullis
2533 1234 2792 1288 viscerum
2814 1249 3029 1290 suorum
3055 1236 3267 1290 dicebat
3294 1237 3479 1292 Petrus
3504 1257 3517 1291 :
3546 1239 3716 1293 Amo?
3736 1242 3842 1297 Non

2256 1322 2451 1378 sufﬁcit
2479 1325 2701 1380 Domino
2729 1326 3056 1396 respondere
3081 1329 3281 1393 semel;
3312 1330 3605 1400 interrogat
3632 1332 3838 1399 iterum,
3862 1322 3869 1373 ἰ

2255 1424 2309 1470 et
2334 1418 2619 1486 respondet
2662 1419 2749 1474 ille
2792 1437 2806 1473 :
2853 1421 3043 1475 Αηιοί.
3079 1419 3374 1490 lnterrogat
3421 1424 3615 1489 tertio,
3653 1434 3706 1479 et
3737 1426 3840 1496 jam
3866 1408 3871 1497 ει

2257 1507 2413 1562 ιςηάἱο
2450 1507 2671 1601 allectus
2708 1511 2931 1601 Petrus,
2984 1514 3131 1582 quasi
3174 1512 3440 1568 dubitaret
3488 1515 3745 1571 Dominus
3780 1500 3874 1601 de‘

2255 1612 2438 1653 amore
2462 1599 2624 1668 ipsius
2653 1618 2665 1653 :
2695 1599 2932 1667 Domine,
2966 1612 3039 1667 tu,
3070 1601 3261 1673 inquit,
3285 1606 3383 1658 scis
3428 1605 3623 1672 omnia,
3670 1619 3723 1661 tu
3749 1610 3841 1663 sris
3870 1616 3872 1631 '

2255 1689 2372 1755 quia
2394 1704 2508 1741 amo
2537 1698 2582 1742 te
2614 1689 2790 1761 (Joan.
2817 1706 2925 1756 xxr,
2946 1692 3156 1763 l5-l7).
3184 1693 3289 1749 Sed
3323 1694 3581 1750 Dominus
3607 1711 3726 1751 cum
3755 1699 3839 1752 illo

2254 1776 2333 1831 sic
2357 1781 2483 1848 egit,
2518 1790 2764 1851 tanquam
2800 1783 3000 1837 diceret
3042 1803 3055 1838 :
3085 1785 3189 1840 Ter
3212 1801 3298 1839 me
3341 1787 3544 1857 negasti
3588 1791 3834 1855 timendo,

2258 1878 2338 1923 ter
2356 1870 2610 1926 conﬁtere
2636 1874 2883 1927 amando.
2916 1874 3020 1930 Isto
3052 1891 3235 1932 amore
3260 1886 3311 1931 et
3349 1878 3445 1932 ista
3478 1879 3738 1936 charitate
3763 1898 3837 1937 re-

2257 1964 2418 2033 plevit
2440 1964 2729 2034 discipulos
2755 1981 2901 2021 suos.
2929 1968 3137 2033 Quare?
3163 1967 3294 2035 Quia
3325 1969 3644 2024 altissimum
3675 1977 3837 2040 posuit

2255 2054 2512 2125 refugium
2538 2071 2690 2111 suum
2716 2075 2730 2111 :
2763 2058 2882 2127 quia
2912 2059 3236 2114 clariﬁcatns
3264 2061 3408 2114 misit
3440 2061 3696 2130 Spiritum
3724 2079 3835 2117 san-

2255 2157 2419 2211 ctum,
2442 2149 2599 2203 solvit
2627 2150 2906 2206 credentes
2943 2166 2971 2204 a
3012 2161 3157 2206 reatu
3191 2151 3347 2223 Legis
3368 2194 3382 2219 ,
3415 2169 3481 2208 ne
3523 2154 3578 2209 in
3616 2155 3831 2226 lapidem

2255 2238 2585 2295 oﬁ'enderent
2611 2240 2771 2309 pedes
2791 2241 2926 2311 ejus.

2326 2330 2380 2385 9.
2416 2330 2565 2405 [rem
2597 2331 2710 2404 15.]
2740 2332 2854 2386 lam
2895 2342 3085 2387 caetera
3128 2333 3399 2390 manifesta
3438 2347 3592 2399 sunt,
3623 2335 3829 2403 fratres,

2254 2423 2377 2493 quia
2404 2436 2549 2493 saepe
2591 2431 2809 2477 tractata
2839 2433 2982 2477 sunt.
3028 2424 3198 2493 Super
3218 2425 3444 2495 aspidem
3480 2434 3528 2478 et
3560 2426 3831 2480 basiliscum
3864 2442 3975 2495 /

2256 2513 2553 2577 ambulabis.
2583 2523 2632 2568 et
2654 2515 2969 2569 conculcabis
2998 2517 3188 2570 leonem
3217 2525 3261 2571 et
3287 2516 3558 2571 draconem
3590 2516 3687 2589 (α).
3716 2518 3832 2584 Quis
3871 2529 3935 2613 ριο

2255 2606 2327 2660 sit
2362 2619 2603 2675 serpens,
2629 2605 2797 2659 nostis
2831 2622 2843 2657 :
2871 2606 3138 2674 quomodo
3162 2620 3323 2676 super
3350 2607 3495 2661 illum
3542 2609 3710 2662 calcet
3738 2607 3830 2661 Ec-
3945 2630 4013 2699 Wa

2255 2649 2326 2660 ..ν
2362 2649 2603 2675 --.τυηη
2629 2649 2796 2659 ηπ..-
2831 2649 2843 2657 .
2872 2649 3136 2674 .,..ν...ν..ν
3162 2649 3311 2676 -..ιω
3543 2649 3710 2662 ww...
3738 2649 3805 2661 ,η

2255 2696 2439 2761 clesia,
2475 2712 2593 2767 qua:
2640 2712 2743 2752 non
2775 2698 3020 2764 vincitur,
3048 2699 3169 2768 quia
3205 2708 3356 2755 cavet
3379 2701 3605 2755 astutias
3656 2701 3826 2771 ipsius.
3861 2649 3967 2748 lla“

2256 2738 2439 2761 .........,
2476 2738 2593 2767 γη..
2641 2738 2743 2752 ...,..
3049 2738 3169 2768 ην...
3206 2738 3356 2755 μην.
3379 2738 3605 2755 “an...”
3656 2738 3826 2771 .,........
3861 2738 3893 2748 η

2254 2789 2710 2858 Quemadmodum
2737 2800 2914 2846 autem
2943 2791 3014 2845 sit
3051 2792 3136 2846 leo
3183 2800 3236 2846 et
3268 2791 3428 2846 draco
3448 2834 3462 2857 ,
3496 2801 3629 2863 pulo
3654 2801 3708 2847 et
3742 2794 3829 2846 hoc
3888 2738 4011 2817 /

2255 2896 2414 2937 nosse
2442 2881 2763 2938 Charitatem
2809 2891 3057 2937 vestram.
3093 2883 3198 2937 Leo
3237 2891 3420 2952 aperte
3451 2885 3639 2947 srvit;
3680 2884 3827 2937 draco

2256 2975 2460 3029 occulte
2489 2975 2805 3029 insidiatur:
2842 2986 3119 3044 utramque
3161 2978 3266 3031 vim
3293 2987 3346 3031 et
3385 2987 3702 3046 potestatem
3743 2978 3828 3031 ha-

2254 3065 2344 3120 bet
2372 3065 2634 3120 diabolus.
2664 3066 2887 3132 Qnando
2914 3076 3175 3138 martyres
3194 3068 3596 3134 occidebantur,
3622 3070 3703 3123 leo
3725 3079 3827 3123 erat

2254 3156 2516 3211 saeviens:
2547 3156 2758 3225 quando
2786 3157 3017 3211 haeretici
3053 3158 3383 3222 insidiantur,
3415 3160 3584 3216 draco
3610 3173 3690 3216 ρει
3716 3160 3828 3215 sub-

2255 3263 2467 3317 repens.
2503 3247 2687 3303 Vicisti
2737 3248 2944 3304 leonem
2966 3292 2980 3315 ,
3015 3250 3166 3305 vince
3208 3262 3263 3305 et
3281 3251 3569 3307 draconem
3607 3270 3621 3305 :
3657 3267 3756 3307 non
3782 3259 3827 3304 te

2256 3339 2410 3408 lregit
2440 3340 2460 3370 '
2492 3339 2580 3395 leo
2604 3381 2619 3404 ,
2651 3355 2756 3394 non
2800 3351 2850 3395 te
2890 3341 3120 3411 decipiat
3158 3342 3342 3396 draco.
3390 3342 3684 3398 Prohemus
3718 3342 3825 3412 quia

2254 3430 2339 3485 leo
2362 3440 2496 3496 erat,
2520 3431 2730 3501 quando
2754 3442 2935 3502 aperte
2954 3435 3226 3489 szeviebat.
3252 3433 3556 3490 Exhortans
3582 3445 3827 3505 martyres

2257 3523 2444 3577 Petrus
2469 3525 2543 3578 ait
2581 3543 2593 3577 :
2638 3522 2857 3578 Nescitis
2902 3527 3020 3596 quia
3061 3527 3378 3582 adversarius
3414 3540 3576 3583 vester
3615 3527 3826 3582 diabolus

2256 3623 2494 3681 tanquam
2552 3613 2631 3668 leo
2678 3617 2880 3684 rugiens
2929 3618 3135 3680 circuit,
3178 3635 3406 3687 qmerens
3450 3636 3598 3689 quem
3644 3618 3825 3672 devoret

2256 3704 2301 3772 (Ι
2333 3702 2473 3757 Petr.
2506 3720 2566 3766 v,
2598 3703 2695 3774 8)?
2734 3706 2928 3775 Aperte
2969 3708 3193 3762 sa‘viens
3238 3709 3321 3763 leo
3363 3711 3636 3778 qumrebat
3682 3722 3823 3779 quem

2256 3794 2537 3849 devoraret
2566 3813 2579 3849 :
2602 3793 2762 3849 draco
2784 3796 3052 3864 quomodo
3074 3797 3385 3852 insidiatur?
3412 3799 3514 3853 Per
3538 3798 3819 3854 luereticos.

2256 3886 2412 3941 Tales
2438 3887 2628 3941 timens
2672 3886 2893 3949 Paulus,
2929 3903 2994 3942 ne
3021 3888 3089 3941 ab
3130 3889 3234 3943 illis
3272 3902 3706 3960 corrumperetur
3732 3889 3821 3942 Ee-

2255 3977 2414 4031 clesia
2442 3992 2470 4030 a
2499 3978 2798 4047 virginitate
2831 3978 2949 4033 ﬁdei
2976 4020 2989 4039 .
3027 3996 3184 4048 quam
3210 3991 3381 4049 gestat
3414 3982 3463 4035 in
3490 3984 3682 4043 corde,
3717 3980 3818 4033 ait:

2263 4087 2282 4119 ι
2321 4068 2641 4137 Desponsavi
2685 4069 2826 4123 enim
2880 4084 2974 4124 vos
3030 4072 3117 4123 uni
3168 4072 3280 4124 viro
3334 4072 3590 4142 virginem
3638 4079 3819 4125 castam

2256 4157 2510 4213 exhibere
2552 4158 2805 4224 Christo;
2851 4171 2905 4215 et
2950 4161 3112 4215 timeo
3154 4177 3221 4215 ne
3245 4161 3379 4215 sicut
3414 4177 3635 4231 serpens
3673 4162 3817 4215 Evam

2256 4249 2467 4303 seduxit
2504 4249 2703 4303 astutia‘
2735 4264 2859 4313 sua,
2905 4251 2974 4305 ita
3027 4260 3081 4305 et
3118 4260 3323 4305 mentes
3368 4261 3560 4307 vestrm
3601 4265 3819 4305 corrum-

2257 4350 2447 4411 pantur
2466 4354 2495 4394 a
2525 4341 2766 4395 castitate
2791 4357 2908 4410 qua:
2937 4351 3020 4396 est
3044 4342 3095 4395 in
3116 4341 3329 4396 Christo
3366 4360 3384 4391 ι
3417 4343 3481 4408 (ll
3503 4342 3620 4396 Cor.
3642 4338 3817 4401 xt,‘3rt

2258 4428 2336 4501 5).
2369 4430 2731 4500 Virginitatem
2776 4432 3016 4500 corporis
3062 4447 3247 4499 pauca:
3288 4431 3498 4486 feniiuze
3547 4432 3735 4486 habent
3771 4426 3814 4478 in

2260 4524 2529 4589 Ecclesia;
2572 4524 2666 4579 sed
2696 4525 3046 4594 virginitatem
3086 4525 3262 4579 cordis
3294 4540 3480 4579 omnes
3508 4524 3688 4578 ﬁdeles
3731 4520 3814 4572 ha-

2258 4617 2404 4672 bent.
2447 4617 2501 4671 ln
2535 4616 2647 4686 ipsa
2689 4616 2792 4670 ﬁde
2832 4616 3181 4687 virginitatem
3228 4615 3406 4669 cordis
3453 4614 3667 4670 timebat
3708 4624 3815 4664 cor-

2257 4710 2431 4780 rmnpi
2460 4725 2489 4764 a
2520 4709 2763 4774 diabolo;
2795 4724 2950 4779 quam
2997 4708 3083 4778 qui
3127 4707 3484 4777 perdiderint,
3516 4708 3629 4762 sine
3674 4713 3812 4756 causa

2258 4812 2382 4857 sunt
2408 4803 2636 4870 virgines
2662 4815 2909 4869 corpore.
2950 4799 3209 4868 Corrupta
3236 4799 3397 4853 corde
3425 4800 3549 4868 quid
3576 4802 3747 4851 servat
3770 4791 3813 4843 in

2258 4891 2520 4960 corpore?
2564 4889 2712 4944 Adeo
2756 4889 2946 4943 nudier
2984 4888 3241 4943 catholica
3284 4888 3533 4956 pnecedit
3578 4883 3813 4952 virginem

2261 4980 2581 5035 luercticam.
2614 4978 2701 5033 Illa
2743 4980 2883 5032 enim
2928 4994 3033 5031 non
3077 4987 3159 5031 est
3186 4978 3332 5047 virgo
3370 4977 3420 5030 in
3449 4990 3702 5046 corpore,
3730 4970 3815 5023 ista

2262 5071 2450 5125 mulier
2480 5071 2614 5124 facta
2644 5077 2727 5124 est
2772 5070 2823 5123 in
2873 5068 3070 5133 corde;
3101 5077 3155 5122 et
3200 5068 3391 5121 mulier
3430 5083 3534 5121 non
3574 5082 3601 5118 a
3642 5058 3814 5115 marito

2264 5164 2390 5229 Deo,
2422 5163 2515 5217 sed
2560 5180 2590 5217 a
2640 5172 2905 5230 serpente.
2944 5162 3079 5229 Quid
3126 5170 3300 5215 autem
3350 5160 3616 5215 Ecclesia?
3665 5154 3814 5220 Supvr

2260 5255 2486 5325 aspidem
2524 5265 2569 5308 et
2611 5255 2897 5309 basiliscum
2924 5253 3223 5306 (uultulabis.
3259 5253 3370 5307 Rex
3409 5264 3489 5307 est
3514 5244 3811 5319 serpentium

2264 5347 2562 5409 basiliscos,
2590 5347 2727 5401 sicut
2774 5346 3016 5400 diabolus
3061 5360 3152 5399 rex
3202 5353 3286 5399 est
3335 5344 3726 5400 daemoniorum.
3754 5327 3810 5383 Et

2264 5439 2577 5493 conculcabis
2604 5440 2794 5490 leonem
2823 5446 2871 5490 et
2895 5436 3184 5490 draconem.

2339 5529 2425 5585 10.
2461 5528 2611 5601 [verm
2644 5526 2755 5601 14.]
2779 5528 2896 5583 lam
2928 5528 3087 5583 verba
3125 5527 3216 5582 Dei
3242 5526 3306 5582 ad
3337 5526 3620 5582 Ecclesiam
3647 5537 3660 5571 :
3693 5515 3807 5579 QW‘

3857 898 3866 1085 ι

3856 1154 3867 1341 l

2333 5715 2350 5745 ί
2384 5714 2456 5763 sic
2478 5717 2551 5759 Fr.
2576 5718 2695 5758 Ven.
2723 5715 2791 5757 et.
2816 5714 2924 5757 nov.
2951 5714 2998 5755 In
3023 5706 3244 5766 B.decst,
3263 5713 3387 5754 ouo.
3450 5709 3505 5751 tu.

2333 5777 2353 5805 ί
2388 5774 2535 5823 Nostri
2561 5784 2732 5821 omnes
2749 5776 2878 5829 Mss,
2903 5769 3112 5829 frangat.

2340 5806 3157 5897 (6°65itSé"{3é’FsG}31h'§iiiiéi;"in
3181 5835 3324 5877 ωη-
3361 5825 3478 5875 Psal.
3504 5830 3664 5875 χχχιιι
3680 5824 3720 5860 n-
3750 5806 3783 5854 ³·
4038 5810 4047 5897 ι
