4132 6448
341 397 471 452 1109

338 513 467 565 niam
518 511 573 565 in
627 528 705 565 me
750 511 987 581 speravit,
1019 525 1194 563 eruam
1235 523 1368 562 eum.
1418 505 1535 562 Non
1573 506 1746 560 solum
1784 519 1912 575 ergo

336 610 511 672 caput,
545 603 689 669 quod
743 602 903 657 modo
950 600 1102 655 sedet
1143 600 1195 655 in
1236 599 1409 665 ctelo,
1437 596 1560 669 quia
1594 595 1911 652 altissimum

336 694 508 765 posuit
539 694 806 765 refugium
833 708 1019 758 suum,
1042 691 1108 747 ad
1147 692 1292 763 quod
1324 707 1427 745 uon
1458 689 1711 746 accedent
1736 688 1875 743 mala
1894 728 1909 753 ,

332 796 382 840 et
428 785 701 856 flagellum
741 800 849 839 non
887 782 1333 854 appmpinquabit
1375 780 1719 836 tabernaculo
1761 779 1907 848 ejus;

332 876 421 932 sed
449 886 502 931 et
533 892 632 931 uos
652 876 743 946 qui
773 875 1078 932 laboramus
1098 875 1150 930 in
1178 884 1320 930 terra
1343 915 1357 941 ,
1385 884 1441 930 et
1464 873 1639 928 adhuc
1664 872 1717 927 in
1743 878 1910 925 tenta-

335 966 567 1021 tionibus
587 967 837 1035 vivimus,
863 981 1088 1039 quorum
1115 982 1331 1039 gressus
1355 966 1631 1030 timentur,
1659 979 1726 1019 ue
1751 964 1803 1018 in
1830 963 1909 1018 la-

331 1071 495 1125 queos
523 1058 791 1122 incidant,
831 1058 1108 1113 audiamus
1146 1072 1329 1113 vocem
1368 1056 1578 1112 Domini
1619 1055 1713 1110 Dei
1745 1052 1911 1109 nostri

335 1147 650 1201 consolantis
696 1162 817 1213 nos,
854 1155 912 1205 et
951 1147 1176 1204 dicentis
1215 1147 1408 1203 nobis:
1441 1147 1693 1215 Quoniam
1742 1146 1796 1199 in
1833 1160 1913 1199 me

330 1240 563 1308 sperauit,
598 1256 774 1294 eruam
799 1256 949 1307 eum;
978 1248 1236 1311 protegam
1267 1256 1378 1294 eum
1398 1279 1411 1305 ,
1450 1238 1685 1308 quoniam
1725 1251 1911 1307 cogno-

328 1330 392 1381 vit
421 1346 600 1382 nomen
627 1347 814 1384 meum.

400 1420 486 1474 11.
517 1418 667 1490 [βενε.
705 1418 815 1491 l5.]
839 1418 1095 1474 lnvocabit
1119 1419 1135 1452 ¹
1164 1436 1262 1483 me,
1287 1429 1334 1473 et
1360 1435 1451 1490 ego
1471 1417 1740 1473 exaudiam
1764 1434 1910 1483 eum;

326 1527 441 1562 cum
461 1510 573 1580 ipso
611 1526 721 1563 sum
752 1511 805 1564 in
829 1509 1168 1565 tribulatione.
1193 1510 1311 1565 Noli
1347 1511 1534 1566 timere
1572 1509 1784 1580 quando
1813 1511 1909 1565 tri-

331 1600 561 1663 hularis,
591 1614 661 1654 ne
685 1600 834 1668 quasi
862 1614 968 1654 non
997 1608 1170 1654 tecum
1219 1599 1287 1653 sit
1335 1599 1494 1655 Deus.
1527 1598 1686 1655 Fides
1716 1600 1786 1655 sit
1829 1608 1908 1655 te-

328 1709 471 1755 cum,
500 1702 560 1749 et
589 1702 761 1747 tecum
791 1700 875 1747 est
906 1692 1044 1748 Deus
1068 1691 1120 1746 in
1162 1692 1521 1747 tribulatione.
1544 1692 1761 1746 Fluctus
1787 1699 1913 1747 sunt

329 1787 512 1849 maris,
538 1786 770 1841 turbaris
792 1786 842 1840 in
870 1786 1099 1854 navigio,
1128 1786 1247 1855 quia
1275 1785 1469 1839 dormit
1489 1784 1751 1841 Christus.
1782 1784 1912 1839 Dor-

327 1878 522 1931 ntiebat
568 1877 621 1930 in
667 1875 787 1930 navi
816 1874 1090 1940 Christus,
1140 1874 1384 1944 peribant
1428 1874 1669 1930 homines
1697 1873 1907 1947 (Matth.

330 1983 448 2033 vni,
475 1966 568 2031 9.4,
594 1965 708 2037 25).
737 1965 792 2021 Si
822 1966 954 2021 fides
994 1975 1079 2020 tua
1120 1965 1316 2019 dormit
1363 1965 1414 2017 iu
1442 1964 1604 2019 corde
1634 1973 1755 2028 tuo,
1791 1974 1911 2020 tan-

325 2074 489 2128 quam
518 2058 570 2111 in
596 2057 713 2111 navi
746 2068 830 2111 tua
856 2055 1055 2111 dormit
1087 2054 1329 2110 Christus
1360 2071 1372 2107 :
1401 2056 1521 2124 quia
1551 2055 1792 2110 Christus
1820 2071 1913 2123 per

324 2149 491 2204 ﬁdem
546 2150 597 2204 in
646 2158 697 2204 te
746 2148 968 2203 habitat.
1012 2146 1145 2203 Cum
1194 2147 1392 2201 turbari
1441 2147 1695 2216 coeperis,
1740 2148 1911 2203 excita

325 2240 600 2296 Christum
624 2239 1012 2305 dormientem;
1044 2239 1191 2308 erige
1224 2237 1381 2293 fidem
1414 2247 1591 2307 tuam,
1619 2248 1674 2294 et
1701 2240 1913 2295 noveris

323 2332 453 2401 quia
478 2347 583 2385 non
615 2338 667 2385 te
705 2330 925 2386 deserit.
963 2328 1069 2384 Sed
1098 2328 1220 2384 ideo
1260 2337 1415 2399 putas
1456 2336 1509 2384 te
1551 2328 1761 2396 deseri,
1789 2330 1911 2401 quia

325 2438 439 2477 non
480 2420 693 2491 quando
743 2420 821 2491 (a)
870 2420 951 2475 vis
988 2419 1165 2489 eripit.
1198 2418 1409 2489 Eripuit
1457 2429 1565 2474 tres
1611 2434 1804 2488 pueros
1844 2420 1913 2475 de

323 2512 455 2583 igne
480 2511 640 2578 (Dan.
664 2527 742 2579 ιιι,
767 2510 856 2576 49,
884 2509 999 2579 50).
1032 2509 1134 2576 Qui
1161 2510 1355 2579 eripuit
1386 2520 1492 2564 tres
1520 2524 1736 2578 pueros,
1759 2509 1914 2566 dese-

322 2604 435 2658 ruit
460 2601 791 2658 Maehaharos
806 2600 872 2672 (ll
896 2598 1271 2669 Machab.vn)?
1293 2600 1463 2655 Absit.
1482 2600 1548 2655 Et
1568 2600 1684 2655 illos
1698 2601 1910 2671 eripuit,

328 2704 392 2749 et
418 2694 539 2748 illos
566 2711 579 2747 :
612 2694 732 2748 illos
758 2692 1142 2762 corporaliter,
1174 2700 1231 2745 ut
1263 2690 1503 2747 infideles
1526 2692 1915 2747 confunderen-

324 2800 447 2849 tur;
492 2785 622 2840 istos
664 2783 1025 2855 Spiritualiter,
1070 2790 1128 2837 ut
1162 2780 1350 2839 fideles
1390 2784 1745 2839 imitarentur.
1788 2784 1912 2839 Cum

322 2893 445 2947 ipso
462 2893 573 2930 sum
608 2877 660 2929 in
688 2875 1043 2940 tribulatione;
1070 2882 1115 2928 et
1141 2875 1358 2929 eximam
1382 2890 1526 2942 eum,
1555 2884 1602 2930 et
1621 2876 1912 2947 gloriﬁcabo

321 2984 467 3022 eum.

407 3059 496 3114 12.
533 3059 698 3132 [vera
741 3057 870 3131 16.]
922 3057 1261 3132 Longitudine
1296 3056 1494 3112 dierum
1537 3057 1737 3129 replebo
1777 3074 1911 3112 eum.

329 3153 471 3220 Qua:
517 3161 598 3206 est
628 3151 900 3222 longitudo
937 3150 1185 3206 dierum?
1235 3150 1352 3205 Vita
1393 3158 1615 3206 aeterna.
1673 3149 1910 3217 Fratres,

324 3250 501 3305 nolite
538 3258 727 3319 putare
768 3249 1148 3319 longitudinem
1179 3248 1385 3304 dierum
1429 3249 1570 3315 dici,
1613 3249 1750 3303 sicut
1792 3257 1915 3304 sunt

324 3341 513 3397 hieme
539 3341 657 3397 dies
685 3341 940 3407 minores,
969 3350 1156 3397 aestate
1189 3341 1304 3397 dies
1334 3340 1586 3411 majores.
1616 3340 1773 3395 Tales
1801 3339 1915 3395 dies

326 3435 493 3491 nobis
518 3434 677 3490 habet
704 3434 870 3489 dare?
908 3433 1207 3504 Longitudo
1236 3433 1326 3487 illa
1351 3443 1433 3487 est
1467 3447 1586 3502 quae
1617 3447 1723 3486 non
1755 3431 1917 3487 habet

328 3526 500 3581 linem
522 3566 537 3591 ,
569 3535 765 3579 :eterna
811 3523 913 3578 vita
953 3538 1072 3593 qua:
1112 3522 1266 3579 nobis
1292 3523 1619 3592 promittitur
1646 3522 1698 3577 in
1729 3521 1915 3576 diebus

330 3617 533 3686 longis.
565 3615 633 3670 Et
672 3630 828 3681 vere,
862 3614 983 3685 quia
1014 3613 1241 3680 sufficit,
1286 3630 1390 3670 non
1438 3615 1554 3671 sine
1579 3629 1737 3669 causa
1761 3615 1912 3679 dixit,

326 3706 538 3777 replebo
565 3722 699 3760 eum.
731 3705 845 3759 Non
888 3704 1040 3759 nobis
1068 3704 1266 3760 sufficit
1303 3704 1557 3776 qudquid
1591 3706 1805 3776 longum
1836 3714 1918 3760 est

329 3800 390 3854 in
416 3810 687 3868 tempore,
718 3798 761 3852 si
806 3797 966 3852 habet
994 3798 1186 3863 finem;
1215 3808 1267 3853 et
1295 3797 1413 3852 ideo
1454 3814 1554 3854 nec
1586 3799 1798 3869 longqu
1838 3799 1919 3853 di-

328 3888 563 3946 cendum
592 3898 693 3945 cst.
720 3890 785 3944 Et
813 3889 859 3944 si
884 3890 1026 3944 avari
1054 3904 1258 3956 sumus,
1286 3890 1408 3946 vitae
1427 3901 1641 3946 mterna:
1660 3891 1917 3948 debemus

331 3994 461 4035 esse
484 3980 623 4034 avari
656 3997 668 4033 :
700 3980 858 4035 talem
899 3980 1062 4035 vitam
1087 3979 1419 4047 desiderate,
1448 3998 1568 4053 qua:
1607 3999 1711 4038 non
1758 3982 1919 4040 habet

341 4070 522 4126 tinem.
551 4072 689 4126 Ecce
715 4071 802 4125 ubi
850 4072 1167 4127 extendatur
1212 4073 1434 4127 avaritia
1472 4083 1676 4129 nostra.
1713 4076 1917 4144 Argen-

338 4169 452 4215 tum
502 4162 577 4213 vis
629 4161 746 4215 sine
795 4161 938 4216 fine?
992 4161 1165 4216 Vitam
1213 4170 1466 4217 zeternam
1521 4163 1764 4221 desidera
1802 4167 1919 4222 sine

336 4251 470 4305 line.
496 4250 609 4305 Non
641 4252 720 4305 vis
757 4260 816 4306 ut
844 4252 1036 4321 habeat
1078 4252 1237 4307 tinem
1279 4254 1547 4323 possessio
1595 4255 1715 4311 tua?
1746 4256 1917 4313 Vitam

333 4351 595 4396 .eternam
624 4357 823 4411 qurere.
850 4341 1191 4413 Longitudine
1216 4344 1410 4398 dierum
1438 4344 1638 4415 replebo
1662 4363 1797 4402 eum.

415 4434 505 4487 15.
537 4431 605 4487 Et
626 4434 884 4487 ostendam
911 4434 989 4487 illi
1023 4436 1247 4489 salutare
1289 4452 1471 4490 meum.
1502 4435 1613 4491 Nec
1649 4435 1784 4501 hoc,
1812 4438 1918 4492 fra-

340 4534 477 4589 tres,
504 4523 743 4579 breviter
782 4525 1210 4594 prmtereuudum
1240 4534 1342 4582 est.
1375 4524 1650 4581 Ostendam
1688 4529 1765 4583 illi
1783 4529 1922 4583 salu-

337 4625 451 4669 tare
475 4632 635 4670 meum
665 4632 684 4671 :
710 4615 812 4670 hoc
830 4615 982 4681 dicit,
1011 4615 1297 4672 Ostendam
1326 4617 1398 4672 illi
1429 4617 1598 4687 ipsum
1628 4618 1916 4675 Christum.

336 4708 555 4774 Quare?
584 4723 689 4762 non
729 4716 812 4762 est
839 4708 986 4762 visus
1014 4709 1065 4763 in
1098 4710 1277 4765 terra?
1302 4707 1438 4776 Quid
1480 4726 1728 4781 magnum
1768 4714 1922 4768 nobis

339 4797 505 4852 habet
547 4798 870 4853 ostendere?
900 4798 1005 4854 Sed
1035 4814 1138 4855 non
1166 4808 1250 4856 est
1286 4800 1433 4875 visus
1476 4802 1565 4856 tali
1597 4802 1713 4858 visu
1736 4845 1751 4872 ,
1778 4805 1921 4875 quali

335 4888 658 4943 videbimus.
686 4888 803 4943 Tali
846 4888 963 4944 visu
1011 4890 1156 4944 visus
1196 4899 1311 4955 est,
1343 4891 1483 4960 quali
1523 4892 1614 4961 qui
1657 4892 1918 4963 viderunt,

330 4980 721 5035 crucifixcrunt
749 4998 762 5036 :
797 4995 923 5037 ecce
949 4981 1038 5051 qui
1065 4980 1314 5036 viderunt
1332 5022 1346 5044 ,
1374 4983 1792 5051 crucifixerunt;
1823 5000 1922 5041 nos

333 5085 444 5124 non
477 5070 705 5125 vidimus
727 5111 740 5135 ,
787 5080 842 5125 et
870 5070 1195 5126 credidimus
1231 5071 1377 5125 ’.11ιί
1407 5073 1593 5129 oculos
1633 5070 1917 5144 habebant,

332 5175 436 5216 nos
465 5176 570 5216 non
594 5160 890 5216 habemus?
918 5159 1031 5215 lmo
1060 5171 1116 5216 et
1158 5177 1255 5216 nos
1282 5162 1459 5217 cordis
1493 5163 1783 5233 habemus;
1826 5166 1920 5223 sed

330 5265 432 5319 per
465 5250 624 5306 ﬁdem
664 5250 838 5307 adhuc
863 5250 1106 5307 videmus
1128 5252 1170 5317 ³,
1199 5267 1303 5307 non
1334 5268 1428 5322 per
1454 5255 1711 5324 speciem.
1734 5256 1917 5326 Quan-

327 5343 404 5398 do
433 5344 535 5398 erit
562 5344 804 5413 species?
849 5344 1071 5412 Quando
1100 5345 1396 5401 videbimus
1427 5350 1558 5417 facie
1598 5349 1667 5403 ad
1708 5351 1910 5421 faciem,

399 5518 418 5549 ι
456 5519 668 5578 sictteg.
684 5524 782 5578 (Ms.
810 5524 864 5567 Al.
883 5517 1018 5577 Edd.,
1042 5519 1294 5570 Invocavit.
1927 5568 1932 5577 .

376 5577 589 5649 _'"£dd.,
610 5575 827 5628 uidemus
847 5584 894 5627 et
916 5575 1173 5631 credimus.
1200 5582 1364 5631 Plures
1379 5589 1507 5642 Mss,
1532 5582 1737 5635 ridimus
1751 5591 1796 5636 et
1817 5599 1919 5636 crc-

326 5638 567 5689 didimus.

397 5704 421 5734 ι
450 5710 630 5749 armis
650 5712 800 5763 prope
817 5706 946 5763 Mss,
962 5701 1174 5752 rit-imus.

364 5826 375 5835 ο
398 5763 473 5822 (a)
498 5761 667 5817 Forte,
691 5761 923 5822 quomodo
952 5777 965 5811 :
1013 5765 1054 5811 id
1084 5773 1180 5815 est.
1213 5768 1324 5828 quia
1360 5781 1448 5816 non
1486 5768 1797 5829 mrporalitcr
1823 5773 1915 5822 ori-

328 5833 419 5886 pit.

1433 390 1827 446 ENARllATIO
1866 390 1932 445 IN
1970 390 2292 451 I‘SALMUM
2334 393 2444 451 XC.

3470 409 3613 469 1170

2025 506 2168 574 quod
2212 508 2341 563 dicit
2381 511 2670 581 Apostolus
2723 513 2763 586 (l
2800 514 2916 570 Cor.
2946 533 3036 572 xm
3059 560 3072 586 ,
3106 520 3191 592 12)
3226 539 3237 574 :
3268 524 3406 592 quod
3455 530 3608 581 ltllblS

2029 598 2284 643 nmmittit
2330 600 2468 643 nam
2509 602 2560 643 in
2608 619 2799 643 mnann
2842 609 3060 643 ηναηηιῖη
3102 612 3379 643 φυτά-...ιι
3422 616 3602 643 ιαμ-..η

2027 600 2285 665 promittit
2329 600 2468 656 Deus
2509 602 2561 657 in
2606 619 2799 675 magno
2842 609 3060 677 prmmio
3102 612 3338 667 omnium
3367 616 3607 673 laborum

2025 699 2351 789 nostrorum.
2394 693 2659 789 Quidquid
2709 698 2941 770 laboras,
2992 703 3058 758 ad
3117 704 3220 762 hoc
3262 708 3503 777 laboras,
3553 723 3611 770 ut
3627 700 3783 789 βία

2027 779 2230 835 videas.
2258 781 2450 838 Nescio
2490 786 2616 855 quid
2650 803 2897 859 magnum
2924 796 3176 865 estquod
3212 798 3373 854 visuri
3400 816 3607 872 sumus,
3627 779 3974 888 221(5‘7"
4000 824 4041 835 -ο

2023 872 2235 939 quando
2268 882 2375 929 tota
2402 892 2609 933 merces
2661 891 2842 936 nostra
2875 884 3008 940 visio
3033 894 3115 943 est
3140 906 3152 941 :
3182 898 3236 945 et
3287 890 3460 961 ipsum
3490 912 3608 951 ma-
3656 911 3689 946 ι
3720 902 3823 937 τι]
3838 872 3904 937 έ

2020 976 2182 1033 gnum
2214 948 3139 1038 Mr
3158 948 3320 1036 Iesus
3339 983 3631 1044 Christus;
3654 968 3967 1004 HJ

2020 1051 2257 1147 ipsequi
2286 1056 2503 1115 humilis
2530 1063 2675 1118 visus
2702 1074 2805 1130 est,
2835 1066 2950 1135 ipse
2976 1069 3239 1128 videbitur
3267 1091 3609 1147 magnus,.et

2021 1145 2309 1237 lgtetifieabit
2347 1164 2466 1217 nos,
2500 1153 2768 1221 quomodo
2812 1156 3022 1213 videtur
3049 1161 3210 1217 modo
3235 1164 3303 1218 ab
3346 1145 3604 1237 Angelis:

2020 1235 2086 1291 In
2113 1239 2360 1310 principio
2383 1253 2490 1297 erat
2528 1242 2763 1314 Verbum,
2793 1258 2840 1302 et
2874 1248 3093 1305 Verbum
3120 1265 3226 1307 erat
3254 1235 3602 1325 opudbenm,

2018 1341 2065 1385 et
2094 1331 2229 1388 Deus
2259 1343 2364 1388 erat
2398 1334 2615 1392 Verbum
2660 1338 2835 1410 (Joan.
2861 1357 2878 1397 ι
2901 1384 2916 1409 ,
2943 1342 3016 1415 1).
3063 1346 3337 1405 Attendite
3374 1351 3462 1421 qui
3504 1352 3606 1408 huc

2020 1424 2282 1494 promisit,
2313 1426 2484 1496 ipsum
2528 1430 2807 1486 Dominum
2856 1433 2907 1488 in
2950 1435 3236 1506 Evangelio
3273 1438 3540 1497 dicentem
3586 1460 3989 1496 2———-——

2021 1515 2121 1581 Qui
2149 1517 2313 1588 diligit
2340 1534 2435 1583 me,
2466 1519 2705 1588 diligetur
2741 1539 2773 1575 a
2818 1522 2975 1579 Patre
3000 1542 3109 1581 meo
3128 1569 3141 1591 ,
3170 1538 3219 1583 et
3256 1546 3347 1600 ego
3392 1515 3602 1603 diligam

2018 1622 2152 1660 eum.
2178 1606 2243 1661 Et
2266 1611 2416 1678 quasi
2443 1608 2713 1667 diceretur
2738 1612 2787 1668 ei
2812 1656 2826 1681 ,
2861 1614 2927 1669 Et
2954 1617 3078 1686 quid
3106 1619 3335 1676 eidabis
3366 1624 3455 1692 qui
3477 1624 3599 1679 dili-
3638 1604 3889 1692 αίιιέ
3908 1672 3929 1681 ,

2015 1697 2091 1767 git
2119 1698 2211 1753 te?
2252 1697 2556 1768 Ostendam,
2588 1702 2781 1773 inquit,
2820 1708 3063 1775 meipsum
3100 1709 3179 1764 illi
3207 1709 3315 1780 (Id.
3342 1729 3450 1781 xw,
3479 1712 3594 1785 21).
3636 1697 3782 1777 τί»

2019 1788 2390 1847 Desideremus
2414 1834 2428 1863 ι
2457 1802 2510 1848 et
2547 1809 2789 1862 amemus
2818 1814 2829 1848 :
2864 1796 3165 1869 fiagremus,
3196 1804 3240 1858 si
3278 1820 3474 1875 sponsa
3509 1816 4057 1871 su-[qu’uaw

2019 1896 2155 1937 mus.
2180 1882 2419 1953 Sponsus
2445 1885 2640 1941 absens
2668 1896 2779 1953 est,
2808 1890 3164 1949 sustineamus
3192 1910 3207 1949 :
3239 1898 3414 1954 veniet
3438 1914 4029 1970 (ωαξης-τ’

2016 1971 2401 2029 desideramus.
2436 1976 2661 2033 Tantum
2689 1980 2883 2050 pignus
2910 1981 3073 2049 dedit,
3101 2001 3205 2041 non
3234 1988 3417 2046 timeat
3439 1971 3599 2063 spons

2016 2079 2073 2119 sa
2138 2081 2206 2119 nc
2264 2066 2541 2122 deseratur
2584 2070 2652 2125 ab
2698 2088 2942 2141 sponso:
2975 2090 3081 2132 non
3130 2078 3348 2136 dimittit
3408 2084 3597 2155 pignus

2017 2170 2190 2210 suum.
2223 2157 2372 2225 Quod
2404 2160 2592 2229 pignus
2637 2161 2821 2218 dedit?
2868 2164 3189 2238 Sanguinem
3242 2185 3394 2228 suum
3445 2174 3596 2232 fudit.

2018 2244 2170 2312 Ωιιωά
2221 2249 2408 2318 pignus
2451 2249 2636 2306 dedit?
2677 2252 2932 2324 Spiritum
2971 2268 3213 2316 sanctum
3258 2264 3423 2320 misit.
3454 2267 3601 2325 Talia

2018 2336 2239 2406 pignora
2284 2338 2515 2396 dimittet
2545 2342 2634 2398 ille
2679 2346 2945 2412 Sponsus?
2970 2346 3025 2405 Si
3072 2366 3180 2405 non
3222 2366 3445 2421 amaret,
3477 2357 3601 2414 talia

2020 2429 2239 2498 pignora
2285 2446 2389 2488 non
2419 2432 2592 2490 daret.
2622 2434 2739 2492 Jam
2781 2448 2943 2494 amat.
2975 2440 3020 2497 Ο
3063 2443 3107 2497 si
3138 2444 3216 2500 sie
3258 2454 3596 2506 amaremus!

2017 2517 2266 2588 Majorem
2304 2521 2642 2580 dilectionem
2675 2542 2832 2583 nemo
2874 2529 3069 2597 habet,
3102 2548 3257 2604 quam
3286 2547 3343 2591 ut
3368 2540 3599 2600 animam

2018 2622 2169 2664 suam
2222 2622 2382 2681 ponat
2420 2629 2518 2683 pro
2546 2617 2731 2671 amicis
2754 2620 2866 2673 suis
2906 2618 3081 2691 (Joan.
3113 2639 3198 2686 xv,
3232 2626 3317 2696 15)
3346 2646 3358 2682 :
3404 2638 3460 2684 et
3504 2647 3601 2687 nos

2017 2700 2285 2767 quomodo
2330 2717 2610 2771 possumus
2639 2721 2836 2775 ponere
2860 2709 3066 2765 animas
3091 2722 3299 2770 nostras
3327 2732 3425 2785 pro
3467 2719 3601 2775 illo?

2016 2790 2152 2857 Quid
2181 2791 2252 2846 illi
2281 2793 2531 2863 prodest,
2561 2797 2775 2867 quando
2796 2798 2911 2869 jam
2941 2802 3264 2860 altissimum
3302 2812 3480 2877 posuit
3511 2825 3611 2870 τες

2016 2881 2215 2953 fugium
2240 2898 2415 2952 suum,
2440 2896 2494 2941 et
2513 2887 2779 2958 flagellum
2807 2906 2911 2947 nou
2934 2896 3327 2967 apprOpinquat
3356 2899 3602 2961 tabernaw

2015 2975 2139 3031 culo
2186 2978 2339 3046 ejus?
2383 2978 2488 3035 Sed
2536 2981 2661 3051 quid
2692 2982 2821 3038 dicit
2849 2984 3124 3044 Joannes?
3171 2989 3323 3045 Sicut
3372 2991 3602 3051 Christus

2018 3082 2111 3135 pro
2140 3066 2281 3121 nobis
2310 3070 2533 3124 animam
2560 3075 2746 3142 posuit,
2769 3075 2843 3129 sic
2863 3086 2908 3131 et
2929 3095 3021 3133 nos
3049 3080 3284 3136 debemus
3303 3100 3397 3153 pro
3424 3081 3599 3155 fratri:

2018 3155 2107 3210 bus
2156 3158 2379 3212 animam
2427 3179 2614 3231 ponere
2659 3164 2702 3235 (Ι
2730 3164 2887 3221 Joan.
2936 3184 3025 3234 tu,
3078 3169 3187 3241 16).
3228 3171 3602 3247 Unusquisque

2020 3261 2222 3317 ponens
2265 3264 2362 3319 pro
2407 3252 2570 3307 fratre
2613 3254 2864 3321 animam,
2894 3272 2991 3327 pro
3018 3258 3229 3316 Christo
3256 3263 3434 3330 ponit;
3464 3279 3599 3335 quo-

2018 3339 2179 3394 modo
2206 3354 2430 3410 pascens
2454 3342 2675 3400 fratrem
2698 3387 2713 3411 ,
2741 3346 3010 3404 Christum
3041 3352 3211 3421 pascit
3241 3370 3253 3404 :
3278 3353 3403 3411 Cum
3427 3356 3515 3410 uni
3538 3344 3868 3439 Μ

2017 3433 2237 3487 minimis
2278 3435 2401 3489 meis
2446 3436 2654 3508 fecistis,
2689 3439 2813 3493 mihi
2852 3443 3043 3512 fecistis
3085 3444 3295 3511 (Matth.
3327 3462 3454 3514 xxv,
3485 3425 3832 3563 40).ιιυῖ³ο”

2025 3525 2272 3563 Amnmnc
2316 3534 2365 3563 nl
2395 3526 2662 3563 ἰιγιίιοιηηιιι-
2682 3545 2695 3557 ο
2725 3545 3001 3563 ηιι-ιιιιιηιηο
3031 3544 3143 3563 ηηηο
3174 3547 3432 3563 ...............
3465 3539 3575 3563 λε..-
3661 3525 3688 3563 ῗ

2018 3525 2293 3589 Amemus,
2316 3534 2370 3581 et
2393 3526 2662 3584 imitemur
2682 3545 2705 3595 ;
2725 3545 3003 3591 curramus
3029 3544 3144 3604 post
3174 3547 3436 3607 unguenta
3461 3525 3688 3643 ejusal‘
3706 3525 3730 3563 ν
3754 3583 3760 3595 ν
3794 3564 3926 3643 υτ

2018 3609 2844 3685 qmnticis
2866 3618 3190 3681 canticorum
3212 3645 3224 3681 :
3250 3626 3377 3682 Post
3399 3608 3601 3686 odorem

2018 3721 2385 3758 unauenlorum
2412 3722 2611 3758 tuorum
2637 3731 2895 3758 min-annm
2916 3718 3065 3758 (Enn!
3110 3736 3122 3758 ι
3174 3722 3227 3758 χι
3282 3721 3434 3758 me
3457 3725 3599 3758 Anim

2018 3721 2385 3781 unguentorum
2412 3722 2621 3771 tuorum.
2637 3731 2895 3773 curramus
2916 3718 3085 3791 (Cant.
3107 3736 3143 3789 ι,
3173 3722 3252 3793 5).
3282 3721 3439 3778 Venit
3457 3725 3600 3781 enim

2018 3810 2073 3856 et
2116 3802 2311 3870 olevit,
2363 3812 2419 3860 et
2458 3805 2592 3861 odor
2638 3807 2804 3877 ipsius
2853 3810 3093 3880 implevit
3143 3813 3418 3868 mundum.
3451 3816 3604 3873 Unde

2022 3892 2194 3949 odor?
2237 3895 2314 3951 De
2342 3898 2501 3952 coelo.
2526 3898 2761 3969 Sequere
2790 3917 2919 3973 ergo
2940 3902 3005 3958 ad
3034 3905 3253 3971 emtum,
3281 3906 3325 3959 si
3354 3922 3458 3961 non
3504 3908 3603 3963 fal-

2021 3999 2138 4038 sum
2170 3987 2462 4056 respondes
2490 4005 2610 4044 cum
2642 3990 2856 4059 dicitur,
2887 3993 3111 4052 Sursum
3137 4011 3251 4063 cor,
3276 4011 3485 4054 sursum
3513 4017 3603 4055 co—

2020 4075 2329 4144 gitationem
2352 4117 2366 4142 ,
2396 4094 2605 4134 sursum
2634 4096 2905 4150 amorem,
2939 4099 3149 4141 sursum
3192 4102 3343 4159 spem
3368 4106 3382 4155 ;
3408 4107 3476 4146 ne
3504 4107 3603 4161 pu-

2024 4174 2219 4221 trescat
2243 4167 2484 4241 interra.
2515 4170 2771 4228 Triticqu
2820 4191 2928 4230 non
2970 4177 3137 4233 audes
3162 4183 3461 4249 pouerein
3508 4183 3606 4238 hn-

2023 4256 2164 4311 mida
2194 4268 2355 4324 terra,
2382 4276 2449 4316 ne
2474 4271 2774 4333 putrescat,
2817 4267 2938 4337 quia
2965 4267 3214 4326 laborasti
3242 4280 3296 4327 et
3316 4274 3603 4340 messuisti,

2026 4349 2280 4404 triturasti
2312 4360 2366 4407 et
2395 4354 2684 4410 ventilasti.
2716 4356 2921 4423 Quaeris
2966 4359 3141 4416 locum
3189 4364 3363 4420 tritico
3398 4373 3489 4420 tuo
3509 4407 3523 4430 ,
3553 4378 3608 4422 ct

2024 4454 2131 4493 non
2161 4441 2355 4510 quaeris
2385 4442 2559 4498 locum
2586 4445 2732 4500 cordi
2763 4448 2894 4502 tuo?
2922 4466 3027 4505 non
3055 4454 3249 4521 quaeris
3281 4454 3455 4510 locum
3487 4455 3607 4513 Ihe-

2024 4543 2184 4584 sauro
2232 4532 2362 4585 tuo?
2410 4532 2517 4589 Fac
2559 4536 2810 4607 quidquid
2842 4540 3040 4608 poteris
3078 4542 3131 4597 in
3177 4552 3363 4599 terra:
3406 4560 3604 4618 eroga;

2026 4636 2131 4676 non
2160 4623 2383 4690 perdes,
2413 4627 2505 4681 sed
2537 4629 2812 4686 rccoudes.
2843 4631 2912 4687 Et
2941 4634 3058 4704 quis
3105 4638 3325 4693 servat?
3362 4637 3608 4697 Christus

2025 4712 2114 4781 qui
2145 4724 2196 4768 et
2229 4724 2279 4770 te
2304 4727 2499 4771 servat.
2527 4719 2603 4774 Te
2633 4722 2780 4777 novit
2818 4737 3031 4780 servare
3051 4767 3066 4790 ,
3097 4725 3405 4787 thesaurum
3455 4738 3603 4789 tuum

2026 4818 2132 4857 non
2157 4803 2298 4858 novit
2324 4808 2576 4864 servare?
2605 4810 2779 4878 Quare
2809 4825 2985 4869 autem
3012 4816 3124 4871 vult
3150 4828 3207 4872 ut
3236 4819 3627 4881 locummutcs-

2028 4895 2279 4949 thesauro
2310 4907 2400 4952 tuo
2420 4940 2435 4964 ,
2467 4900 2566 4956 nisi
2597 4914 2656 4957 ut
2683 4904 2857 4960 locum
2906 4917 3081 4963 mutes
3108 4910 3413 4967 cordituo?
3440 4912 3609 4976 Nemo

2027 4986 2168 5040 enim
2200 4990 2395 5059 cogitat
2434 4991 2534 5047 nisi
2574 4993 2642 5054 de
2670 4996 2935 5053 thesauro.
2961 5012 3080 5053 suo.
3109 4999 3277 5067 Quam
3327 5002 3477 5064 multi
3525 5005 3619 5065 hic.

2027 5087 2150 5132 sunt
2170 5080 2257 5150 qui
2287 5096 2372 5136 me
2401 5084 2560 5139 modo
2591 5086 2915 5154 audiunt,.et
2940 5104 3046 5144 non
3077 5100 3160 5145 est
3180 5106 3276 5147 cor
3294 5108 3480 5149 eorum
3509 5096 3608 5153 nisi

2026 5170 2079 5226 in
2125 5174 2368 5230 saccellis
2418 5177 2565 5232 suis?
2595 5177 2661 5240 ln,
2704 5189 2839 5234 terra
2888 5182 3039 5248 estis,
3069 5184 3211 5254 quia.
3241 5186 3294 5240 in
3341 5195 3480 5248 terra
3528 5199 3611 5244 cst

2026 5263 2167 5333 quod
2208 5267 2400 5323 amatis
2438 5287 2451 5323 :
2484 5270 2724 5325 mittatur
2750 5272 2802 5326 in
2832 5273 3028 5331 cmlum
3050 5289 3149 5342 ,_et
3172 5279 3275 5336 erit
3300 5278 3374 5337 ibi
3397 5294 3490 5335 cor
3521 5296 3609 5335 ve-

2025 5364 2215 5410 strum.
2249 5357 2346 5414 Ubi
2375 5361 2516 5415 enim
2548 5361 2704 5419 fuerit
2732 5364 3193 5433 thesaurustuuv,
3220 5371 3289 5431 ibi
3314 5373 3415 5429 erit
3436 5381 3488 5426 et
3516 5388 3608 5426 cur

2027 5454 2173 5502 tuum
2201 5448 2410 5517 (Matth.
2454 5467 2524 5518 vt,
2552 5451 2664 5524 21).

3634 504 3972 525 μ..
