4132 6460
225 2706 511 3027 λζ

433 2992 511 3027 λιι

321 3028 391 3111 [μὶ

175 5878 355 5982 ἡκ..
419 5883 557 5988 ita
586 5878 1284 6020 s‘\'m..l/;LJRX&C
1624 5878 1892 5996 saga
1910 5935 1947 5972 s

582 379 714 440 1171

1955 508 2156 523 ψ

1017 566 1100 628 ΙΝ
1142 561 1522 626 PSALMUM
1564 561 1703 622 XCI

713 679 776 748 Τ
1144 683 1562 740 ENARRATIO.

1212 813 1384 854 SERIO
1411 798 1510 868 (a).

649 911 698 963 1.
745 910 1014 967 Attendite
1068 910 1134 964 ad
1185 911 1456 966 Psaltnum
1505 926 1518 964 :
1563 909 1656 965 det
1698 907 1853 964 nobis
1910 909 2166 964 Dominus

572 1002 789 1070 aperire
811 1003 1063 1073 mysteria
1093 1019 1213 1074 qua:
1263 1004 1348 1058 hic
1388 1003 1762 1066 continentur;
1800 1016 1922 1057 cum
1953 1011 2168 1071 propter

573 1090 844 1146 fastidittm
867 1093 1167 1147 animorum
1199 1093 1386 1148 eadem
1415 1093 1624 1148 diverse
1651 1092 1904 1162 varieque
1931 1100 2164 1146 tractan-

574 1191 680 1235 tur.
711 1182 840 1236 Nam
875 1184 1075 1236 nullum
1113 1183 1254 1237 aliud
1279 1185 1545 1239 canticum
1573 1199 1672 1238 nos
1690 1183 1848 1238 docet
1876 1183 2042 1246 Deus,
2063 1181 2162 1234 nisi

572 1269 714 1336 ﬁdei,
747 1273 883 1342 spei,
910 1283 959 1326 et
987 1272 1258 1327 charitatis
1289 1291 1301 1326 :
1335 1281 1392 1328 ut
1439 1273 1569 1327 ﬁdes
1597 1280 1774 1326 nostra
1806 1271 1955 1325 ﬁrma
1993 1271 2063 1324 sit
2110 1271 2161 1325 in

574 1360 713 1430 ipso,
745 1363 1004 1432 quamdiu
1035 1378 1138 1418 non
1171 1363 1320 1417 illum
1347 1362 1604 1428 videmus,
1634 1362 1915 1417 credentes
1951 1361 2004 1416 in
2039 1377 2159 1416 eum

573 1469 732 1524 quem
767 1471 870 1510 non
897 1455 1158 1522 videmus,
1192 1465 1248 1510 ut
1271 1455 1597 1525 gaudeamus
1623 1469 1744 1510 cum
1775 1451 2086 1518 viderimus,
2109 1461 2164 1508 et

575 1545 695 1602 ﬁdei
727 1556 922 1602 nostrae
953 1547 1203 1602 succedat
1225 1548 1432 1618 species
1463 1547 1595 1601 lucis
1624 1547 1740 1616 ejus
1759 1587 1774 1612 ,
1798 1546 1886 1600 ubi
1912 1545 2021 1615 jam
2049 1560 2156 1599 non

572 1639 724 1693 nobis
745 1638 973 1705 dicetur,
999 1639 1167 1694 Crede
1192 1639 1331 1709 quod
1359 1655 1465 1694 non
1487 1637 1672 1704 vides;
1704 1637 1818 1703 sed,
1843 1637 2013 1708 gaude
2038 1636 2160 1706 quia

570 1728 741 1784 vides.
774 1729 909 1800 Spes
934 1731 1090 1785 etiam
1125 1741 1302 1785 nostra
1339 1729 1791 1786 incommutabilis
1820 1729 1909 1796 sit,
1950 1738 2004 1784 et
2036 1727 2159 1798 ﬁga-

571 1830 658 1875 tur
678 1822 729 1875 in
758 1822 870 1888 illo,
902 1830 955 1876 et
985 1838 1088 1877 non
1122 1831 1271 1877 nutet
1302 1831 1356 1876 et
1382 1820 1618 1885 fluctuet,
1639 1837 1744 1875 non
1772 1821 2028 1892 agitetur;
2056 1819 2160 1875 sic-

571 1920 628 1965 ut
654 1912 768 1980 ipse
797 1911 937 1966 Deus
965 1914 1014 1968 in
1044 1928 1149 1982 quo
1187 1912 1362 1983 ﬁgitur
1386 1954 1400 1977 ,
1432 1929 1538 1966 non
1586 1920 1759 1982 potest
1784 1911 1994 1982 agitari.
2027 1909 2161 1980 Spes

569 2001 711 2054 enim
741 2001 899 2056 modo
920 2013 1167 2066 vocatur;
1200 2012 1322 2056 tunc
1350 2018 1451 2056 non
1475 2017 1617 2072 spes,
1637 2000 1730 2056 sed
1760 2017 1846 2055 res
1867 2001 2162 2057 erit.Tam-

569 2093 660 2148 diu
706 2094 849 2150 enim
888 2103 1111 2150 vocatur
1130 2111 1282 2165 spes,
1314 2095 1562 2166 quamdiu
1606 2109 1710 2149 non
1758 2094 1971 2149 videtur
2021 2092 2159 2164 quod

477 2218 486 2228 -
569 2196 836 2254 speratur,
871 2187 1080 2242 dicente
1111 2188 1365 2256 Apostolo
1394 2205 1406 2240 :
1434 2186 1565 2256 Spes
1589 2195 1755 2240 autem
1792 2201 1906 2257 qua:
1943 2185 2154 2247 videtur,

569 2292 671 2329 non
720 2288 791 2331 est
819 2294 973 2346 spes:
999 2279 1134 2346 quod
1174 2279 1307 2332 enim
1335 2279 1464 2333 videt
1506 2279 1650 2347 quis,
1677 2277 1800 2348 quid
1841 2277 2055 2347 sperat?
2099 2274 2160 2330 Si

569 2375 736 2420 autem
765 2368 900 2437 quod
926 2386 1025 2422 non
1053 2369 1276 2422 videmus
1303 2385 1582 2438 speramus,
1608 2384 1698 2439 per
1742 2367 2036 2439 patientiam
2072 2383 2159 2420 ex-

567 2468 854 2527 spectamus
879 2459 1051 2528 (Rom.
1076 2475 1185 2523 vm,
1212 2459 1283 2513 24
1310 2469 1356 2514 ει
1379 2457 1494 2529 25).
1520 2458 1675 2512 Modo
1727 2474 1855 2528 ergo
1905 2457 2154 2528 patientia

571 2552 869 2604 necessaria
899 2562 1000 2617 est,
1036 2551 1287 2619 quamdiu
1328 2552 1503 2606 veniat
1527 2551 1668 2622 quod
1705 2552 2026 2624 promissum
2055 2561 2155 2605 est.

567 2637 736 2694 Nemo
763 2651 939 2695 autem
968 2643 1175 2712 patiens
1204 2652 1285 2698 est
1307 2644 1359 2698 in
1387 2643 1560 2700 bonis.
1589 2643 1812 2710 Quando
1839 2645 2067 2715 exigitur
2092 2643 2159 2699 de

571 2730 786 2787 homine
809 2731 1080 2802 patientia,
1110 2735 1161 2788 in
1191 2735 1344 2789 malis
1383 2736 1528 2806 agit:
1560 2735 1774 2806 quando
1811 2734 2020 2798 dicitur,
2055 2736 2156 2789 Pa-

571 2823 707 2877 tiens
759 2834 905 2891 esto,
931 2826 1092 2880 tolera
1117 2867 1130 2888 ,
1156 2827 1357 2882 sustine
1377 2869 1390 2890 ,
1437 2828 1675 2882 molestia
1704 2837 1786 2883 est
1805 2869 1818 2890 ,
1849 2828 1946 2882 sub
1975 2843 2076 2898 qua
2108 2837 2158 2882 te

571 2912 711 2968 Deus
749 2914 861 2968 vult
889 2929 1007 2970 esse
1030 2915 1240 2982 fortem,
1267 2917 1612 2985 tolerantem,
1646 2918 2028 2988 longanimem,
2066 2933 2159 2988 pa-

403 2992 526 3085 σμγ
571 3003 813 3059 tientem.
847 3005 951 3061 Sed
980 3009 1232 3078 numquid
1263 3007 1460 3078 decipit
1497 3010 1583 3080 qui
1627 3010 1900 3079 promisit?
1927 3009 2158 3064 Medicus

400 3111 496 3179 qv
572 3094 773 3149 exserit
798 3095 994 3151 ferrum
1017 3097 1083 3152 ad
1109 3099 1395 3153 secandum
1425 3101 1642 3156 vulnera
1661 3144 1677 3166 ,
1697 3111 1749 3158 ct
1775 3100 1902 3156 dicit
1927 3101 1976 3157 ei
1999 3117 2157 3172 quem

367 3199 520 3299 μιαί
573 3198 812 3242 secturns
840 3198 941 3254 est,
972 3190 1184 3247 Patiens
1210 3203 1355 3260 esto,
1389 3195 1590 3247 sustine
1611 3233 1625 3258 ,
1661 3193 1824 3248 tolera
1859 3211 1871 3247 :
1903 3194 1953 3248 in
2003 3193 2156 3248 dolo-

518 3284 528 3297 .
574 3278 719 3299 4L---
751 3281 904 3299 ηερ.
1373 3285 1386 3299 .
1513 3294 1524 3299 -
1569 3285 1581 3299 .
1622 3285 1634 3299 .

407 3278 1261 3398 ζρίιᾶδτίωηιίεω,
1294 3285 1386 3339 sed
1413 3294 1530 3357 post
1550 3285 1761 3342 dolores
1783 3285 2045 3366 promittit
2069 3301 2156 3341 sa-

576 3366 738 3398 luum
797 3369 854 3398 De
886 3371 973 3398 :IIA
1003 3373 1087 3398 ...ηε
1114 3373 1298 3398 ηιμ.-.
1328 3374 1534 3398 ,ιηιδμη
1561 3377 1608 3398 ε.-
1645 3377 1780 3398 r-__-
1817 3376 2004 3398 _._.n-:
2059 3377 2156 3398 _:_:

342 3340 400 3458 ί,

575 3366 860 3423 ΙυῖᾶηΪΕι
886 3371 974 3426 ille
1000 3373 1088 3442 qui
1114 3373 1304 3429 tolerat
1324 3374 1538 3430 dolores
1561 3377 1610 3430 in
1645 3366 1785 3431 ferro
1817 3376 2027 3438 medici,
2059 3377 2156 3431 nisi

339 3431 366 3474 υ
406 3431 553 3530 /
572 3460 672 3515 sibi
695 3471 958 3531 proponat
978 3431 1257 3519 sanitatem
1279 3482 1468 3535 ,quam
1495 3467 1726 3521 nondum
1759 3467 1950 3532 habet,
1982 3431 2162 3523 deﬁcit

575 3550 628 3604 in
657 3551 841 3607 dolore
867 3568 1022 3622 quem
1060 3556 1279 3623 patitur.
1307 3556 1470 3612 Multa
1499 3573 1627 3628 ergo
1663 3560 1801 3614 mala
1827 3569 1952 3614 sunt
1977 3561 2028 3614 in
2058 3559 2160 3614 isto

573 3643 804 3706 szrculo,
839 3643 1014 3712 intus,
1049 3645 1211 3712 foris;
1244 3663 1462 3717 prorsus
1490 3665 1592 3702 non
1625 3661 1869 3717 cessant,
1893 3650 2161 3704 abundant

573 3733 822 3789 scandala
857 3752 868 3788 :
900 3751 1058 3791 nemo
1105 3737 1194 3791 illa
1242 3739 1425 3804 sentit,
1458 3740 1556 3793 nisi
1606 3740 1696 3810 qui
1739 3739 1976 3809 graditur
2021 3741 2159 3795 viam

575 3825 689 3881 Dei.
719 3826 780 3881 Ei
804 3827 1000 3883 dicitur
1030 3830 1081 3883 in
1110 3830 1357 3885 omnibus
1387 3831 1580 3887 divinis
1609 3832 1834 3903 paginis,
1868 3841 1927 3890 ut
1969 3833 2163 3890 toleret

577 3918 878 3984 praesentia,
911 3928 1092 3990 speret
1138 3920 1306 3976 futura
1329 3963 1344 3986 ,
1386 3931 1528 3977 amet
1569 3939 1728 3994 quem
1759 3939 1867 3978 non
1906 3924 2081 3991 videt,
2106 3934 2164 3980 ut

573 4009 927 4077 amplectatur
950 4025 1070 4065 eum
1121 4011 1331 4066 viderit.
1361 4011 1603 4068 Charitas
1645 4013 1786 4068 enim
1841 4030 1959 4084 qua:
2008 4017 2165 4072 tertia

577 4098 730 4152 nobis
756 4099 1058 4168 adjungitur
1097 4101 1161 4155 ad
1193 4102 1348 4158 ﬁdem
1385 4113 1437 4157 et
1469 4119 1640 4173 Spem,
1671 4104 1840 4174 major
1884 4115 1965 4160 est
2001 4120 2157 4175 supra

581 4188 738 4242 ﬁdem
767 4196 822 4244 et
849 4205 1001 4260 spem
1021 4191 1062 4261 (I
1093 4191 1210 4248 Cor.
1244 4209 1370 4260 xnt,
1401 4195 1490 4266 15)
1522 4212 1536 4248 :
1566 4197 1688 4267 quia
1716 4197 1847 4252 fides
1876 4214 2053 4253 rerum
2081 4211 2164 4256 est

576 4295 697 4349 quae
738 4297 843 4336 non
875 4283 1156 4352 videntur;
1205 4288 1308 4341 erit
1346 4297 1522 4342 autem
1573 4290 1778 4358 species
1809 4291 1824 4321 ¹
1853 4305 1974 4344 cum
2037 4292 2162 4346 \‘istc

579 4371 809 4427 fuerint:
841 4384 894 4428 et
911 4390 1032 4445 spes
1061 4377 1134 4430 rei
1165 4385 1247 4432 est
1283 4394 1400 4448 quze
1440 4395 1547 4433 non
1579 4389 1814 4448 tenetur;
1843 4398 1961 4451 quae
1999 4384 2160 4437 adve-

577 4468 758 4522 niente
783 4468 895 4538 ipsa
918 4485 997 4536 re,
1027 4484 1133 4523 non
1158 4470 1379 4539 eritjam
1407 4485 1549 4541 spes,
1572 4472 1694 4542 quia
1721 4473 2038 4540 tenebimus,
2058 4491 2162 4530 non

578 4559 912 4627 sperabimus
941 4577 952 4613 :
985 4558 1216 4615 charitas
1241 4569 1420 4616 autem
1450 4577 1554 4616 non
1596 4563 1742 4617 novit
1780 4563 1884 4618 nisi
1920 4578 2164 4621 crescere

581 4649 751 4719 magis
781 4652 1072 4720 magisque.
1097 4651 1153 4704 Si
1181 4652 1322 4706 enim
1347 4667 1586 4707 amamus
1600 4668 1756 4723 quem
1777 4668 1880 4707 non
1896 4654 2160 4723 videmus,

582 4740 851 4810 quomodo
879 4743 1103 4797 amaturi
1123 4759 1306 4798 sumus
1335 4758 1455 4799 cum
1479 4744 1808 4800 viderimus?
1830 4745 2162 4802 Desiderium

579 4847 708 4902 ergo
735 4841 973 4888 nostrum
991 4843 1216 4890 crescat.
1235 4835 1521 4890 Christiani
1549 4852 1653 4890 non
1676 4851 1860 4892 sumus
1875 4839 1917 4903 ¹,
1935 4837 2035 4892 nisi
2052 4853 2165 4908 pro-

580 4933 701 4995 pter
731 4924 962 4980 futurum
995 4927 1246 4982 sreeulum
1270 4944 1282 4980 :
1308 4943 1468 4982 nemo
1483 4929 1764 5000 prmsentia
1794 4928 1931 4982 bona
1961 4939 2160 4998 speret,

583 5030 742 5069 nemo
757 5015 854 5069 sibi
885 5018 1157 5086 promittat
1173 5016 1475 5073 felicitatem
1492 5018 1694 5086 mundi,
1714 5020 1832 5088 quia
1845 5019 2164 5076 christianus

580 5117 696 5167 est;
728 5107 819 5161 sed
847 5117 1023 5163 utatur
1045 5109 1290 5165 felicitate
1310 5110 1578 5180 praesenti,
1603 5117 1662 5166 ut
1686 5119 1880 5181 potest,
1897 5109 2165 5182 quomodo

581 5204 778 5264 potest,
794 5197 1004 5266 quando
1023 5207 1215 5267 potest,
1231 5207 1483 5272 quantum
1503 5209 1695 5269 potest.
1713 5198 1844 5254 Cum
1862 5199 2031 5266 adest,
2045 5215 2166 5255 con-

582 5288 826 5344 solationi
859 5290 948 5344 Dei
965 5291 1160 5360 gratias
1182 5300 1303 5362 agat
1322 5309 1334 5344 :
1353 5307 1473 5347 cum
1492 5292 1662 5356 deest,
1682 5292 1899 5361 iustitia:
1924 5292 2016 5347 Dei
2041 5307 2165 5363 gra-

583 5380 686 5435 tias
704 5388 844 5449 agat.
865 5379 1071 5450 Ubique
1087 5382 1369 5451 sitgratus,
1388 5398 1646 5452 nusquam
1667 5382 1900 5452 ingratus
1920 5398 1932 5434 :
1954 5392 2007 5436 et
2025 5382 2164 5437 Patri

582 5471 876 5527 consolanti
909 5480 965 5528 et
991 5472 1284 5528 blandienti
1325 5482 1506 5544 gratus
1547 5475 1650 5540 sit;
1692 5483 1746 5527 et
1786 5472 1928 5528 Patri
1983 5487 2166 5529 emen-

581 5564 728 5621 danti
771 5575 826 5621 et
853 5565 1140 5638 ﬁagellanti
1181 5577 1235 5620 et
1265 5566 1600 5637 disciplinam
1645 5566 1789 5621 danti
1827 5574 2010 5637 gratus
2057 5565 2163 5630 sit;

647 5702 666 5770 ξ
699 5699 771 5770 sic
791 5707 896 5750 Mss.
919 5700 1180 5770 Edd:_v'ero,
1199 5706 1336 5749 erunt
1357 5705 1515 5770 autem
1533 5699 1730 5762 species.
1849 5761 1858 5770 ι

646 5762 666 5790 ⁵
698 5763 770 5810 sic
794 5770 892 5809 Αιιι.
916 5769 967 5811 et
989 5762 1169 5826 aliquot
1191 5771 1292 5811 Mss.
1318 5770 1374 5812 Al.
1389 5769 1461 5810 Er.
1481 5770 1532 5810 et
1553 5769 1682 5820 μονα,
1703 5775 1794 5812 non
1817 5762 1977 5813 simus.

495 5883 504 5888 .
587 5899 594 5904 ί
646 5828 720 5892 (α)
751 5831 813 5881 ad
848 5833 1073 5895 populum
1096 5834 1287 5883 habitus
1302 5833 1381 5882 die
1398 5833 1603 5891 sabbati,
1628 5845 1687 5882 ex
1706 5847 1756 5881 n.
1782 5832 1827 5880 2.

1573 6020 1865 6051 ,ἔρ-ρ...

478 6080 1068 6133 κί’-κν..

1822 371 1877 425 S.
1919 365 2283 422 AUGLS'HNI
2329 369 2626 429 El’iSCtll-‘l

2001 5914 2129 6051 (\w'
2536 5871 2685 5976 Et;
2735 5871 3067 5962 ὑοώνν

2251 6023 2275 6077 \l

3731 398 3857 457 ειη

2277 501 2421 548 autat
2444 495 2586 549 enim
2636 495 2724 552 ille
2753 513 2998 572 semper,
3026 503 3138 562 sive
3184 508 3514 579 blandiatur,
3549 513 3665 570 sive
3705 517 3861 575 mine-

2275 593 2397 641 tur:
2425 595 2480 642 et
2510 588 2651 645 dicat
2679 592 2822 661 quod
2845 595 3068 652 audistis
3090 597 3140 652 in
3173 598 3404 667 Psalmo,
3432 603 3640 658 Bonum
3661 616 3734 661 est
3750 625 3860 664 eon-

2273 679 2405 746 ﬁtert'
2431 679 2675 750 Domino,
2701 694 2748 739 et
2769 687 2988 756 psallere
3013 691 3207 745 nomini
3233 702 3335 758 tuo,
3361 694 3647 752 Altissime.

2341 769 2396 824 2.
2441 770 2589 844 [νινε.
2619 775 2694 847 1.]
2735 777 2941 835 Titulus
2963 781 3160 839 Psalmi
3200 784 3378 852 habet,
3412 787 3664 845 Psalmus
3692 796 3858 850 ceruici

2269 858 2323 912 in
2345 861 2477 916 diem
2501 864 2517 896 ι
2548 865 2760 922 sabbati.
2793 869 2933 926 Ecce
2961 882 3016 928 et
3040 873 3331 934 hodiernus
3351 879 3476 936 dies
3513 883 3721 940 sabbati
3747 899 3854 945 est:

2273 949 2412 1004 hunc
2456 953 2506 1006 in
2539 959 2786 1022 praesenti
2821 967 3062 1030 tempore
3099 965 3210 1020 otio
3238 969 3470 1036 quodam
3500 978 3843 1043 corporaliter.

2272 1041 2519 1112 languido
2541 1055 2592 1098 et
2619 1045 2764 1102 fluxo
2787 1058 2841 1104 et
2861 1051 3133 1109 luxurioso
3153 1057 3427 1115 celebrant
3445 1041 3643 1120 Judaei.
3669 1067 3856 1128 Vacant

2269 1133 2408 1188 enim
2433 1135 2501 1189 ad
2528 1151 2733 1208 nugas;
2779 1150 2833 1195 et
2877 1157 2998 1197 cum
3045 1144 3186 1203 Deus
3220 1155 3540 1221 praeceperit
3590 1157 3853 1217 sabbatum

2270 1221 2464 1294 (Exod.
2503 1243 2597 1293 xx,
2625 1228 2706 1297 8),
2736 1230 2808 1284 illi
2839 1232 2891 1286 in
2921 1233 3002 1289 his
3020 1251 3140 1306 qua:
3170 1238 3308 1294 Deus
3331 1242 3588 1311 prohibet
3619 1261 3856 1306 exercent

2269 1314 2566 1370 sabbatum.
2625 1319 2842 1374 Vacatio
2880 1334 3060 1378 nostra
3109 1343 3138 1381 a
3175 1329 3327 1385 malis
3352 1335 3634 1401 operibus,
3660 1341 3853 1397 vacatio
4050 1314 4051 1392 ξ

2269 1405 2478 1461 illorum
2507 1423 2538 1462 a
2566 1408 2718 1465 bonis
2741 1414 2996 1483 operibus
3017 1426 3120 1471 est.
3149 1418 3336 1476 Melius
3381 1433 3471 1478 est
3513 1426 3658 1481 enim
3691 1445 3850 1498 arare,

2267 1514 2424 1568 quam
2447 1502 2661 1558 saltare.
2713 1503 2792 1560 Illi
2820 1506 2889 1561 ab
2932 1522 3096 1578 opere
3148 1511 3287 1567 bono
3329 1527 3557 1584 vacant;
3585 1520 3654 1576 ab
3703 1537 3854 1592 opere

2271 1593 2551 1660 ungatorio
2581 1610 2684 1648 non
2709 1608 2915 1652 vacant.
2960 1599 3125 1656 Nobis
3164 1604 3446 1661 sabbatum
3494 1610 3682 1666 indicit
3702 1613 3848 1671 Deus.

2266 1681 2478 1750 Quale?
2505 1683 2684 1740 Primo
2723 1687 2811 1742 ubi
2838 1690 2908 1744 sit
2937 1691 3131 1747 videte.
3172 1693 3316 1751 Intus
3349 1706 3456 1763 est,
3492 1700 3546 1754 in
3586 1703 3744 1759 corde
3777 1716 3853 1762 est

2267 1775 2544 1830 sabbatum
2595 1787 2854 1835 nostrum.
2900 1781 3047 1838 Multi
3077 1785 3218 1840 enim
3261 1800 3457 1845 vacant
3506 1795 3777 1863 membris,
3803 1806 3852 1852 et

2269 1869 2654 1925 tumultuantur
2677 1875 3023 1930 conseientla.
3052 1878 3236 1933 Omnis
3257 1880 3421 1936 homo
3451 1885 3646 1950 malus,
3671 1888 3848 1943 sabba-

2267 1967 2376 2014 tum
2405 1959 2604 2017 habere
2647 1978 2752 2017 non
2783 1974 2957 2034 potest
2983 1983 2996 2019 :
3026 1983 3286 2038 nusquam
3313 1972 3460 2027 enim
3494 1974 3572 2029 illi
3612 1980 3850 2048 conquie-

2266 2053 2367 2106 scit
2390 2055 2712 2110 conscientia
2743 2073 2758 2121 ;
2787 2072 3010 2115 necesse
3055 2071 3138 2114 est
3178 2062 3229 2115 in
3261 2065 3751 2131 perturbationibus
3774 2071 3846 2125 vi-

2265 2153 2370 2199 vat.
2400 2145 2495 2200 Cui
2523 2155 2701 2202 antem
2732 2147 2870 2203 bona
2895 2157 2978 2204 est
3020 2152 3363 2216 conscientia,
3391 2158 3708 2227 tranquillus
3746 2172 3845 2225 est;

2264 2245 2320 2291 et
2364 2237 2478 2307 ipsa
2529 2239 2885 2310 tranquillitas
2937 2243 3211 2298 sabbatum
3261 2255 3344 2300 est
3389 2249 3591 2304 cordis.
3623 2252 3847 2310 Attendit

2265 2327 2406 2382 enim
2437 2330 2816 2398 promissorem
2869 2331 3150 2386 Dominum
3183 2350 3196 2396 ;
3225 2345 3275 2389 et
3320 2337 3366 2390 si
3400 2337 3610 2392 laborat
3637 2341 3688 2394 in
3719 2357 3842 2411 prte-

2264 2424 2422 2488 senti,
2450 2423 2758 2478 extenditur
2780 2439 2875 2493 spe
2895 2423 3076 2493 futuri,
3109 2435 3163 2480 et
3196 2439 3479 2483 serenatur
3517 2447 3676 2488 omne
3705 2434 3843 2489 nubi-

2264 2514 2373 2567 lum
2417 2514 2677 2578 tristitia;
2726 2515 2864 2569 sicut
2903 2515 3033 2571 dicit
3071 2518 3381 2586 Apostolus,
3433 2521 3543 2590 Spe
3585 2525 3842 2594 gaudentes

2266 2603 2440 2677 (Rom.
2469 2621 2567 2670 xu,
2601 2603 2713 2676 12).
2744 2603 2920 2675 Ipsum
2964 2616 3139 2660 autem
3169 2609 3422 2678 gaudium
3473 2612 3526 2665 in
3560 2615 3839 2684 tranquilli-

2265 2707 2371 2752 tate
2397 2698 2511 2768 spei
2554 2706 2770 2764 nostrae,
2803 2699 3078 2753 sabbatum
3123 2710 3365 2756 nostrum
3395 2710 3499 2757 est.
3553 2705 3664 2759 Hoc
3707 2720 3840 2761 com-

2263 2790 2572 2856 mendatur,
2602 2789 2706 2844 hoc
2733 2797 2975 2844 cantatur
2999 2789 3050 2844 in
3081 2790 3182 2844 isto
3213 2792 3418 2861 psalmo
3437 2835 3452 2860 ,
3477 2795 3740 2863 quomodo
3780 2795 3840 2850 sit

2265 2881 2425 2936 homo
2445 2880 2764 2936 christianus
2789 2881 2841 2934 in
2872 2881 3093 2935 sabbato
3108 2882 3283 2937 cordis
3310 2884 3428 2948 sui,
3477 2885 3528 2939 id
3558 2896 3659 2953 est,
3682 2886 3732 2940 in
3753 2901 3836 2939 va-

2263 2972 2469 3026 catione
2489 2979 2545 3026 et
2565 2971 2944 3041 tranquillitate
2963 2983 3017 3026 et
3041 2974 3328 3028 serenitate
3371 2977 3710 3032 conscientia
3740 2993 3836 3032 sua:

2265 3079 2371 3119 non
2395 3064 2751 3133 perturbatus.
2799 3062 2925 3118 Inde
2951 3064 3080 3119 dicit
3110 3065 3195 3120 hic
3216 3107 3231 3132 ,
3257 3066 3400 3122 unde
3443 3069 3616 3123 solent
3647 3078 3834 3138 pertur-

2264 3157 2376 3212 bari
2406 3157 2649 3212 homines
2681 3197 2694 3220 ,
2726 3165 2780 3211 et
2821 3156 2977 3213 docet
3007 3167 3056 3212 te
3084 3172 3243 3229 agere
3283 3160 3566 3216 sabbatum
3615 3161 3666 3215 in
3693 3160 3836 3217 corde

2267 3257 2378 3302 tuo.

2336 3341 2389 3395 5.
2433 3338 2582 3412 [vers.
2613 3336 2694 3410 2.]
2725 3337 2962 3394 Primum
2992 3347 3094 3406 est,
3127 3350 3183 3394 ιιι
3213 3348 3266 3395 tu
3284 3341 3422 3411 ipse,
3450 3343 3494 3398 si
3516 3343 3707 3413 aliquid
3727 3356 3836 3413 pro-

2264 3429 2455 3496 fecisti,
2487 3430 2598 3485 Deo
2645 3429 2948 3484 conﬁtearis
2994 3447 3061 3485 ex
3105 3446 3170 3486 eo
3207 3432 3349 3501 quod
3397 3433 3700 3503 profecisti,
3727 3433 3836 3504 quia

2267 3536 2485 3578 munera
2511 3522 2678 3591 ipsius
2707 3531 2851 3586 sunt,
2880 3537 2983 3574 non
3015 3522 3201 3577 merita
3228 3530 3338 3577 tua.
3372 3525 3511 3579 [line
3537 3525 3708 3594 incipe
3729 3524 3837 3581 sabu

2266 3617 2590 3682 batum,non
2615 3615 2707 3669 tibi
2752 3613 3028 3669 tribuendo
3073 3615 3224 3684 quasi
3267 3631 3374 3670 non
3419 3618 3686 3687 acceperis
3709 3615 3834 3688 quod

2266 3710 2516 3779 accepiin
2539 3710 2557 3779 (
2579 3707 2600 3761 l
2625 3707 2743 3763 Cor.
2790 3723 2863 3772 tv,
2892 3709 2923 3762 '7
2945 3709 2999 3777 );
3028 3723 3199 3778 neque
3241 3711 3550 3765 excusando
3590 3718 3640 3766 te
3679 3709 3743 3766 ab
3778 3722 3834 3764 eo

2266 3801 2406 3872 quod
2433 3799 2562 3855 facis
2585 3800 2727 3864 mali,
2757 3799 2876 3868 quia
2903 3799 3012 3868 ipsa
3040 3809 3164 3853 sunt
3198 3802 3565 3858 tua.Perversi
3583 3803 3717 3858 enim
3746 3801 3833 3856 bo.-

2268 3895 2438 3949 mines
2467 3900 2521 3947 et
2546 3891 2870 3962 perturbati,
2901 3891 2989 3962 qui
3017 3907 3121 3946 non
3162 3902 3326 3962 agunt
3368 3895 3647 3950 sabbatum
3669 3936 3682 3960 ,
3712 3893 3830 3948 mala

2267 3999 2364 4040 sua
2397 3983 2507 4038 Deo
2537 3981 2795 4046 tribuunt,
2828 3982 2966 4036 bona
2995 3997 3090 4038 sua
3118 3983 3242 4038 sibi.
3265 3982 3320 4038 Si
3341 3986 3470 4055 quid
3500 3986 3622 4040 boni
3642 3983 3828 4048 fecerit,
4033 3981 4051 4055 ις

2269 4075 2381 4145 Ego
2409 4072 2529 4140 feci,
2557 4072 2684 4128 dicit
2711 4091 2724 4127 :
2757 4073 2800 4127 si
2828 4072 2952 4142 quid
2980 4074 3100 4128 ntali
3132 4073 3336 4142 fecerit,
3359 4077 3551 4146 qnmrit
3578 4090 3728 4146 quem
3751 4087 3831 4127 ac-

2267 4174 2436 4228 cuset,
2466 4179 2532 4218 ne
2557 4161 2871 4217 conﬁteatur
2895 4164 3006 4218 Deo
3025 4165 3068 4215 ³.
3097 4162 3161 4218 Et
3191 4164 3316 4233 quid
3337 4177 3440 4232 est,
3471 4165 3668 4233 Quaerit
3691 4176 3828 4233 quem

2269 4259 2517 4310 accuset?
2542 4255 2597 4310 Si
2622 4273 2724 4308 non
2767 4262 2852 4310 est
2876 4255 3030 4310 valde
3063 4255 3278 4324 impius,
3322 4258 3389 4311 ad
3437 4272 3647 4312 manum
3690 4253 3832 4309 habet

2269 4357 2506 4400 satanam
2537 4361 2694 4417 quem
2715 4356 2959 4401 accuset:
2980 4348 3204 4401 Satanas
3230 4347 3371 4414 fecit,
3396 4349 3557 4414 dicit,
3587 4349 3692 4417 ipse
3716 4343 3829 4400 mihi

2271 4441 2569 4512 persuasit:
2599 4439 2747 4509 quasi
2777 4449 2990 4492 satanas
3034 4438 3226 4492 habeat
3266 4447 3582 4507 potestatem
3607 4433 3826 4506 cogendi.

2269 4533 2534 4590 Astutiam
2562 4529 2816 4588 suadendi
2849 4529 3024 4584 habet.
3054 4528 3160 4584 Sed
3191 4529 3236 4583 si
3274 4538 3486 4587 satanas
3512 4530 3823 4599 loqueretur,

2269 4573 2534 4590 ..ο..........
2562 4573 2816 4588 ...ωυωηη
2849 4573 3024 4584 ...ηνη
3055 4573 3160 4584 νυ..
3191 4573 3236 4583 υ.
3275 4573 3486 4587 ww.--
3512 4573 3785 4599 "1".--“
3811 4573 3823 4587 ,

2268 4635 2320 4682 et
2343 4635 2543 4681 taceret
2573 4625 2746 4689 Deus,
2783 4621 3009 4676 haberes
3048 4619 3188 4676 unde
3228 4629 3278 4676 te
3326 4635 3651 4689 excusares;
3690 4573 4044 4724 ιηοᾱοβέέἼ

2268 4735 2422 4775 aures
2449 4726 2553 4772 tuze
2581 4716 2767 4788 positae
2792 4724 2915 4769 sunt
2942 4715 3080 4769 inter
3104 4723 3407 4769 monentem
3438 4715 3621 4779 Deum,
3644 4721 3692 4765 et
3717 4722 3825 4777 διιε-

2269 4762 2422 4775 ·“··νυ
2451 4762 2552 4772 '“W
2583 4762 2766 4788 ειν-’κ’
2793 4762 2914 4769 -“··--
2942 4762 3070 4769 πην-
3104 4762 3407 4769 --η--ν--ννη
3438 4762 3621 4779 -νν---ι
3650 4762 3691 4765 -~
3721 4762 3732 4763 ί
3776 4762 3801 4777 ν
3885 4762 3902 4781 1
3979 4781 3992 4792 η

2269 4824 2540 4884 gerentem
2586 4821 2909 4880 serpentem.
2971 4808 3146 4875 Quare
3214 4805 3320 4862 huc
3381 4807 3658 4862 flectuntur
3677 4843 3691 4867 ,
3719 4800 3824 4854 hinc
3850 4762 4004 4884 i‘f‘”

2269 4878 2615 4960 avertuntur?
2639 4878 3822 4994 ἥψω
3876 4878 3947 4908 ί

2271 5014 2368 5053 nec
2398 4997 2538 5110 Deus
2584 4991 2759 5050 cessit.
2801 4991 3089 5047 admonere
3129 4991 3346 5046 bonum.
3406 4991 3622 5046 Satanas
3665 4991 3858 5038 autent'

2272 5105 2372 5110 μ-..
2425 5088 2562 5110 ---τι
2611 5085 2828 5110 ...ι-,ξοην
2862 5102 2874 5110 .
2911 5099 2961 5110 ..ι
2995 5091 3079 5110 ιη..
3114 5089 3374 5110 ηηιηηιηιη
3422 5089 3498 5110 nos
3528 5071 3816 5110 nnncnnlim-

2272 5071 3374 5158 tremule
3421 5089 3501 5135 est
3527 5071 3817 5133 consentire,

2271 5192 2362 5238 aut
2406 5197 2515 5238 non
2561 5178 2884 5236 consentire.
2938 5175 2993 5230 Si
3037 5175 3234 5244 aliquid
3285 5173 3624 5244 persuadente
3659 5173 3819 5221 satana

2273 5274 2396 5329 mali
2425 5273 2651 5336 feceris;
2681 5270 2886 5325 dimitte
2909 5278 3144 5323 satanam
3167 5308 3181 5330 ,
3213 5281 3401 5321 accusa
3427 5274 3504 5332 te,
3535 5270 3589 5317 ut
3623 5267 3817 5313 accusa-

2275 5366 2417 5420 tione
2442 5373 2530 5418 tua
2559 5363 2649 5416 Dei
2679 5358 3096 5415 misericordiam
3119 5359 3394 5414 merearis.
3418 5352 3624 5424 Expetis
3646 5348 3666 5380 ³
3690 5345 3816 5441 ill-1"."

2272 5468 2522 5511 accusare
2545 5453 2635 5521 qui
2663 5468 2768 5507 non
2798 5450 2957 5506 habet
2973 5448 3221 5504 veniam?
3245 5448 3321 5502 Te
3341 5459 3526 5502 accusa
3545 5484 3558 5507 ,
3575 5450 3625 5495 et
3643 5433 3815 5500 accipis

2277 5545 2676 5617 indulgentiam.
2711 5541 2911 5599 Deinde
2944 5541 3098 5597 multi
3145 5556 3252 5596 non
3297 5544 3540 5595 accusant
3580 5534 3814 5586 satanam.

2339 5702 2353 5766 ε
2390 5700 2463 5766 sic
2484 5697 2714 5748 meliores
2737 5704 2840 5747 Mss.
2863 5699 3002 5766 juxta
3023 5705 3170 5748 Grtrc.
3196 5707 3321 5748 LXX.
3353 5704 3401 5748 Al
3419 5694 3546 5753 Fdd,
3572 5691 3615 5742 in
3633 5684 3722 5766 die},
3854 5763 3859 5766 Δ
3934 5753 3939 5766 η

2338 5765 2357 5793 ι
2390 5738 2714 5818 ﬂagiti,"
2723 5738 3321 5824 ιῑὶὗιῖὲόἦῇὶὲιῆἓ“ιῖεέο’.”“““
3794 5778 3806 5799 .
3866 5753 3961 5830 ,ιι

2342 5827 2360 5856 ³
2395 5831 2484 5874 Mss
2506 5855 2519 5870 .
2543 5829 2814 5881 Exspectas.
3397 5867 3411 5883 Ἰ
3472 5814 3516 5897 J‘
3541 5807 3644 5896 ιθ,
3742 5763 3859 5945 M‘j
3970 5809 4048 5958 di

2347 5900 2456 5958 ατ,
2607 5932 2658 5958 μ
2735 5871 2922 5958 (10κῶ
2942 5905 3067 5958 W
3307 5873 3463 5932 W‘

3541 5857 3572 5896 ι

2342 5827 2360 5856 ³
2395 5831 2484 5874 Mss
2506 5855 2519 5870 .
2543 5829 2814 5881 Exspecto.
3397 5867 3411 5883 η

2342 5900 2456 5978 pes.
2536 5903 2658 5976 σιμ
2735 5871 2922 5962 δοιώ*
2942 5905 3067 5958 νίν
3158 5879 3291 5983 ννυ
3307 5873 3463 5932 W‘

3225 5983 3872 6053 ..ρπβ
4043 5993 4049 6053 ἕ
