4132 6444
117 4169 231 4221 μιι

16 4268 134 4335 τισι
157 4222 307 4335 MC

354 379 481 434 H73

347 490 437 547 sed
484 496 739 544 accusant
773 484 958 541 fatum.
1009 481 1198 537 Fatum
1225 492 1402 535 meum
1432 491 1517 532 me
1558 474 1739 539 duxit,
1782 471 1929 527 dicit.

345 586 473 636 tium
501 578 704 634 dixeris
746 576 822 631 illi
852 617 867 642 ,
897 576 1072 642 Quare
1124 569 1333 626 fecisti?
1372 583 1539 638 quare
1573 563 1843 636 peccasti?
1870 562 1935 616 Et

345 673 429 726 ille
454 689 466 723 :
498 669 631 724 Fato
658 684 778 722 meo
808 667 969 721 malo.
1001 665 1077 720 Ne
1105 664 1263 728 dicat,
1298 661 1411 731 Ego
1440 658 1537 714 feci
1560 700 1573 721 ,
1595 658 1703 727 jam
1744 668 1935 709 manus

344 763 406 819 ad
426 762 590 816 Deum
617 758 785 814 tendit
810 775 824 822 ;
854 757 1030 827 lingua
1055 754 1410 824 blasphemat.
1442 748 1686 805 Nondum
1717 746 1930 817 quidem

345 857 443 910 lioc
467 861 655 924 aperte
681 851 829 915 dicit,
859 849 954 906 sed
988 828 1165 903 tamen
1187 845 1421 909 attende,
1456 850 1509 897 et
1535 841 1658 897 vide
1681 841 1802 911 quia
1832 839 1934 894 hoc

346 946 485 1000 dicit.
517 943 726 1012 Qua-ris
763 941 830 994 ab
859 940 949 993 illo
988 937 1113 1009 quid
1152 937 1221 992 sit
1262 935 1423 989 fatum
1448 952 1464 998 ;
1491 941 1545 988 et
1571 930 1733 996 dicit,
1755 928 1934 985 Stella:

346 1036 519 1091 malae.
547 1033 757 1101 Quaeris
784 1030 851 1084 ab
878 1030 971 1084 illo
997 1028 1115 1098 quis
1165 1027 1289 1082 fecit
1328 1026 1511 1080 stellas
1530 1064 1545 1089 ,
1572 1022 1689 1092 quis
1715 1020 1930 1076 ordina-

347 1127 418 1180 vit
440 1126 659 1188 stellas;
692 1138 798 1177 non
820 1120 983 1175 habet
1009 1118 1257 1195 quiddjhi
1279 1112 1733 1186 rcspondeat,nisi
1770 1111 1930 1177 Deus,

346 1219 530 1273 Restat
552 1231 681 1287 ergo
707 1225 761 1270 ut
787 1214 902 1268 sive
930 1228 1021 1282 per
1049 1200 1387 1266 transennam
1410 1249 1425 1275 ,
1448 1208 1559 1262 sive
1588 1221 1683 1276 per
1706 1218 1931 1260 cannam

347 1311 578 1381 longam,
601 1309 715 1363 sive
744 1321 835 1378 per
866 1304 1162 1376 proximum
1198 1303 1235 1363 ¹,
1266 1302 1430 1355 Deum
1457 1305 1703 1358 accuset;
1730 1305 1784 1352 et
1811 1309 1930 1350 cum

346 1403 485 1459 Deus
508 1401 693 1471 puniat
718 1406 931 1469 peccata
952 1437 968 1462 ,
995 1396 1158 1449 Deum
1190 1392 1346 1448 faciat
1380 1400 1650 1444 auctorem
1688 1394 1934 1458 peccato-

349 1510 463 1551 rum
501 1506 744 1546 suorum.
781 1488 896 1543 Non
924 1495 1099 1556 potest
1123 1484 1265 1539 enim
1316 1480 1434 1535 fieri
1480 1488 1535 1534 ut
1567 1479 1749 1549 puniat
1792 1474 1934 1547 quod

348 1586 468 1641 fecit
496 1604 509 1639 :
541 1584 692 1653 punit
717 1580 855 1651 quod
882 1578 1106 1641 facis,ut
1130 1576 1319 1629 liberet
1337 1570 1477 1643 quod
1505 1570 1647 1625 fecit.
1679 1569 1933 1638 Aliquan-

348 1678 419 1734 do
444 1685 646 1739 autem,
671 1671 906 1728 dimissis
931 1670 1200 1734 omnibus,
1224 1666 1441 1722 omnino
1478 1663 1681 1718 directe
1717 1668 1845 1716 euut
1881 1659 1933 1714 in

348 1770 547 1833 Deum;
580 1776 636 1822 et
663 1764 879 1835 quando
908 1769 1147 1833 peccant,
1176 1759 1360 1814 dicunt
1391 1774 1405 1810 :
1441 1755 1579 1810 Deus
1605 1754 1706 1809 hoc
1734 1752 1932 1813 voluit;

349 1863 394 1917 si
422 1862 581 1917 nollet
610 1859 772 1923 Deus,
799 1871 904 1912 non
932 1868 1230 1926 pecearem.
1257 1850 1339 1906 Ad
1366 1849 1466 1903 hoc
1508 1854 1686 1901 monet
1733 1853 1790 1900 ut
1830 1859 1935 1898 non

346 1954 521 2007 solum
550 1965 656 2005 non
687 1948 933 2004 audiatur
954 1954 1135 1999 utnon
1158 1956 1365 2012 pecces,
1392 1939 1484 1993 sed
1511 1944 1789 1991 accusetur
1815 1934 1936 2004 quia

349 2042 584 2113 peccas?
604 2040 751 2115 Quid
770 2053 898 2108 ergo
922 2052 1019 2091 nos
1044 2034 1199 2089 docet
1228 2032 1463 2102 psalmus
1489 2028 1625 2082 iste?
1647 2026 1846 2080 Bonum
1866 2033 1937 2077 est

346 2134 578 2203 confiteri
603 2132 840 2185 Domino.
867 2126 1001 2195 Quid
1026 2136 1106 2182 est
1128 2165 1142 2189 ,
1170 2121 1396 2192 conﬁteri
1428 2118 1682 2173 Domino?
1712 2116 1766 2170 ln
1790 2124 1930 2170 utra-

347 2242 456 2295 que
481 2240 572 2289 re,
601 2224 729 2278 etin
756 2227 975 2292 peccato
1003 2228 1111 2281 tuo,
1146 2214 1269 2285 quia
1313 2223 1366 2267 tu
1403 2209 1597 2273 fecisti,
1626 2217 1681 2263 et
1716 2208 1767 2262 in
1798 2207 1938 2262 bono

347 2318 513 2381 facto,
541 2315 799 2371 confitere
824 2311 1072 2373 Domino,
1104 2308 1227 2377 quia
1259 2307 1372 2378 ipse
1398 2303 1542 2358 fecit.
1570 2302 1719 2357 Tunc
1746 2300 1938 2370 psalles

348 2407 553 2463 nomini
584 2405 677 2459 Dei
699 2401 972 2457 altissimi:
994 2412 1237 2469 quaerens
1259 2396 1476 2466 gloriam
1498 2393 1609 2457 Dei,
1634 2408 1738 2446 non
1772 2400 1935 2455 tuam;

347 2516 548 2555 nomen
580 2499 743 2567 ipsius
763 2537 779 2561 ,
820 2509 927 2549 non
951 2502 1121 2547 tuum.
1171 2489 1227 2546 Si
1269 2488 1410 2544 enim
1439 2495 1492 2540 tu
1522 2484 1715 2555 qumris
1745 2498 1937 2538 nomen

351 2592 474 2656 Dei,
502 2590 694 2660 quarrit
745 2596 801 2643 et
853 2587 965 2655 ipse
1022 2596 1214 2637 nomen
1247 2577 1496 2634 tuum:si
1536 2585 1715 2630 autem
1757 2582 1812 2627 tu
1847 2589 1938 2628 ne-

347 2682 585 2755 glexeris
640 2694 834 2734 nomen
876 2677 1010 2740 Dei,
1062 2674 1206 2728 delet
1247 2680 1302 2726 et
1345 2672 1457 2739 ipse
1508 2681 1701 2721 nomen
1769 2674 1936 2719 tuum.

348 2773 635 2843 Quomodo
664 2780 840 2825 autem
869 2768 1010 2832 dixi,
1041 2764 1243 2834 Quaerit
1269 2777 1460 2818 nomen
1491 2759 1681 2813 tuum?
1710 2757 1941 2824 Quomo-

348 2868 427 2924 do
444 2866 579 2922 dixit
595 2862 872 2933 discipulis
899 2860 1011 2915 suis
1029 2856 1382 2913 venientibus.
1409 2861 1750 2924 posteaquam
1799 2848 1943 2903 misit

349 2974 451 3016 eos
471 2956 854 3025 evangelizare.
885 2952 1015 3008 Cum
1047 2949 1297 3005 fecissent
1322 2946 1486 2999 multa
1515 2944 1785 3006 miracula,
1809 2950 1864 2996 et
1888 2942 1939 2995 in

350 3048 576 3104 nomine
600 3044 794 3101 Christi
826 3041 1085 3096 daemonia
1116 3038 1399 3108 eiecissent
1418 3078 1433 3103 ,
1464 3034 1749 3089 redeuntes
1797 3032 1943 3087 dixe-

351 3152 484 3197 runt
511 3160 525 3195 :
555 3139 784 3203 Domine,
819 3154 925 3191 ecce
952 3133 1202 3188 da’inonia
1226 3130 1365 3184 nobis
1380 3129 1601 3200 subjecta
1624 3135 1758 3181 sunt.
1790 3124 1947 3180 Dixe-

352 3243 488 3292 runt
506 3232 741 3304 quidem,
775 3232 826 3284 in
852 3229 1052 3283 nomine
1077 3237 1161 3279 tuo
1181 3241 1198 3289 ;
1220 3222 1313 3277 sed
1338 3223 1423 3275 ille
1447 3220 1575 3274 vidit
1610 3218 1661 3275 in
1700 3219 1778 3272 eis
1821 3217 1943 3287 quia

354 3326 476 3394 ipsa
522 3322 905 3394 gloriﬁcatioue
943 3315 1284 3389 gaudebant,
1315 3322 1370 3368 et
1418 3308 1744 3366 extollebant
1780 3322 1871 3372 se,
1893 3314 1947 3360 et

354 3418 509 3475 ibant
547 3415 669 3469 inde
712 3414 767 3468 in
809 3410 1146 3482 superbiam,
1179 3407 1299 3476 quia
1350 3404 1498 3458 licuit
1549 3402 1651 3457 illis
1680 3400 1948 3469 expellere

356 3506 648 3565 daemonia.
678 3506 820 3559 Vidit
864 3504 981 3557 illos
1007 3513 1246 3571 qumrere
1297 3495 1519 3567 gloriam
1563 3508 1711 3549 suam
1736 3532 1752 3558 ,
1782 3500 1838 3547 et
1877 3491 1951 3545 ait

360 3601 473 3655 illis
497 3640 512 3663 ,
559 3611 803 3667 quzerens
846 3595 977 3663 ipse,
1011 3592 1118 3646 imo
1159 3600 1483 3643 conservans
1523 3583 1735 3644 nomina
1764 3597 1947 3636 eorum

358 3689 506 3760 apud
536 3704 593 3743 se
624 3706 636 3741 :
672 3686 843 3740 Nolite
870 3683 1089 3756 gaudere
1134 3680 1188 3735 in
1215 3682 1346 3744 hoc;
1383 3674 1594 3747 gaudete
1622 3684 1785 3726 autem
1816 3671 1951 3741 quod

364 3783 571 3836 nomina
614 3790 770 3833 vestra
819 3776 1009 3845 scripta
1053 3780 1169 3827 sunt
1217 3771 1270 3823 in
1298 3768 1420 3823 cazlo
1450 3765 1599 3839 (Luc.
1633 3781 1683 3828 ιι,
1718 3765 1802 3829 17,
1835 3760 1949 3833 20).

364 3875 509 3930 Ecce
539 3872 624 3928 ubi
647 3870 812 3925 habes
841 3865 1111 3932 nomen,si
1141 3873 1196 3918 tu
1221 3878 1414 3918 nomen
1442 3860 1531 3914 Dei
1564 3874 1667 3912 non
1700 3857 1951 3926 negligas.

442 3966 545 4021 alle
565 3979 692 4033 ergo
723 3960 922 4016 nomini
953 3959 1047 4013 Dei
1072 3998 1087 4023 ,
1116 3965 1175 4012 ut
1206 3955 1368 4008 ﬁxum
1400 3952 1467 4006 sit
1493 3949 1632 4018 apud
1658 3949 1827 4002 Deum
1855 3960 1953 4001 no-

372 4037 494 4112 inen
518 4064 684 4109 tuum.
715 4052 950 4106 Psallere
978 4059 1153 4102 autem
1181 4044 1307 4115 quid
1332 4051 1432 4104 est,
1485 4038 1714 4094 fratres?
1750 4037 1953 4091 Psalte-

308 4148 508 4264 ’ἆὶιιιιι
529 4144 709 4214 organi
739 4157 907 4213 genus
933 4149 1036 4203 est;
1054 4135 1281 4193 chordas
1313 4130 1953 4206 habmnnslrum,

370 4223 678 4264 “(nmmum
715 4242 950 4264 “Mn-nm
979 4238 1058 4264 κιαι
1091 4247 1103 4258 ο
1132 4227 1451 4264 ηιιίριιηιηιιρ
1482 4219 1724 4264 manibus
1768 4232 1953 4264 onera-

416 4223 714 4304 salterium‘
715 4242 951 4287 nostrum
979 4238 1063 4284 est
1091 4247 1103 4282 :
1132 4227 1452 4304 quicumque
1480 4219 1724 4277 manibus
1768 4232 1957 4287 opera-

372 4312 1019 4395 ΜΝ
1037 4322 1145 4375 Deo
1163 4336 1179 4384 ;
1207 4320 1525 4387 quicumque
1545 4328 1637 4368 ore
1653 4312 1953 4372 comitetur,

372 4428 556 4476 cantat
581 4419 707 4473 Deo.
730 4416 897 4485 Canta
918 4429 1032 4479 ore,
1051 4412 1216 4481 psalle
1238 4406 1506 4477 operibus.
1530 4402 1610 4458 Ad
1636 4416 1793 4471 quam
1812 4398 1959 4454 rem?

447 4512 501 4565 4.
544 4508 692 4581 [vers.
724 4506 803 4579 5.]
831 4506 911 4559 Ad
942 4499 1349 4557 annuntiandurn
1383 4512 1530 4549 mane
1565 4491 1961 4547 misericordiam

376 4616 540 4664 tuam,
566 4610 613 4653 et
638 4598 896 4652 veritatem
925 4606 1065 4649 tuam
1092 4609 1179 4663 per
1208 4585 1575 4654 noctem.Quid
1593 4584 1691 4639 sibi
1710 4582 1822 4636 vult
1843 4582 1961 4651 quia

376 4706 536 4747 mane
561 4686 920 4743 annuntianda
942 4693 1024 4738 est
1047 4679 1410 4738 misericordia
1429 4677 1543 4739 Dei,
1558 4684 1613 4730 et
1632 4689 1725 4743 per
1751 4680 1962 4726 noctem

378 4784 580 4839 veritas
610 4782 737 4836 Dei?
774 4779 924 4833 Mane
967 4777 1160 4831 dicitur
1182 4816 1197 4839 ,
1229 4770 1441 4843 quando
1487 4767 1640 4822 nobis
1669 4766 1805 4820 bene
1834 4771 1916 4816 est
1947 4778 1961 4814 :

378 4899 488 4939 nox
533 4882 753 4943 dicitur,
786 4876 1001 4948 quando
1034 4873 1243 4928 tristitia
1277 4864 1637 4923 tribulationis
1680 4869 1779 4915 est.
1829 4855 1963 4925 Quid

376 4993 511 5046 ergo
538 4976 669 5029 dixit
697 4970 961 5029 breviter?
984 4965 1207 5035 Quando
1230 4963 1324 5017 tibi
1348 4963 1484 5017 bene
1508 4966 1616 5022 est,
1639 4953 1810 5026 gaude
1835 4951 1963 5014 Deo,

376 5069 508 5141 quia
556 5062 917 5121 misericordia
961 5060 1129 5130 ipsius
1162 5065 1261 5111 est.
1301 5054 1415 5109 Jam
1447 5060 1500 5104 tu
1544 5049 1681 5102 forte
1710 5045 1918 5099 diceres
1949 5058 1962 5094 :

379 5132 445 5217 Si
469 5172 598 5228 ergo
622 5155 830 5227 gaudeo
856 5154 990 5217 Deo,
1019 5147 1231 5220 quando
1258 5144 1391 5201 mihi
1416 5143 1551 5197 bene
1576 5147 1687 5198 est,
1716 5134 1837 5204 quia
1866 5132 1965 5185 mi.-

379 5250 676 5309 sericordia
719 5247 883 5316 ipsius
921 5254 1033 5309 est;
1063 5240 1275 5312 quando
1299 5238 1349 5291 in
1377 5232 1609 5296 tristitia,
1651 5229 1704 5282 in
1748 5223 1967 5280 tribula-

381 5346 534 5400 tione
558 5354 699 5405 sum,
720 5336 845 5408 quid
868 5336 1035 5390 facio?
1062 5316 1420 5387 Misericordia
1443 5323 1609 5394 ipsius
1628 5330 1733 5383 est,
1758 5314 1971 5386 quando

382 5432 520 5488 mihi
552 5432 689 5485 bene
726 5405 835 5493 est;
878 5424 1162 5481 crudelitas
1190 5434 1318 5489 ergo
1349 5416 1513 5485 ipsius
1534 5453 1547 5475 ,
1593 5408 1805 5480 quando
1835 5405 1974 5459 male

383 5526 514 5583 est?
538 5522 595 5579 Si
627 5521 786 5576 laudo
822 5515 1239 5573 misericordiam
1264 5551 1279 5576 ,
1311 5505 1523 5579 quando
1553 5504 1688 5558 bene
1722 5506 1836 5562 est;
1886 5511 1972 5550 re-

388 5615 721 5689 prehendam
769 5627 897 5681 ergo
948 5606 1356 5667 crudelitatem,
1408 5595 1621 5669 quando
1672 5592 1809 5647 male
1854 5588 1977 5643 est?

387 5712 531 5769 Non.
573 5707 679 5764 Sed
722 5678 936 5775 quando
986 5700 1122 5753 bene
1160 5705 1274 5760 est,
1317 5693 1470 5746 lauda
1516 5678 1973 5744 miscricordiam;

186 5854 201 5861 -
226 5830 247 5865 ξ
294 5840 303 5853 ἰ
362 5856 367 5859 -
430 5833 483 5877 -ι.
512 5833 680 5885 Plures
701 5814 895 5884 optima:
910 5822 1036 5866 nota:
1054 5817 1183 5871 Mss,
1208 5804 1491 5875 proximam.

1234 5924 1363 5973 ,δ’

1475 359 1869 419 ENAIlRATlO
1908 358 1971 413 IN
2012 357 2332 418 PSALMUM
2375 364 2505 419 XCI.

3496 366 3630 420 H74

2046 475 2260 544 quando
2284 477 2441 539 male,
2473 476 2627 531 lauda
2661 477 2932 532 veritatem
2954 477 3104 548 :qnia
3132 486 3346 549 peccata
3377 478 3625 550 ﬂagellat,

2045 581 2151 621 non
2178 576 2258 621 est
2284 566 2515 638 iniquus.
2543 568 2596 621 In
2625 576 2780 622 nocte
2798 576 2913 623 erat
2931 569 3136 635 Daniel,
3154 569 3367 640 quando
3393 570 3581 625 orabat
3612 588 3625 624 :

2043 666 2158 711 erat
2186 658 2329 711 enim
2358 658 2408 711 in
2438 658 2743 728 captivitate
2784 658 3100 723 Jerusalem,
3134 669 3250 715 erat
3280 660 3331 714 in
3364 669 3628 731 potestate

2042 745 2296 802 hostium.
2327 747 2475 803 Tunc
2504 748 2669 803 multa
2717 748 2855 803 mala
2895 749 3062 804 sancti
3089 750 3425 819 patiebantur
3459 768 3471 806 :
3503 760 3631 809 tunc

2044 837 2159 907 ipse
2196 838 2248 892 in
2285 838 2457 893 lacum
2493 840 2703 892 leonum
2735 839 2927 894 missus
2951 849 3067 906 est,
3098 849 3225 895 tunc
3253 849 3364 897 tres
3388 842 3539 912 pueri
3568 844 3625 900 in

2042 930 2218 1029 ignem
2248 931 2556 999 przecipitati
2584 940 2711 985 sunt
2734 928 2893 1003 (Dan.
2926 947 3007 999 rt,
3036 930 3139 1004 ιιι).
3172 932 3297 989 Haec
3323 934 3633 1004 patiebatur

2042 1020 2093 1075 in
2124 1020 2428 1089 captivitate
2466 1021 2690 1090 populus
2736 1020 2897 1076 Israel
2929 1040 2942 1075 :
2974 1035 3081 1076 nox
3110 1030 3243 1077 erat.
3273 1023 3376 1078 Per
3412 1035 3631 1080 noctem

2039 1110 2393 1165 confitebatur
2421 1111 2602 1165 Daniel
2624 1111 2900 1166 veritatem
2924 1111 3038 1177 Dei;
3060 1111 3274 1169 dicebat
3292 1114 3345 1169 in
3362 1116 3641 1182 oratione,

2042 1202 2369 1257 Peccavimus
2394 1245 2407 1267 ,
2456 1204 2609 1273 impie
2633 1208 2843 1273 egimus,
2874 1204 3188 1273 iniquitatem
3214 1206 3423 1276 fecimus
3452 1222 3470 1261 :
3495 1208 3583 1262 tibi
3607 1249 3624 1274 ,

2040 1293 2277 1359 Domine,
2306 1295 2490 1365 gloria,
2521 1295 2661 1349 nobis
2687 1297 2918 1366 confusio
2944 1296 3057 1366 (Id.
3092 1312 3147 1351 lx
3169 1339 3182 1361 ,
3215 1298 3265 1363 5,
3295 1298 3375 1367 7).
3416 1298 3629 1355 Verita-

2041 1397 2147 1441 tem
2179 1388 2272 1442 Dei
2299 1389 2644 1443 annuntiabat
2682 1404 2777 1458 per
2806 1397 3037 1444 noctem.
3066 1390 3201 1457 Quid
3220 1398 3319 1456 est,
3351 1393 3625 1447 veritatem

2043 1478 2135 1534 Dei
2160 1479 2475 1535 annuntiare
2512 1494 2608 1549 per
2652 1479 2909 1533 noctem?
2965 1479 3080 1533 Non
3133 1494 3390 1536 accusare
3436 1482 3623 1549 Deum,

2040 1570 2162 1639 quia
2193 1569 2387 1639 pateris
2424 1570 2619 1639 aliquid
2667 1569 2823 1636 mali;
2864 1569 2955 1624 sed
2997 1571 3232 1625 tribuere
3279 1571 3406 1626 illud
3441 1587 3627 1641 pecca-

2041 1661 2110 1716 tis
2134 1661 2236 1714 tuis
2256 1700 2270 1727 ,
2303 1660 2662 1716 emendationi
2710 1661 2909 1729 ipsius:
2942 1659 3020 1712 Ad
3048 1660 3453 1714 annuntiandnm
3480 1678 3628 1718 mane
3682 1678 3697 1701 ν

2040 1750 2436 1806 misericordiam
2475 1752 2661 1822 ipsius,
2704 1760 2750 1804 et
2795 1752 3045 1804 veritatem
3085 1768 3175 1819 per
3224 1762 3440 1806 noctem.
3491 1751 3623 1808 Cum

2042 1842 2463 1899 misericordiam
2518 1842 2799 1896 annuntias
2852 1858 3027 1909 mune,
3074 1852 3128 1897 et
3196 1843 3469 1898 veritatem
3530 1858 3627 1913 per

2043 1946 2273 2002 noctein,
2306 1950 2516 2004 semper
2542 1934 2722 1988 laudas
2752 1934 2939 1996 Deum,
2963 1948 3173 2003 semper
3194 1934 3463 1989 confiteris
3487 1933 3619 2001 Deo,

2042 2035 2097 2080 et
2123 2025 2306 2095 psallis
2332 2025 2530 2081 nomini
2563 2024 2699 2094 ejus.
3622 2035 3661 2083 τ

2113 2090 2164 2173 3.
2210 2116 2357 2190 [vers.
2384 2116 2462 2189 4.]
2488 2116 2554 2171 In
2581 2090 2891 2170 decnchordo
2920 2116 3178 2185 psalterio,
3209 2131 3323 2168 cum
3349 2116 3544 2170 cantico
3572 2090 3883 2190 inme-72)

2042 2209 2256 2262 cithara.
2285 2207 2720 2263 Decliacliordum
2747 2180 3051 2275 psalterium
3082 2219 3187 2260 non
3210 2204 3367 2259 modo
3381 2204 3623 2260 audistis.
3652 2180 3943 2275 7%‘M/‘fz

2044 2234 2256 2262 [ιιηαϊαο
2285 2234 2720 2263 υεωιίιυιιυιυυιυ
2747 2234 3051 2275 ιιδίιιιωίυιιι
3083 2234 3187 2260 ιιυιι
3210 2234 3623 2260 ιιιυυυᾱυυιδιιθ.
3673 2234 3843 2267 Ι’⁹””]
3869 2234 3943 2304 J‘

2044 2300 2443 2357 Decachordum
2487 2300 2793 2369 psalterium
2831 2298 3093 2366 signiﬁcat
3138 2297 3323 2353 decem
3362 2307 3643 2367 praecepta:
3713 2273 3823 2369 J':
3838 2294 3897 2369 λ,

2044 2392 2216 2462 Legis.
2245 2391 2348 2447 Sed
2378 2400 2593 2445 cantare
2624 2390 2673 2443 iu
2707 2390 2793 2443 illo
2818 2403 2951 2458 opus
2978 2398 3082 2454 est,
3107 2402 3212 2442 non
3242 2351 3459 2457 portare
3480 2351 3623 2457 p531-
3656 2360 3814 2409 θ’θ’
3835 2351 4069 2462 “him

2044 2486 2256 2539 teriam.
2290 2483 2419 2537 Nam
2450 2492 2501 2537 et
2528 2482 2693 2536 Judzei
2725 2444 2918 2534 habent
2956 2444 3182 2548 Legem;
3216 2444 3427 2548 portant
3450 2444 3494 2542 ,.
3516 2444 4003 2533 ιιοῤ

2045 2574 2293 2644 psallunt.
2317 2573 2415 2640 Qui
2445 2572 2676 2639 suntqui
2706 2569 2966 2639 psallunt?
2988 2568 3086 2635 Qui
3106 2574 3410 2637 operantur.
3427 2566 3627 2622 Parum

2043 2674 2127 2720 est
2155 2683 2168 2719 :
2191 2664 2281 2735 qui
2297 2673 2582 2734 operantur
2596 2676 2715 2715 cum
2737 2660 2967 2724 tristitia,
2995 2656 3226 2711 nondum
3245 2656 3498 2726 psallunt.
3521 2654 3624 2724 Qui

2043 2757 2269 2828 suntqui
2289 2754 2551 2826 psallunt?
2576 2752 2817 2821 Quicum
2845 2747 3111 2802 hilaritate
3150 2746 3346 2800 faciunt
3373 2746 3529 2800 bene.
3568 2746 3624 2799 In

2046 2848 2320 2921 psallendo
2340 2848 2479 2903 enim
2509 2844 2747 2899 hilaritas
2774 2850 2875 2897 est.
2916 2841 2981 2895 Et
3005 2839 3129 2910 quid
3151 2838 3277 2893 dicit
3305 2838 3661 2907 Apostolus?"

2047 2943 2278 2997 Hilarem
2299 2940 2433 2995 enim
2454 2940 2678 2992 datorem
2705 2935 2866 3005 diligit
2891 2932 3026 2986 Deus
3048 2931 3112 3000 (ll
3128 2929 3244 2985 Cor.
3263 2945 3339 2995 ιιι,
3361 2929 3439 2996 7).
3468 2927 3631 2995 Quid—

2045 3034 2169 3104 quid
2183 3033 2331 3098 facis,
2353 3046 2473 3087 cum
2498 3028 2759 3083 hilaritate
2772 3025 2880 3079 fac:
2906 3024 3100 3077 bonum
3124 3030 3247 3075 tunc
3262 3027 3315 3074 et
3332 3018 3466 3072 bene
3480 3015 3651 3071 facis.-

2047 3124 2104 3180 Si
2133 3131 2311 3178 autem
2333 3135 2453 3177 cum
2479 3117 2686 3174 tristitia
2706 3114 2863 3179 facis,
2883 3115 2939 3167 lit
2960 3112 3027 3168 de
3045 3120 3115 3177 te,
3140 3126 3244 3164 non
3262 3108 3419 3171 facis;
3436 3116 3491 3162 et
3509 3121 3633 3176 por-

2050 3226 2128 3272 tas
2158 3215 2325 3286 magis
2358 3211 2688 3284 psalterium,
2728 3222 2834 3261 non
2876 3214 3076 3260 cantas.
3109 3201 3176 3256 In
3218 3200 3455 3272 psalterio
3484 3198 3630 3251 deca-

2049 3309 2259 3374 cltordo,
2277 3322 2389 3360 cum
2408 3301 2665 3357 canticoin
2676 3299 2870 3353 cithara
2890 3314 2910 3351 :
2933 3296 3033 3351 hoc
3060 3304 3164 3361 est,
3190 3292 3351 3349 verbo
3372 3301 3423 3345 et
3447 3304 3630 3359 opere.

2051 3398 2177 3454 Cum
2196 3397 2410 3463 cantico,
2435 3391 2636 3455 verbo;
2658 3394 2711 3443 in
2736 3387 2946 3450 cithara,
2963 3399 3144 3453 opere.
3169 3382 3223 3437 Si
3248 3380 3403 3435 verba
3426 3378 3538 3433 sola
3560 3377 3635 3432 di-

2051 3491 2148 3552 cis,
2172 3487 2321 3559 quasi
2343 3485 2602 3540 canticum
2627 3480 2799 3535 solum
2822 3476 3005 3541 habes,
3028 3472 3283 3529 citharam
3312 3486 3413 3524 non
3437 3469 3601 3524 habes
3619 3486 3655 3523 :-

2053 3585 2098 3638 si
2120 3580 2378 3652 operaris,
2399 3586 2453 3632 et
2474 3591 2577 3629 non
2607 3570 2861 3641 loqueris,
2889 3568 3037 3639 quasi
3060 3564 3225 3620 solam
3256 3562 3513 3618 citharam
3536 3560 3633 3612 ha-

2054 3677 2168 3731 bes.
2195 3674 2418 3742 Propter
2444 3669 2544 3723 hoc
2571 3676 2623 3721 et
2648 3666 2867 3735 loquere
2896 3661 3052 3725 bene,
3095 3666 3146 3712 et
3190 3655 3269 3710 fac
3297 3654 3455 3721 bene,
3490 3652 3535 3707 si
3557 3652 3636 3706 vis

2058 3765 2253 3820 habere
2277 3762 2540 3818 canticum
2570 3773 2689 3812 cum
2716 3754 2938 3810 cithara.

2129 3857 2182 3911 6.
2210 3855 2358 3928 [vera
2380 3852 2459 3925 5.]
2480 3851 2613 3917 Quia
2633 3845 2930 3919 jucundasti
2960 3860 3057 3907 me,
3099 3838 3334 3903 Domine,
3363 3836 3415 3890 in
3438 3840 3636 3907 factum

2059 3961 2165 4017 tua,
2197 3927 2242 4004 et
2266 3950 2316 4002 in
2347 3946 2577 4017 aperibus
2602 3956 2841 3995 manuum
2881 3947 3079 3991 tuarum
3124 3930 3404 3985 exsultabo.
3435 3927 3661 3983 Videtis.

2058 4015 2182 4112 quid
2209 4015 2475 4093 dicataTu
2503 4051 2586 4087 me
2610 4030 2776 4087 fecisti
2805 4029 2942 4083 bene
2968 4027 3229 4080 viventem
3253 4062 3266 4085 ,
3304 4029 3358 4073 tu
3396 4034 3483 4074 me
3527 4015 3640 4072 for.

2062 4135 2213 4188 masti
2244 4148 2256 4182 :
2286 4130 2330 4183 si
2370 4126 2494 4197 quid
2531 4124 2665 4178 forte
2706 4120 2832 4177 boni
2870 4118 3027 4181 facio,
3065 4116 3117 4170 in
3160 4113 3356 4168 factura
3388 4124 3636 4164 manuum

2064 4234 2272 4279 tuarum
2304 4216 2585 4275 exsultabo
2611 4233 2625 4267 :
2654 4210 2922 4284 quomodo
2961 4208 3089 4263 dicit
3121 4203 3425 4275 Apostolus,
3473 4199 3645 4271 Ipsius

2061 4318 2195 4373 enim
2221 4329 2393 4368 sumus
2420 4312 2733 4381 ﬁgmentum,
2757 4304 2909 4358 creati
2932 4303 2983 4355 in
3006 4300 3238 4371 operibus
3263 4296 3404 4350 bonis
3426 4294 3642 4367 (Ephes.

2065 4425 2123 4475 ιι,
2168 4406 2276 4475 10).
2315 4400 2606 4458 Νἱείυειιίιιι
2655 4408 2705 4452 te
2735 4396 2989 4450 formaret
3033 4390 3099 4445 ad
3140 4404 3301 4459 Opera
3346 4389 3505 4450 bona,
3538 4400 3659 4439 non.

2066 4515 2254 4555 nosses
2281 4496 2379 4551 nisi
2408 4507 2569 4563 opera
2598 4500 2685 4546 tua
2712 4488 2871 4543 mala.
2899 4485 2998 4552 Qui
3027 4483 3167 4536 enim
3187 4480 3406 4550 loquitur
3436 4476 3645 4530 menda-

3622 2024 3940 2045 ________.—

3666 2061 3843 2080 ,__,,—

2067 4593 2222 4655 cium,
2247 4588 2308 4642 de
2333 4602 2421 4640 suo
2448 4584 2668 4653 loquitur
2690 4579 2869 4652 (Joan.
2894 4572 3111 4644 vnn“)
3143 4590 3155 4625 :
3182 4571 3283 4625 hoc
3306 4567 3661 4637 Evangelium.

2066 4691 2214 4746 dicit.
2240 4686 2412 4742 Omne
2440 4683 2715 4747 peccatum
2747 4667 3079 4723 mendacium
3109 4672 3209 4718 est.
3237 4660 3433 4717 Contra
3472 4658 3642 4727 legem

2068 4784 2211 4840 enim
2259 4787 2312 4833 et
2348 4781 2531 4832 contra
2566 4766 2839 4821 veritatem
2870 4757 3124 4829 quidquid
3156 4765 3268 4821 est,
3314 4750 3646 4807 mendacium

2068 4874 2278 4929 dicitur.
2328 4867 2471 4935 Ergo
2523 4858 2649 4931 quid
2700 4854 2810 4910 ait?
2872 4851 2971 4917 Qui
3021 4848 3239 4916 loquitur
3298 4840 3650 4907 mendacium,

2069 4967 2132 5021 de
2181 4978 2272 5018 suo
2328 4956 2573 5027 loquitur;
2622 4948 2794 5012 idest,
2825 4942 2913 5013 qui
2945 4946 3146 5009 peccat,
3176 4935 3243 4989 de
3294 4948 3389 4987 suo
3446 4937 3647 4999 peccat.

2072 5052 2341 5112 Attenditc
2389 5022 2705 5101 sententiam
2747 5044 2951 5090 contra.
3006 5029 3061 5083 Si
3109 5026 3250 5081 enim
3288 5023 3379 5093 qui
3420 5022 3653 5091 loquitur

2073 5144 2440 5203 mendacium,
2508 5136 2576 5189 de
2626 5146 2723 5184 suo
2784 5124 3046 5193 loquitur;
3107 5124 3271 5172 restat
3326 5123 3383 5169 ut
3423 5115 3513 5184 qui
3570 5113 3684 5166 ιιι-ι

2073 5241 2251 5312 quitur
2280 5233 2552 5288 veritatem
2574 5267 2587 5285 ,
2619 5224 2686 5277 de
2717 5219 2811 5274 Dei
2841 5218 2857 5247 ¹
2886 5215 3150 5281 loquatur.
3198 5208 3321 5263 Ideo
3366 5206 3559 5261 dicitur
3606 5209 3657 5257 in

2074 5296 2179 5388 alio
2204 5332 2322 5384 loco
2343 5344 2353 5379 :
2377 5323 2511 5377 Deus
2526 5316 2660 5371 solus
2677 5325 2864 5373 uerax;
2893 5304 3054 5359 omnis
3075 5311 3243 5353 autem
3263 5299 3411 5352 homo
3439 5296 3659 5349 mendax

2079 5385 2253 5493 ξιιὸηι.
2277 5433 2355 5481 ιιι,
2388 5415 2467 5481 4).
2492 5407 2611 5462 Non
2642 5402 2735 5456 tibi
2755 5399 2948 5453 dicitur
2970 5395 3020 5446 in
3050 5392 3150 5445 hac
3175 5387 3457 5493 sententia,
3486 5385 3655 5449 Vade,

2079 5474 2298 5569 securus
2343 5474 2600 5559 mentire,
2625 5494 2748 5564 quia
2777 5490 2938 5544 homo
2962 5500 3021 5541 es
3055 5501 3067 5536 :
3102 5482 3209 5536 imo
3232 5477 3354 5533 vide
3395 5485 3447 5531 te
3491 5474 3661 5529 homi-

2082 5620 2223 5668 nem,
2253 5599 2374 5670 quia
2396 5590 2624 5649 mendax
2650 5600 2740 5650 es;
2769 5591 2824 5637 et
2848 5590 2902 5635 ut
2928 5579 3002 5632 sis
3020 5589 3204 5635 verax,
3222 5571 3345 5626 bibe
3360 5566 3660 5630 veritatem,

2145 5718 2161 5746 ί
2196 5715 2269 5763 sic
2290 5717 2397 5759 Mss.
2424 5712 2477 5756 Al.
2495 5703 2628 5759 cdd,
2646 5698 2706 5750 de
2728 5704 2826 5747 Deo
2849 5704 2865 5741 ι
2891 5686 3119 5739 mendum
3142 5679 3269 5744 quod
3281 5674 3379 5742 jam
3400 5687 3547 5740 supra
3564 5684 3666 5723 ror-

2085 5785 2316 5829 TUXHUUS.
