4132 6442
222 422 347 477 1177

182 604 185 609 ν
218 540 343 596 bus"
372 533 544 591 Omnis
570 547 687 584 caro
718 527 910 598 fenum,
935 532 979 578 et
1008 520 1167 575 omnis
1192 516 1396 570 claritas
1426 510 1592 564 carnis
1615 517 1665 560 ut
1695 504 1791 576 ﬂos

180 604 185 633 ξ
217 632 315 703 feni
342 646 361 682 :
386 632 551 699 [eitum
579 597 744 685 aruit,
774 629 817 673 et
854 618 949 687 ﬂos
979 612 1161 667 decidit
1197 607 1344 680 (1δαὶ.
1381 621 1466 666 XL.
1490 602 1523 657 6
1553 602 1628 667 8).
1670 597 1799 703 O.ii-

218 689 295 779 iiia
344 689 469 788 ergo
496 721 743 770 arescunt
773 719 826 764 et
866 706 1156 768 decidunt;
1208 715 1310 755 non
1358 696 1577 751 verbum
1626 689 1793 745 illud:

226 813 436 867 Verbum
469 808 611 864 enim
657 801 861 857 Domini
899 806 1062 851 manet
1091 796 1141 847 in
1163 801 1421 846 wternum.
1454 783 1666 839 Transit
1716 780 1791 834 fe-

217 924 336 962 num
356 948 368 968 ,
398 901 584 958 transit
610 896 823 952 claritas
851 892 990 955 feni;
1024 886 1116 943 sed
1158 885 1322 939 habes
1353 897 1458 950 quo
1486 886 1536 931 te
1564 886 1747 930 teneas
1780 890 1792 926 :

225 997 434 1051 Verbum
460 987 665 1045 Domini
686 994 851 1038 manet
872 983 922 1034 in
942 989 1205 1034 internum.
1229 973 1322 1027 Dic
1342 983 1471 1037 ergo
1493 967 1566 1021 illi
1588 983 1599 1018 :
1630 962 1797 1017 Nimis

218 1084 481 1158 profundae
501 1080 651 1151 facile
674 1084 789 1129 sunt
811 1069 1133 1142 cogitationes
1164 1073 1280 1117 tute.
1310 1058 1545 1114 Tcnuisti
1574 1055 1791 1123 lignum,

218 1146 407 1234 iransis
432 1146 521 1244 per
540 1173 695 1225 istam
720 1162 1149 1237 profunditatem.
1175 1156 1335 1210 Vides
1362 1152 1430 1207 ibi
1452 1146 1687 1219 aliquid?
1718 1146 1797 1199 in-

1310 388 1704 452 ENARRATIO
1744 389 1805 445 IN
1850 390 2171 446 PSALMUM
2213 392 2344 447 XCI.

3352 396 3489 451 H78

1909 521 2026 575 qnzu
2064 505 2208 559 videt
2263 506 2397 559 mala
2441 523 2468 559 a
2520 508 2671 562 malis
2716 508 2826 562 ﬂeri
2867 509 3073 563 tolerat.
3112 509 3326 575 Quare?
3354 509 3488 575 Quia

1902 607 2134 651 internus
2156 606 2276 664 est,
2305 607 2358 652 et
2380 597 2521 653 videt
2550 599 2672 668 quid
2705 599 2810 653 illis
2847 609 3044 654 servet.
3069 600 3162 654 Vis
3200 610 3251 653 et
3281 609 3336 653 tu
3367 615 3488 655 esse

1904 688 2219 758 longanimis
2258 697 2310 743 et
2341 690 2579 758 patiens?
2607 690 2776 760 Junge
2812 700 2861 744 te
2890 691 3171 744 aiteruitati
3204 690 3330 754 Dei;
3362 707 3485 744 cum

1904 780 1994 834 illo
2019 789 2267 849 exspecta
2297 780 2383 834 illa
2410 796 2529 850 qua:
2557 780 2689 834 infra
2719 790 2769 835 te
2796 791 2917 836 sunt
2941 800 2953 834 :
2986 796 3103 835 cum
3132 782 3272 834 enim
3301 782 3477 835 adlue-

1902 874 2031 928 serit
2061 888 2155 928 cor
2181 882 2328 927 tuum
2362 873 2663 935 Altissimo,
2696 873 2832 928 infra
2879 882 2931 927 te
2954 884 3111 927 erunt
3139 874 3316 927 omnia
3346 889 3487 927 mor-

1904 965 2057 1029 talia;
2088 973 2139 1019 et
2167 965 2253 1020 dic
2291 964 2429 1034 quod
2475 965 2733 1034 sequitur,
2769 965 3017 1030 Quoniam
3046 981 3157 1019 ecce
3197 964 3388 1018 inimici
3416 966 3489 1019 tui

1902 1060 2151 1130 peribunt.
2176 1058 2274 1127 Qui
2304 1058 2464 1113 modo
2481 1058 2691 1123 ﬂorent,
2726 1068 2905 1126 postea
2937 1058 3200 1127 peribunt.
3232 1059 3329 1127 Qui
3361 1070 3486 1112 sunt

1902 1152 2098 1205 inimici
2125 1149 2251 1205 Dei?
2273 1150 2509 1215 Fratres,
2540 1150 2674 1203 forte
2702 1150 2821 1205 illos
2849 1150 2992 1204 Solos
3018 1153 3214 1219 putatis
3241 1150 3487 1203 inimicos

1902 1242 1997 1297 Dei
2023 1242 2111 1311 qui
2139 1240 2535 1311 blasphemant?
2558 1240 2693 1295 Sunt
2721 1239 2932 1307 quidem
2962 1250 3012 1293 et
3041 1240 3136 1308 ipsi
3162 1280 3176 1304 ,
3206 1248 3259 1292 et
3279 1248 3486 1292 atroces

1901 1332 1985 1386 isti
2024 1332 2113 1401 qiii
2166 1346 2265 1385 nec
2291 1331 2466 1400 lingua
2497 1345 2596 1385 nec
2639 1329 3049 1398 cogitationibus
3082 1330 3238 1383 malis
3265 1340 3485 1399 parcunt

1901 1423 2110 1492 injuriis
2133 1422 2244 1477 Dei.
2276 1422 2342 1477 Et
2369 1422 2494 1492 quid
2520 1421 2711 1476 faciunt
2751 1421 2860 1475 Deo
2881 1421 3095 1475 excelso
3115 1463 3128 1485 ,
3161 1428 3362 1474 artemo
3382 1421 3406 1473 ?
3430 1418 3488 1475 Si

1903 1533 2079 1587 pugno
2106 1517 2158 1570 in
2187 1518 2488 1572 eolumuam
2518 1515 2699 1577 ferias,
2733 1522 2785 1568 tu
2814 1513 3063 1568 hederis:
3088 1523 3140 1567 et
3173 1523 3324 1581 putas
3364 1513 3487 1582 quia

1904 1606 2229 1677 blasphemia
2281 1607 2445 1661 Deum
2503 1606 2805 1674 percutiens
2852 1619 2957 1657 non
2999 1612 3053 1657 tu
3098 1602 3150 1657 di
3186 1603 3487 1671 rumperis?

1904 1715 2025 1755 nam
2066 1700 2192 1754 nihil
2225 1698 2354 1754 facis
2384 1699 2511 1753 Deo.
2553 1697 2657 1753 Sed
2689 1696 2883 1750 inimici
2913 1696 3002 1750 Dei
3030 1704 3212 1764 aperte
3244 1694 3489 1765 blasphe-

1902 1799 2137 1846 matores
2157 1799 2296 1853 sunt,
2323 1800 2377 1845 et
2395 1788 2629 1859 quotidie
2657 1788 2849 1842 occulti
2893 1787 3250 1841 inveniuntur.
3291 1788 3487 1841 Cavete

1905 1883 2037 1938 tales
2082 1882 2381 1937 inimicitias
2425 1881 2536 1935 Dei.
2567 1879 2833 1946 Quosdam
2860 1877 3002 1934 enim
3039 1878 3275 1932 occultos
3316 1877 3488 1931 inimi-

1903 1988 1995 2027 cos
2025 1973 2120 2027 Dei
2138 1972 2409 2041 Scriptura
2442 1971 2643 2041 aperit;
2668 1979 2723 2023 ut
2741 1970 2863 2039 quia
2892 1984 2997 2022 non
3021 1967 3138 2022 illos
3164 1975 3316 2037 potes
3333 1982 3491 2022 nosse

1904 2063 2067 2119 corde
2109 2074 2199 2117 tuo
2222 2105 2238 2130 ,
2266 2062 2479 2116 noveris
2508 2062 2627 2116 illos
2670 2061 2720 2115 in
2750 2059 3020 2130 Scriptura
3050 2059 3144 2114 Dei
3171 2100 3184 2121 ,
3212 2068 3266 2112 et
3300 2072 3491 2112 caveas

1904 2156 2128 2211 inveniri
2170 2170 2290 2210 cum
2343 2155 2469 2208 illis.
2502 2155 2700 2223 Aperte
2745 2152 2871 2207 dicit
2898 2151 3125 2207 Jacobus
3170 2151 3220 2205 in
3255 2149 3488 2219 Epistola

1906 2263 2000 2303 sua
2035 2265 2048 2301 :
2079 2245 2300 2301 Nescitis
2327 2247 2447 2317 quia
2484 2246 2676 2298 amicus
2719 2244 2871 2313 hujus
2902 2242 3105 2307 mundi,
3136 2242 3369 2295 inimicus
3395 2239 3492 2293 Dei

1904 2339 2222 2393 constituitur
2250 2336 2452 2407 (Jacobi
2476 2352 2525 2390 iv
2545 2377 2560 2400 ,
2589 2334 2685 2407 4)?
2712 2335 2938 2389 Audisti.
2973 2333 3087 2387 Non
3116 2333 3193 2385 vis
3228 2347 3348 2387 esse
3392 2331 3495 2386 ini-

1906 2430 2076 2484 micus
2107 2429 2239 2484 Dei?
2268 2427 2385 2483 Noli
2412 2441 2533 2483 esse
2580 2426 2782 2480 amicus
2824 2426 2983 2495 hujus
3031 2423 3212 2479 mundi
3246 2440 3259 2478 :
3299 2438 3419 2476 nam
3445 2424 3490 2477 si

1864 2514 1871 2520 ’
1905 2522 2109 2576 amicus
2152 2521 2313 2576 fueris
2339 2519 2494 2589 hujus
2521 2518 2739 2583 mundi,
2773 2518 3017 2572 inimicus
3053 2517 3160 2571 eris
3187 2516 3313 2570 Deo.
3342 2515 3490 2581 Quo-

1906 2615 2065 2671 modo
2091 2614 2231 2670 enim
2261 2628 2364 2668 non
2390 2622 2567 2684 potest
2595 2611 2705 2666 fieri
2743 2610 2980 2664 adultera
3012 2610 3202 2677 coniux
3226 2651 3239 2675 ,
3267 2608 3364 2662 nisi
3394 2608 3491 2662 ini-

1908 2709 2042 2761 mica
2074 2706 2143 2761 sit
2183 2704 2300 2759 viro
2323 2717 2461 2758 suo:
2501 2703 2576 2756 sic
2604 2701 2777 2755 anima
2823 2700 3061 2755 adultera
3099 2712 3280 2752 amore
3312 2714 3489 2752 rerum

1863 2817 1879 2831 ο
1906 2795 2262 2861 saecularium,
2286 2808 2391 2849 nou
2422 2801 2596 2862 potest
2617 2791 2717 2844 nisi
2748 2790 2961 2844 inimica
2988 2804 3107 2844 esse
3136 2789 3265 2843 Deo.
3294 2788 3489 2856 Timet,

1906 2887 2000 2942 sed
2031 2901 2137 2941 non
2167 2892 2311 2940 amat
2338 2902 2351 2937 :
2377 2898 2588 2955 pinnam
2611 2882 2781 2943 timet,
2812 2896 2916 2933 non
2939 2880 3141 2950 justitia
3175 2880 3490 2934 delectatur.

224 2988 357 3078 Tacite
380 3014 501 3059 sunt
544 2998 869 3071 cogitationes
907 2987 1286 3058 tute;suhjecit
1326 2983 1504 3039 statim
1537 3023 1551 3045 ,
1589 2979 1675 3034 Vir
1703 2979 1802 3033 ini-
1909 2979 2051 3048 Ergo
2082 2976 2279 3031 inimici
2305 2976 2395 3030 Dei
2425 2988 2613 3029 omnes
2649 2985 2915 3027 amatores
2944 2970 3168 3035 mundi,
3201 2986 3387 3026 Otllllcs
3413 2972 3495 3025 in-

225 3063 426 3170 prudens
450 3112 553 3149 non
583 3097 863 3162 cognoscet,
896 3096 941 3139 et
967 3083 1145 3137 stultus
1167 3095 1267 3132 non
1292 3073 1535 3145 intelliget
1563 3086 1640 3125 ea.
1673 3068 1802 3137 Qua:
1907 3068 2191 3140 quisitores
2215 3081 2495 3138 nugarum,
2520 3079 2713 3119 omnes
2736 3063 3071 3118 consultores
3096 3063 3489 3132 sortilegorum,

184 3153 193 3281 ξ
224 3153 332 3244 sum
359 3204 483 3259 quze
531 3201 637 3239 non
669 3179 926 3248 intelliget
972 3174 1163 3228 stultus
1186 3213 1201 3235 ,
1233 3177 1287 3225 et
1318 3181 1437 3237 quae
1467 3179 1572 3219 non
1600 3174 1799 3232 cogno-
1906 3159 2399 3214 mathematicorum
2425 3199 2440 3224 ,
2472 3156 2782 3228 pythonum.
2812 3153 3018 3209 latrent
3043 3155 3058 3185 ¹
3084 3153 3358 3220 ecclesias,
3386 3169 3493 3207 non

571 3278 582 3281 -
703 3273 724 3281 -
762 3273 794 3281 -.
1040 3268 1051 3279 .
1132 3276 1142 3281 -
1297 3269 1530 3281 “-4-..”
1563 3257 1682 3281 -.'-..c
1727 3258 1772 3281 Α.
1907 3252 2099 3281 tuum.“
2131 3250 2402 3281 ηηηιιιοῖ.ω.
2437 3246 2633 3281 ini-nini
2664 3247 2752 3281 mi
2776 3255 2894 3281 cum
2946 3244 3017 3281 ΔΑ
3043 3254 3248 3281 lnmnnc
3272 3253 3491 3281 nnccnnl

225 3293 325 3336 sect
369 3244 725 3349 imprudens?
754 3273 880 3328 Cum
914 3268 1210 3324 exoriuntur
1250 3269 1530 3333 peccatores
1560 3257 1682 3311 sicut
1723 3258 1803 3325 {e-
1855 3314 1863 3323 ο
1906 3250 2403 3314 intrentecclesias;
2437 3246 2634 3302 inimici
2664 3247 2755 3301 Dei
2775 3255 2919 3301 sunt.
2940 3244 3018 3298 Ad
3043 3254 3249 3313 tempus
3272 3253 3495 3312 possunt

225 3394 351 3429 nam.
386 3372 529 3443 Quid
574 3378 685 3431 est,
713 3367 839 3421 sicut
868 3365 1037 3435 fenum
1061 3360 1085 3413 ?
1106 3356 1289 3411 Virent
1313 3368 1433 3408 cum
1468 3350 1638 3404 hiems
1683 3354 1799 3411 est;
1906 3345 2097 3399 ﬂorere
2126 3344 2263 3397 sicut
2291 3343 2499 3405 fenum;
2539 3338 2786 3409 peribunt
2814 3345 2991 3391 autem
3015 3376 3030 3401 ,
3055 3350 3177 3390 cum
3206 3335 3295 3389 ille
3324 3335 3492 3404 inspi-

225 3468 307 3522 sed
330 3430 575 3521 arescent
599 3468 804 3514 :estate.
838 3430 1078 3510 Atiendis
1110 3449 1293 3504 ﬂorem
1322 3445 1447 3500 feni.
1487 3439 1621 3510 Quid
1648 3439 1803 3493 citius
1843 3480 1877 3522 ί.
1906 3452 2030 3493 cere
2080 3434 2330 3505 cmperit,
2355 3441 2410 3489 et
2432 3431 2689 3503 judicium
2731 3444 2885 3484 suum
2923 3430 2974 3482 in
3023 3442 3237 3481 omnem
3277 3440 3491 3481 carnem

227 3498 899 3624 ξιξξιῦῗᾷίίξάιῖιξοῖξξυει
922 3544 1046 3617 quid
1075 3498 1329 3596 viridiu's?
1354 3498 1467 3592 Non
1496 3498 1547 3590 t~e
1576 3533 1804 3588 delectet
1842 3498 1877 3555 ί)
1906 3498 2204 3583 ιιάᾶυιιθιίι.
2233 3498 2403 3595 Junge
2433 3498 2502 3579 ite
2531 3524 2820 3591 Scriptura:
2850 3519 2981 3587 Dei,
3014 3527 3069 3573 et
3096 3518 3182 3572 dic
3213 3516 3339 3571 illud
3370 3533 3492 3571 cum

1907 3620 2010 3675 isto
2047 3620 2252 3689 psalmo
2282 3636 2294 3671 :
2331 3617 2581 3684 Quoniam
2625 3630 2736 3668 ecce
2772 3612 2965 3666 inimici
2989 3611 3063 3664 tui
3100 3610 3349 3681 peribunt.
3377 3609 3491 3663 Non

225 3293 325 3336 seet
370 3292 685 3349 imprudens
706 3292 724 3328 ι
754 3292 880 3328 ωιτη
914 3292 1208 3324 exoriuntur
1250 3292 1530 3333 μυιυιιιυιω
1560 3292 1681 3311 οη...
1723 3292 1800 3325 ,ν-

225 3394 351 3429 nam.
386 3372 529 3443 Quid
574 3378 685 3431 est,
713 3367 839 3421 sicut
868 3365 1037 3435 fenum
1061 3360 1085 3413 ?
1106 3356 1289 3411 Virent
1313 3368 1433 3408 cuin
1468 3350 1638 3404 hiems
1683 3354 1799 3411 est;

225 3468 307 3522 sed
330 3474 575 3521 arescent
599 3468 804 3514 :estate.
838 3452 1078 3510 Atiendis
1110 3449 1293 3504 ﬂorem
1322 3445 1447 3500 feni.
1487 3439 1621 3510 Quid
1648 3439 1803 3493 citius
1843 3480 1852 3520 1,

227 3560 443 3615 transit?
474 3554 613 3624 Quid
641 3548 899 3608 lucidius?
922 3544 1046 3617 quid
1075 3539 1329 3596 viridius?
1355 3537 1467 3592 Non
1496 3544 1547 3590 te
1576 3533 1804 3588 delectet
1842 3530 1852 3555 ³

226 3652 454 3706 viriditas
496 3647 695 3718 ipsius,
724 3642 817 3698 sed
872 3640 997 3694 time
1042 3634 1338 3690 ariditatem
1382 3629 1566 3699 ipsius.
1597 3624 1801 3681 Audisti
1845 3666 1852 3673 .

226 3754 497 3814 peccatores
517 3704 646 3794 iicut
672 3741 863 3807 fenum,
886 3731 1006 3785 audi
1037 3737 1089 3784 et
1109 3728 1283 3798 jiistos
1312 3720 1599 3790 :Quoniam
1622 3733 1733 3771 ecce
1760 3716 1801 3771 ¹.
1906 3711 1976 3765 ibi
2027 3710 2344 3771 iuveiiiaris,
2390 3708 2475 3762 tibi
2506 3706 2771 3777 peribunt.
2814 3704 2882 3758 Et
2922 3704 3274 3774 dispergentur
3322 3718 3495 3756 omnes

227 3836 428 3890 Interim
459 3831 636 3887 videte
663 3834 992 3898 peccatores;
1021 3822 1156 3875 sicut
1179 3818 1359 3872 fenum
1389 3812 1603 3877 ﬂorent,
1629 3810 1800 3864 bene:
1906 3804 1991 3874 qui
2020 3811 2293 3873 operantur
2318 3799 2649 3869 iniquitatem.

227 3928 311 3983 sed
339 3928 424 3998 qui
459 3932 581 3980 sunt
607 3921 695 3992 qui
728 3934 833 3974 non
855 3911 1216 3985 cognoscunt?
1236 3908 1392 3965 Stulti
1416 3916 1470 3960 et
1498 3901 1798 3974 impruden-
1874 3912 1877 3913 '
1980 3895 2066 3949 Η.
2088 3892 2238 3965 [υεγε.
2266 3890 2376 3965 11.]
2395 3890 2534 3959 Quid
2564 3899 2617 3943 tu
2642 3888 2730 3959 qui
2762 3887 2973 3941 laboras
3004 3885 3164 3939 modo
3182 3926 3195 3945 ,
3221 3884 3264 3937 si
3291 3882 3491 3936 inimici

230 4031 322 4075 tes.
353 4017 479 4074 Cum
508 4014 805 4070 exoriuntur
833 3994 1117 4080 peccatores
1150 4004 1277 4057 sicut
1301 4004 1492 4071 fenum,
1520 4006 1566 4049 et
1592 4009 1802 4066 prospe-
1910 3987 2000 4041 Dei
2036 3987 2299 4055 peribunt,
2348 3992 2402 4038 et
2428 3983 2801 4050 dispergentur
2839 3992 3026 4032 omnes
3079 3977 3165 4045 qui
3207 3986 3495 4045 operantur

228 4115 385 4169 xeriat
413 4126 586 4167 omnes
626 4108 711 4178 qui
742 4110 1017 4171 operantur
1039 4096 1373 4169 iniquitatem.
1411 4091 1608 4146 Omnes
1635 4086 1723 4157 qui
1751 4086 1802 4139 in
1910 4076 2283 4148 iniquitatem?
2309 4083 2362 4129 tu
2393 4074 2480 4144 qui
2509 4074 2647 4125 inter
2686 4072 2786 4125 ista
2813 4068 3092 4134 scandala,
3127 4067 3267 4122 inter
3294 4066 3493 4137 iniqui-

229 4206 380 4259 corde
406 4218 509 4258 suo
553 4215 658 4255 non
687 4205 831 4253 recta
876 4191 1116 4249 sentiunt
1144 4186 1210 4242 de
1252 4187 1390 4249 Deo,
1418 4184 1808 4255 prospexerant
1909 4180 2043 4225 tates
2064 4170 2321 4223 humanas
2342 4165 2530 4237 gemis,
2558 4165 2645 4234 qui
2669 4162 2933 4217 tribularis
2958 4162 3009 4215 in
3028 4175 3210 4225 carne,
3243 4159 3335 4214 sed
3360 4173 3493 4229 gau-

231 4302 529 4365 peccatores
554 4288 855 4345 exorieiites
884 4284 1022 4338 sicut
1039 4281 1235 4343 fenum,
1260 4276 1310 4331 id
1335 4284 1437 4339 est,
1466 4274 1719 4327 ﬂorentes
1739 4268 1805 4323 ad
1909 4263 2004 4318 des
2028 4262 2079 4316 in
2100 4258 2283 4325 corde,
2306 4257 2431 4329 quid
2455 4266 2507 4311 ιιι
2524 4256 2548 4308 ?
2568 4271 2684 4326 qua:
2718 4254 2808 4308 tibi
2832 4268 2976 4324 spes,
3002 4267 3034 4305 ο
3050 4266 3242 4322 corpus
3262 4249 3495 4305 ChriSti?

231 4396 428 4423 Inmnnc
482 4383 659 4423 ηιιςιιιρ
686 4378 806 4423 illm.
840 4370 1203 4423 nmsniciunt?
1243 4368 1308 4423 Ut
1338 4368 1581 4421 intereant
1626 4365 1677 4417 in
1706 4377 1806 4416 ste-
1910 4354 1954 4411 Ο
1975 4354 2201 4416 Christe,
2225 4352 2313 4421 qui
2342 4351 2392 4404 in
2418 4349 2569 4404 caelis
2591 4348 2744 4402 sedes
2772 4345 2837 4399 ad
2857 4346 3133 4399 dexteram
3165 4344 3355 4405 Patris,
3401 4342 3495 4397 sed

1906 3804 1991 3874 qui
2020 3811 2293 3873 aperantur
2318 3799 2649 3869 iniquitatem.

220 1267 408 1338 telligis
430 1238 496 1319 ibi
525 1259 759 1330 aliquid?
791 1253 1045 1322 Intelligo,
1074 1249 1228 1303 dicis.
1257 1244 1312 1301 Si
1346 1245 1447 1295 fam
1476 1238 1797 1295 christianos

219 1377 293 1426 es,
333 1334 386 1411 et
427 1356 559 1409 bene
579 1349 839 1410 eruditus,
864 1344 994 1398 dicis
1018 1359 1031 1395 :
1064 1340 1200 1394 Deus
1222 1334 1421 1406 judicio
1442 1346 1539 1385 suo
1560 1334 1797 1383 reservat

219 1420 407 1507 omnia.
441 1446 572 1501 Boni
595 1442 859 1504 laborant,
883 1437 1004 1507 quia
1038 1432 1368 1502 ﬂagellantur
1395 1434 1453 1479 ut
1502 1424 1592 1477 filii
1623 1440 1636 1475 :
1671 1420 1794 1475 mali

209 1517 502 1607 lexsultant,
525 1538 647 1608 quia
676 1534 995 1589 damnantur
1022 1537 1080 1581 ut
1104 1521 1283 1577 alieni.
1310 1520 1451 1573 Diios
1475 1516 1611 1569 ﬁlios
1638 1512 1799 1567 habet

258 1650 393 1698 omo;
425 1605 649 1685 alterum
682 1625 938 1694 castigat,
971 1619 1192 1672 alterum
1223 1610 1477 1666 dimittit:
1510 1605 1635 1660 facit
1663 1618 1799 1657 tinus

256 1726 369 1791 tale,
399 1733 581 1778 etnon
608 1714 893 1783 corripitur
919 1726 948 1764 a
978 1717 1161 1779 patre;
1193 1703 1328 1757 alter
1362 1714 1481 1754 mox
1514 1704 1572 1750 ut
1598 1710 1657 1750 se
1687 1708 1800 1747 mo-

238 1784 382 1880 τρι-ἰιν
412 1811 651 1882 colaphis
672 1806 894 1863 cmditur
915 1845 927 1865 ,
961 1796 1277 1869 ﬂagellatur.
1305 1790 1457 1847 Unde
1504 1787 1593 1841 ille
1616 1784 1797 1839 dimit-

243 1914 355 1971 itur,
389 1908 477 1962 ille
503 1878 745 1964 cieditur,
776 1897 874 1951 nisi
903 1894 1024 1963 quia
1048 1890 1169 1943 huic
1198 1899 1338 1941 cmso
1363 1878 1646 1935 hiereditas
1684 1890 1800 1930 ser-

249 1965 382 2065 atur,
424 1999 515 2053 ille
558 2006 735 2048 autent
786 1986 1036 2043 dimissus
1075 1975 1447 2036 exhairedatiis
1494 1968 1615 2025 est?
1646 1965 1801 2021 Videt

362 2055 466 2146 non
492 2086 692 2142 habere
716 2095 894 2151 spem.
924 2085 976 2131 et
1000 2071 1215 2129 dimittit
1240 2082 1359 2122 eum
1392 2072 1450 2119 ιιι
1477 2060 1632 2116 faciat
1659 2055 1799 2128 quod

219 2185 339 2239 vult.
368 2182 509 2237 Puer
533 2185 709 2231 autem
734 2171 821 2243 qui
851 2167 1165 2239 ﬂagellatur,
1198 2161 1240 2215 si
1267 2174 1359 2213 cor
1402 2172 1506 2211 non
1534 2152 1797 2215 habuerit,

251 2288 269 2330 t
295 2270 603 2344 imprudens
633 2265 790 2321 fuerit
831 2271 885 2318 et
934 2259 1124 2313 stultus
1146 2298 1159 2317 ,
1187 2251 1481 2325 gratulatur
1510 2245 1657 2300 fratri
1703 2258 1801 2296 suo

234 2368 298 2435 pii
327 2336 429 2419 non
454 2359 670 2432 vapulat
693 2373 709 2422 ;
736 2366 789 2410 et
807 2352 968 2424 gemit
994 2350 1061 2403 de
1087 2362 1165 2412 se,
1188 2356 1238 2398 et
1258 2342 1385 2397 dicit
1406 2340 1457 2393 iii
1476 2336 1637 2392 corde
1662 2348 1760 2388 suo
1784 2350 1797 2381 :

223 2428 373 2511 'l‘anta
401 2428 545 2509 mala
570 2450 693 2504 facit
713 2445 878 2502 frater
905 2455 1073 2505 uicus,
1105 2432 1354 2507 quidquid
1386 2431 1497 2485 vult
1526 2428 1647 2483 facit
1671 2440 1802 2481 con-

224 2560 291 2603 tra
326 2552 589 2618 praecepta
629 2538 794 2612 patris
825 2534 926 2589 niei
953 2575 967 2600 ,
1004 2539 1056 2586 et
1099 2542 1255 2584 nemo
1295 2523 1367 2578 illi
1414 2521 1533 2576 facit
1581 2518 1800 2573 verbum

222 2640 430 2703 durum;
462 2612 584 2705 ego,
617 2646 741 2686 mox
769 2636 823 2682 ut
845 2641 928 2680 me
958 2635 1175 2679 movero
1198 2660 1211 2683 ,
1240 2615 1437 2671 caedor.
1467 2612 1671 2667 Stultus
1696 2616 1800 2675 est,

224 2699 523 2799 imprudens
572 2699 693 2788 est;
722 2715 949 2774 attendit
993 2711 1117 2785 quid
1159 2708 1355 2781 patitur
1380 2746 1394 2771 ,
1428 2718 1534 2758 non
1576 2699 1803 2756 attendit

223 2821 332 2889 quid
358 2819 432 2874 illi
461 2823 726 2872 servatur.

284 2912 333 2966 9.
364 2909 530 2983 [vers.
563 2909 615 2971 7,
648 2902 737 2977 8.]
768 2902 889 2956 Ideo
905 2914 1025 2954 eum
1055 2895 1275 2951 dixisset
1296 2933 1311 2960 ,
1346 2889 1515 2945 Nimis
1536 2885 1804 2958 profunda:

227 3810 428 3890 inierim
459 3831 636 3887 videte
663 3834 992 3898 peccatores;
1021 3822 1156 3875 sicut
1179 3818 1359 3872 fenum
1389 3812 1603 3877 ﬂorent,
1629 3810 1800 3864 bene:

728 3934 833 3974 non
855 3882 1216 3985 εοεπίοεευηιερ
1236 3908 1392 3965 διυιιί
1416 3916 1470 3960 ei
1498 3901 1798 3974 impruden-
1874 3912 1877 3913 '
1980 3895 2066 3949 Η.
2088 3892 2238 3965 [υεγε.
2266 3890 2376 3965 11.]
2395 3890 2534 3959 Quid
2564 3899 2617 3943 tu
2642 3888 2730 3959 qui
2762 3887 2973 3941 laboras
3004 3885 3195 3945 modo,
3221 3884 3264 3937 si
3291 3882 3491 3936 inimici

230 4031 322 4075 tes.
353 4017 479 4074 Cum
508 4014 805 4070 exoriuntur
833 3994 1117 4080 peccatores
1150 4004 1277 4057 sicut
1301 4004 1492 4071 fenum,
1520 4006 1566 4049 et
1592 4009 1802 4066 prospe-

228 4115 385 4169 xeriat
413 4126 586 4167 omnes
626 4108 711 4178 qui
742 4110 1017 4171 operantur
1039 4096 1373 4169 iniquitatem.
1411 4091 1608 4146 Omnes
1635 4086 1723 4157 qui
1751 4086 1802 4139 in

229 4206 380 4259 corde
406 4218 509 4258 suo
553 4215 658 4255 non
687 4205 831 4253 recta
876 4191 1116 4249 sentiunt
1144 4186 1210 4242 de
1252 4187 1390 4249 Deo,
1418 4184 1808 4255 prospexerant

231 4302 529 4365 peccatores
554 4288 855 4345 exorieiites
884 4284 1022 4338 sicut
1039 4281 1235 4343 fenum,
1260 4276 1310 4331 id
1335 4284 1437 4339 est,
1466 4274 1719 4327 ﬂorentes
1739 4268 1805 4323 ad

231 4396 453 4456 tempus.
482 4383 659 4452 Quare
686 4378 806 4433 illos
840 4370 1203 4446 prospiciunt?
1243 4368 1308 4423 Ut
1338 4368 1581 4421 intereant
1626 4365 1677 4417 in
1706 4377 1806 4416 ste-

232 4477 389 4530 culum
409 4473 604 4530 siccati.
632 4467 923 4525 Attendunt
950 4465 1090 4520 enim
1123 4462 1306 4515 ﬂorem
1340 4459 1571 4527 ipsorum
1606 4462 1811 4522 tempo-

234 4571 410 4635 ralem,
444 4567 716 4622 imitantur
745 4562 880 4626 illos,
914 4566 968 4613 et
992 4556 1229 4611 volentes
1253 4567 1374 4606 cum
1397 4551 1499 4604 illis
1526 4548 1716 4603 ﬂorere
1743 4546 1808 4599 ad

238 4672 467 4731 tempus,
493 4660 761 4713 intereunt
801 4653 853 4707 in
882 4661 1138 4707 azternum
1175 4664 1187 4701 :
1214 4645 1315 4701 hoc
1341 4652 1441 4711 est,
1473 4640 1539 4696 Ut
1564 4642 1811 4695 intereant

238 4755 284 4807 iit
312 4753 550 4808 steculum
583 4748 777 4803 surculi.

306 4846 385 4901 10.
410 4844 581 4919 [vers.
614 4842 647 4897 9
671 4883 686 4907 ,
711 4838 797 4894 10.
820 4837 840 4911 ]
869 4836 946 4891 Τιι
968 4845 1133 4889 autent
1156 4832 1445 4886 Altissimus
1489 4829 1542 4881 in
1571 4836 1813 4881 teternum

240 4956 317 5001 es.
364 4937 601 4992 Domine.
646 4933 942 5002 Expectans
992 4928 1221 4995 desuper
1268 4940 1331 4980 ex
1381 4920 1677 4977 miernitaie
1727 4927 1813 4973 tua

241 5030 442 5097 quando
472 5033 706 5082 transeat
732 5034 937 5091 tempus
963 5021 1296 5089 iniquorum,
1327 5022 1382 5069 et
1407 5014 1582 5068 veniat
1608 5022 1816 5079 tempus

240 5122 516 5190 justorum.
574 5117 827 5183 Quoniam
875 5129 1002 5168 ecce.
1038 5109 1332 5173 lntendite,
1364 5106 1571 5161 fratres.
1622 5103 1738 5158 Jam
1764 5109 1818 5155 et

245 5212 349 5281 ipse
376 5213 465 5284 qui
495 5210 728 5279 loquitur
754 5210 775 5239 ³
806 5206 1069 5278 (loquitur
1097 5203 1236 5257 enim
1266 5216 1329 5254 ex
1357 5212 1581 5270 persona
1615 5204 1814 5259 nostra,

248 5304 467 5373 loquitur
511 5319 579 5359 ex
604 5314 829 5371 persona
868 5296 1107 5368 corporis
1136 5292 1329 5348 Christi
1360 5308 1372 5343 :
1405 5288 1651 5343 Christus
1676 5286 1815 5340 enim

250 5392 468 5463 loquitur
490 5396 542 5448 in
569 5406 796 5462 corpore
819 5404 936 5454 suo,
967 5387 1017 5441 id
1043 5394 1143 5447 est,
1177 5384 1228 5437 lii
1257 5382 1491 5436 Ecclesia
1523 5377 1643 5447 sua)
1664 5419 1678 5443 ,
1706 5376 1816 5446 jam

246 5481 410 5551 jnuxit
434 5501 495 5541 se
540 5481 823 5539 mieruitati
851 5480 941 5534 Dei
976 5496 988 5531 :
1021 5477 1157 5531 sicut
1198 5474 1350 5528 vobis
1387 5470 1545 5542 paulo
1569 5480 1693 5525 ante
1739 5468 1821 5523 di-

251 5578 423 5631 eeham
448 5619 461 5642 ,
485 5574 802 5647 longanimis
842 5580 924 5627 est
973 5572 1111 5625 Deus
1135 5576 1190 5623 et
1237 5567 1441 5638 patiens
1461 5606 1475 5629 ,
1507 5564 1685 5618 omnia
1720 5563 1818 5617 ista

1910 3987 2000 4041 Dei
2036 3987 2299 4055 peribunt,
2348 3992 2402 4038 et
2428 3983 2801 4050 dispergentur
2839 3992 3026 4032 omnes
3079 3977 3165 4045 qui
3207 3986 3496 4045 Operantur

1910 4076 2283 4148 iniquitatem?
2309 4083 2362 4129 tu
2393 4074 2480 4144 qui
2509 4074 2647 4125 inter
2686 4072 2786 4125 ista
2813 4068 3092 4134 scandala,
3127 4067 3267 4122 inter
3294 4066 3493 4137 iniqui-

1909 4180 2043 4225 tates
2064 4170 2321 4223 humanas
2342 4165 2530 4237 gemis,
2558 4165 2645 4234 qui
2669 4162 2933 4217 tribularis
2958 4162 3009 4215 in
3028 4175 3210 4225 carne,
3243 4159 3335 4214 sed
3360 4173 3493 4229 gau-

1909 4263 2004 4318 des
2028 4262 2079 4316 in
2100 4258 2283 4325 corde,
2306 4257 2431 4329 quid
2455 4266 2507 4311 ιιι
2524 4256 2548 4308 ?
2568 4271 2684 4326 qua:
2718 4254 2808 4308 tibi
2832 4268 2976 4324 spes,
3002 4267 3034 4305 ο
3050 4266 3242 4322 corpus
3262 4249 3495 4305 ChriSti?

1910 4354 1954 4411 Ο
1975 4354 2201 4416 Christe,
2225 4352 2313 4421 qui
2342 4351 2392 4404 in
2418 4349 2569 4404 caelis
2591 4348 2744 4402 sedes
2772 4345 2837 4399 ad
2857 4346 3133 4399 dexteram
3165 4344 3355 4405 Patris,
3401 4342 3496 4397 sed

1910 4444 2133 4517 pedibus
2160 4443 2261 4497 tuis
2282 4449 2336 4497 et
2361 4439 2612 4496 membris
2640 4438 2743 4492 tuis
2768 4437 2975 4491 laboras
2994 4437 3043 4490 in
3074 4444 3229 4499 terra,
3259 4442 3314 4489 et
3340 4434 3494 4502 dicis,

1914 4538 2093 4601 Saule,
2119 4535 2295 4601 Saule,
2318 4532 2437 4604 quid
2454 4548 2531 4585 me
2559 4530 2862 4602 persequeris
2890 4529 3023 4600 (Act.
3050 4543 3129 4591 ix,
3148 4526 3232 4595 4)?
3261 4537 3313 4580 tu
3340 4540 3496 4595 quam

1913 4644 2061 4699 spem
2093 4626 2311 4681 habebis
2338 4667 2352 4691 ,
2384 4625 2428 4678 si
2460 4622 2656 4676 inimici
2691 4622 2779 4675 Dei
2810 4620 3076 4691 peribunt,
3106 4629 3159 4674 et
3188 4618 3500 4688 dispergen-

1916 4732 2001 4776 tur
2025 4736 2211 4776 omnes
2242 4719 2329 4788 qui
2362 4727 2647 4785 operantur
2678 4713 3050 4783 iniquitatem?
3078 4710 3202 4781 quid
3236 4710 3324 4764 tibi
3354 4710 3499 4763 erit?

1916 4815 1983 4869 Et
2010 4814 2314 4870 exaltabitur
2343 4813 2468 4865 sicut
2512 4810 2768 4864 unicornis
2797 4824 2953 4861 cornu
2998 4822 3183 4859 meum.
3221 4806 3395 4870 Quare
3419 4804 3500 4857 di-

1916 4908 1992 4962 xit
2011 4949 2025 4971 ,
2053 4905 2180 4959 sicut
2210 4902 2501 4956 unicornis?
2521 4898 2814 4969 Aliquando
2835 4897 3103 4951 unicornis
3132 4894 3392 4964 signifiCat
3413 4909 3501 4947 su-

1921 4998 2179 5070 perbiam,
2202 4994 2483 5066 aliquando
2505 4992 2775 5046 unieoruis
2795 4988 3169 5044 exultationem
3194 4985 3409 5038 unitatis
3427 4982 3502 5038 si-

1918 5091 2132 5163 gnificat
2152 5109 2164 5145 :
2183 5090 2304 5160 quia
2319 5085 2782 5145 nnitasesaltalur,
2798 5096 2983 5135 omnes
3003 5078 3234 5132 haereses
3258 5092 3378 5131 cum
3404 5077 3502 5131 ini-

1922 5183 2073 5237 micis
2102 5181 2191 5234 Dei
2217 5180 2481 5248 peribunt.
2511 5175 2572 5229 Et
2593 5172 2892 5228 multabitur
2912 5172 3039 5223 sicut
3065 5169 3320 5221 unicornis
3346 5184 3503 5222 cornu

1922 5290 2106 5326 meum.
2139 5271 2205 5325 Et
2235 5268 2443 5341 quando
2465 5265 2602 5319 erit?
2630 5262 2696 5317 Et
2723 5270 2949 5315 senectus
2974 5276 3085 5314 mea
3129 5260 3184 5313 in
3216 5260 3503 5312 misericor-

1923 5366 2009 5419 dia
2035 5363 2228 5434 pingui.
2262 5359 2397 5428 Quid
2429 5356 2587 5421 dixit,
2619 5362 2844 5409 senectus
2868 5352 3020 5405 inea?
3039 5350 3334 5405 Novissima
3364 5365 3502 5404 mea.

1923 5455 2198 5526 Quomodo
2225 5453 2275 5507 in
2306 5449 2549 5505 aetatibus
2570 5445 2765 5501 nostris
2791 5444 3073 5498 novissima
3113 5452 3358 5497 senecuis
3383 5448 3501 5504 est;

1925 5553 2002 5607 sic
2032 5558 2199 5604 totum
2248 5545 2347 5599 hoc
2375 5540 2514 5611 quod
2560 5540 2718 5596 modo
2762 5538 2962 5610 patitur
2987 5555 3180 5610 corpus
3223 5537 3419 5593 Christi
3449 5535 3503 5591 in

1924 5645 2231 5709 laboribus,
2257 5644 2307 5697 in
2334 5640 2617 5703 utrumuis,
2661 5638 2712 5691 in
2744 5635 2967 5706 vigiliis,
3000 5635 3049 5687 in
3078 5632 3252 5695 fame,
3302 5632 3351 5685 in
3379 5632 3501 5697 siti,

311 5750 328 5823 ξ
364 5750 487 5823 apud
508 5756 581 5799 Er.
599 5758 718 5823 ven.
734 5754 786 5796 et
801 5752 932 5823 ιρι,
947 5741 1185 5823 ouomotlo
1201 5740 1359 5823 Ecce
1375 5738 1584 5823 ipteriin,
1602 5745 1695 5823 etc.
1763 5745 1799 5786 M

1927 5742 1976 5796 in
2025 5736 2291 5794 Scandalis
2314 5777 2330 5803 ,
2362 5734 2413 5789 iu
2444 5730 2826 5803 iniquitatibus,
2860 5733 2910 5781 in
2952 5725 3233 5796 pressaris,
3258 5724 3506 5795 juventus

310 5814 328 5842 ¹
360 5803 431 5863 sic
450 5821 552 5863 uss.
580 5818 759 5874 praeter
796 5803 1004 5874 alterum
1046 5818 1075 5854 e
1115 5804 1252 5874 (turb.
1278 5804 1361 5871 qui
1385 5803 1550 5863 habet,
1584 5808 1628 5851 et
1663 5803 1821 5865 ipsum

790 5846 1026 5932 titiam,-
1049 5846 1364 5928 Bmié's'ﬁiit‘.
1385 5846 1550 5863 "ww,
1586 5846 1627 5851 ’⁷
1995 5866 2007 5891 ι
2043 5860 2113 5907 sic
2143 5866 2234 5905 tm.
2263 5861 2334 5905 Er.
2359 5860 2409 5902 ei
2433 5850 2653 5915 plerique
2682 5853 2786 5895 Mss.
2813 5850 3011 5904 Atl.ov.,
3033 5846 3230 5891 Introiit.
