4132 6472
667 374 804 428 1179

660 485 826 555 ipsius
851 494 934 540 est
964 503 976 539 :
1009 495 1256 542 senectus
1299 486 1496 556 ipsius,
1531 485 1581 540 id
1607 495 1689 541 est
1711 529 1726 554 ,
1764 487 2053 542 novissima
2080 490 2247 558 ipsius

661 577 713 630 in
736 578 917 632 laetitia
945 586 1120 632 erunt.
1151 578 1219 632 Et
1247 577 1483 632 intendat
1511 575 1755 634 Charitas
1779 587 1956 634 vestra
1976 621 1992 648 ,
2016 581 2137 651 quia
2159 581 2247 636 di-

658 670 736 724 xit
777 679 1128 733 senectutem,
1157 684 1224 725 ne
1273 671 1466 738 putetis
1495 680 1552 726 et
1591 679 1818 726 mortem
1853 689 1865 725 :
1901 672 2061 727 homo
2103 673 2246 728 enim

661 763 714 816 in
754 777 915 816 carne
958 761 1076 816 ideo
1101 765 1369 824 senescit,
1403 771 1455 816 ut
1500 762 1780 817 moriatur.
1807 761 2035 818 Senecta
2063 763 2248 820 Eccle-

656 854 749 906 sia:
775 850 1000 906 candida
1027 851 1129 905 erit
1151 860 1296 907 recte
1323 851 1477 908 factis
1501 895 1515 917 ,
1570 863 1744 908 morte
1767 863 1945 908 autem
1973 869 2078 910 non
2125 870 2247 910 cor-

653 952 948 1012 rumpetur.
1003 943 1155 1011 Quod
1201 953 1286 1000 est
1327 955 1486 1014 caput
1522 947 1704 1012 senis,
1733 946 1836 1002 hoc
1879 956 2038 1002 erunt
2083 962 2245 1018 opera

653 1045 854 1090 nostra.
885 1034 1086 1091 Videtis
1112 1037 1563 1106 quemadmodum
1593 1049 1842 1096 canescat
1863 1049 2058 1110 caput,
2077 1050 2133 1097 et
2157 1043 2243 1098 in-

650 1126 908 1192 albescat,
932 1137 1420 1200 quantumcumque
1446 1140 1693 1186 senectus
1717 1131 1946 1187 accedit.
1977 1131 2078 1198 Qui
2104 1131 2244 1189 bene

650 1217 885 1272 senescit
911 1219 1101 1274 ordine
1138 1235 1268 1287 suo,
1296 1221 1491 1291 qua-ris
1527 1222 1599 1276 illi
1644 1223 1929 1294 aliquando
1972 1225 2025 1278 in
2068 1224 2244 1293 capite

649 1309 899 1377 capillum
927 1311 1160 1381 nigrum,
1189 1321 1246 1367 et
1270 1327 1376 1368 non
1404 1312 1610 1370 invenis
1637 1331 1652 1368 :
1684 1315 1762 1370 sic
1799 1330 1920 1370 cum
1949 1315 2111 1372 fuerit
2134 1317 2240 1372 vita

653 1411 834 1455 nostra
863 1403 981 1457 talis
1005 1445 1020 1469 ,
1052 1412 1110 1458 ut
1148 1414 1418 1474 qumratur
1461 1407 1728 1477 nigritudo
1767 1416 2141 1477 peccatorum,
2186 1419 2244 1465 et

649 1507 756 1546 non
790 1494 1106 1560 inveniatur;
1133 1505 1346 1552 senecta
1370 1497 1470 1552 ista
1491 1499 1744 1567 juvenilis
1773 1509 1877 1567 est,
1899 1512 2114 1558 senecta
2137 1503 2236 1558 ista

653 1583 840 1637 viridis
868 1593 971 1650 est,
993 1599 1205 1654 semper
1231 1585 1444 1641 virebit.
1470 1587 1707 1643 Audistis
1747 1590 1814 1645 de
1852 1592 1972 1648 leno
1992 1603 2237 1661 peccato-

651 1689 792 1740 rum,
820 1675 999 1730 audite
1018 1677 1086 1732 de
1107 1687 1320 1734 seneCIa
1343 1678 1604 1748 iustorum
1633 1699 1646 1734 ε
1671 1680 1916 1738 Senectus
1938 1685 1991 1738 in
2016 1685 2241 1738 meanti-

647 1766 925 1819 sericordia
951 1767 1146 1838 pingui.

725 1857 814 1912 12.
857 1856 1007 1930 [vers.
1039 1859 1152 1932 12.]
1191 1860 1260 1916 Et
1288 1863 1506 1934 respexit
1549 1865 1724 1919 oculus
1752 1881 1893 1920 meas
1932 1866 1988 1919 in
2020 1867 2235 1922 inimicis

654 1949 778 2004 meis
805 1951 844 2004 ί.
871 1950 1018 2017 Quos
1037 1951 1166 2008 dicit
1194 1952 1439 2008 inimicos
1474 1954 1635 2009 suos?
1659 1954 1857 2010 Omnes
1882 1956 1972 2026 qui
2002 1971 2234 2026 operan-

649 2049 735 2093 tur
763 2039 1118 2110 iniquitatem.
1150 2042 1262 2102 Noli
1298 2044 1578 2100 attendere
1618 2046 1738 2116 quia
1768 2047 1970 2102 amicus
2003 2056 2124 2102 tuus
2153 2059 2236 2104 est

646 2130 858 2200 iniquus
887 2133 948 2186 ἐ
996 2133 1232 2188 incurrat
1269 2135 1540 2205 negotium
1567 2178 1582 2202 ,
1626 2145 1681 2191 et
1709 2138 1779 2192 ibi
1823 2138 1972 2194 illum
2013 2139 2228 2208 probas.

647 2221 842 2291 Incipis
869 2224 1052 2279 venire
1071 2233 1254 2280 contra
1277 2226 1608 2296 iniquitatem
1635 2229 1821 2298 ipsius,
1843 2239 1894 2285 et
1917 2231 1989 2286 ibi
2008 2231 2229 2296 videbis,

642 2315 767 2384 quia
819 2316 1032 2385 quando
1073 2317 1167 2372 tibi
1210 2318 1618 2385 blandiebatur,
1665 2323 1912 2378 inimicus
1957 2334 2107 2390 erat;
2135 2326 2228 2382 sed

642 2405 879 2460 nondum
924 2407 1260 2476 pulsaveras,
1293 2426 1398 2465 non
1443 2421 1504 2466 ut
1563 2413 1930 2470 institueretur
1976 2417 2030 2470 in
2069 2417 2232 2474 corde

639 2498 780 2568 quod
809 2515 914 2554 non
943 2510 1076 2567 erat,
1107 2501 1200 2556 sed
1234 2511 1290 2556 ut
1309 2514 1616 2574 erumperet
1643 2506 1785 2575 quod
1805 2517 1939 2562 erat.
1973 2506 2039 2562 Et
2063 2526 2233 2580 respe-

638 2589 715 2642 xit
742 2589 918 2644 oculus
948 2607 1088 2646 meus
1115 2593 1168 2646 in
1188 2594 1404 2649 inimicis
1431 2597 1586 2661 meis;
1612 2608 1659 2650 et
1689 2598 1740 2651 in
1766 2598 1838 2652 eis
1856 2599 1940 2668 qui
1966 2599 2230 2670 insurgunt

638 2680 692 2732 in
713 2697 791 2733 me
815 2681 1222 2750 malignantibus,
1253 2686 1423 2740 audiet
1451 2688 1591 2740 auris
1618 2704 1748 2741 mea.
1765 2688 2028 2755 Quando?
2056 2690 2111 2745 In
2138 2706 2227 2746 sec

640 2783 817 2828 necta.
866 2774 1001 2840 Quid
1030 2785 1146 2841 est,
1181 2778 1234 2832 in
1265 2779 1517 2836 senecta?
1543 2779 1600 2836 In
1634 2782 1945 2836 novissimo.
1990 2783 2058 2837 Et
2102 2783 2228 2853 quid

642 2867 822 2921 audiet
849 2869 993 2921 auris
1023 2871 1242 2923 nastra?
1271 2870 1486 2926 Stantes
1527 2871 1593 2926 ad
1643 2872 1919 2928 dexteram
1949 2874 2228 2931 audiemus

640 2958 783 3029 quod
809 2959 1017 3015 dicetur
1039 2962 1118 3016 eis
1161 2961 1253 3032 qui
1283 2971 1408 3017 sunt
1435 2963 1501 3018 ad
1529 2964 1797 3020 sinistram
1829 2982 1841 3018 :
1872 2964 1956 3021 Ite
1982 2967 2037 3020 in
2062 2967 2229 3036 ignem

640 3061 906 3118 internum,
932 3053 1018 3122 qui
1042 3065 1251 3122 paratus
1267 3063 1342 3108 est
1365 3055 1566 3110 diabolo
1586 3065 1632 3110 et
1655 3057 1849 3126 angelis
1872 3058 1985 3126 ejus
2013 3057 2223 3129 (Matth.

641 3159 774 3206 xxv,
804 3143 919 3214 41).
966 3145 1051 3200 Ab
1094 3145 1197 3202 isto
1236 3147 1423 3202 auditu
1453 3148 1594 3202 malo
1624 3148 1803 3219 justus
1840 3165 1946 3206 non
1990 3151 2219 3210 timebit.

635 3234 794 3290 Scitis
831 3238 952 3305 quia
979 3236 1176 3292 dictum
1217 3248 1298 3293 est
1329 3239 1384 3294 in
1414 3239 1644 3308 quodam
1682 3242 1929 3310 psalmo:
1969 3263 1988 3296 ι
2022 3245 2078 3303 in
2109 3261 2225 3302 me-

637 3327 806 3380 moria
829 3337 1028 3382 aeterna
1053 3329 1158 3384 erit
1170 3329 1379 3398 justus;
1404 3329 1471 3385 ab
1485 3331 1665 3386 auditu
1688 3333 1831 3386 malo
1852 3349 1956 3388 non
1985 3335 2218 3391 timebit:

639 3415 810 3490 (Psal.
843 3432 951 3484 cxr,
980 3419 1058 3487 7).
1095 3418 1212 3486 Quo
1249 3419 1430 3475 auditu
1457 3421 1634 3476 malo?
1664 3421 1742 3477 Ite
1769 3424 1822 3478 in
1853 3424 2027 3493 ignem
2067 3435 2224 3480 aiter-

635 3523 764 3562 num
785 3549 800 3572 ,
827 3509 915 3576 qui
958 3516 1171 3576 paratus
1199 3518 1281 3564 est
1306 3510 1518 3565 diabolo
1555 3521 1606 3565 et
1633 3513 1838 3581 angelis
1870 3514 2010 3585 ejus.
2052 3515 2119 3570 Et
2167 3517 2228 3572 in.

635 3601 716 3655 eis
751 3599 842 3669 qui
871 3601 1150 3671 insurgunt
1194 3603 1245 3655 in
1277 3618 1362 3657 me
1388 3604 1827 3674 malignantibus,
1857 3607 2034 3664 audiet
2079 3610 2225 3666 auris

635 3705 776 3746 mea.
812 3709 831 3742 ι

712 3781 798 3836 15.
834 3779 997 3853 [νει-ε.
1024 3781 1136 3854 15.]
1165 3782 1378 3838 Transit
1406 3783 1606 3850 fenum,
1632 3787 1822 3843 transit
1845 3788 1942 3844 ﬂos
1973 3803 2220 3860 peccato-

636 3888 754 3927 rum
789 3872 952 3943 :quid
982 3872 1258 3942 dejustis?
1287 3873 1464 3930 Justus
1504 3887 1560 3930 ut
1589 3879 1761 3948 palma
1786 3881 2002 3949 ﬂorebit.
2034 3881 2112 3940 Illi
2133 3901 2224 3939 ex-

635 3963 880 4018 oriuntur
903 3965 1041 4020 sicut
1064 3964 1278 4030 fenum;
1294 3966 1469 4035 justus
1497 3977 1550 4020 ut
1579 3969 1751 4038 palma
1779 3970 1996 4040 ﬂorcbit.
2028 3973 2084 4029 In
2109 3976 2224 4044 pal-

635 4070 722 4108 ma
759 4056 1095 4112 altitudinem
1126 4057 1462 4127 signiﬁcavit.
1491 4059 1652 4115 Forte
1679 4069 1735 4116 et
1764 4061 1866 4117 hoc
1907 4064 2223 4133 signiﬁcavit

635 4145 690 4199 in
714 4146 908 4214 palma,
940 4146 1060 4215 quia
1088 4147 1139 4201 in
1174 4147 1482 4203 novissimis
1511 4150 1621 4203 suis
1651 4149 1868 4219 pulchra
1895 4161 2010 4220 est;
2039 4166 2094 4209 ut
2119 4157 2223 4211 ini-

643 4236 774 4291 tium
825 4236 941 4305 ejus
992 4253 1022 4290 a
1077 4245 1217 4292 terra
1266 4238 1459 4306 ducas,
1508 4239 1667 4294 ﬁnem
1728 4242 1896 4311 ipsius
1951 4245 2003 4298 in
2062 4261 2221 4300 cacu-

638 4327 805 4392 tnine,
829 4328 919 4382 ubi
948 4327 1105 4384 habet
1143 4337 1305 4385 totam
1336 4329 1782 4399 pulchritudinem
1815 4350 1828 4386 :
1857 4349 2044 4404 aspera
2073 4337 2220 4392 radix

638 4417 849 4474 videtur
901 4419 952 4472 in
1010 4430 1146 4476 terra
1172 4462 1186 4485 ,
1225 4422 1440 4490 pulchra
1471 4437 1622 4477 coma
1658 4424 1759 4479 sub
1797 4426 1935 4480 coelo
1977 4435 2077 4480 est.
2109 4427 2225 4483 Erit

643 4524 772 4579 ergo
799 4518 851 4564 et
874 4519 958 4564 tua
981 4511 1316 4579 pulchritudo
1339 4514 1388 4566 in
1413 4514 1536 4568 tine.
1563 4514 1728 4568 lladix
1755 4524 1841 4570 tua
1869 4516 1976 4570 ﬁxa
2003 4519 2102 4572 sit:
2128 4519 2220 4574 sed

640 4616 851 4656 sursum
896 4618 1078 4658 versus
1127 4603 1382 4659 habemus
1413 4605 1434 4635 ³
1464 4605 1695 4660 radicem
1743 4617 2000 4663 nostram.
2055 4609 2222 4667 Radix

636 4696 780 4750 enim
835 4705 1014 4750 nostra
1056 4696 1297 4751 Christus
1337 4707 1452 4763 est,
1485 4698 1573 4766 qui
1619 4700 1858 4754 ascendit
1903 4701 1956 4754 in
2003 4703 2221 4757 coelum.

637 4787 957 4842 ilumiliatus
985 4789 1322 4843 exaltabitur.
1368 4789 1513 4842 Velut
1548 4791 1729 4844 cedrus
1757 4791 1809 4843 in
1835 4791 2030 4846 Libano
2049 4835 2064 4857 ,
2088 4796 2221 4850 ntul-

639 4881 964 4952 tiplicabitur.
986 4881 1171 4936 Videte
1191 4897 1326 4950 quas
1351 4882 1570 4938 arbores
1589 4882 1724 4939 dixit
1740 4903 1753 4937 :
1770 4883 1950 4940 Justus
1975 4897 2029 4940 ut
2052 4887 2224 4956 palma

634 4975 854 5045 ﬂorcbit;
879 4977 1012 5030 velut
1055 4975 1237 5030 cedrus
1263 4975 1314 5028 in
1352 4975 1565 5043 Libano,
1597 4978 2030 5047 multiplicabitur.
2055 4979 2222 5034 Num-

638 5066 762 5135 qnid
788 5082 909 5122 cum
932 5067 1014 5123 sol
1041 5067 1272 5134 exierit,
1303 5069 1498 5124 arescit
1525 5069 1721 5137 palma?
1749 5069 2004 5139 numquid
2026 5071 2225 5127 arescit

636 5157 868 5211 cedrus?
889 5159 1018 5213 Cum
1044 5169 1220 5213 autem
1243 5159 1322 5214 sol
1348 5160 1581 5216 candens
1600 5160 1883 5229 aliquando
1905 5160 2084 5228 fuerit,
2106 5179 2224 5218 are-

638 5251 738 5303 scit
769 5249 969 5305 fenum.
1001 5251 1192 5307 Veniet
1216 5267 1346 5323 ergo
1369 5253 1650 5322 judicium,
1684 5263 1740 5308 ut
1765 5265 2010 5309 arescant
2033 5272 2222 5325 pecea-

639 5347 801 5402 tores,
828 5347 882 5393 et
897 5341 1160 5396 virescant
1181 5342 1384 5400 ﬁdeles.
1415 5343 1563 5402 Velut
1590 5344 1767 5400 cedrus
1781 5346 1833 5398 in
1854 5345 2069 5414 Libano,
2095 5348 2224 5402 ntul-

636 5431 968 5499 tiplicobitur.

712 5520 799 5574 M.
831 5518 982 5592 [vers.
1007 5521 1215 5596 44-16.]
1245 5524 1474 5581 Plantoti
1497 5528 1550 5580 in
1581 5527 1729 5582 domo
1755 5525 1980 5595 Domini,
2005 5531 2057 5583 in
2082 5531 2225 5585 atriis

643 5694 653 5703 υ
697 5635 716 5703 f
754 5635 827 5703 sic
863 5634 1095 5684 meliores
1124 5644 1229 5687 Mss.
1271 5637 1410 5698 juxta
1451 5645 1577 5688 LXX.
1611 5646 1666 5689 At
1709 5639 1839 5701 add,
1879 5640 2045 5692 oculus
2092 5655 2226 5692 mens

635 5708 854 5747 inimicos
874 5709 1020 5748 meos.

702 5759 722 5824 ξ
755 5763 827 5824 ῆι.
854 5766 973 5810 ven.
1001 5765 1053 5808 et
1075 5766 1206 5819 Lov.,
1252 5761 1365 5820 quia
1388 5760 1578 5824 iniquus
1598 5762 1774 5824 esttibi
1795 5762 1993 5814 amicus.
2043 5771 2098 5812 tu.

704 5819 724 5850 ³
755 5821 826 5870 sic
849 5827 946 5870 Am.
974 5827 1027 5873 Et
1049 5828 1153 5871 Mss.
1177 5831 1232 5872 Αι
1257 5819 1330 5873 Er.
1362 5831 1414 5874 et
1435 5819 1564 5884 Luxu,
1591 5822 1862 5876 habeamus.

1888 378 1946 432 S.
1987 378 2353 436 AUGUSTINI
2396 379 2695 436 EPISCOPI

3812 400 3924 459 1180

2354 490 2532 544 domus
2568 491 2662 548 Dei
2695 497 2854 549 nostri
2881 498 3132 567 ﬂorebunt
3151 541 3165 566 ,
3196 502 3377 557 Adhuc
3404 504 3860 575 multiplicabuntur
3880 518 3922 572 in

2348 592 2549 638 δεηθείη
2576 588 2716 639 uberi
2744 603 2763 641 :
2793 597 2838 640 et
2871 591 3130 658 tranquilli
3158 603 3337 660 erunt,
3370 605 3428 649 ut
3469 602 3786 656 annuntient.
3828 607 3920 664 Hoc

2351 681 2433 726 est
2448 674 2727 730 sabbatum
2746 678 2884 748 quod
2909 681 3056 736 vobis
3073 682 3230 751 paulo
3253 695 3376 741 ante
3392 689 3782 760 commendavi,
3804 699 3921 755 unde

2352 761 2513 819 habet
2553 765 2760 821 titulum
2790 768 3053 826 Psalmus.
3095 771 3387 846 Tranquilli
3425 788 3608 847 erunt,
3659 791 3710 834 ut
3745 801 3916 842 annun-

2350 854 2490 908 tient.
2525 856 2703 923 Quare
2751 860 3020 930 tranquilli
3049 866 3410 920 annuntiant?
3450 865 3570 922 Non
3614 870 3727 926 illos
3767 890 3919 934 movet

2349 942 2527 1000 fenum
2551 959 2886 1016 peccatorum
2919 970 2933 1006 :
2963 953 3156 1010 cedrus
3179 967 3229 1011 et
3256 958 3435 1027 palma
3466 976 3566 1015 nec
3588 962 3640 1016 itt
3665 974 3916 1036 tempesta-

2349 1034 2491 1091 tibus
2519 1050 2826 1096 curvantur.
2861 1043 3001 1114 Ergo
3030 1048 3296 1116 tranquilli
3327 1049 3456 1115 sint,
3489 1061 3542 1106 ut
3573 1034 3867 1114 annuntient
3897 1078 3907 1112 :

2347 1134 2403 1180 et
2429 1142 2573 1194 vere,
2602 1131 2724 1199 quia
2748 1132 2906 1186 modo
2930 1137 3349 1192 annuntiandum
3373 1149 3460 1195 est
3489 1151 3546 1196 et
3573 1145 3915 1204 subsannanti-

2349 1215 2446 1270 hus
2491 1217 2814 1276 hominibus.
2847 1223 2890 1279 0
2919 1224 3099 1279 miseri
3140 1226 3382 1283 homines
3425 1240 3698 1289 amatores
3725 1239 3910 1295 mundi!

2346 1311 2662 1366 annnntiant
2693 1314 2842 1370 vobis
2871 1316 2960 1386 qui
3000 1318 3220 1387 plantati
3247 1330 3371 1376 sunt
3413 1324 3466 1377 in
3508 1321 3670 1381 dumo
3698 1328 3911 1399 Domini;

2345 1400 2433 1468 qui
2461 1401 2786 1458 conﬁtentur
2815 1405 3041 1463 Domino
3068 1409 3118 1463 in
3146 1411 3354 1466 cantico
3373 1422 3429 1466 et
3453 1413 3683 1483 cithara,
3703 1419 3750 1472 in
3773 1422 3912 1477 verbo

2345 1497 2398 1544 et
2439 1506 2603 1561 opere
2626 1533 2640 1557 ,
2669 1497 2987 1552 annuntiant
3015 1499 3167 1554 vobis
3185 1541 3215 1566 ,,
3248 1509 3302 1556 et
3329 1501 3519 1558 dicunt
3547 1509 3694 1561 vobis
3721 1525 3734 1560 :
3762 1509 3912 1570 Nolite

2343 1579 2524 1636 seduci
2567 1582 2816 1642 felicitate
2851 1587 3185 1658 iniquorum,
3215 1593 3378 1648 nolite
3425 1597 3704 1653 attendere
3747 1600 3904 1656 ﬂorem

2343 1668 2479 1737 feni;
2516 1675 2680 1730 nolite
2713 1678 2992 1735 attendere
3019 1679 3084 1735 ad
3114 1690 3319 1752 tempus
3345 1685 3567 1750 beatos,
3592 1689 3642 1742 in
3674 1701 3900 1750 aeternum

2342 1763 2590 1820 miseros.
2621 1766 2728 1822 Nec
2757 1769 2854 1824 ista
2896 1770 3166 1827 beatitudo
3199 1791 3317 1844 qua:
3351 1776 3517 1831 modo
3554 1778 3682 1834 foris
3708 1783 3906 1850 videtur,

2343 1867 2471 1908 vera
2515 1865 2633 1922 est;
2686 1873 2784 1912 nec
2812 1859 2865 1913 in
2913 1861 3075 1917 corde
3117 1862 3258 1918 beati
3299 1875 3444 1933 ειη-ι,
3477 1869 3600 1937 quia
3631 1878 3908 1942 torquentur

2345 1944 2484 2000 mala
2513 1949 2862 2004 conscientia.
2897 1951 2973 2006 Tu
3002 1963 3178 2009 autem
3208 1959 3528 2028 tranquillus
3549 1972 3684 2029 esto,
3715 1981 3905 2034 sperans

2341 2031 2409 2087 de
2439 2038 2718 2105 promissis
2757 2040 2967 2096 Domini
2997 2043 3092 2099 Dei
3125 2046 3218 2100 tui.
3251 2047 3387 2113 Quid
3418 2051 3561 2105 cnint
3598 2031 3900 2111 annuntiabis

2339 2122 2392 2178 in
2440 2130 2855 2196 tranquillitate?
2885 2133 3134 2199 Quoniam
3176 2147 3342 2194 rectus
3377 2140 3631 2198 Dominus
3671 2145 3827 2213 Deus,
3862 2159 3900 2204 et

2339 2233 2439 2272 non
2477 2229 2548 2274 est
2576 2221 2815 2292 iniquitas
2849 2225 2901 2279 in
2927 2243 3006 2280 eo.
3041 2228 3340 2298 Attendite,
3376 2231 3606 2301 fratres,
3639 2238 3680 2291 si
3713 2239 3898 2307 plantati

2338 2310 2466 2364 estis
2495 2310 2546 2364 in
2573 2311 2734 2368 domo
2758 2315 2989 2382 Domini,
3022 2318 3066 2371 si
3095 2320 3257 2376 vultis
3279 2319 3474 2379 ﬂorere
3501 2325 3638 2380 sicut
3665 2329 3836 2396 palma,
3856 2339 3900 2386 et

2337 2400 2672 2470 multiplicari
2704 2404 3073 2482 sicut.c_edrus,
3109 2411 3314 2479 Libani,
3344 2423 3399 2468 ct
3424 2432 3532 2470 non
3564 2432 3794 2473 arescere
3814 2421 3899 2475 sic-

2338 2501 2396 2546 ut
2422 2491 2602 2550 feuum
2632 2496 2746 2551 sole
2771 2499 3064 2564 candente;
3099 2502 3235 2558 sicut
3263 2504 3317 2559 hi
3345 2509 3436 2577 qui
3471 2509 3712 2565 videntur
3735 2511 3896 2568 ﬂorere

2336 2584 2450 2639 sole
2475 2586 2715 2642 absente.
2749 2588 2805 2644 Si
2839 2607 2966 2661 ergo
2993 2609 3097 2645 non
3129 2595 3283 2648 vultis
3309 2612 3430 2653 esse
3462 2598 3665 2669 fenum,
3694 2603 3778 2657 sed
3799 2603 3894 2674 pal-

2337 2689 2422 2728 ma
2463 2686 2518 2732 et
2558 2678 2769 2744 cedrus,
2811 2681 2935 2750 quid
2965 2685 3430 2742 annuntiabitis‘?
3473 2690 3720 2756 Quoniam
3760 2703 3893 2747 rectus

2335 2765 2584 2824 Dominus
2616 2769 2782 2839 Deus,
2813 2785 2862 2827 et
2904 2791 3002 2829 non
3042 2789 3114 2832 est
3152 2780 3394 2847 iniquitas
3433 2784 3485 2837 in
3516 2785 3623 2839 illo.
3651 2785 3892 2855 Quomodo

2334 2874 2440 2914 non
2461 2871 2541 2916 est
2569 2861 2818 2933 iniquitas
2839 2866 2862 2918 ?
2883 2866 3049 2922 Tanta
3083 2871 3216 2924 mala
3245 2871 3443 2938 facit”;
3471 2890 3630 2930 sanus
3656 2887 3751 2942 est,
3779 2877 3888 2932 ﬁlios

2337 2948 2515 3018 habet,
2549 2954 2760 3023 plenam
2783 2955 3021 3024 domum,
3054 2962 3288 3017 abundat
3310 2965 3500 3034 gloria,
3532 2969 3782 3023 exaltatur
3805 2969 3883 3025 bo-

2336 3044 2576 3108 noribus,
2619 3045 2685 3100 de
2713 3045 2940 3102 inimicis
2968 3049 3285 3120 vindicatur,
3318 3065 3372 3109 et
3399 3058 3580 3111 omnia
3608 3061 3734 3113 mala
3762 3075 3884 3118 cum-

2333 3132 2530 3188 mittit:
2563 3135 2698 3191 alius
2726 3136 2982 3194 innocens
3010 3142 3090 3196 sui
3121 3144 3317 3214 negotii
3341 3145 3386 3212 ³,
3423 3163 3528 3202 non
3561 3150 3759 3218 rapiens
3780 3150 3887 3204 alie-

2334 3240 2421 3290 na,
2447 3241 2550 3280 non
2573 3238 2756 3282 contra
2783 3244 3098 3300 quemquam
3130 3234 3344 3301 iaciens,
3373 3237 3579 3294 laborat
3602 3240 3652 3294 in
3675 3240 3883 3303 vinculis,

2334 3315 2386 3368 in
2411 3318 2735 3384 carceribus,
2771 3321 2821 3374 in
2859 3321 3033 3392 inopia
3061 3335 3249 3381 aestuat
3277 3335 3329 3382 et
3357 3331 3612 3401 suspirat.
3645 3330 3886 3398 Quomodo

2333 3421 2433 3458 non
2462 3415 2533 3460 est
2563 3409 2798 3476 iniquitas
2816 3411 2869 3465 in
2894 3413 2993 3466 eo?
3021 3415 3144 3468 Esto
3176 3419 3511 3488 tranquillus,
3540 3433 3591 3475 et
3619 3421 3880 3490 intelliges;

2333 3511 2454 3550 nam
2488 3499 2814 3566 perturbaris
2833 3544 2848 3568 ,
2881 3511 2934 3558 et
2966 3504 3016 3558 in
3043 3506 3286 3562 cubiculo
3315 3519 3405 3564 tuo
3433 3510 3685 3566 obscuras
3715 3512 3797 3565 tibi
3818 3512 3884 3564 lu-

2331 3601 2469 3642 cem.
2498 3589 2726 3646 Badiare
2756 3592 2847 3647 tibi
2878 3594 2990 3649 vult
3021 3605 3254 3652 :eternus
3283 3600 3458 3666 Deus;
3489 3603 3596 3657 noli
3624 3603 3709 3656 tibi
3735 3602 3877 3656 facere

2331 3679 2568 3735 nubilum
2597 3682 2665 3738 de
2695 3684 3115 3754 perturbatione.
3158 3690 3288 3745 Esto
3333 3694 3648 3765 tranquillus
3685 3694 3731 3748 in
3761 3702 3821 3759 te,
3841 3699 3882 3746 ct

2331 3773 2450 3828 vide
2477 3775 2599 3845 quid
2629 3775 2720 3830 tibi
2743 3777 2938 3834 dicam.
2967 3780 3098 3846 Quia
3125 3781 3261 3837 Deus
3282 3792 3516 3840 azternns
3539 3797 3635 3852 est,
3656 3785 3768 3855 quia
3790 3797 3882 3836 mo-

2329 3863 2400 3917 do
2429 3866 2598 3934 parcit
2633 3866 2784 3920 malis
2803 3909 2818 3933 ,
2847 3869 3118 3925 adducens
3149 3872 3266 3926 illos
3291 3873 3356 3926 ad
3387 3876 3774 3944 paenitentiam;
3801 3873 3880 3926 ﬂa-

2329 3956 2489 4024 gellat
2511 3957 2696 4024 bonos,
2725 3959 2972 4014 erudiens
3002 3962 3122 4016 illos
3147 3963 3212 4018 ad
3239 3981 3462 4035 regnum
3490 3968 3770 4032 ctelorum;
3797 3981 3878 4017 non

2329 4055 2402 4098 est
2443 4047 2677 4112 iniquitas
2716 4050 2766 4101 in
2808 4066 2863 4102 eo
2891 4067 2908 4104 :
2939 4052 3046 4106 noli
3093 4053 3296 4110 timere.
3335 4057 3474 4112 Ecce
3501 4073 3599 4129 ego
3627 4055 3878 4128 ﬂagellatus

2330 4151 2446 4188 sum
2473 4146 2698 4203 tantum,
2729 4140 3064 4196 manifestum
3089 4153 3200 4211 cst,
3223 4146 3505 4214 conﬁteor,
3531 4148 3730 4218 peccavi
3758 4163 3771 4176 ·
3794 4159 3875 4198 non

2330 4227 2470 4280 enim
2517 4227 2637 4283 dico
2681 4246 2765 4284 me
2806 4231 3028 4300 justum.
3079 4234 3190 4290 Hoc
3238 4237 3378 4291 enim
3428 4239 3612 4294 dicunt
3652 4238 3876 4309 plerique.

2331 4316 2554 4385 Quando
2579 4330 2662 4375 est
2684 4321 2817 4377 forte
2845 4325 3124 4394 quisquam
3149 4328 3199 4380 in
3226 4329 3399 4398 aliqua
3424 4332 3653 4398 miseria,
3682 4331 3728 4384 in
3755 4327 3877 4382 dolo-

2331 4410 2498 4478 ribus,
2530 4412 2697 4468 intras
2720 4417 2987 4472 consolari
3015 4418 3162 4472 illum
3197 4437 3209 4472 :
3244 4429 3298 4475 et
3323 4423 3432 4488 ille,
3461 4424 3694 4487 Peccavi,
3719 4421 3872 4480 fateor.

2330 4511 2452 4556 sunt
2497 4513 2714 4572 peccata
2745 4521 2860 4560 mea
2883 4549 2900 4574 ,
2928 4523 3158 4580 agnosco
3187 4511 3308 4577 illa;
3351 4514 3443 4568 sed
3490 4512 3730 4583 nttmquid
3759 4517 3875 4563 tanta

2331 4595 2580 4662 peccavi,
2612 4605 2806 4664 quanta
2835 4598 2964 4652 ille?
2996 4599 3107 4670 Ego
3134 4603 3255 4656 novi
3298 4613 3488 4673 quanta
3521 4603 3641 4659 fecit
3667 4603 3768 4663 ille,
3792 4612 3876 4666 ego

2331 4684 2454 4738 novi
2481 4695 2676 4755 quanta
2706 4689 2974 4744 commisit
3007 4707 3018 4742 :
3061 4700 3277 4760 peccata
3309 4709 3424 4748 mea
3455 4702 3596 4758 sunt,
3621 4692 3777 4747 fateor
3800 4686 3872 4740 illa

2329 4775 2460 4842 Deo,
2504 4777 2597 4831 sed
2626 4777 2831 4832 minora
2861 4789 2984 4833 sunt
3018 4796 3176 4849 quam
3207 4782 3383 4848 illius;
3417 4793 3471 4838 et
3506 4797 3629 4838 ecce
3654 4781 3732 4834 ille
3766 4773 3870 4830 nihil

2329 4867 2452 4920 tnali
2481 4868 2696 4936 patitur.
2741 4866 2858 4923 Noli
2902 4871 3125 4937 turbari,
3159 4875 3477 4944 tranquillus
3504 4883 3649 4937 esto,
3687 4883 3735 4925 ut
3761 4867 3871 4920 scias

2329 4958 2566 5028 quoniam
2611 4969 2774 5013 rectus
2817 4959 3098 5027 Dominus,
3137 4971 3184 5018 et
3232 4981 3331 5019 non
3367 4975 3440 5020 est
3484 4965 3710 5035 iniquitas
3738 4961 3782 5012 in
3807 4971 3869 5009 co-

2329 5049 2464 5115 Quid
2487 5091 2501 5117 ,
2534 5049 2578 5104 si
2610 5059 2660 5104 te
2707 5061 2986 5121 propterea
3033 5053 3267 5124 ﬂagellat
3293 5056 3480 5122 modo,
3529 5056 3649 5125 quia
3681 5065 3772 5104 non
3797 5042 3868 5098 tibi

2330 5128 2504 5196 servat
2531 5143 2703 5212 ignem
2748 5144 3167 5213 sempiternum?
3189 5146 3345 5214 Quid,
3374 5149 3417 5204 si
3447 5149 3592 5203 illum
3631 5146 3867 5213 propterea

2330 5232 2548 5286 dimittit
2586 5233 2766 5299 modo,
2802 5235 2921 5303 quia
2952 5235 3228 5292 auditurus
3252 5248 3354 5304 est,
3390 5237 3471 5292 [te
3497 5239 3546 5291 in
3576 5236 3726 5305 ignem
3748 5234 3867 5280 arter-

2331 5342 2448 5379 num
2467 5326 2492 5378 .9
2525 5325 2629 5380 Sed
2669 5327 2922 5396 quando?
2947 5326 3078 5382 Cum
3107 5338 3164 5384 ttt
3195 5331 3395 5400 positus
3424 5331 3583 5386 fueris
3622 5326 3683 5381 ad
3710 5323 3865 5375 dexte-

2331 5431 2443 5470 ram
2465 5457 2479 5482 ,
2513 5425 2636 5470 tunc
2676 5417 2884 5472 dicetur
2910 5419 3096 5488 positis
3125 5420 3189 5474 ad
3218 5422 3484 5478 sinistram
3519 5440 3530 5475 :
3562 5419 3639 5474 Ite
3662 5418 3710 5470 in
3733 5414 3865 5482 ignem

2331 5517 2573 5563 internum
2593 5551 2608 5576 ,
2647 5509 2732 5580 qui
2775 5519 2982 5579 paratus
3012 5521 3084 5567 est
3121 5512 3321 5569 diabolo
3347 5524 3392 5570 et
3419 5513 3603 5587 angelis
3626 5509 3739 5581 ejus.
3765 5499 3856 5554 Non

2399 5646 2412 5674 ¹
2453 5644 2635 5719 Aliquot
2658 5653 2785 5719 biss,
2816 5644 3069 5719 etOcedrus
3106 5647 3201 5719 qui.
3227 5649 3528 5702 annnntietis.
3554 5646 3713 5708 Regius
3743 5637 3860 5688 libet»

2334 5710 2379 5754 rt
2403 5707 2596 5770 cedrus,
2623 5707 2774 5756 videte
2797 5707 2914 5770 quid
2935 5707 3239 5770 armantietis.

2399 5769 2422 5840 ξ
2453 5774 2525 5814 Er.
2545 5777 2670 5840 .t’cn.
2699 5776 2750 5840 et
2795 5769 2926 5840 l’.ov.,
2951 5769 3066 5840 facit
3087 5769 3211 5832 quis.
3283 5780 3358 5840 lit.”
3684 5823 3693 5834 ,

2404 5830 2422 5859 ³
2456 5830 2617 5879 Probae
2642 5837 2769 5879 noue
2795 5837 2922 5893 Mss,
2944 5830 3165 5883 innocens
3187 5834 3392 5902 negotii;
3416 5846 3595 5895 sanant,
3627 5830 3692 5879 Sili
