4132 6444
199 408 308 465 1181
1276 382 1674 444 ENARBATIO
1715 380 1777 435 IN
1820 379 2144 436 PSALMUM
2187 380 2343 437 XCII.

200 538 242 579 te
268 534 387 591 ergo
430 517 532 572 ista
562 519 810 568 moveant
838 528 850 565 :
882 505 1201 576 tranquillus
1222 513 1359 568 esto,
1392 499 1683 561 sabbatiza,
1711 504 1767 551 et

198 609 429 668 annnntia
456 607 699 679 quoniam
724 612 885 659 rectus
910 598 1159 656 Dominus
1182 596 1342 661 Deus,
1370 603 1417 648 et
1442 609 1540 648 non
1566 599 1637 646 est
1664 588 1765 643 ini-

199 701 524 775 Mmmm.

3327 383 3463 439 H32

1876 496 2012 551 bona
2040 494 2227 555 valde,
2260 494 2421 549 habet
2463 509 2760 563 vesperam.
2798 495 2851 550 In
2888 495 3109 551 sabbato
3147 507 3323 550 autem
3355 509 3460 551 non

1875 588 2175 643 invenimus
2201 601 2321 642 esse
2348 601 2625 656 vesperam
2648 628 2662 650 ,
2706 587 2827 656 quia
2880 588 3092 657 requies
3142 598 3326 642 nostra
3353 603 3461 643 non

1874 678 2091 735 habebit
2120 678 2277 734 ﬁnem
2319 696 2331 732 :
2364 694 2583 747 vespam
2614 679 2757 733 enim
2795 695 2890 747 pro
2920 678 3024 733 ﬁne
3052 679 3284 747 ponitur.
3314 678 3465 737 Sicut
3510 673 3837 790 Γὼγ

1876 709 2091 735 ΙΙᾶΙυῦυΙι
2120 709 2277 734 ΙΙΙΙῦΙιΙ
2319 720 2330 732 ο
2370 709 2583 747 νῦθγυινα
2614 709 2757 733 ῦΙΙΙΙΙΙ
2796 709 2890 747 νιυ
2920 709 3024 733 IIIIU
3052 709 3284 747 γυιιιιιιιο
3315 709 3465 737 οιυυι.
3761 717 3810 740 συ

1876 786 2005 841 ergo
2059 780 2210 825 sexto
2249 770 2335 825 die
2386 770 2512 825 fecit
2552 770 2690 825 Deus
2743 770 3010 824 hominem
3058 769 3125 823 ad
3178 709 3553 867 imaginum:
3570 709 3810 849 ,ZGZI,

1877 877 2059 960 suam;
2198 862 2497 960 invenimus
2523 871 2677 960 sexto
2705 862 2900 916 saiculo
2926 861 3135 915 venisse
3176 860 3607 960 Dominum’dﬂ
3625 888 3691 960 Λ
3712 872 3780 960 “1‘

1879 877 2059 927 suam;
2089 873 2167 917 ste
2198 873 2497 919 invenimus
2523 873 2677 915 sexto
2705 873 2900 916 smcuto
2926 875 3135 915 venisse
3176 873 3460 916 Dominum
3712 913 3731 937 ι
3768 873 3780 881 ·

1879 954 2058 1009 Iesum
2089 954 2378 1018 Christum,
2408 960 2465 1007 ut
2488 952 2869 1008 reformaretur
2892 951 3051 1006 homo
3079 951 3145 1005 ad
3176 951 3461 1021 imaginem
3483 888 3691 989 [in/1
3730 873 3822 1019 ᾧ

1880 1047 1995 1101 Dei.
2029 1046 2263 1100 Primum
2294 1047 2435 1101 enim
2468 1055 2697 1115 tempus,
2728 1054 2976 1114 tanquam
3007 1044 3208 1112 primus
3234 1044 3367 1107 dies,
3396 1036 3779 1119 ab"—"'/"
3808 1036 3821 1043 ”

1880 1138 2049 1192 Adam
2082 1153 2248 1207 usque
2293 1136 2358 1190 ad
2400 1136 2511 1191 Noe
2550 1154 2563 1190 :
2604 1136 2892 1191 secundum
2938 1146 3165 1202 tempus,
3200 1143 3454 1201 tanquam

3464 639 3707 659 κ

205 813 1754 847 ____________________._______._.._

623 906 702 967 IN
746 899 1130 965 PSALMUM
1172 895 1347 957 XCII

751 1018 1167 1079 ENARRATIO.

709 1151 881 1193 SEI'lIlO
919 1150 989 1189 ΔΙ)
1035 1146 1260 1188 Ριειιειι.

122 2942 125 2961 l

121 3088 173 3150 ν’

122 3162 174 3204 /

139 3106 150 3129 ι
161 3056 228 3113 {tu

269 1257 318 1311 1.
346 1250 539 1309 Psalmi
563 1248 723 1316 hujus
746 1245 978 1309 titulum,
1000 1258 1121 1297 cum
1151 1237 1603 1309 pronuntiaretur,
1627 1230 1778 1286 audi-

209 1351 402 1409 vimus;
434 1352 489 1398 et
516 1339 644 1411 quid
683 1338 784 1394 sibi
824 1336 983 1401 velit,
1010 1334 1077 1389 de
1105 1332 1375 1400 Scriptura
1408 1328 1523 1393 Dei,
1554 1327 1655 1379 hoc
1695 1329 1780 1378 est

212 1457 270 1497 ex
292 1439 418 1497 libro
446 1434 673 1490 Genesis
692 1473 706 1496 ,
739 1446 844 1484 non
874 1436 957 1483 est
993 1425 1209 1481 difﬁcile
1235 1435 1559 1492 cognoscere
1590 1436 1604 1472 :
1637 1419 1688 1470 in
1714 1416 1779 1469 ti-

214 1533 312 1586 tulo
331 1528 466 1583 enim
495 1533 751 1593 tanquam
781 1520 1132 1574 admonemur
1161 1516 1213 1569 in
1246 1514 1429 1569 limine
1466 1508 1593 1580 quid
1638 1510 1781 1561 intus

215 1632 511 1693 qumramus.
552 1614 843 1682 Inscriptus
873 1626 999 1681 ergo
1026 1616 1109 1663 cst
1134 1609 1203 1661 ita
1234 1622 1246 1657 ι
1282 1605 1419 1658 Laus
1445 1599 1626 1655 cantici
1647 1597 1778 1670 ipsi‘

216 1712 378 1777 Dauid,
398 1712 451 1763 in
474 1708 607 1762 diem
627 1716 744 1760 ante
768 1702 1049 1767 sabbatum,
1072 1698 1275 1769 quando
1294 1696 1510 1768 fundata
1531 1701 1605 1747 est
1626 1702 1780 1745 terra.

219 1801 557 1859 Recordantes
586 1812 715 1868 ergo
759 1812 854 1865 per
880 1807 1069 1848 omnes
1104 1790 1221 1845 dies
1248 1787 1372 1859 quid
1404 1785 1589 1841 fecerit
1618 1783 1781 1849 Deus,

219 1892 407 1965 quando
430 1889 633 1946 creavit
662 1896 716 1943 et
741 1884 1007 1939 ordinavit
1032 1881 1277 1936 universa
1308 1893 1337 1932 a
1372 1876 1549 1948 primo
1577 1873 1664 1927 die
1687 1887 1784 1925 us-

218 1964 307 2058 que
339 1985 399 2038 ad
438 1991 650 2037 sextum
690 1978 832 2032 diem
864 1976 1169 2055 (septimum
1206 1971 1349 2026 enim
1396 1964 1784 2029 sanctiﬁcavit,

220 2054 323 2146 quia
348 2075 398 2128 in
424 2074 512 2127 illo
540 2070 804 2139 requievit
832 2076 951 2135 post
970 2054 1147 2120 Omnia
1174 2077 1358 2132 opera,
1388 2074 1509 2129 qum
1538 2056 1662 2112 fecit
1689 2055 1787 2109 bo-

223 2144 277 2220 na
302 2161 513 2231 valde),
557 2171 614 2216 et
660 2158 962 2213 invenimus
1000 2171 1121 2210 eum
1164 2163 1317 2208 sexto
1343 2150 1431 2205 die
1459 2148 1649 2203 fecisse
1676 2144 1788 2214 (qui

223 2256 426 2311 dieshic
450 2259 924 2311 commemoratur,
960 2247 1081 2317 quia
1128 2246 1288 2309 dicit,
1334 2251 1451 2296 ante
1489 2236 1789 2305 sabbatum)

227 2328 384 2401 omnia
409 2343 662 2397 animalia
692 2342 743 2394 in
772 2349 914 2395 terra
944 2357 957 2390 :
990 2335 1185 2392 deinde
1217 2335 1331 2403 ipso
1360 2333 1447 2387 die
1476 2330 1601 2385 fecit
1623 2326 1794 2381 homi-

229 2454 331 2494 nem
356 2436 417 2491 ad
442 2435 730 2504 imaginem
759 2441 813 2486 et
841 2427 1244 2485 similitudinem
1271 2438 1441 2478 suam.
1471 2420 1586 2475 Non
1617 2426 1791 2472 autem

219 2517 325 2663 {sine
350 2542 503 2584 causa
529 2527 608 2582 illi
636 2526 750 2579 dies
791 2526 868 2578 sic
898 2529 1021 2577 sunt
1040 2518 1289 2580 ordinati,
1331 2515 1432 2570 nisi
1461 2513 1581 2583 quia
1612 2519 1666 2565 et
1688 2525 1795 2565 saa-

231 2622 329 2663 nnla
378 2619 451 2663 sic
498 2631 725 2663 cursura
770 2620 941 2663 erant.
992 2619 1274 2663 anteanam
1304 2605 1702 2663 requiescamus
1742 2600 1795 2653 in

231 2622 330 2674 cula
378 2619 451 2673 sic
498 2631 725 2672 cursura
770 2620 941 2676 erant,
992 2619 1274 2678 antequam
1304 2605 1702 2674 requiescamus
1742 2600 1796 2653 in

222 2689 343 2765 Deo.
374 2709 517 2764 Tunc
540 2714 723 2761 autem
755 2702 1159 2772 requiescimus,
1190 2698 1234 2752 si
1261 2696 1482 2751 facimus
1510 2706 1672 2760 Opera
1700 2689 1797 2744 bo-

226 2810 317 2889 ζιξξιδ
332 2800 407 2856 Ad
431 2801 531 2855 hoc
562 2797 869 2867 exemplum
899 2794 1155 2863 scriptum
1185 2799 1266 2845 est
1292 2788 1360 2843 de
1389 2788 1517 2851 Deo,
1545 2782 1800 2889 Requiev‘it

160 2873 355 2946 ι’δτὶῖἷιιε
381 2892 588 2961 septimo
612 2889 715 2954 die,
747 2902 867 2942 cum
896 2885 1109 2940 fecisset
1137 2881 1314 2937 omnia
1337 2892 1499 2948 opera
1528 2876 1666 2929 bona
1689 2873 1801 2927 val-

237 2984 294 3040 de
321 2983 458 3054 (σενι.
491 2999 529 3047 ι,
561 2992 611 3036 et
650 2998 706 3046 ιι,
740 2979 869 3049 1-5).
906 2977 1021 3032 Νοιι
1049 2975 1193 3030 enim
1224 2973 1471 3041 fatigatus
1498 2977 1600 3034 est,
1626 2974 1685 3022 ut
1712 2980 1801 3020 re-

239 3075 541 3145 quiesceret,
584 3082 680 3127 aut
706 3069 868 3126 modo
893 3084 997 3123 non
1026 3074 1310 3136 operatur;
1334 3077 1454 3117 eum
1490 3068 1674 3128 aperte
1703 3056 1807 3110 Do-

224 3166 395 3223 {minus
418 3166 666 3222 Christus
695 3163 872 3218 dicat:
899 3159 1057 3213 Pater
1082 3170 1393 3223 mensusque
1418 3166 1550 3205 nunc
1570 3156 1809 3218 operatur

223 3184 395 3259 minus
418 3184 666 3222 hlll'lSlUS
695 3184 837 3218 metu
859 3184 872 3214 ξ
899 3184 1056 3213 ruwr
1082 3184 1217 3211 "tuus
1241 3184 1392 3223 (ωιμιυ
1418 3184 1549 3205 ιιυηυ
1570 3184 1795 3218 apum...

223 3259 397 3379 '(Joan.
431 3276 481 3327 v,
514 3257 633 3329 17).
661 3257 800 3312 Dicit
829 3253 957 3308 illud
989 3253 1129 3308 enim
1161 3249 1381 3313 Judtnis,
1408 3246 1496 3317 qui
1523 3242 1809 3299 carnaliter

243 3353 511 3379 -..ηιξλιυηα
546 3352 617 3379 ΑΛ
656 3350 764 3379 “nn
834 3362 931 3379 nan
972 3342 1331 3379 InInIIinnhnnl
1363 3340 1483 3379 nllin
1520 3336 1658 3379 nﬂllg
1686 3348 1807 3379 cnim

243 3353 515 3408 sentiebant
544 3352 617 3406 de
654 3350 765 3404 Deo
785 3389 799 3414 ,
834 3362 933 3402 nec
972 3342 1335 3412 intelligebant
1363 3340 1484 3408 quia
1518 3336 1658 3390 Deus
1686 3348 1808 3388 cum

220 3410 399 3541 tquiete
424 3451 702 3513 Operatur.
733 3448 789 3495 et
808 3452 1021 3507 semper
1042 3441 1314 3504 operatur,
1338 3438 1392 3485 et
1416 3442 1630 3497 semper
1654 3424 1809 3495 quie-

455 3536 495 3541 ““
1014 3527 1025 3538 ’
1215 3522 1328 3541 -ιαε-
1356 3522 1493 3541 ΠΑ--ρ
1526 3526 1652 3541 ι.-..ιι
1676 3516 1775 3541 Ω...-

220 3544 228 3653 ἱ

247 3545 319 3589 tus
342 3546 432 3591 est.
455 3536 600 3604 Ergo
625 3542 678 3587 et
703 3546 819 3593 nos,
852 3543 987 3597 quos
1014 3527 1067 3580 in
1088 3541 1148 3580 se
1171 3522 1335 3579 voluit
1356 3522 1495 3575 Deus
1526 3526 1654 3573 tunc
1675 3516 1812 3584 ﬁgu-

248 3642 372 3692 rare,
400 3635 513 3696 post
536 3624 722 3679 omnia
758 3636 919 3691 opera
950 3620 1087 3674 bona
1114 3614 1425 3671 habebimus
1454 3611 1713 3679 requiem.
1747 3607 1815 3661 Et

249 3717 437 3787 quidem
460 3730 627 3786 opera
652 3714 791 3767 bona
815 3721 1019 3775 nostra,
1048 3708 1259 3773 fratres,
1284 3720 1401 3776 quae
1423 3704 1510 3758 hic
1530 3715 1815 3772 operamur

236 3808 295 3883 in
329 3810 511 3864 sucqu
540 3816 670 3863 ante
698 3805 938 3874 requiem
960 3844 975 3868 ,
1015 3801 1165 3872 quasi
1194 3815 1314 3856 eum
1354 3798 1535 3852 labore
1578 3802 1732 3857 sunt;
1762 3800 1817 3847 et

248 3901 442 3970 requies
468 3901 553 3955 illa
583 3900 637 3953 in
659 3912 753 3967 spe
784 3905 885 3960 est,
916 3893 1147 3951 nondum
1179 3899 1387 3947 tenetur
1416 3891 1467 3944 in
1504 3904 1561 3943 re
1590 3906 1603 3942 :
1632 3896 1687 3943 et
1714 3885 1815 3941 nisi

251 4002 379 4046 esset
414 3993 461 4045 in
504 4006 629 4062 spe,
672 3988 1025 4043 deﬁceremus
1070 3985 1121 4038 in
1155 3984 1370 4047 labore;
1405 3980 1499 4036 sed
1544 3986 1821 4034 transeunt

254 4096 396 4149 opera
423 4082 687 4136 laboriosa
705 4088 759 4134 et
783 4080 942 4133 bona.
963 4076 1100 4145 Quid
1122 4077 1263 4130 enim
1282 4083 1387 4127 tam
1418 4074 1640 4135 bonum,
1658 4086 1816 4140 quam

254 4175 499 4244 porrigere
531 4186 726 4243 panem
756 4170 1047 4225 esurienti?
1078 4176 1131 4223 et
1163 4166 1304 4238 quod
1330 4164 1674 4220 audiebamus
1699 4177 1817 4216 mo-

254 4262 332 4329 do,
369 4278 480 4318 cum
530 4262 881 4332 Evangelium
932 4261 1219 4330 legeretur,
1247 4257 1371 4327 quid
1422 4265 1527 4309 tam
1586 4254 1817 4319 bonum,

254 4371 393 4423 quam
419 4357 469 4410 id
490 4355 636 4427 quod
661 4354 982 4409 admonebat
1005 4351 1342 4422 generaliter,
1375 4348 1552 4402 Omnis
1572 4348 1656 4417 qui
1677 4346 1823 4399 habet

255 4446 369 4501 duas
392 4450 606 4514 tunicas,
629 4448 710 4501 det
734 4462 833 4501 non
866 4445 1100 4509 habenti;
1127 4454 1172 4498 et
1196 4444 1281 4512 qui
1306 4442 1449 4496 habet
1468 4457 1624 4507 escas,
1651 4448 1823 4511 pascat

257 4539 528 4594 esurientem
551 4538 703 4609 (Luc.
734 4554 809 4604 ιιι,
834 4537 961 4606 ll)?
988 4535 1199 4591 Nudum
1227 4534 1442 4595 vestire,
1471 4533 1667 4586 bonum
1689 4544 1825 4599 opus

258 4637 368 4683 est:
399 4630 647 4701 numquid
688 4643 901 4699 semper
939 4628 1040 4682 erit
1082 4628 1182 4680 hoc
1218 4640 1353 4695 opus
1396 4622 1626 4677 bonum?
1656 4621 1827 4675 Habet

260 4720 622 4790 aliquantulum
655 4721 914 4785 laborem,
945 4718 1038 4772 sed
1072 4717 1230 4770 habet
1256 4715 1503 4769 solatium
1534 4714 1585 4766 in
1617 4727 1712 4781 spe
1739 4710 1824 4765 fu-

263 4817 379 4865 tura:
399 4813 608 4882 quietis.
632 4813 896 4878 Quantum
924 4817 1102 4863 autem
1129 4808 1367 4861 laborem
1390 4805 1549 4859 habet
1569 4801 1709 4873 quod
1738 4818 1827 4856 ve-

263 4902 348 4955 stis
372 4903 605 4959 nudum?
632 4902 836 4957 Bonum
864 4914 997 4970 opus
1026 4915 1130 4953 non
1168 4897 1394 4951 multum
1427 4896 1633 4950 laborat
1665 4911 1677 4946 :
1712 4908 1825 4947 ma-

266 4990 360 5045 lum
385 5010 514 5064 opus
546 4995 705 5049 habet
739 4995 995 5048 laborem.
1028 4991 1127 5059 Qui
1158 4989 1301 5045 enim
1350 4992 1505 5042 vestit
1534 4987 1753 5051 nudum,
1783 4986 1828 5040 si

269 5080 409 5138 habet
432 5086 569 5140 unde
593 5084 768 5149 faciat,
794 5100 896 5138 non
930 5082 1135 5136 laborat
1163 5098 1176 5134 :
1206 5081 1250 5134 si
1280 5095 1385 5133 non
1409 5079 1568 5133 habet
1588 5077 1729 5131 unde
1754 5074 1830 5129 fa-

268 5172 377 5236 ciat,
405 5173 575 5230 Gloria
602 5178 655 5228 in
680 5175 884 5229 excelsis
923 5172 1050 5235 Deo,
1083 5180 1129 5225 et
1163 5172 1215 5224 in
1251 5179 1386 5223 terra
1421 5186 1524 5239 pax
1553 5167 1831 5220 hominibus

271 5258 395 5316 bona:
420 5266 685 5318 voluntatis
711 5262 731 5336 (
749 5262 833 5316 Id.
869 5279 904 5317 ιι
929 5303 944 5328 ,
979 5259 1102 5332 11).
1135 5259 1233 5326 Qui
1262 5268 1439 5312 autem
1467 5258 1577 5310 vult
1602 5255 1832 5326 Spoliare

272 5358 518 5426 vestitum,
551 5368 804 5428 quantum
833 5358 1058 5423 laboret,
1094 5354 1213 5425 quis
1243 5351 1528 5407 numerat?
1559 5351 1626 5406 Et
1657 5362 1829 5406 tamen

204 5464 205 5467 ‘
274 5458 321 5502 et
353 5451 443 5505 ista
489 5453 772 5507 transitura
799 5459 943 5515 sunt,
976 5464 1095 5503 cum
1127 5446 1432 5502 venerimus
1460 5444 1525 5499 ad
1566 5444 1707 5498 illam
1743 5459 1833 5499 re-

274 5541 459 5608 quiem,
493 5544 579 5598 ubi
610 5558 769 5599 nemo
798 5541 964 5599 esurit
1006 5541 1095 5611 qui
1144 5547 1423 5609 pascatur,
1471 5552 1632 5593 nemo
1661 5535 1832 5591 nudus

275 5639 346 5684 est
366 5634 446 5702 qui
465 5642 730 5691 vestiatur.
752 5635 875 5691 Ideo
899 5635 1020 5705 quia
1038 5644 1091 5689 et
1112 5634 1211 5688 ista
1231 5631 1511 5686 transitura
1530 5638 1651 5686 sunt
1673 5645 1834 5700 opera

278 5718 420 5785 bona,
452 5736 502 5780 et
543 5738 722 5783 sextus
753 5728 852 5781 istc
880 5726 994 5780 dies
1015 5768 1028 5789 ,
1062 5724 1273 5796 quando
1304 5723 1646 5795 perﬁciuntur
1676 5737 1835 5793 opera

335 5839 347 5865 ‘
380 5839 446 5888 sic
471 5845 570 5891 Mss.
595 5841 705 5890 edd.
727 5853 864 5902 vero,
886 5839 1052 5903 ipsius.

1881 1228 2151 1286 secundus
2181 1229 2295 1283 dies
2316 1268 2331 1291 ,
2362 1245 2391 1285 a
2424 1228 2536 1284 Noe
2575 1244 2745 1297 usque
2773 1227 2839 1282 ad
2884 1226 3153 1283 Abraham
3192 1244 3205 1280 :
3253 1226 3466 1281 tertium

1884 1333 2114 1391 tempus,
2145 1330 2394 1391 tanquam
2427 1321 2614 1376 tertius
2640 1319 2772 1385 dies,
2816 1320 2884 1374 ab
2909 1318 3177 1374 Abraham
3211 1332 3377 1386 usque
3401 1318 3468 1372 ad

1884 1414 2049 1471 David
2076 1432 2091 1467 :
2122 1422 2367 1485 quartum
2420 1424 2663 1482 tempus,
2711 1422 2959 1482 tanquam
3000 1420 3221 1479 quartus
3257 1411 3407 1477 dies,
3439 1427 3467 1464 a

1886 1506 2049 1561 David
2078 1522 2244 1577 usque
2268 1506 2337 1562 ad
2374 1505 2890 1575 transmigrationem
2923 1504 3225 1574 Babyloniae
3263 1522 3276 1557 :
3308 1504 3471 1572 quina

1886 1610 1997 1656 tum
2026 1609 2253 1670 tempus,
2282 1608 2528 1669 tanquam
2550 1599 2764 1668 quintus
2789 1597 2925 1659 dies.
2948 1612 2977 1651 a
3007 1596 3471 1667 transmigratione

1888 1693 2192 1765 Babyloniae
2219 1708 2387 1762 usque
2424 1691 2489 1745 ad
2533 1690 2960 1759 prmdicationem
3001 1688 3239 1743 Joannis.
3278 1687 3471 1742 Sextus

1889 1785 2004 1839 dies
2028 1787 2136 1852 jam
2172 1799 2201 1836 a
2232 1782 2608 1851 praedicatione
2646 1780 2867 1835 Joannis
2903 1779 3077 1849 agitur
3107 1794 3273 1848 usque
3310 1779 3376 1832 ad
3406 1777 3468 1831 ﬁ-

1890 1894 2035 1943 nem,
2058 1885 2113 1931 et
2138 1887 2257 1946 post
2282 1874 2439 1931 ﬁnem
2461 1874 2595 1928 sexti
2627 1873 2729 1927 diei
2752 1871 3095 1941 pervenimus
3123 1871 3189 1924 ad
3210 1871 3470 1940 requiem.

1891 1969 2047 2026 Modo
2076 1984 2203 2037 ergo
2231 1977 2415 2022 sextus
2439 1965 2555 2021 dies
2583 1968 2772 2035 agitur.
2816 1964 2868 2019 Si
2900 1973 3082 2018 sextus
3124 1962 3240 2017 dies
3277 1962 3472 2029 agitur,

1893 2062 2067 2115 videte
2094 2060 2218 2130 quid
2267 2058 2457 2113 habeat
2484 2058 2667 2111 titulus
2700 2074 2712 2109 :
2750 2055 2813 2109 In
2854 2056 2987 2108 diem
3026 2064 3142 2107 ante
3180 2052 3473 2116 sabbatum,

1893 2152 2094 2224 quando
2121 2150 2336 2222 fundata
2361 2160 2433 2204 est
2462 2159 2611 2203 terra.
2642 2148 2758 2203 Jam
2795 2146 3106 2201 audiamus‘
3137 2147 3307 2215 ipsum
3333 2145 3480 2199 Psal-

1896 2259 2084 2307 mum;
2139 2244 2313 2312 ipsum
2368 2244 2755 2309 interrogemus
2804 2238 3072 2309 quomodo
3127 2237 3343 2293 fundata
3398 2244 3481 2291 est

1898 2344 2064 2401 terra,
2092 2349 2159 2388 ne
2190 2332 2325 2389 forte
2346 2342 2470 2386 tunc
2499 2333 2636 2387 facta
2659 2339 2741 2385 est
2767 2341 2905 2385 terra
2932 2348 2944 2383 :
2980 2345 3079 2385 nec
3103 2336 3156 2383 tn
3185 2328 3379 2384 Genesi
3405 2327 3483 2381 sic

1901 2427 2145 2495 legimus.
2168 2424 2393 2493 Quando
2416 2439 2543 2494 ergo
2566 2422 2779 2477 fundata
2807 2431 2889 2476 est
2910 2421 3088 2475 terra?
3109 2420 3350 2486 Quando,
3377 2420 3481 2473 nisi

1898 2533 2019 2572 cum
2052 2516 2114 2585 ﬁt
2139 2516 2279 2585 quod
2300 2516 2494 2570 lectum
2524 2521 2607 2569 est
2635 2512 2791 2567 modo
2822 2513 2872 2565 in
2902 2511 3155 2579 Apostolo
3184 2525 3197 2561 :
3231 2510 3291 2562 Si
3320 2520 3485 2561 tamen

1900 2610 2046 2664 statis
2067 2610 2123 2663 in
2147 2607 2270 2676 ﬁde,
2292 2608 2384 2670 ait,
2411 2606 2612 2661 stabiles
2636 2614 2682 2657 et
2714 2603 2993 2657 immobiles
3021 2602 3062 2672 (I
3087 2599 3206 2656 Car.
3234 2617 3319 2664 xv,
3351 2598 3486 2666 58)?

1902 2702 2033 2756 Cum
2060 2713 2248 2753 omnes
2269 2697 2357 2767 qui
2385 2695 2609 2750 credunt
2631 2710 2725 2763 per
2751 2695 3049 2749 universam
3076 2702 3269 2746 terram
3299 2692 3488 2744 immo-

1902 2796 2037 2851 biles
2061 2802 2185 2849 sunt
2213 2793 2267 2845 in
2292 2788 2416 2855 ﬁde,
2445 2787 2660 2842 fundata
2688 2795 2770 2841 est
2791 2796 2931 2840 terra
2957 2803 2969 2838 :
3006 2795 3129 2838 tunc
3153 2784 3211 2837 ﬁt
3241 2782 3401 2836 homo
3423 2782 3490 2836 ad

1906 2885 2195 2957 imaginem
2224 2882 2343 2937 Dei.
2368 2878 2518 2946 Quod
2540 2877 2804 2947 signiﬁcat
2825 2885 3005 2929 sextus
3036 2875 3124 2928 ille
3147 2874 3263 2928 dies
3288 2873 3355 2927 de
3380 2871 3491 2927 Geo

1908 2979 2045 3033 nesi.
2086 2975 2194 3032 Sed
2232 2972 2501 3045 quomodo
2540 2969 2666 3025 illud
2707 2969 2831 3024 fecit
2862 2969 3037 3022 Deus?
3064 2966 3330 3036 quomodo
3369 2965 3493 3020 fune

1909 3068 2031 3122 data
2068 3075 2149 3121 est
2178 3063 2358 3119 terra?
2386 3062 2630 3118 Christus
2672 3060 2849 3123 venit,
2892 3068 2949 3111 ut
2978 3057 3225 3112 fundaret
3263 3066 3487 3111 terram.

1912 3160 2327 3216 Fundamentum
2358 3158 2489 3211 enim
2518 3172 2660 3209 nemo
2683 3162 2837 3224 potest
2867 3169 3047 3223 ponere
3078 3161 3257 3221 printer
3279 3152 3333 3205 id
3362 3153 3495 3222 quod

1914 3256 2130 3326 positum
2154 3262 2259 3317 est,
2288 3250 2424 3319 quod
2446 3258 2519 3304 est
2545 3247 2771 3303 Christus
2807 3246 2957 3299 Jesus
2989 3243 3114 3315 (Id.
3148 3260 3235 3311 ιιι,
3262 3244 3321 3298 11
3350 3243 3391 3313 ).
3421 3244 3497 3300 De

1915 3348 2007 3403 illo
2033 3360 2161 3415 ergo
2186 3350 2365 3398 cantat
2395 3342 2631 3395 Psalmus
2666 3355 2683 3394 :

1983 3439 2038 3493 2.
2084 3436 2233 3510 [vers.
2264 3433 2338 3505 1.]
2374 3433 2618 3487 Dominus
2653 3431 2896 3502 regnavit,
2925 3430 3153 3483 decorem
3179 3429 3381 3491 induit;
3419 3429 3499 3482 in—

1916 3530 2024 3583 duit
2051 3527 2299 3581 Dominus
2327 3522 2672 3591 fortitudinem
2689 3563 2702 3586 ,
2731 3533 2776 3575 et
2810 3521 3104 3591 prtecinctus
3129 3530 3222 3573 est.
3248 3520 3501 3574 Videmus

1916 3622 2038 3692 quia
2077 3620 2210 3673 duas
2246 3632 2337 3671 res
2378 3614 2566 3678 induit,
2622 3613 2872 3668 decorem
2915 3620 2969 3666 et
2996 3610 3377 3666 fortitudinem.
3406 3610 3502 3665 Ut-

1918 3711 2045 3782 quid
2092 3707 2307 3763 autem?
2345 3705 2413 3760 Ut
2454 3704 2699 3759 fundaret
2741 3710 2959 3756 terram.
3008 3701 3257 3770 Sequitur
3302 3701 3445 3753 enim
3482 3719 3497 3755 ε

1922 3804 2119 3858 Etenim
2144 3798 2457 3868 con/irritavit
2477 3798 2644 3851 orbant
2672 3805 2836 3859 terras,
2865 3795 2950 3865 qui
2971 3810 3074 3846 non
3097 3793 3502 3848 commovebitur.

1923 3895 2074 3951 Unde
2102 3892 2471 3948 conﬁrmavit?
2498 3889 2630 3956 Quia
2663 3887 2911 3941 decorem
2945 3885 3132 3939 induit.
3164 3884 3277 3938 Non
3308 3887 3507 3939 conﬁr-

1923 3992 2094 4039 maret
2116 4026 2129 4051 ,
2162 3982 2213 4036 si
2232 3982 2402 4036 solum
2430 3979 2677 4032 decorem
2705 3976 2981 4038 indueret,
3013 3990 3117 4028 non
3146 3984 3201 4028 et
3234 3973 3504 4028 fortitudi-

1924 4090 2067 4129 nem.
2125 4071 2300 4138 Quare
2349 4085 2475 4137 ergn
2529 4066 2822 4120 decorem?
2874 4079 3037 4134 quare
3102 4064 3506 4119 fortitudinem?

1926 4166 2220 4232 Utrumque
2248 4161 2389 4215 enim
2419 4157 2587 4214 dixit:
2620 4154 2869 4209 Dominus
2895 4156 3136 4225 regnavit,
3167 4157 3395 4209 decorem
3423 4158 3507 4210 in-

1926 4259 2065 4322 duit;
2103 4255 2265 4309 induit
2306 4252 2553 4305 Dominus
2592 4249 2966 4320 fortitudinem;
3002 4258 3050 4301 et
3085 4248 3379 4320 pra’cinctus
3416 4259 3506 4302 est.

1925 4350 2123 4414 Nostis,
2154 4345 2365 4409 fratres,
2388 4342 2512 4413 quia
2544 4342 2800 4395 Dominus
2843 4348 3023 4393 noster
3044 4354 3164 4394 cum
3193 4340 3424 4394 venisset
3456 4340 3507 4393 in

1927 4456 2123 4508 carne,
2165 4439 2249 4492 his
2291 4436 2523 4507 quibus’
2568 4433 2890 4504 praedicabat
2941 4433 3281 4503 Evangelium
3322 4434 3507 4501 regni,

1928 4533 2048 4587 aliis
2086 4530 2348 4602 placebat,
2381 4529 2498 4582 aliis
2522 4525 2856 4595 displicebat.
2899 4523 3029 4577 Nam
3061 4525 3243 4578 divism
3272 4534 3394 4577 sunt
3418 4523 3514 4577 ad-

1931 4641 2119 4683 versus
2144 4640 2202 4679 se
2232 4624 2421 4692 lingua:
2448 4619 2753 4676 Iudaeorum
2787 4634 2800 4670 :
2836 4617 2937 4670 Alii
2962 4617 3188 4669 dicebant
3208 4658 3221 4677 ,
3253 4616 3383 4681 Quia
3420 4616 3512 4668 bo-

1931 4737 2027 4774 nus
2051 4728 2161 4782 est;
2186 4716 2275 4769 alii
2307 4714 2565 4777 dicebant,
2608 4710 2729 4764 Non
2749 4753 2763 4773 ,
2801 4711 2888 4764 sed
2918 4709 3110 4763 seducit
3138 4708 3307 4761 turbas
3336 4708 3507 4774 (Joan.

1933 4828 2006 4879 γι,
2036 4810 2148 4881 12).
2180 4808 2280 4862 Alii
2307 4823 2432 4877 ergo
2453 4806 2589 4861 bene
2614 4803 2996 4873 loquebantur;
3026 4802 3111 4853 alii
3140 4799 3509 4865 detrahebant,

1933 4901 2293 4965 lacerabant’,
2319 4898 2652 4961 mordebant,
2686 4895 3139 4949 conviciabantur.
3171 4890 3249 4945 Ad
3273 4906 3367 4945 eos
3387 4905 3516 4959 ergo

1934 4998 2126 5069 quibus
2152 4994 2413 5067 placebat,
2443 4992 2669 5045 decorent
2714 4989 2917 5042 induit:
2947 4987 3010 5039 ad
3054 4999 3148 5039 cos
3187 4983 3379 5053 quibus
3406 4982 3516 5037 dis-

1935 5090 2195 5160 plicebat,
2250 5084 2598 5157 fortitudinem
2620 5081 2802 5135 induit.
2832 5079 3044 5133 Imitare
3074 5090 3199 5144 ergo
3225 5084 3279 5129 et
3323 5084 3377 5128 tu
3410 5075 3515 5128 Do-

1935 5184 2136 5239 minum
2166 5191 2342 5246 tuum,
2376 5187 2433 5233 ut
2476 5176 2647 5247 possis
2673 5189 2792 5229 esse
2821 5173 2981 5226 vestis
3010 5170 3175 5240 ipsius
3206 5187 3221 5223 :
3253 5178 3369 5225 esto
3398 5185 3519 5223 eum

1937 5275 2132 5329 decore
2159 5272 2225 5327 ad
2271 5287 2367 5326 eos
2391 5270 2584 5340 quibus
2630 5269 2842 5336 placent
2873 5265 3007 5318 bona
3038 5277 3198 5333 opera
3248 5272 3369 5325 tua;
3406 5270 3522 5315 esto

1940 5366 2089 5422 fortis
2120 5364 2375 5419 adversus
2401 5360 2748 5414 detractores.
2782 5354 2917 5410 Audi
2957 5353 3255 5423 apostolum
3302 5351 3519 5406 Paulum

1940 5461 2233 5515 imitantem
2275 5454 2556 5509 Dominum
2588 5465 2741 5504 suum
2765 5491 2779 5514 ,
2808 5445 3076 5518 quomodo
3104 5453 3155 5499 et
3198 5444 3310 5513 ipse
3340 5441 3525 5495 habuit

1940 5551 2188 5607 decorem
2210 5589 2225 5613 ,
2253 5543 2441 5600 habuit
2466 5540 2848 5599 fortitudinem.
2876 5537 3065 5593 Christi
3098 5536 3254 5589 bonus
3282 5532 3406 5587 odor
3433 5548 3519 5583 suo

2006 5713 2023 5739 ι
2060 5712 2207 5753 Vetus
2223 5702 2347 5751 liber
2369 5700 2524 5757 Corh.,
2549 5695 2835 5747 audivimus.

2006 5771 2025 5799 ²
2057 5766 2281 5827 Plerique
2303 5770 2428 5827 Mss,
2452 5756 2736 5827 incantata,
2757 5756 2940 5819 quibus.

2011 5831 2028 5861 ³
2065 5829 2146 5876 Hic
2168 5816 2347 5876 addunt
2372 5816 2503 5885 EdtL,
2537 5816 2803 5881 Intrabunt;
2827 5816 2953 5880 quod
2979 5816 3119 5865 ιιξιεδι
3142 5826 3169 5861 a
3196 5819 3296 5862 uss.
