  <div class='ocr_page' id='page_1' title='image "/cluster/home/n/w/nwhite01/storage/ocr_20150623/37/uva.x000827106/089.png"; bbox 0 0 4088 6456; ppageno 0'>
   <div class='ocr_carea' id='block_1_1' title="bbox 602 372 742 428">
    <p class='ocr_par' dir='ltr' id='par_1_1' title="bbox 602 372 742 428">
     <span class='ocr_line' id='line_1_1' title="bbox 602 372 742 428; baseline -0.014 0"><span class='ocrx_word' id='word_1_1' title='bbox 602 372 742 428; x_wconf 75' lang='lat'><strong>“8&#39;5</strong></span> 
     </span>
    </p>
   </div>
   <div class='ocr_carea' id='block_1_2' title="bbox 604 477 2183 557">
    <p class='ocr_par' dir='ltr' id='par_1_2' title="bbox 604 477 2183 557">
     <span class='ocr_line' id='line_1_2' title="bbox 604 477 2183 557; baseline -0.009 -13"><span class='ocrx_word' id='word_1_2' title='bbox 604 507 716 544; x_wconf 79' lang='lat' dir='ltr'><strong>inus</strong></span> <span class='ocrx_word' id='word_1_3' title='bbox 737 533 750 554; x_wconf 86' lang='grc'>,</span> <span class='ocrx_word' id='word_1_4' title='bbox 776 487 943 557; x_wconf 95' lang='lat' dir='ltr'><strong>inquit</strong></span> <span class='ocrx_word' id='word_1_5' title='bbox 971 529 986 553; x_wconf 90' lang='lat'><strong>,</strong></span> <span class='ocrx_word' id='word_1_6' title='bbox 1017 488 1069 540; x_wconf 90' lang='lat' dir='ltr'><strong>in</strong></span> <span class='ocrx_word' id='word_1_7' title='bbox 1097 485 1234 538; x_wconf 87' lang='lat' dir='ltr'><strong>omni</strong></span> <span class='ocrx_word' id='word_1_8' title='bbox 1264 484 1402 549; x_wconf 81' lang='lat' dir='ltr'><strong>loco,</strong></span> <span class='ocrx_word' id='word_1_9' title='bbox 1433 492 1477 534; x_wconf 88' lang='lat' dir='ltr'><strong>et</strong></span> <span class='ocrx_word' id='word_1_10' title='bbox 1507 479 1560 533; x_wconf 90' lang='lat' dir='ltr'><strong>in</strong></span> <span class='ocrx_word' id='word_1_11' title='bbox 1591 479 1668 532; x_wconf 91' lang='lat' dir='ltr'><strong>his</strong></span> <span class='ocrx_word' id='word_1_12' title='bbox 1693 480 1775 548; x_wconf 88' lang='lat' dir='ltr'><strong>qui</strong></span> <span class='ocrx_word' id='word_1_13' title='bbox 1803 477 1930 532; x_wconf 84' lang='lat' dir='ltr'><strong>salvi</strong></span> <span class='ocrx_word' id='word_1_14' title='bbox 1956 478 2105 545; x_wconf 81' lang='lat' dir='ltr'><strong>ﬁunt,</strong></span> <span class='ocrx_word' id='word_1_15' title='bbox 2138 486 2183 530; x_wconf 90' lang='lat' dir='ltr'><strong>et</strong></span> 
     </span>
    </p>
   </div>
   <div class='ocr_carea' id='block_1_3' title="bbox 605 568 2183 649">
    <p class='ocr_par' dir='ltr' id='par_1_3' title="bbox 605 568 2183 649">
     <span class='ocr_line' id='line_1_3' title="bbox 605 568 2183 649; baseline -0.008 -15"><span class='ocrx_word' id='word_1_16' title='bbox 605 581 657 634; x_wconf 91' lang='lat' dir='ltr'><strong>in</strong></span> <span class='ocrx_word' id='word_1_17' title='bbox 692 582 770 635; x_wconf 86' lang='lat' dir='ltr'><strong>his</strong></span> <span class='ocrx_word' id='word_1_18' title='bbox 794 579 880 649; x_wconf 88' lang='lat' dir='ltr'><strong>qui</strong></span> <span class='ocrx_word' id='word_1_19' title='bbox 915 585 1141 646; x_wconf 86' lang='lat' dir='ltr'><strong>pereunt.</strong></span> <span class='ocrx_word' id='word_1_20' title='bbox 1178 573 1382 643; x_wconf 83' lang='lat' dir='ltr'><strong>Quibus</strong></span> <span class='ocrx_word' id='word_1_21' title='bbox 1419 571 1560 626; x_wconf 89' lang='lat' dir='ltr'><strong>enim</strong></span> <span class='ocrx_word' id='word_1_22' title='bbox 1588 571 1760 640; x_wconf 84' lang='lat' dir='ltr'><strong>placet</strong></span> <span class='ocrx_word' id='word_1_23' title='bbox 1787 570 1982 623; x_wconf 90' lang='lat' dir='ltr'><strong>bonum</strong></span> <span class='ocrx_word' id='word_1_24' title='bbox 2005 609 2019 633; x_wconf 95' lang='lat'><strong>,</strong></span> <span class='ocrx_word' id='word_1_25' title='bbox 2052 568 2183 622; x_wconf 85' lang='lat' dir='ltr'><strong>salvi</strong></span> 
     </span>
    </p>
   </div>
   <div class='ocr_carea' id='block_1_4' title="bbox 605 660 2184 740">
    <p class='ocr_par' dir='ltr' id='par_1_4' title="bbox 605 660 2184 740">
     <span class='ocr_line' id='line_1_4' title="bbox 605 660 2184 740; baseline -0.009 -14"><span class='ocrx_word' id='word_1_26' title='bbox 605 671 769 736; x_wconf 85' lang='lat' dir='ltr'><strong>fiunt;</strong></span> <span class='ocrx_word' id='word_1_27' title='bbox 798 671 886 740; x_wconf 85' lang='lat' dir='ltr'><strong>qui</strong></span> <span class='ocrx_word' id='word_1_28' title='bbox 908 667 1191 722; x_wconf 90' lang='lat' dir='ltr'><strong>detralnmt</strong></span> <span class='ocrx_word' id='word_1_29' title='bbox 1216 666 1378 730; x_wconf 90' lang='lat' dir='ltr'><strong>bono,</strong></span> <span class='ocrx_word' id='word_1_30' title='bbox 1407 672 1648 733; x_wconf 88' lang='lat' dir='ltr'><strong>pereunt.</strong></span> <span class='ocrx_word' id='word_1_31' title='bbox 1679 660 1830 728; x_wconf 84' lang='lat' dir='ltr'><strong>Quod</strong></span> <span class='ocrx_word' id='word_1_32' title='bbox 1853 675 2006 714; x_wconf 89' lang='lat' dir='ltr'><strong>suum</strong></span> <span class='ocrx_word' id='word_1_33' title='bbox 2030 669 2184 724; x_wconf 90' lang='lat' dir='ltr'><strong>erat,</strong></span> 
     </span>
    </p>
   </div>
   <div class='ocr_carea' id='block_1_5' title="bbox 605 753 2184 820">
    <p class='ocr_par' dir='ltr' id='par_1_5' title="bbox 605 753 2184 820">
     <span class='ocr_line' id='line_1_5' title="bbox 605 753 2184 820; baseline -0.008 -1"><span class='ocrx_word' id='word_1_34' title='bbox 605 765 696 819; x_wconf 90' lang='lat' dir='ltr'><strong>ille</strong></span> <span class='ocrx_word' id='word_1_35' title='bbox 729 763 949 817; x_wconf 89' lang='lat' dir='ltr'><strong>odorem</strong></span> <span class='ocrx_word' id='word_1_36' title='bbox 981 758 1210 813; x_wconf 86' lang='lat' dir='ltr'><strong>habebat</strong></span> <span class='ocrx_word' id='word_1_37' title='bbox 1247 757 1483 820; x_wconf 89' lang='lat' dir='ltr'><strong>bonum;</strong></span> <span class='ocrx_word' id='word_1_38' title='bbox 1523 756 1630 809; x_wconf 90' lang='lat' dir='ltr'><strong>imo</strong></span> <span class='ocrx_word' id='word_1_39' title='bbox 1664 755 1834 808; x_wconf 90' lang='lat' dir='ltr'><strong>bonus</strong></span> <span class='ocrx_word' id='word_1_40' title='bbox 1871 753 2004 806; x_wconf 89' lang='lat' dir='ltr'><strong>odor</strong></span> <span class='ocrx_word' id='word_1_41' title='bbox 2032 761 2184 806; x_wconf 91' lang='lat' dir='ltr'><strong>erat:</strong></span> 
     </span>
    </p>
   </div>
   <div class='ocr_carea' id='block_1_6' title="bbox 603 844 2186 921">
    <p class='ocr_par' dir='ltr' id='par_1_6' title="bbox 603 844 2186 921">
     <span class='ocr_line' id='line_1_6' title="bbox 603 844 2186 921; baseline -0.007 -11"><span class='ocrx_word' id='word_1_42' title='bbox 603 855 698 910; x_wconf 86' lang='lat' dir='ltr'><strong>sed</strong></span> <span class='ocrx_word' id='word_1_43' title='bbox 727 871 806 907; x_wconf 74' lang='lat' dir='ltr'><strong>va:</strong></span> <span class='ocrx_word' id='word_1_44' title='bbox 839 853 1048 907; x_wconf 91' lang='lat' dir='ltr'><strong>miseris</strong></span> <span class='ocrx_word' id='word_1_45' title='bbox 1084 851 1172 921; x_wconf 91' lang='lat' dir='ltr'><strong>qui</strong></span> <span class='ocrx_word' id='word_1_46' title='bbox 1218 859 1272 905; x_wconf 88' lang='lat' dir='ltr'><strong>et</strong></span> <span class='ocrx_word' id='word_1_47' title='bbox 1311 850 1452 903; x_wconf 91' lang='lat' dir='ltr'><strong>bono</strong></span> <span class='ocrx_word' id='word_1_48' title='bbox 1495 846 1660 902; x_wconf 89' lang='lat' dir='ltr'><strong>odore</strong></span> <span class='ocrx_word' id='word_1_49' title='bbox 1701 849 2020 901; x_wconf 90' lang='lat' dir='ltr'><strong>moriuntur.</strong></span> <span class='ocrx_word' id='word_1_50' title='bbox 2071 844 2186 900; x_wconf 85' lang='lat' dir='ltr'><strong>Non</strong></span> 
     </span>
    </p>
   </div>
   <div class='ocr_carea' id='block_1_7' title="bbox 605 937 2192 1010">
    <p class='ocr_par' dir='ltr' id='par_1_7' title="bbox 605 937 2192 1010">
     <span class='ocr_line' id='line_1_7' title="bbox 605 937 2192 1010; baseline -0.006 -11"><span class='ocrx_word' id='word_1_51' title='bbox 605 946 747 999; x_wconf 87' lang='lat' dir='ltr'><strong>enim</strong></span> <span class='ocrx_word' id='word_1_52' title='bbox 770 945 863 1010; x_wconf 84' lang='lat' dir='ltr'><strong>ait,</strong></span> <span class='ocrx_word' id='word_1_53' title='bbox 895 943 1000 996; x_wconf 81' lang='lat' dir='ltr'><strong>Illis</strong></span> <span class='ocrx_word' id='word_1_54' title='bbox 1030 943 1200 996; x_wconf 89' lang='lat' dir='ltr'><strong>bonus</strong></span> <span class='ocrx_word' id='word_1_55' title='bbox 1223 939 1358 995; x_wconf 90' lang='lat' dir='ltr'><strong>odor</strong></span> <span class='ocrx_word' id='word_1_56' title='bbox 1385 952 1589 1004; x_wconf 91' lang='lat' dir='ltr'><strong>sumus,</strong></span> <span class='ocrx_word' id='word_1_57' title='bbox 1617 938 1720 993; x_wconf 87' lang='lat' dir='ltr'><strong>illis</strong></span> <span class='ocrx_word' id='word_1_58' title='bbox 1746 937 1915 991; x_wconf 87' lang='lat' dir='ltr'><strong>malus</strong></span> <span class='ocrx_word' id='word_1_59' title='bbox 1944 937 2078 992; x_wconf 90' lang='lat' dir='ltr'><strong>odor</strong></span> <span class='ocrx_word' id='word_1_60' title='bbox 2101 951 2192 990; x_wconf 82' lang='lat' dir='ltr'><strong>su-</strong></span> 
     </span>
    </p>
   </div>
   <div class='ocr_carea' id='block_1_8' title="bbox 605 1029 2186 1102">
    <p class='ocr_par' dir='ltr' id='par_1_8' title="bbox 605 1029 2186 1102">
     <span class='ocr_line' id='line_1_8' title="bbox 605 1029 2186 1102; baseline -0.006 -11"><span class='ocrx_word' id='word_1_61' title='bbox 605 1049 758 1102; x_wconf 89' lang='lat' dir='ltr'><strong>mus;</strong></span> <span class='ocrx_word' id='word_1_62' title='bbox 791 1036 906 1101; x_wconf 90' lang='lat' dir='ltr'><strong>sed,</strong></span> <span class='ocrx_word' id='word_1_63' title='bbox 937 1035 1123 1089; x_wconf 86' lang='lat' dir='ltr'><strong>Christi</strong></span> <span class='ocrx_word' id='word_1_64' title='bbox 1150 1035 1307 1087; x_wconf 89' lang='lat' dir='ltr'><strong>bonus</strong></span> <span class='ocrx_word' id='word_1_65' title='bbox 1329 1032 1454 1086; x_wconf 91' lang='lat' dir='ltr'><strong>odor</strong></span> <span class='ocrx_word' id='word_1_66' title='bbox 1471 1047 1664 1096; x_wconf 86' lang='lat' dir='ltr'><strong>sumus,</strong></span> <span class='ocrx_word' id='word_1_67' title='bbox 1693 1031 1786 1096; x_wconf 85' lang='lat' dir='ltr'><strong>ait,</strong></span> <span class='ocrx_word' id='word_1_68' title='bbox 1815 1031 1864 1084; x_wconf 86' lang='lat' dir='ltr'><strong>in</strong></span> <span class='ocrx_word' id='word_1_69' title='bbox 1895 1029 2032 1084; x_wconf 87' lang='lat' dir='ltr'><strong>omni</strong></span> <span class='ocrx_word' id='word_1_70' title='bbox 2057 1030 2186 1094; x_wconf 87' lang='lat' dir='ltr'><strong>loco,</strong></span> 
     </span>
    </p>
   </div>
   <div class='ocr_carea' id='block_1_9' title="bbox 607 1119 2192 1195">
    <p class='ocr_par' dir='ltr' id='par_1_9' title="bbox 607 1119 2192 1195">
     <span class='ocr_line' id='line_1_9' title="bbox 607 1119 2192 1195; baseline -0.006 -13"><span class='ocrx_word' id='word_1_71' title='bbox 607 1139 655 1183; x_wconf 83' lang='lat' dir='ltr'><strong>et</strong></span> <span class='ocrx_word' id='word_1_72' title='bbox 681 1129 735 1181; x_wconf 85' lang='lat' dir='ltr'><strong>in</strong></span> <span class='ocrx_word' id='word_1_73' title='bbox 765 1128 844 1180; x_wconf 93' lang='lat' dir='ltr'><strong>his</strong></span> <span class='ocrx_word' id='word_1_74' title='bbox 869 1127 956 1195; x_wconf 87' lang='lat' dir='ltr'><strong>qui</strong></span> <span class='ocrx_word' id='word_1_75' title='bbox 986 1125 1114 1178; x_wconf 89' lang='lat' dir='ltr'><strong>salvi</strong></span> <span class='ocrx_word' id='word_1_76' title='bbox 1143 1125 1303 1194; x_wconf 75' lang='lat' dir='ltr'><strong>fiunt,</strong></span> <span class='ocrx_word' id='word_1_77' title='bbox 1332 1131 1376 1176; x_wconf 89' lang='lat' dir='ltr'><strong>et</strong></span> <span class='ocrx_word' id='word_1_78' title='bbox 1401 1123 1454 1175; x_wconf 88' lang='lat' dir='ltr'><strong>in</strong></span> <span class='ocrx_word' id='word_1_79' title='bbox 1480 1122 1559 1176; x_wconf 89' lang='lat' dir='ltr'><strong>his</strong></span> <span class='ocrx_word' id='word_1_80' title='bbox 1584 1121 1670 1191; x_wconf 84' lang='lat' dir='ltr'><strong>qui</strong></span> <span class='ocrx_word' id='word_1_81' title='bbox 1697 1129 1923 1189; x_wconf 87' lang='lat' dir='ltr'><strong>pereunt.</strong></span> <span class='ocrx_word' id='word_1_82' title='bbox 1955 1119 2192 1188; x_wconf 89' lang='lat' dir='ltr'><strong>Subjccit</strong></span> 
     </span>
    </p>
   </div>
   <div class='ocr_carea' id='block_1_10' title="bbox 607 1211 2191 1285">
    <p class='ocr_par' dir='ltr' id='par_1_10' title="bbox 607 1211 2191 1285">
     <span class='ocr_line' id='line_1_10' title="bbox 607 1211 2191 1285; baseline -0.005 -13"><span class='ocrx_word' id='word_1_83' title='bbox 607 1219 785 1272; x_wconf 81' lang='lat' dir='ltr'><strong>statim</strong></span> <span class='ocrx_word' id='word_1_84' title='bbox 807 1259 820 1281; x_wconf 90' lang='lat'><strong>,</strong></span> <span class='ocrx_word' id='word_1_85' title='bbox 852 1217 979 1271; x_wconf 84' lang='lat' dir='ltr'><strong>Aliis</strong></span> <span class='ocrx_word' id='word_1_86' title='bbox 1009 1215 1211 1285; x_wconf 83' lang='lat' dir='ltr'><strong>quidem</strong></span> <span class='ocrx_word' id='word_1_87' title='bbox 1245 1229 1417 1268; x_wconf 88' lang='lat' dir='ltr'><strong>sumus</strong></span> <span class='ocrx_word' id='word_1_88' title='bbox 1458 1213 1584 1266; x_wconf 91' lang='lat' dir='ltr'><strong>odor</strong></span> <span class='ocrx_word' id='word_1_89' title='bbox 1629 1212 1745 1265; x_wconf 80' lang='lat' dir='ltr'><strong>vita:</strong></span> <span class='ocrx_word' id='word_1_90' title='bbox 1771 1213 1823 1265; x_wconf 89' lang='lat' dir='ltr'><strong>in</strong></span> <span class='ocrx_word' id='word_1_91' title='bbox 1862 1212 2035 1278; x_wconf 85' lang='lat' dir='ltr'><strong>vitam,</strong></span> <span class='ocrx_word' id='word_1_92' title='bbox 2075 1211 2191 1264; x_wconf 91' lang='lat' dir='ltr'><strong>aliis</strong></span> 
     </span>
    </p>
   </div>
   <div class='ocr_carea' id='block_1_11' title="bbox 609 1303 2192 1375">
    <p class='ocr_par' dir='ltr' id='par_1_11' title="bbox 609 1303 2192 1375">
     <span class='ocr_line' id='line_1_11' title="bbox 609 1303 2192 1375; baseline -0.003 -13"><span class='ocrx_word' id='word_1_93' title='bbox 609 1311 736 1362; x_wconf 89' lang='lat' dir='ltr'><strong>odor</strong></span> <span class='ocrx_word' id='word_1_94' title='bbox 761 1309 934 1363; x_wconf 90' lang='lat' dir='ltr'><strong>mortis</strong></span> <span class='ocrx_word' id='word_1_95' title='bbox 962 1308 1015 1362; x_wconf 88' lang='lat' dir='ltr'><strong>in</strong></span> <span class='ocrx_word' id='word_1_96' title='bbox 1043 1315 1252 1361; x_wconf 89' lang='lat' dir='ltr'><strong>mortem</strong></span> <span class='ocrx_word' id='word_1_97' title='bbox 1278 1305 1346 1373; x_wconf 88' lang='lat' dir='ltr'><strong>(ll</strong></span> <span class='ocrx_word' id='word_1_98' title='bbox 1377 1303 1495 1359; x_wconf 90' lang='lat' dir='ltr'><strong>Cor.</strong></span> <span class='ocrx_word' id='word_1_99' title='bbox 1530 1320 1585 1368; x_wconf 65' lang='grc' dir='ltr'><strong>ιι.</strong></span> <span class='ocrx_word' id='word_1_100' title='bbox 1615 1303 1808 1375; x_wconf 72' lang='lat' dir='ltr'><strong>1H6).</strong></span> <span class='ocrx_word' id='word_1_101' title='bbox 1845 1304 2046 1370; x_wconf 85' lang='lat' dir='ltr'><strong>Quibus</strong></span> <span class='ocrx_word' id='word_1_102' title='bbox 2076 1313 2192 1358; x_wconf 90' lang='lat' dir='ltr'><strong>erat</strong></span> 
     </span>
    </p>
   </div>
   <div class='ocr_carea' id='block_1_12' title="bbox 610 1393 2192 1463">
    <p class='ocr_par' dir='ltr' id='par_1_12' title="bbox 610 1393 2192 1463">
     <span class='ocr_line' id='line_1_12' title="bbox 610 1393 2192 1463; baseline -0.003 -11"><span class='ocrx_word' id='word_1_103' title='bbox 610 1398 746 1454; x_wconf 90' lang='lat' dir='ltr'><strong>odor</strong></span> <span class='ocrx_word' id='word_1_104' title='bbox 772 1398 893 1452; x_wconf 70' lang='lat' dir='ltr'><strong>vitm</strong></span> <span class='ocrx_word' id='word_1_105' title='bbox 932 1397 984 1450; x_wconf 92' lang='lat' dir='ltr'><strong>in</strong></span> <span class='ocrx_word' id='word_1_106' title='bbox 1011 1396 1171 1450; x_wconf 89' lang='lat' dir='ltr'><strong>vitam</strong></span> <span class='ocrx_word' id='word_1_107' title='bbox 1194 1436 1210 1461; x_wconf 95' lang='lat'><strong>,</strong></span> <span class='ocrx_word' id='word_1_108' title='bbox 1249 1395 1500 1450; x_wconf 86' lang='lat' dir='ltr'><strong>decorem</strong></span> <span class='ocrx_word' id='word_1_109' title='bbox 1532 1393 1777 1449; x_wconf 82' lang='lat' dir='ltr'><strong>induerat</strong></span> <span class='ocrx_word' id='word_1_110' title='bbox 1806 1410 1817 1445; x_wconf 89' lang='lat'><strong>:</strong></span> <span class='ocrx_word' id='word_1_111' title='bbox 1851 1393 2044 1463; x_wconf 90' lang='lat' dir='ltr'><strong>quibus</strong></span> <span class='ocrx_word' id='word_1_112' title='bbox 2075 1402 2192 1448; x_wconf 87' lang='lat' dir='ltr'><strong>erat</strong></span> 
     </span>
    </p>
   </div>
   <div class='ocr_carea' id='block_1_13' title="bbox 611 1485 2191 1554">
    <p class='ocr_par' dir='ltr' id='par_1_13' title="bbox 611 1485 2191 1554">
     <span class='ocr_line' id='line_1_13' title="bbox 611 1485 2191 1554; baseline -0.006 -5"><span class='ocrx_word' id='word_1_113' title='bbox 611 1495 745 1549; x_wconf 89' lang='lat' dir='ltr'><strong>odor</strong></span> <span class='ocrx_word' id='word_1_114' title='bbox 767 1493 951 1547; x_wconf 88' lang='lat' dir='ltr'><strong>mortis</strong></span> <span class='ocrx_word' id='word_1_115' title='bbox 977 1492 1028 1545; x_wconf 92' lang='lat' dir='ltr'><strong>in</strong></span> <span class='ocrx_word' id='word_1_116' title='bbox 1051 1498 1298 1554; x_wconf 87' lang='lat' dir='ltr'><strong>mortem,</strong></span> <span class='ocrx_word' id='word_1_117' title='bbox 1333 1488 1693 1543; x_wconf 86' lang='lat' dir='ltr'><strong>fortitudinem</strong></span> <span class='ocrx_word' id='word_1_118' title='bbox 1723 1487 1982 1541; x_wconf 84' lang='lat' dir='ltr'><strong>induerat.</strong></span> <span class='ocrx_word' id='word_1_119' title='bbox 2009 1485 2064 1541; x_wconf 88' lang='lat' dir='ltr'><strong>Si</strong></span> <span class='ocrx_word' id='word_1_120' title='bbox 2093 1501 2191 1540; x_wconf 89' lang='lat' dir='ltr'><strong>au-</strong></span> 
     </span>
    </p>
   </div>
   <div class='ocr_carea' id='block_1_14' title="bbox 612 1578 2188 1653">
    <p class='ocr_par' dir='ltr' id='par_1_14' title="bbox 612 1578 2188 1653">
     <span class='ocr_line' id='line_1_14' title="bbox 612 1578 2188 1653; baseline -0.006 -13"><span class='ocrx_word' id='word_1_121' title='bbox 612 1595 718 1640; x_wconf 89' lang='lat' dir='ltr'><strong>tem</strong></span> <span class='ocrx_word' id='word_1_122' title='bbox 749 1594 871 1637; x_wconf 87' lang='lat' dir='ltr'><strong>tunc</strong></span> <span class='ocrx_word' id='word_1_123' title='bbox 892 1581 1112 1653; x_wconf 87' lang='lat' dir='ltr'><strong>gaudes,</strong></span> <span class='ocrx_word' id='word_1_124' title='bbox 1142 1580 1356 1652; x_wconf 89' lang='lat' dir='ltr'><strong>quando</strong></span> <span class='ocrx_word' id='word_1_125' title='bbox 1383 1588 1435 1634; x_wconf 90' lang='grc' dir='ltr'><strong>ιε</strong></span> <span class='ocrx_word' id='word_1_126' title='bbox 1462 1578 1679 1634; x_wconf 89' lang='lat' dir='ltr'><strong>laudant</strong></span> <span class='ocrx_word' id='word_1_127' title='bbox 1700 1579 1965 1643; x_wconf 69' lang='lat' dir='ltr'><strong>homines,</strong></span> <span class='ocrx_word' id='word_1_128' title='bbox 1995 1588 2049 1633; x_wconf 90' lang='lat' dir='ltr'><strong>et</strong></span> <span class='ocrx_word' id='word_1_129' title='bbox 2077 1579 2188 1646; x_wconf 84' lang='lat' dir='ltr'><strong>pla-</strong></span> 
     </span>
    </p>
   </div>
   <div class='ocr_carea' id='block_1_15' title="bbox 609 1670 2190 1741">
    <p class='ocr_par' dir='ltr' id='par_1_15' title="bbox 609 1670 2190 1741">
     <span class='ocr_line' id='line_1_15' title="bbox 609 1670 2190 1741; baseline -0.004 -12"><span class='ocrx_word' id='word_1_130' title='bbox 609 1684 736 1730; x_wconf 85' lang='lat' dir='ltr'><strong>cent</strong></span> <span class='ocrx_word' id='word_1_131' title='bbox 763 1675 864 1728; x_wconf 89' lang='lat' dir='ltr'><strong>illis</strong></span> <span class='ocrx_word' id='word_1_132' title='bbox 885 1674 1021 1728; x_wconf 88' lang='lat' dir='ltr'><strong>bona</strong></span> <span class='ocrx_word' id='word_1_133' title='bbox 1051 1687 1211 1741; x_wconf 76' lang='lat' dir='ltr'><strong>Opera</strong></span> <span class='ocrx_word' id='word_1_134' title='bbox 1239 1680 1362 1736; x_wconf 89' lang='lat' dir='ltr'><strong>tua;</strong></span> <span class='ocrx_word' id='word_1_135' title='bbox 1393 1687 1512 1726; x_wconf 91' lang='lat' dir='ltr'><strong>cum</strong></span> <span class='ocrx_word' id='word_1_136' title='bbox 1542 1680 1719 1724; x_wconf 90' lang='lat' dir='ltr'><strong>autem</strong></span> <span class='ocrx_word' id='word_1_137' title='bbox 1750 1670 2190 1739; x_wconf 86' lang='lat' dir='ltr'><strong>vituperaverint,</strong></span> 
     </span>
    </p>
   </div>
   <div class='ocr_carea' id='block_1_16' title="bbox 612 1763 2190 1834">
    <p class='ocr_par' dir='ltr' id='par_1_16' title="bbox 612 1763 2190 1834">
     <span class='ocr_line' id='line_1_16' title="bbox 612 1763 2190 1834; baseline -0.003 -13"><span class='ocrx_word' id='word_1_138' title='bbox 612 1767 798 1822; x_wconf 86' lang='lat' dir='ltr'><strong>delicis</strong></span> <span class='ocrx_word' id='word_1_139' title='bbox 827 1767 877 1820; x_wconf 92' lang='lat' dir='ltr'><strong>in</strong></span> <span class='ocrx_word' id='word_1_140' title='bbox 905 1766 1060 1821; x_wconf 88' lang='lat' dir='ltr'><strong>bonis</strong></span> <span class='ocrx_word' id='word_1_141' title='bbox 1088 1765 1338 1834; x_wconf 83' lang='lat' dir='ltr'><strong>operibus</strong></span> <span class='ocrx_word' id='word_1_142' title='bbox 1358 1805 1373 1828; x_wconf 94' lang='lat'><strong>,</strong></span> <span class='ocrx_word' id='word_1_143' title='bbox 1401 1773 1455 1818; x_wconf 91' lang='lat' dir='ltr'><strong>et</strong></span> <span class='ocrx_word' id='word_1_144' title='bbox 1483 1763 1634 1832; x_wconf 90' lang='lat' dir='ltr'><strong>quasi</strong></span> <span class='ocrx_word' id='word_1_145' title='bbox 1665 1763 1891 1817; x_wconf 88' lang='lat' dir='ltr'><strong>fructmn</strong></span> <span class='ocrx_word' id='word_1_146' title='bbox 1934 1764 2190 1817; x_wconf 90' lang='lat' dir='ltr'><strong>bonorum</strong></span> 
     </span>
    </p>
   </div>
   <div class='ocr_carea' id='block_1_17' title="bbox 613 1854 2189 1929">
    <p class='ocr_par' dir='ltr' id='par_1_17' title="bbox 613 1854 2189 1929">
     <span class='ocr_line' id='line_1_17' title="bbox 613 1854 2189 1929; baseline -0.004 -15"><span class='ocrx_word' id='word_1_147' title='bbox 613 1870 665 1914; x_wconf 90' lang='lat' dir='ltr'><strong>te</strong></span> <span class='ocrx_word' id='word_1_148' title='bbox 700 1858 996 1929; x_wconf 79' lang='lat' dir='ltr'><strong>perdidisse</strong></span> <span class='ocrx_word' id='word_1_149' title='bbox 1023 1858 1317 1922; x_wconf 88' lang='lat' dir='ltr'><strong>arbitraris,</strong></span> <span class='ocrx_word' id='word_1_150' title='bbox 1347 1855 1466 1926; x_wconf 87' lang='lat' dir='ltr'><strong>quia</strong></span> <span class='ocrx_word' id='word_1_151' title='bbox 1497 1855 1703 1909; x_wconf 77' lang='lat' dir='ltr'><strong>invenis</strong></span> <span class='ocrx_word' id='word_1_152' title='bbox 1730 1854 2143 1924; x_wconf 79' lang='lat' dir='ltr'><strong>reprehensores</strong></span> <span class='ocrx_word' id='word_1_153' title='bbox 2173 1872 2189 1907; x_wconf 88' lang='lat'><strong>:</strong></span> 
     </span>
    </p>
   </div>
   <div class='ocr_carea' id='block_1_18' title="bbox 613 1946 2194 2015">
    <p class='ocr_par' dir='ltr' id='par_1_18' title="bbox 613 1946 2194 2015">
     <span class='ocr_line' id='line_1_18' title="bbox 613 1946 2194 2015; baseline -0.004 -11"><span class='ocrx_word' id='word_1_154' title='bbox 613 1965 718 2004; x_wconf 89' lang='lat' dir='ltr'><strong>non</strong></span> <span class='ocrx_word' id='word_1_155' title='bbox 749 1949 938 2004; x_wconf 86' lang='lat' dir='ltr'><strong>stetisti</strong></span> <span class='ocrx_word' id='word_1_156' title='bbox 980 1947 1302 2011; x_wconf 86' lang='lat' dir='ltr'><strong>immobilis;</strong></span> <span class='ocrx_word' id='word_1_157' title='bbox 1346 1961 1451 2001; x_wconf 93' lang='lat' dir='ltr'><strong>non</strong></span> <span class='ocrx_word' id='word_1_158' title='bbox 1483 1947 1716 2015; x_wconf 87' lang='lat' dir='ltr'><strong>pertines</strong></span> <span class='ocrx_word' id='word_1_159' title='bbox 1751 1946 1815 2000; x_wconf 88' lang='lat' dir='ltr'><strong>ad</strong></span> <span class='ocrx_word' id='word_1_160' title='bbox 1845 1946 2008 2000; x_wconf 86' lang='lat' dir='ltr'><strong>orbem</strong></span> <span class='ocrx_word' id='word_1_161' title='bbox 2037 1955 2194 1999; x_wconf 88' lang='lat' dir='ltr'><strong>terra-</strong></span> 
     </span>
    </p>
   </div>
   <div class='ocr_carea' id='block_1_19' title="bbox 612 2034 2194 2108">
    <p class='ocr_par' dir='ltr' id='par_1_19' title="bbox 612 2034 2194 2108">
     <span class='ocr_line' id='line_1_19' title="bbox 612 2034 2194 2108; baseline -0.003 -15"><span class='ocrx_word' id='word_1_162' title='bbox 612 2056 748 2104; x_wconf 89' lang='lat' dir='ltr'><strong>rum,</strong></span> <span class='ocrx_word' id='word_1_163' title='bbox 781 2039 865 2108; x_wconf 89' lang='lat' dir='ltr'><strong>qui</strong></span> <span class='ocrx_word' id='word_1_164' title='bbox 891 2054 991 2091; x_wconf 88' lang='lat' dir='ltr'><strong>non</strong></span> <span class='ocrx_word' id='word_1_165' title='bbox 1015 2037 1420 2092; x_wconf 73' lang='lat' dir='ltr'><strong>commovebitur.</strong></span> <span class='ocrx_word' id='word_1_166' title='bbox 1458 2034 1635 2089; x_wconf 84' lang='lat' dir='ltr'><strong>Induit</strong></span> <span class='ocrx_word' id='word_1_167' title='bbox 1661 2034 1910 2089; x_wconf 78' lang='lat' dir='ltr'><strong>Dominus</strong></span> <span class='ocrx_word' id='word_1_168' title='bbox 1938 2036 2194 2107; x_wconf 80' lang='lat' dir='ltr'><strong>fortitudi-</strong></span> 
     </span>
    </p>
   </div>
   <div class='ocr_carea' id='block_1_20' title="bbox 612 2125 2194 2196">
    <p class='ocr_par' dir='ltr' id='par_1_20' title="bbox 612 2125 2194 2196">
     <span class='ocr_line' id='line_1_20' title="bbox 612 2125 2194 2196; baseline -0.001 -13"><span class='ocrx_word' id='word_1_169' title='bbox 612 2145 743 2195; x_wconf 87' lang='lat' dir='ltr'><strong>nem,</strong></span> <span class='ocrx_word' id='word_1_170' title='bbox 787 2137 833 2182; x_wconf 92' lang='lat' dir='ltr'><strong>et</strong></span> <span class='ocrx_word' id='word_1_171' title='bbox 879 2129 1175 2195; x_wconf 64' lang='lat' dir='ltr'><strong>praecinctus</strong></span> <span class='ocrx_word' id='word_1_172' title='bbox 1210 2135 1303 2182; x_wconf 87' lang='lat' dir='ltr'><strong>est.</strong></span> <span class='ocrx_word' id='word_1_173' title='bbox 1336 2127 1410 2182; x_wconf 90' lang='lat' dir='ltr'><strong>De</strong></span> <span class='ocrx_word' id='word_1_174' title='bbox 1448 2126 1564 2196; x_wconf 89' lang='lat' dir='ltr'><strong>ipso</strong></span> <span class='ocrx_word' id='word_1_175' title='bbox 1592 2125 1785 2183; x_wconf 86' lang='lat' dir='ltr'><strong>decore</strong></span> <span class='ocrx_word' id='word_1_176' title='bbox 1809 2135 1864 2180; x_wconf 87' lang='lat' dir='ltr'><strong>et</strong></span> <span class='ocrx_word' id='word_1_177' title='bbox 1888 2126 2194 2182; x_wconf 82' lang='lat' dir='ltr'><strong>fortitudine</strong></span> 
     </span>
    </p>
   </div>
   <div class='ocr_carea' id='block_1_21' title="bbox 612 2217 2196 2289">
    <p class='ocr_par' dir='ltr' id='par_1_21' title="bbox 612 2217 2196 2289">
     <span class='ocr_line' id='line_1_21' title="bbox 612 2217 2196 2289; baseline 0 -17"><span class='ocrx_word' id='word_1_178' title='bbox 612 2219 774 2272; x_wconf 83' lang='lat' dir='ltr'><strong>habet</strong></span> <span class='ocrx_word' id='word_1_179' title='bbox 802 2218 962 2272; x_wconf 86' lang='lat' dir='ltr'><strong>alium</strong></span> <span class='ocrx_word' id='word_1_180' title='bbox 992 2217 1164 2272; x_wconf 87' lang='lat' dir='ltr'><strong>locum</strong></span> <span class='ocrx_word' id='word_1_181' title='bbox 1195 2217 1471 2287; x_wconf 86' lang='lat' dir='ltr'><strong>apostolus</strong></span> <span class='ocrx_word' id='word_1_182' title='bbox 1496 2217 1688 2272; x_wconf 87' lang='lat' dir='ltr'><strong>Paulus</strong></span> <span class='ocrx_word' id='word_1_183' title='bbox 1717 2236 1730 2273; x_wconf 93' lang='lat'><strong>:</strong></span> <span class='ocrx_word' id='word_1_184' title='bbox 1756 2217 1862 2272; x_wconf 88' lang='lat' dir='ltr'><strong>Per</strong></span> <span class='ocrx_word' id='word_1_185' title='bbox 1885 2235 2027 2271; x_wconf 90' lang='lat' dir='ltr'><strong>arma</strong></span> <span class='ocrx_word' id='word_1_186' title='bbox 2036 2220 2196 2289; x_wconf 84' lang='lat' dir='ltr'><strong>justi-</strong></span> 
     </span>
    </p>
   </div>
   <div class='ocr_carea' id='block_1_22' title="bbox 611 2308 2197 2373">
    <p class='ocr_par' dir='ltr' id='par_1_22' title="bbox 611 2308 2197 2373">
     <span class='ocr_line' id='line_1_22' title="bbox 611 2308 2197 2373; baseline 0.002 -10"><span class='ocrx_word' id='word_1_187' title='bbox 611 2311 696 2364; x_wconf 72' lang='lat' dir='ltr'><strong>tia:</strong></span> <span class='ocrx_word' id='word_1_188' title='bbox 719 2310 896 2363; x_wconf 69' lang='lat' dir='ltr'><strong>dextra</strong></span> <span class='ocrx_word' id='word_1_189' title='bbox 925 2318 971 2362; x_wconf 89' lang='lat' dir='ltr'><strong>et</strong></span> <span class='ocrx_word' id='word_1_190' title='bbox 995 2310 1215 2363; x_wconf 80' lang='lat' dir='ltr'><strong>sinistra.</strong></span> <span class='ocrx_word' id='word_1_191' title='bbox 1253 2308 1381 2363; x_wconf 88' lang='lat' dir='ltr'><strong>Vide</strong></span> <span class='ocrx_word' id='word_1_192' title='bbox 1409 2309 1497 2363; x_wconf 88' lang='lat' dir='ltr'><strong>ubi</strong></span> <span class='ocrx_word' id='word_1_193' title='bbox 1518 2308 1787 2373; x_wconf 89' lang='lat' dir='ltr'><strong>decorem,</strong></span> <span class='ocrx_word' id='word_1_194' title='bbox 1813 2309 1901 2363; x_wconf 89' lang='lat' dir='ltr'><strong>ubi</strong></span> <span class='ocrx_word' id='word_1_195' title='bbox 1933 2310 2197 2366; x_wconf 83' lang='lat' dir='ltr'><strong>fortitudi-</strong></span> 
     </span>
    </p>
   </div>
   <div class='ocr_carea' id='block_1_23' title="bbox 612 2401 2192 2472">
    <p class='ocr_par' dir='ltr' id='par_1_23' title="bbox 612 2401 2192 2472">
     <span class='ocr_line' id='line_1_23' title="bbox 612 2401 2192 2472; baseline -0.001 -15"><span class='ocrx_word' id='word_1_196' title='bbox 612 2418 734 2457; x_wconf 91' lang='lat' dir='ltr'><strong>nem</strong></span> <span class='ocrx_word' id='word_1_197' title='bbox 760 2419 773 2456; x_wconf 92' lang='lat'><strong>:</strong></span> <span class='ocrx_word' id='word_1_198' title='bbox 808 2401 910 2455; x_wconf 86' lang='lat' dir='ltr'><strong>Per</strong></span> <span class='ocrx_word' id='word_1_199' title='bbox 929 2401 1164 2472; x_wconf 79' lang='lat' dir='ltr'><strong>gloriam,</strong></span> <span class='ocrx_word' id='word_1_200' title='bbox 1190 2409 1236 2457; x_wconf 85' lang='lat' dir='ltr'><strong>et</strong></span> <span class='ocrx_word' id='word_1_201' title='bbox 1259 2401 1643 2471; x_wconf 80' lang='lat' dir='ltr'><strong>ignobilitatem.</strong></span> <span class='ocrx_word' id='word_1_202' title='bbox 1673 2401 1730 2455; x_wconf 88' lang='lat' dir='ltr'><strong>In</strong></span> <span class='ocrx_word' id='word_1_203' title='bbox 1757 2401 1922 2471; x_wconf 91' lang='lat' dir='ltr'><strong>gloria</strong></span> <span class='ocrx_word' id='word_1_204' title='bbox 1944 2401 2192 2470; x_wconf 88' lang='lat' dir='ltr'><strong>decorus,</strong></span> 
     </span>
    </p>
   </div>
   <div class='ocr_carea' id='block_1_24' title="bbox 610 2493 2197 2565">
    <p class='ocr_par' dir='ltr' id='par_1_24' title="bbox 610 2493 2197 2565">
     <span class='ocr_line' id='line_1_24' title="bbox 610 2493 2197 2565; baseline 0.001 -17"><span class='ocrx_word' id='word_1_205' title='bbox 610 2495 662 2548; x_wconf 89' lang='lat' dir='ltr'><strong>in</strong></span> <span class='ocrx_word' id='word_1_206' title='bbox 687 2493 1013 2564; x_wconf 78' lang='lat' dir='ltr'><strong>ignobilitate</strong></span> <span class='ocrx_word' id='word_1_207' title='bbox 1045 2494 1213 2548; x_wconf 88' lang='lat' dir='ltr'><strong>fortis.</strong></span> <span class='ocrx_word' id='word_1_208' title='bbox 1251 2495 1403 2565; x_wconf 84' lang='lat' dir='ltr'><strong>Apud</strong></span> <span class='ocrx_word' id='word_1_209' title='bbox 1427 2493 1560 2548; x_wconf 84' lang='lat' dir='ltr'><strong>alios</strong></span> <span class='ocrx_word' id='word_1_210' title='bbox 1583 2495 1845 2564; x_wconf 89' lang='lat' dir='ltr'><strong>gloriosus</strong></span> <span class='ocrx_word' id='word_1_211' title='bbox 1871 2495 2166 2564; x_wconf 67' lang='lat' dir='ltr'><strong>prmdicaba</strong></span> <span class='ocrx_word' id='word_1_212' title='bbox 2183 2523 2197 2537; x_wconf 82' lang='grc' dir='ltr'><strong><em>ο</em></strong></span> 
     </span>
    </p>
   </div>
   <div class='ocr_carea' id='block_1_25' title="bbox 609 2583 2198 2654">
    <p class='ocr_par' dir='ltr' id='par_1_25' title="bbox 609 2583 2198 2654">
     <span class='ocr_line' id='line_1_25' title="bbox 609 2583 2198 2654; baseline 0.001 -15"><span class='ocrx_word' id='word_1_213' title='bbox 609 2594 724 2648; x_wconf 91' lang='lat' dir='ltr'><strong>tur;</strong></span> <span class='ocrx_word' id='word_1_214' title='bbox 753 2584 890 2653; x_wconf 89' lang='lat' dir='ltr'><strong>apud</strong></span> <span class='ocrx_word' id='word_1_215' title='bbox 921 2584 1054 2638; x_wconf 89' lang='lat' dir='ltr'><strong>alios</strong></span> <span class='ocrx_word' id='word_1_216' title='bbox 1075 2583 1318 2654; x_wconf 73' lang='lat' dir='ltr'><strong>ignobilis</strong></span> <span class='ocrx_word' id='word_1_217' title='bbox 1348 2585 1804 2639; x_wconf 89' lang='lat' dir='ltr'><strong>eontemnebatur.</strong></span> <span class='ocrx_word' id='word_1_218' title='bbox 1834 2585 2091 2641; x_wconf 88' lang='lat' dir='ltr'><strong>Decorem</strong></span> <span class='ocrx_word' id='word_1_219' title='bbox 2118 2587 2198 2641; x_wconf 80' lang='lat' dir='ltr'><strong>af-</strong></span> 
     </span>
    </p>
   </div>
   <div class='ocr_carea' id='block_1_26' title="bbox 609 2675 2194 2744">
    <p class='ocr_par' dir='ltr' id='par_1_26' title="bbox 609 2675 2194 2744">
     <span class='ocr_line' id='line_1_26' title="bbox 609 2675 2194 2744; baseline 0.003 -15"><span class='ocrx_word' id='word_1_220' title='bbox 609 2676 810 2731; x_wconf 81' lang='lat' dir='ltr'><strong>ferebat</strong></span> <span class='ocrx_word' id='word_1_221' title='bbox 831 2677 909 2730; x_wconf 86' lang='lat' dir='ltr'><strong>eis</strong></span> <span class='ocrx_word' id='word_1_222' title='bbox 929 2675 1122 2744; x_wconf 91' lang='lat' dir='ltr'><strong>quibus</strong></span> <span class='ocrx_word' id='word_1_223' title='bbox 1147 2675 1406 2744; x_wconf 86' lang='lat' dir='ltr'><strong>placebat,</strong></span> <span class='ocrx_word' id='word_1_224' title='bbox 1433 2676 1795 2731; x_wconf 81' lang='lat' dir='ltr'><strong>fortitudinem</strong></span> <span class='ocrx_word' id='word_1_225' title='bbox 1825 2677 2081 2732; x_wconf 89' lang='lat' dir='ltr'><strong>adversus</strong></span> <span class='ocrx_word' id='word_1_226' title='bbox 2101 2693 2194 2734; x_wconf 90' lang='lat' dir='ltr'><strong>eos</strong></span> 
     </span>
    </p>
   </div>
   <div class='ocr_carea' id='block_1_27' title="bbox 609 2767 2193 2841">
    <p class='ocr_par' dir='ltr' id='par_1_27' title="bbox 609 2767 2193 2841">
     <span class='ocr_line' id='line_1_27' title="bbox 609 2767 2193 2841; baseline 0.003 -21"><span class='ocrx_word' id='word_1_227' title='bbox 609 2768 802 2838; x_wconf 87' lang='lat' dir='ltr'><strong>quibus</strong></span> <span class='ocrx_word' id='word_1_228' title='bbox 841 2768 1170 2836; x_wconf 86' lang='lat' dir='ltr'><strong>displicebat.</strong></span> <span class='ocrx_word' id='word_1_229' title='bbox 1212 2767 1280 2822; x_wconf 90' lang='lat' dir='ltr'><strong>Et</strong></span> <span class='ocrx_word' id='word_1_230' title='bbox 1319 2769 1396 2823; x_wconf 91' lang='lat' dir='ltr'><strong>sic</strong></span> <span class='ocrx_word' id='word_1_231' title='bbox 1425 2778 1700 2824; x_wconf 86' lang='lat' dir='ltr'><strong>enumerat</strong></span> <span class='ocrx_word' id='word_1_232' title='bbox 1728 2770 1904 2824; x_wconf 91' lang='lat' dir='ltr'><strong>omnia</strong></span> <span class='ocrx_word' id='word_1_233' title='bbox 1935 2787 2101 2841; x_wconf 88' lang='lat' dir='ltr'><strong>usque</strong></span> <span class='ocrx_word' id='word_1_234' title='bbox 2142 2773 2193 2826; x_wconf 94' lang='lat' dir='ltr'><strong>in</strong></span> 
     </span>
    </p>
   </div>
   <div class='ocr_carea' id='block_1_28' title="bbox 618 2859 2197 2932">
    <p class='ocr_par' dir='ltr' id='par_1_28' title="bbox 618 2859 2197 2932">
     <span class='ocr_line' id='line_1_28' title="bbox 618 2859 2197 2932; baseline 0.001 -18"><span class='ocrx_word' id='word_1_235' title='bbox 618 2861 797 2923; x_wconf 82' lang='lat' dir='ltr'><strong>lincin,</strong></span> <span class='ocrx_word' id='word_1_236' title='bbox 831 2860 916 2912; x_wconf 89' lang='lat' dir='ltr'><strong>ubi</strong></span> <span class='ocrx_word' id='word_1_237' title='bbox 943 2859 1072 2913; x_wconf 90' lang='lat' dir='ltr'><strong>dicit</strong></span> <span class='ocrx_word' id='word_1_238' title='bbox 1101 2878 1113 2912; x_wconf 91' lang='lat'><strong>:</strong></span> <span class='ocrx_word' id='word_1_239' title='bbox 1151 2859 1310 2927; x_wconf 83' lang='lat' dir='ltr'><strong>Quasi</strong></span> <span class='ocrx_word' id='word_1_240' title='bbox 1331 2860 1459 2914; x_wconf 87' lang='lat' dir='ltr'><strong>nihil</strong></span> <span class='ocrx_word' id='word_1_241' title='bbox 1479 2861 1730 2923; x_wconf 84' lang='lat' dir='ltr'><strong>habentes,</strong></span> <span class='ocrx_word' id='word_1_242' title='bbox 1771 2871 1818 2915; x_wconf 87' lang='lat' dir='ltr'><strong>et</strong></span> <span class='ocrx_word' id='word_1_243' title='bbox 1844 2863 2012 2915; x_wconf 85' lang='lat' dir='ltr'><strong>omnia</strong></span> <span class='ocrx_word' id='word_1_244' title='bbox 2034 2864 2197 2932; x_wconf 83' lang='lat' dir='ltr'><strong>possi-</strong></span> 
     </span>
    </p>
   </div>
   <div class='ocr_carea' id='block_1_29' title="bbox 613 2949 2196 3023">
    <p class='ocr_par' dir='ltr' id='par_1_29' title="bbox 613 2949 2196 3023">
     <span class='ocr_line' id='line_1_29' title="bbox 613 2949 2196 3023; baseline 0.002 -19"><span class='ocrx_word' id='word_1_245' title='bbox 613 2951 784 3005; x_wconf 77' lang='lat' dir='ltr'><strong>dentes</strong></span> <span class='ocrx_word' id='word_1_246' title='bbox 809 2949 919 3018; x_wconf 85' lang='lat' dir='ltr'><strong>(ld.</strong></span> <span class='ocrx_word' id='word_1_247' title='bbox 940 2966 1013 3014; x_wconf 87' lang='lat' dir='ltr'><strong>vt,</strong></span> <span class='ocrx_word' id='word_1_248' title='bbox 1043 2951 1094 3017; x_wconf 89' lang='lat'><strong>7,</strong></span> <span class='ocrx_word' id='word_1_249' title='bbox 1118 2951 1172 3017; x_wconf 90' lang='lat'><strong>8,</strong></span> <span class='ocrx_word' id='word_1_250' title='bbox 1203 2949 1312 3023; x_wconf 81' lang='lat' dir='ltr'><strong>l0).</strong></span> <span class='ocrx_word' id='word_1_251' title='bbox 1336 2949 1464 3006; x_wconf 90' lang='lat' dir='ltr'><strong>Cum</strong></span> <span class='ocrx_word' id='word_1_252' title='bbox 1493 2953 1667 3005; x_wconf 90' lang='lat' dir='ltr'><strong>omnia</strong></span> <span class='ocrx_word' id='word_1_253' title='bbox 1693 2951 1948 3021; x_wconf 89' lang='lat' dir='ltr'><strong>possidet,</strong></span> <span class='ocrx_word' id='word_1_254' title='bbox 1972 2953 2196 3008; x_wconf 87' lang='lat' dir='ltr'><strong>decorus</strong></span> 
     </span>
    </p>
   </div>
   <div class='ocr_carea' id='block_1_30' title="bbox 613 3040 2195 3111">
    <p class='ocr_par' dir='ltr' id='par_1_30' title="bbox 613 3040 2195 3111">
     <span class='ocr_line' id='line_1_30' title="bbox 613 3040 2195 3111; baseline 0.001 -16"><span class='ocrx_word' id='word_1_255' title='bbox 613 3051 728 3106; x_wconf 89' lang='lat' dir='ltr'><strong>est;</strong></span> <span class='ocrx_word' id='word_1_256' title='bbox 758 3056 876 3095; x_wconf 90' lang='lat' dir='ltr'><strong>cum</strong></span> <span class='ocrx_word' id='word_1_257' title='bbox 909 3041 1036 3094; x_wconf 90' lang='lat' dir='ltr'><strong>nihil</strong></span> <span class='ocrx_word' id='word_1_258' title='bbox 1072 3041 1263 3107; x_wconf 89' lang='lat' dir='ltr'><strong>habet,</strong></span> <span class='ocrx_word' id='word_1_259' title='bbox 1293 3041 1443 3095; x_wconf 87' lang='lat' dir='ltr'><strong>fortis</strong></span> <span class='ocrx_word' id='word_1_260' title='bbox 1471 3050 1570 3095; x_wconf 90' lang='lat' dir='ltr'><strong>est.</strong></span> <span class='ocrx_word' id='word_1_261' title='bbox 1600 3040 1716 3095; x_wconf 86' lang='lat' dir='ltr'><strong>Non</strong></span> <span class='ocrx_word' id='word_1_262' title='bbox 1739 3056 1866 3111; x_wconf 89' lang='lat' dir='ltr'><strong>ergo</strong></span> <span class='ocrx_word' id='word_1_263' title='bbox 1904 3041 2116 3106; x_wconf 88' lang='lat' dir='ltr'><strong>mirum,</strong></span> <span class='ocrx_word' id='word_1_264' title='bbox 2148 3043 2195 3096; x_wconf 87' lang='lat' dir='ltr'><strong>si</strong></span> 
     </span>
    </p>
   </div>
   <div class='ocr_carea' id='block_1_31' title="bbox 612 3128 2198 3201">
    <p class='ocr_par' dir='ltr' id='par_1_31' title="bbox 612 3128 2198 3201">
     <span class='ocr_line' id='line_1_31' title="bbox 612 3128 2198 3201; baseline -0.001 -15"><span class='ocrx_word' id='word_1_265' title='bbox 612 3131 871 3200; x_wconf 85' lang='lat' dir='ltr'><strong>sequitur,</strong></span> <span class='ocrx_word' id='word_1_266' title='bbox 900 3128 1102 3184; x_wconf 83' lang='lat' dir='ltr'><strong>Etenim</strong></span> <span class='ocrx_word' id='word_1_267' title='bbox 1123 3131 1438 3196; x_wconf 76' lang='lat' dir='ltr'><strong>conﬁrmavit</strong></span> <span class='ocrx_word' id='word_1_268' title='bbox 1459 3130 1626 3184; x_wconf 84' lang='lat' dir='ltr'><strong>orbem</strong></span> <span class='ocrx_word' id='word_1_269' title='bbox 1644 3141 1810 3197; x_wconf 72' lang='lat' dir='ltr'><strong>terrm,</strong></span> <span class='ocrx_word' id='word_1_270' title='bbox 1837 3132 1924 3201; x_wconf 88' lang='lat' dir='ltr'><strong>qui</strong></span> <span class='ocrx_word' id='word_1_271' title='bbox 1943 3148 2044 3186; x_wconf 89' lang='lat' dir='ltr'><strong>non</strong></span> <span class='ocrx_word' id='word_1_272' title='bbox 2060 3148 2198 3186; x_wconf 88' lang='lat' dir='ltr'><strong>com-</strong></span> 
     </span>
    </p>
   </div>
   <div class='ocr_carea' id='block_1_32' title="bbox 613 3222 2196 3289">
    <p class='ocr_par' dir='ltr' id='par_1_32' title="bbox 613 3222 2196 3289">
     <span class='ocr_line' id='line_1_32' title="bbox 613 3222 2196 3289; baseline 0.001 -13"><span class='ocrx_word' id='word_1_273' title='bbox 613 3223 906 3276; x_wconf 82' lang='lat' dir='ltr'><strong>movebitur.</strong></span> <span class='ocrx_word' id='word_1_274' title='bbox 949 3223 1229 3289; x_wconf 85' lang='lat' dir='ltr'><strong>Quomodo</strong></span> <span class='ocrx_word' id='word_1_275' title='bbox 1259 3222 1399 3277; x_wconf 92' lang='lat' dir='ltr'><strong>euim</strong></span> <span class='ocrx_word' id='word_1_276' title='bbox 1442 3237 1546 3276; x_wconf 90' lang='lat' dir='ltr'><strong>non</strong></span> <span class='ocrx_word' id='word_1_277' title='bbox 1589 3223 2012 3278; x_wconf 77' lang='lat' dir='ltr'><strong>commovebitur</strong></span> <span class='ocrx_word' id='word_1_278' title='bbox 2051 3224 2196 3278; x_wconf 88' lang='lat' dir='ltr'><strong>orbis</strong></span> 
     </span>
    </p>
   </div>
   <div class='ocr_carea' id='block_1_33' title="bbox 615 3311 2192 3382">
    <p class='ocr_par' dir='ltr' id='par_1_33' title="bbox 615 3311 2192 3382">
     <span class='ocr_line' id='line_1_33' title="bbox 615 3311 2192 3382; baseline 0 -14"><span class='ocrx_word' id='word_1_279' title='bbox 615 3315 920 3370; x_wconf 79' lang='lat' dir='ltr'><strong>terrarum?</strong></span> <span class='ocrx_word' id='word_1_280' title='bbox 948 3316 1077 3370; x_wconf 88' lang='lat' dir='ltr'><strong>Cum</strong></span> <span class='ocrx_word' id='word_1_281' title='bbox 1105 3314 1330 3370; x_wconf 90' lang='lat' dir='ltr'><strong>credunt</strong></span> <span class='ocrx_word' id='word_1_282' title='bbox 1373 3314 1425 3368; x_wconf 91' lang='lat' dir='ltr'><strong>in</strong></span> <span class='ocrx_word' id='word_1_283' title='bbox 1463 3311 1731 3368; x_wconf 89' lang='lat' dir='ltr'><strong>Christum</strong></span> <span class='ocrx_word' id='word_1_284' title='bbox 1760 3330 1950 3370; x_wconf 87' lang='lat' dir='ltr'><strong>omnes</strong></span> <span class='ocrx_word' id='word_1_285' title='bbox 1976 3314 2157 3370; x_wconf 80' lang='lat' dir='ltr'><strong>fideles</strong></span> <span class='ocrx_word' id='word_1_286' title='bbox 2178 3359 2192 3382; x_wconf 95' lang='lat'><strong>,</strong></span> 
     </span>
    </p>
   </div>
   <div class='ocr_carea' id='block_1_34' title="bbox 615 3407 2192 3478">
    <p class='ocr_par' dir='ltr' id='par_1_34' title="bbox 615 3407 2192 3478">
     <span class='ocr_line' id='line_1_34' title="bbox 615 3407 2192 3478; baseline 0.001 -17"><span class='ocrx_word' id='word_1_287' title='bbox 615 3419 664 3461; x_wconf 82' lang='lat' dir='ltr'><strong>et</strong></span> <span class='ocrx_word' id='word_1_288' title='bbox 690 3408 854 3478; x_wconf 81' lang='lat' dir='ltr'><strong>parati</strong></span> <span class='ocrx_word' id='word_1_289' title='bbox 881 3417 999 3461; x_wconf 89' lang='lat' dir='ltr'><strong>sunt</strong></span> <span class='ocrx_word' id='word_1_290' title='bbox 1019 3407 1084 3461; x_wconf 91' lang='lat' dir='ltr'><strong>ad</strong></span> <span class='ocrx_word' id='word_1_291' title='bbox 1109 3415 1420 3476; x_wconf 89' lang='lat' dir='ltr'><strong>utrumque;</strong></span> <span class='ocrx_word' id='word_1_292' title='bbox 1445 3407 1676 3477; x_wconf 86' lang='lat' dir='ltr'><strong>gaudere</strong></span> <span class='ocrx_word' id='word_1_293' title='bbox 1697 3424 1815 3463; x_wconf 89' lang='lat' dir='ltr'><strong>cum</strong></span> <span class='ocrx_word' id='word_1_294' title='bbox 1835 3409 2192 3476; x_wconf 84' lang='lat' dir='ltr'><strong>laudantibus,</strong></span> 
     </span>
    </p>
   </div>
   <div class='ocr_carea' id='block_1_35' title="bbox 616 3499 2196 3567">
    <p class='ocr_par' dir='ltr' id='par_1_35' title="bbox 616 3499 2196 3567">
     <span class='ocr_line' id='line_1_35' title="bbox 616 3499 2196 3567; baseline 0 -13"><span class='ocrx_word' id='word_1_295' title='bbox 616 3499 782 3554; x_wconf 83' lang='lat' dir='ltr'><strong>fortes</strong></span> <span class='ocrx_word' id='word_1_296' title='bbox 831 3515 949 3554; x_wconf 82' lang='lat' dir='ltr'><strong>esse</strong></span> <span class='ocrx_word' id='word_1_297' title='bbox 988 3499 1242 3552; x_wconf 87' lang='lat' dir='ltr'><strong>adversus</strong></span> <span class='ocrx_word' id='word_1_298' title='bbox 1290 3500 1682 3567; x_wconf 75' lang='lat' dir='ltr'><strong>vituperantes;</strong></span> <span class='ocrx_word' id='word_1_299' title='bbox 1739 3515 1842 3553; x_wconf 93' lang='lat' dir='ltr'><strong>non</strong></span> <span class='ocrx_word' id='word_1_300' title='bbox 1884 3501 2196 3554; x_wconf 89' lang='lat' dir='ltr'><strong>mollescere</strong></span> 
     </span>
    </p>
   </div>
   <div class='ocr_carea' id='block_1_36' title="bbox 616 3588 2190 3660">
    <p class='ocr_par' dir='ltr' id='par_1_36' title="bbox 616 3588 2190 3660">
     <span class='ocr_line' id='line_1_36' title="bbox 616 3588 2190 3660; baseline -0.001 -15"><span class='ocrx_word' id='word_1_301' title='bbox 616 3591 807 3659; x_wconf 84' lang='lat' dir='ltr'><strong>linguis</strong></span> <span class='ocrx_word' id='word_1_302' title='bbox 837 3590 1185 3656; x_wconf 90' lang='lat' dir='ltr'><strong>laudantium,</strong></span> <span class='ocrx_word' id='word_1_303' title='bbox 1217 3604 1315 3644; x_wconf 86' lang='lat' dir='ltr'><strong>nec</strong></span> <span class='ocrx_word' id='word_1_304' title='bbox 1341 3588 1508 3659; x_wconf 87' lang='lat' dir='ltr'><strong>frangi</strong></span> <span class='ocrx_word' id='word_1_305' title='bbox 1534 3589 1727 3658; x_wconf 89' lang='lat' dir='ltr'><strong>linguis</strong></span> <span class='ocrx_word' id='word_1_306' title='bbox 1759 3591 2190 3660; x_wconf 81' lang='lat' dir='ltr'><strong>vituperantium.</strong></span> 
     </span>
    </p>
   </div>
   <div class='ocr_carea' id='block_1_37' title="bbox 686 3678 2191 3750">
    <p class='ocr_par' dir='ltr' id='par_1_37' title="bbox 686 3678 2191 3750">
     <span class='ocr_line' id='line_1_37' title="bbox 686 3678 2191 3750; baseline -0.001 -15"><span class='ocrx_word' id='word_1_307' title='bbox 686 3683 740 3736; x_wconf 82' lang='grc'><strong><em>5.</em></strong></span> <span class='ocrx_word' id='word_1_308' title='bbox 783 3680 941 3735; x_wconf 85' lang='lat' dir='ltr'><strong>Forte</strong></span> <span class='ocrx_word' id='word_1_309' title='bbox 967 3693 1266 3750; x_wconf 79' lang='lat' dir='ltr'><strong>quaeramus</strong></span> <span class='ocrx_word' id='word_1_310' title='bbox 1291 3687 1346 3733; x_wconf 91' lang='lat' dir='ltr'><strong>et</strong></span> <span class='ocrx_word' id='word_1_311' title='bbox 1376 3678 1444 3734; x_wconf 91' lang='lat' dir='ltr'><strong>de</strong></span> <span class='ocrx_word' id='word_1_312' title='bbox 1475 3679 1574 3734; x_wconf 92' lang='lat' dir='ltr'><strong>hoc</strong></span> <span class='ocrx_word' id='word_1_313' title='bbox 1615 3679 1795 3747; x_wconf 87' lang='lat' dir='ltr'><strong>verbo,</strong></span> <span class='ocrx_word' id='word_1_314' title='bbox 1827 3695 1991 3750; x_wconf 89' lang='lat' dir='ltr'><strong>quare</strong></span> <span class='ocrx_word' id='word_1_315' title='bbox 2034 3680 2191 3748; x_wconf 76' lang='lat' dir='ltr'><strong>dixit,</strong></span> 
     </span>
    </p>
   </div>
   <div class='ocr_carea' id='block_1_38' title="bbox 616 3770 2194 3844">
    <p class='ocr_par' dir='ltr' id='par_1_38' title="bbox 616 3770 2194 3844">
     <span class='ocr_line' id='line_1_38' title="bbox 616 3770 2194 3844; baseline -0.001 -17"><span class='ocrx_word' id='word_1_316' title='bbox 616 3773 916 3844; x_wconf 67' lang='lat' dir='ltr'><strong>praecinctus</strong></span> <span class='ocrx_word' id='word_1_317' title='bbox 944 3779 1036 3826; x_wconf 85' lang='lat' dir='ltr'><strong>est.</strong></span> <span class='ocrx_word' id='word_1_318' title='bbox 1067 3770 1271 3825; x_wconf 86' lang='lat' dir='ltr'><strong>Cinctio</strong></span> <span class='ocrx_word' id='word_1_319' title='bbox 1295 3785 1456 3840; x_wconf 89' lang='lat' dir='ltr'><strong>opera</strong></span> <span class='ocrx_word' id='word_1_320' title='bbox 1485 3771 1779 3841; x_wconf 82' lang='lat' dir='ltr'><strong>significat:</strong></span> <span class='ocrx_word' id='word_1_321' title='bbox 1810 3781 1934 3825; x_wconf 90' lang='lat' dir='ltr'><strong>tunc</strong></span> <span class='ocrx_word' id='word_1_322' title='bbox 1964 3772 2104 3826; x_wconf 90' lang='lat' dir='ltr'><strong>enim</strong></span> <span class='ocrx_word' id='word_1_323' title='bbox 2136 3788 2194 3828; x_wconf 90' lang='lat' dir='ltr'><strong>se</strong></span> 
     </span>
    </p>
   </div>
   <div class='ocr_carea' id='block_1_39' title="bbox 557 3859 2192 3934">
    <p class='ocr_par' dir='ltr' id='par_1_39' title="bbox 557 3859 2192 3934">
     <span class='ocr_line' id='line_1_39' title="bbox 557 3859 2192 3934; baseline 0 -15"><span class='ocrx_word' id='word_1_324' title='bbox 557 3859 576 3934; x_wconf 74' lang='grc' dir='ltr'><em>ζ</em></span> <span class='ocrx_word' id='word_1_325' title='bbox 613 3865 842 3934; x_wconf 88' lang='lat' dir='ltr'><strong>quisque</strong></span> <span class='ocrx_word' id='word_1_326' title='bbox 881 3864 1064 3933; x_wconf 89' lang='lat' dir='ltr'><strong>cingit,</strong></span> <span class='ocrx_word' id='word_1_327' title='bbox 1091 3877 1211 3916; x_wconf 91' lang='lat' dir='ltr'><strong>cum</strong></span> <span class='ocrx_word' id='word_1_328' title='bbox 1254 3859 1572 3931; x_wconf 74' lang='lat' dir='ltr'><strong>oneraturos</strong></span> <span class='ocrx_word' id='word_1_329' title='bbox 1617 3871 1716 3917; x_wconf 78' lang='lat' dir='ltr'><strong>est.</strong></span> <span class='ocrx_word' id='word_1_330' title='bbox 1750 3862 1855 3918; x_wconf 89' lang='lat' dir='ltr'><strong>Sed</strong></span> <span class='ocrx_word' id='word_1_331' title='bbox 1895 3879 2058 3934; x_wconf 88' lang='lat' dir='ltr'><strong>quare</strong></span> <span class='ocrx_word' id='word_1_332' title='bbox 2088 3881 2192 3919; x_wconf 93' lang='lat' dir='ltr'><strong>non</strong></span> 
     </span>
    </p>
   </div>
   <div class='ocr_carea' id='block_1_40' title="bbox 327 3801 2192 4155">
    <p class='ocr_par' dir='ltr' id='par_1_40' title="bbox 616 3801 2192 3844">
     <span class='ocr_line' id='line_1_40' title="bbox 616 3801 2192 3844; baseline -0.001 -17"><span class='ocrx_word' id='word_1_333' title='bbox 616 3801 916 3844; x_wconf 62' lang='lat' dir='ltr'><strong>prusuitqu</strong></span> <span class='ocrx_word' id='word_1_334' title='bbox 944 3801 1036 3826; x_wconf 74' lang='grc' dir='ltr'><strong><em>σοι.</em></strong></span> <span class='ocrx_word' id='word_1_335' title='bbox 1067 3801 1271 3825; x_wconf 71' lang='grc' dir='ltr'><strong><em>υιιιυιιυ</em></strong></span> <span class='ocrx_word' id='word_1_336' title='bbox 1295 3801 1456 3840; x_wconf 68' lang='grc' dir='ltr'><strong><em>υμειᾱι</em></strong></span> <span class='ocrx_word' id='word_1_337' title='bbox 1485 3801 1778 3841; x_wconf 63' lang='grc' dir='ltr'><strong><em>διδιηιιυαιδ</em></strong></span> <span class='ocrx_word' id='word_1_338' title='bbox 1811 3801 1934 3825; x_wconf 77' lang='grc' dir='ltr'><strong><em>ιυιιυ</em></strong></span> <span class='ocrx_word' id='word_1_339' title='bbox 1964 3801 2104 3826; x_wconf 72' lang='lat' dir='ltr'><strong>CIIII&quot;</strong></span> <span class='ocrx_word' id='word_1_340' title='bbox 2136 3801 2192 3828; x_wconf 74' lang='lat' dir='ltr'><strong>ac</strong></span> 
     </span>
    </p>

    <p class='ocr_par' dir='ltr' id='par_1_41' title="bbox 557 3859 2192 3934">
     <span class='ocr_line' id='line_1_41' title="bbox 557 3859 2192 3934; baseline 0.001 -17"><span class='ocrx_word' id='word_1_341' title='bbox 557 3906 566 3917; x_wconf 83' lang='lat'><strong>.</strong></span> <span class='ocrx_word' id='word_1_342' title='bbox 613 3865 842 3934; x_wconf 88' lang='lat' dir='ltr'><strong>quisque</strong></span> <span class='ocrx_word' id='word_1_343' title='bbox 881 3864 1064 3933; x_wconf 89' lang='lat' dir='ltr'><strong>cingit,</strong></span> <span class='ocrx_word' id='word_1_344' title='bbox 1091 3877 1211 3916; x_wconf 92' lang='lat' dir='ltr'><strong>cum</strong></span> <span class='ocrx_word' id='word_1_345' title='bbox 1254 3859 1572 3931; x_wconf 73' lang='lat' dir='ltr'><strong>oneraturos</strong></span> <span class='ocrx_word' id='word_1_346' title='bbox 1617 3871 1716 3917; x_wconf 78' lang='lat' dir='ltr'><strong>est.</strong></span> <span class='ocrx_word' id='word_1_347' title='bbox 1750 3862 1855 3918; x_wconf 89' lang='lat' dir='ltr'><strong>Sed</strong></span> <span class='ocrx_word' id='word_1_348' title='bbox 1895 3879 2058 3934; x_wconf 89' lang='lat' dir='ltr'><strong>quare</strong></span> <span class='ocrx_word' id='word_1_349' title='bbox 2088 3881 2192 3919; x_wconf 93' lang='lat' dir='ltr'><strong>non</strong></span> 
     </span>
    </p>

    <p class='ocr_par' dir='ltr' id='par_1_42' title="bbox 441 3953 2192 4155">
     <span class='ocr_line' id='line_1_42' title="bbox 441 3953 2192 4053; baseline 0 -43"><span class='ocrx_word' id='word_1_350' title='bbox 441 4004 467 4053; x_wconf 45' lang='grc' dir='ltr'><strong>ι</strong></span> <span class='ocrx_word' id='word_1_351' title='bbox 613 3955 766 4020; x_wconf 84' lang='lat' dir='ltr'><strong>dixit,</strong></span> <span class='ocrx_word' id='word_1_352' title='bbox 795 3955 1010 4011; x_wconf 89' lang='lat' dir='ltr'><strong>Cinctus</strong></span> <span class='ocrx_word' id='word_1_353' title='bbox 1039 3963 1148 4019; x_wconf 89' lang='lat' dir='ltr'><strong>est;</strong></span> <span class='ocrx_word' id='word_1_354' title='bbox 1181 3953 1297 4017; x_wconf 90' lang='lat' dir='ltr'><strong>sed,</strong></span> <span class='ocrx_word' id='word_1_355' title='bbox 1331 3955 1628 4024; x_wconf 64' lang='lat' dir='ltr'><strong>praecinctus</strong></span> <span class='ocrx_word' id='word_1_356' title='bbox 1667 3956 1777 4010; x_wconf 78' lang='lat' dir='ltr'><strong>est?</strong></span> <span class='ocrx_word' id='word_1_357' title='bbox 1808 3956 1942 4011; x_wconf 89' lang='lat' dir='ltr'><strong>Dicit</strong></span> <span class='ocrx_word' id='word_1_358' title='bbox 1971 3957 2111 4011; x_wconf 90' lang='lat' dir='ltr'><strong>enim</strong></span> <span class='ocrx_word' id='word_1_359' title='bbox 2141 3957 2192 4011; x_wconf 90' lang='lat' dir='ltr'><strong>iu</strong></span> 
     </span>
     <span class='ocr_line' id='line_1_43' title="bbox 465 4045 2192 4146; baseline 0.003 -48"><span class='ocrx_word' id='word_1_360' title='bbox 465 4059 556 4146; x_wconf 18' lang='lat' dir='ltr'><strong>/;f</strong></span> <span class='ocrx_word' id='word_1_361' title='bbox 612 4046 718 4100; x_wconf 79' lang='lat' dir='ltr'><strong>alio</strong></span> <span class='ocrx_word' id='word_1_362' title='bbox 741 4047 941 4114; x_wconf 86' lang='lat' dir='ltr'><strong>psalmo</strong></span> <span class='ocrx_word' id='word_1_363' title='bbox 960 4046 1260 4117; x_wconf 81' lang='lat' dir='ltr'><strong>:Accingere</strong></span> <span class='ocrx_word' id='word_1_364' title='bbox 1275 4045 1502 4116; x_wconf 87' lang='lat' dir='ltr'><strong>gladium</strong></span> <span class='ocrx_word' id='word_1_365' title='bbox 1519 4056 1656 4099; x_wconf 88' lang='lat' dir='ltr'><strong>tuum</strong></span> <span class='ocrx_word' id='word_1_366' title='bbox 1676 4047 1808 4100; x_wconf 91' lang='lat' dir='ltr'><strong>circa</strong></span> <span class='ocrx_word' id='word_1_367' title='bbox 1827 4047 2009 4117; x_wconf 80' lang='lat' dir='ltr'><strong>femur,</strong></span> <span class='ocrx_word' id='word_1_368' title='bbox 2031 4058 2192 4120; x_wconf 88' lang='lat' dir='ltr'><strong>poten-</strong></span> 
     </span>
     <span class='ocr_line' id='line_1_44' title="bbox 472 4134 2192 4155; baseline 0 0"><span class='ocrx_word' id='word_1_369' title='bbox 472 4134 517 4155; x_wconf 62' lang='grc' dir='ltr'><strong>,ὶ-</strong></span> <span class='ocrx_word' id='word_1_370' title='bbox 619 4138 651 4155; x_wconf 63' lang='grc' dir='ltr'><strong>Α·</strong></span> <span class='ocrx_word' id='word_1_371' title='bbox 689 4137 828 4155; x_wconf 36' lang='grc' dir='ltr'><strong><em>49η..</em></strong></span> <span class='ocrx_word' id='word_1_372' title='bbox 904 4154 913 4155; x_wconf 32' lang='grc' dir='ltr'><em>κ</em></span> <span class='ocrx_word' id='word_1_373' title='bbox 999 4136 1181 4155; x_wconf 47' lang='grc' dir='ltr'><strong><em>Ιοηιι</em></strong></span> <span class='ocrx_word' id='word_1_374' title='bbox 1245 4136 1509 4155; x_wconf 56' lang='lat' dir='ltr'><strong>,,J,.ln</strong></span> <span class='ocrx_word' id='word_1_375' title='bbox 1576 4139 1588 4155; x_wconf 74' lang='grc' dir='ltr'><strong>Ι</strong></span> <span class='ocrx_word' id='word_1_376' title='bbox 1643 4154 1648 4155; x_wconf 61' lang='lat'><strong><em>,</em></strong></span> <span class='ocrx_word' id='word_1_377' title='bbox 1821 4139 1835 4155; x_wconf 77' lang='grc' dir='ltr'><strong>Ι</strong></span> <span class='ocrx_word' id='word_1_378' title='bbox 1897 4140 1944 4155; x_wconf 67' lang='grc' dir='ltr'><strong><em>ιιι</em></strong></span> <span class='ocrx_word' id='word_1_379' title='bbox 2000 4141 2041 4155; x_wconf 65' lang='grc' dir='ltr'><strong>ιν</strong></span> <span class='ocrx_word' id='word_1_380' title='bbox 2125 4143 2192 4155; x_wconf 71' lang='grc' dir='ltr'><strong>οι.</strong></span> 
     </span>
    </p>
   </div>
   <div class='ocr_carea' id='block_1_41' title="bbox 465 4118 542 4178">
    <p class='ocr_par' dir='ltr' id='par_1_43' title="bbox 465 4118 542 4178">
     <span class='ocr_line' id='line_1_45' title="bbox 465 4118 542 4178; baseline 0 0"><span class='ocrx_word' id='word_1_381' title='bbox 465 4118 542 4178; x_wconf 44' lang='lat'><strong>4“</strong></span> 
     </span>
    </p>
   </div>
   <div class='ocr_carea' id='block_1_42' title="bbox 465 4045 2196 4120">
    <p class='ocr_par' dir='ltr' id='par_1_44' title="bbox 465 4045 2196 4120">
     <span class='ocr_line' id='line_1_46' title="bbox 465 4045 2196 4120; baseline 0.004 -23"><span class='ocrx_word' id='word_1_382' title='bbox 465 4059 556 4120; x_wconf 45' lang='grc' dir='ltr'><strong>χχ</strong></span> <span class='ocrx_word' id='word_1_383' title='bbox 612 4046 718 4100; x_wconf 79' lang='lat' dir='ltr'><strong>alio</strong></span> <span class='ocrx_word' id='word_1_384' title='bbox 741 4047 941 4114; x_wconf 86' lang='lat' dir='ltr'><strong>psalmo</strong></span> <span class='ocrx_word' id='word_1_385' title='bbox 960 4046 1260 4117; x_wconf 81' lang='lat' dir='ltr'><strong>:Accingere</strong></span> <span class='ocrx_word' id='word_1_386' title='bbox 1275 4045 1502 4116; x_wconf 87' lang='lat' dir='ltr'><strong>gladium</strong></span> <span class='ocrx_word' id='word_1_387' title='bbox 1519 4056 1656 4099; x_wconf 88' lang='lat' dir='ltr'><strong>tuum</strong></span> <span class='ocrx_word' id='word_1_388' title='bbox 1676 4047 1808 4100; x_wconf 91' lang='lat' dir='ltr'><strong>circa</strong></span> <span class='ocrx_word' id='word_1_389' title='bbox 1827 4047 2009 4117; x_wconf 80' lang='lat' dir='ltr'><strong>femur,</strong></span> <span class='ocrx_word' id='word_1_390' title='bbox 2031 4058 2196 4120; x_wconf 88' lang='lat' dir='ltr'><strong>poten-</strong></span> 
     </span>
    </p>
   </div>
   <div class='ocr_carea' id='block_1_43' title="bbox 397 4167 530 4340">
    <p class='ocr_par' dir='ltr' id='par_1_45' title="bbox 397 4167 530 4340">
     <span class='ocr_line' id='line_1_47' title="bbox 397 4167 530 4340; baseline 0 0"><span class='ocrx_word' id='word_1_391' title='bbox 397 4167 530 4340; x_wconf 53' lang='grc' dir='ltr'><strong><em>ιβ</em></strong></span> 
     </span>
    </p>
   </div>
   <div class='ocr_carea' id='block_1_44' title="bbox 613 4136 2193 4214">
    <p class='ocr_par' dir='ltr' id='par_1_46' title="bbox 613 4136 2193 4214">
     <span class='ocr_line' id='line_1_48' title="bbox 613 4136 2193 4214; baseline 0.004 -24"><span class='ocrx_word' id='word_1_392' title='bbox 613 4137 830 4198; x_wconf 85' lang='lat' dir='ltr'><strong>tissime;</strong></span> <span class='ocrx_word' id='word_1_393' title='bbox 857 4136 1030 4207; x_wconf 84' lang='lat' dir='ltr'><strong>populi</strong></span> <span class='ocrx_word' id='word_1_394' title='bbox 1047 4138 1138 4191; x_wconf 89' lang='lat' dir='ltr'><strong>sub</strong></span> <span class='ocrx_word' id='word_1_395' title='bbox 1164 4147 1209 4192; x_wconf 90' lang='lat' dir='ltr'><strong>te</strong></span> <span class='ocrx_word' id='word_1_396' title='bbox 1228 4141 1407 4191; x_wconf 85' lang='lat' dir='ltr'><strong>cadent</strong></span> <span class='ocrx_word' id='word_1_397' title='bbox 1437 4136 1607 4210; x_wconf 85' lang='lat' dir='ltr'><strong>(Psal.</strong></span> <span class='ocrx_word' id='word_1_398' title='bbox 1638 4154 1778 4207; x_wconf 62' lang='grc' dir='ltr'><strong>κων,</strong></span> <span class='ocrx_word' id='word_1_399' title='bbox 1807 4139 1859 4205; x_wconf 74' lang='grc'><strong>4,</strong></span> <span class='ocrx_word' id='word_1_400' title='bbox 1894 4140 1969 4214; x_wconf 83' lang='grc'><strong>6).</strong></span> <span class='ocrx_word' id='word_1_401' title='bbox 1998 4141 2193 4198; x_wconf 87' lang='lat' dir='ltr'><strong>Necibi</strong></span> 
     </span>
    </p>
   </div>
   <div class='ocr_carea' id='block_1_45' title="bbox 613 4226 2194 4300">
    <p class='ocr_par' dir='ltr' id='par_1_47' title="bbox 613 4226 2194 4300">
     <span class='ocr_line' id='line_1_49' title="bbox 613 4226 2194 4300; baseline 0.003 -18"><span class='ocrx_word' id='word_1_402' title='bbox 613 4227 766 4291; x_wconf 77' lang='lat' dir='ltr'><strong>dixit,</strong></span> <span class='ocrx_word' id='word_1_403' title='bbox 789 4226 1033 4297; x_wconf 84' lang='lat' dir='ltr'><strong>Cingere,</strong></span> <span class='ocrx_word' id='word_1_404' title='bbox 1057 4242 1249 4296; x_wconf 87' lang='lat' dir='ltr'><strong>neque,</strong></span> <span class='ocrx_word' id='word_1_405' title='bbox 1279 4228 1621 4296; x_wconf 71' lang='lat' dir='ltr'><strong>praecingere.</strong></span> <span class='ocrx_word' id='word_1_406' title='bbox 1649 4229 1766 4295; x_wconf 87' lang='lat' dir='ltr'><strong>sed,</strong></span> <span class='ocrx_word' id='word_1_407' title='bbox 1793 4231 2048 4300; x_wconf 87' lang='lat' dir='ltr'><strong>accingere</strong></span> <span class='ocrx_word' id='word_1_408' title='bbox 2065 4236 2194 4287; x_wconf 66' lang='lat' dir='ltr'><strong>:‘ac-</strong></span> 
     </span>
    </p>
   </div>
   <div class='ocr_carea' id='block_1_46' title="bbox 615 4321 2196 4394">
    <p class='ocr_par' dir='ltr' id='par_1_48' title="bbox 615 4321 2196 4394">
     <span class='ocr_line' id='line_1_50' title="bbox 615 4321 2196 4394; baseline 0.002 -17"><span class='ocrx_word' id='word_1_409' title='bbox 615 4323 844 4392; x_wconf 88' lang='lat' dir='ltr'><strong>cingeris</strong></span> <span class='ocrx_word' id='word_1_410' title='bbox 873 4323 1013 4377; x_wconf 88' lang='lat' dir='ltr'><strong>enim</strong></span> <span class='ocrx_word' id='word_1_411' title='bbox 1057 4322 1268 4391; x_wconf 89' lang='lat' dir='ltr'><strong>quando</strong></span> <span class='ocrx_word' id='word_1_412' title='bbox 1295 4321 1490 4391; x_wconf 89' lang='lat' dir='ltr'><strong>aliquid</strong></span> <span class='ocrx_word' id='word_1_413' title='bbox 1518 4321 1757 4392; x_wconf 90' lang='lat' dir='ltr'><strong>adjungis</strong></span> <span class='ocrx_word' id='word_1_414' title='bbox 1789 4323 1936 4378; x_wconf 83' lang='lat' dir='ltr'><strong>lateri</strong></span> <span class='ocrx_word' id='word_1_415' title='bbox 1984 4331 2073 4378; x_wconf 90' lang='lat' dir='ltr'><strong>tuo</strong></span> <span class='ocrx_word' id='word_1_416' title='bbox 2101 4341 2196 4394; x_wconf 89' lang='lat' dir='ltr'><strong>per</strong></span> 
     </span>
    </p>
   </div>
   <div class='ocr_carea' id='block_1_47' title="bbox 614 4412 2193 4483">
    <p class='ocr_par' dir='ltr' id='par_1_49' title="bbox 614 4412 2193 4483">
     <span class='ocr_line' id='line_1_51' title="bbox 614 4412 2193 4483; baseline 0.003 -15"><span class='ocrx_word' id='word_1_417' title='bbox 614 4414 965 4478; x_wconf 88' lang='lat' dir='ltr'><strong>cinctionem;</strong></span> <span class='ocrx_word' id='word_1_418' title='bbox 1009 4412 1149 4476; x_wconf 88' lang='lat' dir='ltr'><strong>ideo,</strong></span> <span class='ocrx_word' id='word_1_419' title='bbox 1193 4413 1463 4483; x_wconf 79' lang='lat' dir='ltr'><strong>Accingere</strong></span> <span class='ocrx_word' id='word_1_420' title='bbox 1507 4412 1734 4483; x_wconf 88' lang='lat' dir='ltr'><strong>gladium</strong></span> <span class='ocrx_word' id='word_1_421' title='bbox 1775 4423 1937 4470; x_wconf 89' lang='lat' dir='ltr'><strong>tuum.</strong></span> <span class='ocrx_word' id='word_1_422' title='bbox 1979 4415 2193 4472; x_wconf 87' lang='lat' dir='ltr'><strong>Gladius</strong></span> 
     </span>
    </p>
   </div>
   <div class='ocr_carea' id='block_1_48' title="bbox 614 4501 2193 4569">
    <p class='ocr_par' dir='ltr' id='par_1_50' title="bbox 614 4501 2193 4569">
     <span class='ocr_line' id='line_1_52' title="bbox 614 4501 2193 4569; baseline 0.002 -12"><span class='ocrx_word' id='word_1_423' title='bbox 614 4503 826 4558; x_wconf 87' lang='lat' dir='ltr'><strong>Domini</strong></span> <span class='ocrx_word' id='word_1_424' title='bbox 857 4501 995 4557; x_wconf 90' lang='lat' dir='ltr'><strong>unde</strong></span> <span class='ocrx_word' id='word_1_425' title='bbox 1031 4502 1313 4558; x_wconf 88' lang='lat' dir='ltr'><strong>debellavit</strong></span> <span class='ocrx_word' id='word_1_426' title='bbox 1356 4501 1537 4558; x_wconf 84' lang='lat' dir='ltr'><strong>urbem</strong></span> <span class='ocrx_word' id='word_1_427' title='bbox 1582 4511 1861 4569; x_wconf 88' lang='lat' dir='ltr'><strong>terrarum,</strong></span> <span class='ocrx_word' id='word_1_428' title='bbox 1905 4504 2193 4561; x_wconf 90' lang='lat' dir='ltr'><strong>occidendo</strong></span> 
     </span>
    </p>
   </div>
   <div class='ocr_carea' id='block_1_49' title="bbox 613 4593 2190 4665">
    <p class='ocr_par' dir='ltr' id='par_1_51' title="bbox 613 4593 2190 4665">
     <span class='ocr_line' id='line_1_53' title="bbox 613 4593 2190 4665; baseline 0.001 -14"><span class='ocrx_word' id='word_1_429' title='bbox 613 4595 926 4665; x_wconf 86' lang='lat' dir='ltr'><strong>nequitiam,</strong></span> <span class='ocrx_word' id='word_1_430' title='bbox 957 4594 1186 4665; x_wconf 88' lang='lat' dir='ltr'><strong>Spiritus</strong></span> <span class='ocrx_word' id='word_1_431' title='bbox 1217 4593 1310 4650; x_wconf 86' lang='lat' dir='ltr'><strong>Dei</strong></span> <span class='ocrx_word' id='word_1_432' title='bbox 1336 4594 1453 4649; x_wconf 74' lang='lat' dir='ltr'><strong>est‘</strong></span> <span class='ocrx_word' id='word_1_433' title='bbox 1475 4594 1528 4649; x_wconf 91' lang='lat' dir='ltr'><strong>in</strong></span> <span class='ocrx_word' id='word_1_434' title='bbox 1550 4594 1771 4649; x_wconf 88' lang='lat' dir='ltr'><strong>veritate</strong></span> <span class='ocrx_word' id='word_1_435' title='bbox 1799 4596 2059 4650; x_wconf 89' lang='lat' dir='ltr'><strong>sermonis</strong></span> <span class='ocrx_word' id='word_1_436' title='bbox 2078 4597 2190 4653; x_wconf 88' lang='lat' dir='ltr'><strong>Dei.</strong></span> 
     </span>
    </p>
   </div>
   <div class='ocr_carea' id='block_1_50' title="bbox 614 4686 2192 4758">
    <p class='ocr_par' dir='ltr' id='par_1_52' title="bbox 614 4686 2192 4758">
     <span class='ocr_line' id='line_1_54' title="bbox 614 4686 2192 4758; baseline 0.001 -16"><span class='ocrx_word' id='word_1_437' title='bbox 614 4689 788 4757; x_wconf 85' lang='lat' dir='ltr'><strong>Quare</strong></span> <span class='ocrx_word' id='word_1_438' title='bbox 827 4687 965 4743; x_wconf 90' lang='lat' dir='ltr'><strong>circa</strong></span> <span class='ocrx_word' id='word_1_439' title='bbox 997 4686 1169 4743; x_wconf 86' lang='lat' dir='ltr'><strong>femur</strong></span> <span class='ocrx_word' id='word_1_440' title='bbox 1195 4688 1471 4757; x_wconf 84' lang='lat' dir='ltr'><strong>accingere</strong></span> <span class='ocrx_word' id='word_1_441' title='bbox 1515 4686 1708 4743; x_wconf 89' lang='lat' dir='ltr'><strong>dicitur</strong></span> <span class='ocrx_word' id='word_1_442' title='bbox 1741 4687 2009 4758; x_wconf 87' lang='lat' dir='ltr'><strong>gladium?</strong></span> <span class='ocrx_word' id='word_1_443' title='bbox 2036 4689 2192 4744; x_wconf 84' lang='lat' dir='ltr'><strong>Aliud</strong></span> 
     </span>
    </p>
   </div>
   <div class='ocr_carea' id='block_1_51' title="bbox 613 4780 2191 4854">
    <p class='ocr_par' dir='ltr' id='par_1_53' title="bbox 613 4780 2191 4854">
     <span class='ocr_line' id='line_1_55' title="bbox 613 4780 2191 4854; baseline 0 -18"><span class='ocrx_word' id='word_1_444' title='bbox 613 4782 828 4854; x_wconf 89' lang='lat' dir='ltr'><strong>quidem</strong></span> <span class='ocrx_word' id='word_1_445' title='bbox 857 4797 920 4838; x_wconf 77' lang='lat' dir='ltr'><strong>ex</strong></span> <span class='ocrx_word' id='word_1_446' title='bbox 952 4782 1093 4837; x_wconf 79' lang='lat' dir='ltr'><strong>alio&#39;</strong></span> <span class='ocrx_word' id='word_1_447' title='bbox 1117 4781 1184 4836; x_wconf 86' lang='lat' dir='ltr'><strong>de</strong></span> <span class='ocrx_word' id='word_1_448' title='bbox 1212 4780 1318 4835; x_wconf 89' lang='lat' dir='ltr'><strong>alio</strong></span> <span class='ocrx_word' id='word_1_449' title='bbox 1349 4781 1553 4851; x_wconf 91' lang='lat' dir='ltr'><strong>psalmo</strong></span> <span class='ocrx_word' id='word_1_450' title='bbox 1594 4780 1659 4835; x_wconf 92' lang='lat' dir='ltr'><strong>ad</strong></span> <span class='ocrx_word' id='word_1_451' title='bbox 1691 4781 2008 4836; x_wconf 88' lang='lat' dir='ltr'><strong>cinctionem</strong></span> <span class='ocrx_word' id='word_1_452' title='bbox 2053 4782 2191 4836; x_wconf 73' lang='lat' dir='ltr'><strong>dixi-</strong></span> 
     </span>
    </p>
   </div>
   <div class='ocr_carea' id='block_1_52' title="bbox 610 4870 2194 4941">
    <p class='ocr_par' dir='ltr' id='par_1_54' title="bbox 610 4870 2194 4941">
     <span class='ocr_line' id='line_1_56' title="bbox 610 4870 2194 4941; baseline -0.002 -13"><span class='ocrx_word' id='word_1_453' title='bbox 610 4887 760 4937; x_wconf 88' lang='lat' dir='ltr'><strong>mus;</strong></span> <span class='ocrx_word' id='word_1_454' title='bbox 793 4871 885 4926; x_wconf 90' lang='lat' dir='ltr'><strong>sed</strong></span> <span class='ocrx_word' id='word_1_455' title='bbox 931 4880 1106 4926; x_wconf 87' lang='lat' dir='ltr'><strong>tamen</strong></span> <span class='ocrx_word' id='word_1_456' title='bbox 1135 4870 1257 4941; x_wconf 87' lang='lat' dir='ltr'><strong>quia</strong></span> <span class='ocrx_word' id='word_1_457' title='bbox 1296 4878 1768 4924; x_wconf 88' lang='lat' dir='ltr'><strong>commemoratum</strong></span> <span class='ocrx_word' id='word_1_458' title='bbox 1818 4879 1917 4936; x_wconf 87' lang='lat' dir='ltr'><strong>est,</strong></span> <span class='ocrx_word' id='word_1_459' title='bbox 1969 4886 2072 4925; x_wconf 92' lang='lat' dir='ltr'><strong>non</strong></span> <span class='ocrx_word' id='word_1_460' title='bbox 2112 4879 2194 4926; x_wconf 88' lang='lat' dir='ltr'><strong>est</strong></span> 
     </span>
    </p>
   </div>
   <div class='ocr_carea' id='block_1_53' title="bbox 614 4960 2192 5032">
    <p class='ocr_par' dir='ltr' id='par_1_55' title="bbox 614 4960 2192 5032">
     <span class='ocr_line' id='line_1_57' title="bbox 614 4960 2192 5032; baseline 0 -16"><span class='ocrx_word' id='word_1_461' title='bbox 614 4961 1150 5032; x_wconf 71' lang='lat' dir='ltr'><strong>prmtermittendum.</strong></span> <span class='ocrx_word' id='word_1_462' title='bbox 1191 4960 1326 5029; x_wconf 87' lang='lat' dir='ltr'><strong>Quid</strong></span> <span class='ocrx_word' id='word_1_463' title='bbox 1353 4968 1433 5015; x_wconf 92' lang='lat' dir='ltr'><strong>est</strong></span> <span class='ocrx_word' id='word_1_464' title='bbox 1472 4960 1730 5016; x_wconf 87' lang='lat' dir='ltr'><strong>accinctio</strong></span> <span class='ocrx_word' id='word_1_465' title='bbox 1757 4960 1914 5030; x_wconf 81' lang='lat' dir='ltr'><strong>gladii</strong></span> <span class='ocrx_word' id='word_1_466' title='bbox 1943 4962 2081 5016; x_wconf 90' lang='lat' dir='ltr'><strong>circa</strong></span> <span class='ocrx_word' id='word_1_467' title='bbox 2111 4961 2192 5016; x_wconf 88' lang='lat' dir='ltr'><strong>fe-</strong></span> 
     </span>
    </p>
   </div>
   <div class='ocr_carea' id='block_1_54' title="bbox 613 5053 2191 5123">
    <p class='ocr_par' dir='ltr' id='par_1_56' title="bbox 613 5053 2191 5123">
     <span class='ocr_line' id='line_1_58' title="bbox 613 5053 2191 5123; baseline 0.003 -15"><span class='ocrx_word' id='word_1_468' title='bbox 613 5054 765 5108; x_wconf 84' lang='lat' dir='ltr'><strong>mur?</strong></span> <span class='ocrx_word' id='word_1_469' title='bbox 795 5053 897 5109; x_wconf 87' lang='lat' dir='ltr'><strong>Per</strong></span> <span class='ocrx_word' id='word_1_470' title='bbox 923 5054 1094 5110; x_wconf 88' lang='lat' dir='ltr'><strong>femur</strong></span> <span class='ocrx_word' id='word_1_471' title='bbox 1121 5069 1335 5110; x_wconf 88' lang='lat' dir='ltr'><strong>carnem</strong></span> <span class='ocrx_word' id='word_1_472' title='bbox 1366 5053 1643 5123; x_wconf 83' lang='lat' dir='ltr'><strong>significat.</strong></span> <span class='ocrx_word' id='word_1_473' title='bbox 1688 5053 1802 5108; x_wconf 86' lang='lat' dir='ltr'><strong>Non</strong></span> <span class='ocrx_word' id='word_1_474' title='bbox 1849 5057 1989 5108; x_wconf 88' lang='lat' dir='ltr'><strong>enim</strong></span> <span class='ocrx_word' id='word_1_475' title='bbox 2035 5055 2191 5112; x_wconf 89' lang='lat' dir='ltr'><strong>aliter</strong></span> 
     </span>
    </p>
   </div>
   <div class='ocr_carea' id='block_1_55' title="bbox 611 5144 2190 5213">
    <p class='ocr_par' dir='ltr' id='par_1_57' title="bbox 611 5144 2190 5213">
     <span class='ocr_line' id='line_1_59' title="bbox 611 5144 2190 5213; baseline 0.002 -13"><span class='ocrx_word' id='word_1_476' title='bbox 611 5144 902 5201; x_wconf 86' lang='lat' dir='ltr'><strong>debellaret</strong></span> <span class='ocrx_word' id='word_1_477' title='bbox 941 5146 1190 5201; x_wconf 87' lang='lat' dir='ltr'><strong>Dominus</strong></span> <span class='ocrx_word' id='word_1_478' title='bbox 1212 5145 1397 5202; x_wconf 87' lang='lat' dir='ltr'><strong>orbem</strong></span> <span class='ocrx_word' id='word_1_479' title='bbox 1427 5154 1707 5213; x_wconf 90' lang='lat' dir='ltr'><strong>terrarum,</strong></span> <span class='ocrx_word' id='word_1_480' title='bbox 1754 5147 1852 5201; x_wconf 90' lang='lat' dir='ltr'><strong>nisi</strong></span> <span class='ocrx_word' id='word_1_481' title='bbox 1893 5147 1944 5202; x_wconf 91' lang='lat' dir='ltr'><strong>in</strong></span> <span class='ocrx_word' id='word_1_482' title='bbox 1974 5163 2190 5204; x_wconf 89' lang='lat' dir='ltr'><strong>carnem</strong></span> 
     </span>
    </p>
   </div>
   <div class='ocr_carea' id='block_1_56' title="bbox 610 5238 2190 5311">
    <p class='ocr_par' dir='ltr' id='par_1_58' title="bbox 610 5238 2190 5311">
     <span class='ocr_line' id='line_1_60' title="bbox 610 5238 2190 5311; baseline 0.002 -18"><span class='ocrx_word' id='word_1_483' title='bbox 610 5240 818 5294; x_wconf 82' lang='lat' dir='ltr'><strong>veniret</strong></span> <span class='ocrx_word' id='word_1_484' title='bbox 842 5239 1046 5309; x_wconf 87' lang='lat' dir='ltr'><strong>gladius</strong></span> <span class='ocrx_word' id='word_1_485' title='bbox 1077 5239 1330 5294; x_wconf 88' lang='lat' dir='ltr'><strong>veritatis.</strong></span> <span class='ocrx_word' id='word_1_486' title='bbox 1377 5238 1474 5294; x_wconf 91' lang='lat' dir='ltr'><strong>llic</strong></span> <span class='ocrx_word' id='word_1_487' title='bbox 1515 5254 1643 5309; x_wconf 87' lang='lat' dir='ltr'><strong>ergo</strong></span> <span class='ocrx_word' id='word_1_488' title='bbox 1683 5255 1845 5311; x_wconf 88' lang='lat' dir='ltr'><strong>quare</strong></span> <span class='ocrx_word' id='word_1_489' title='bbox 1893 5242 2190 5310; x_wconf 68' lang='lat' dir='ltr'><strong>praecinctus</strong></span> 
     </span>
    </p>
   </div>
   <div class='ocr_carea' id='block_1_57' title="bbox 609 5329 2189 5402">
    <p class='ocr_par' dir='ltr' id='par_1_59' title="bbox 609 5329 2189 5402">
     <span class='ocr_line' id='line_1_61' title="bbox 609 5329 2189 5402; baseline 0.003 -19"><span class='ocrx_word' id='word_1_490' title='bbox 609 5329 720 5385; x_wconf 82' lang='lat' dir='ltr'><strong>est?</strong></span> <span class='ocrx_word' id='word_1_491' title='bbox 745 5329 846 5396; x_wconf 86' lang='lat' dir='ltr'><strong>Qui</strong></span> <span class='ocrx_word' id='word_1_492' title='bbox 871 5345 932 5385; x_wconf 88' lang='lat' dir='ltr'><strong>se</strong></span> <span class='ocrx_word' id='word_1_493' title='bbox 955 5330 1243 5400; x_wconf 73' lang='lat' dir='ltr'><strong>przecingit,</strong></span> <span class='ocrx_word' id='word_1_494' title='bbox 1265 5340 1388 5386; x_wconf 89' lang='lat' dir='ltr'><strong>ante</strong></span> <span class='ocrx_word' id='word_1_495' title='bbox 1417 5345 1476 5386; x_wconf 87' lang='lat' dir='ltr'><strong>se</strong></span> <span class='ocrx_word' id='word_1_496' title='bbox 1505 5330 1653 5401; x_wconf 91' lang='lat' dir='ltr'><strong>ponit</strong></span> <span class='ocrx_word' id='word_1_497' title='bbox 1687 5330 1882 5402; x_wconf 90' lang='lat' dir='ltr'><strong>aliquid</strong></span> <span class='ocrx_word' id='word_1_498' title='bbox 1920 5347 2026 5402; x_wconf 87' lang='lat' dir='ltr'><strong>quo</strong></span> <span class='ocrx_word' id='word_1_499' title='bbox 2050 5347 2189 5402; x_wconf 73' lang='lat' dir='ltr'><strong>pran-</strong></span> 
     </span>
    </p>
   </div>
   <div class='ocr_carea' id='block_1_58' title="bbox 672 5486 2191 5546">
    <p class='ocr_par' dir='ltr' id='par_1_60' title="bbox 672 5486 2191 5546">
     <span class='ocr_line' id='line_1_62' title="bbox 672 5486 2191 5546; baseline 0.002 -12"><span class='ocrx_word' id='word_1_500' title='bbox 672 5487 688 5518; x_wconf 78' lang='grc' dir='ltr'>ί</span> <span class='ocrx_word' id='word_1_501' title='bbox 725 5491 831 5534; x_wconf 74' lang='lat' dir='ltr'><strong>Mss.</strong></span> <span class='ocrx_word' id='word_1_502' title='bbox 857 5486 1099 5544; x_wconf 89' lang='lat' dir='ltr'><strong>omittunt,</strong></span> <span class='ocrx_word' id='word_1_503' title='bbox 1131 5491 1237 5545; x_wconf 80' lang='lat' dir='ltr'><strong>est;</strong></span> <span class='ocrx_word' id='word_1_504' title='bbox 1275 5492 1326 5536; x_wconf 90' lang='lat' dir='ltr'><strong>et</strong></span> <span class='ocrx_word' id='word_1_505' title='bbox 1349 5493 1457 5546; x_wconf 88' lang='lat' dir='ltr'><strong>post</strong></span> <span class='ocrx_word' id='word_1_506' title='bbox 1479 5500 1665 5546; x_wconf 91' lang='lat' dir='ltr'><strong>vocem,</strong></span> <span class='ocrx_word' id='word_1_507' title='bbox 1690 5486 1936 5545; x_wconf 84' lang='lat' dir='ltr'><strong>sermonis,</strong></span> <span class='ocrx_word' id='word_1_508' title='bbox 1977 5501 2072 5537; x_wconf 89' lang='lat' dir='ltr'><strong>non</strong></span> <span class='ocrx_word' id='word_1_509' title='bbox 2108 5487 2191 5537; x_wconf 86' lang='lat' dir='ltr'><strong>ad-</strong></span> 
     </span>
    </p>
   </div>
   <div class='ocr_carea' id='block_1_59' title="bbox 607 5545 2189 5609">
    <p class='ocr_par' dir='ltr' id='par_1_61' title="bbox 607 5545 2189 5609">
     <span class='ocr_line' id='line_1_63' title="bbox 607 5545 2189 5609; baseline 0.001 -13"><span class='ocrx_word' id='word_1_510' title='bbox 607 5546 745 5609; x_wconf 82' lang='lat' dir='ltr'><strong>dunt,</strong></span> <span class='ocrx_word' id='word_1_511' title='bbox 771 5545 876 5597; x_wconf 86' lang='lat' dir='ltr'><strong>Dei.</strong></span> <span class='ocrx_word' id='word_1_512' title='bbox 913 5554 966 5596; x_wconf 83' lang='lat' dir='ltr'><strong>At</strong></span> <span class='ocrx_word' id='word_1_513' title='bbox 989 5547 1310 5609; x_wconf 67' lang='lat' dir='ltr'><strong>Regiusliber</strong></span> <span class='ocrx_word' id='word_1_514' title='bbox 1341 5545 1492 5597; x_wconf 81' lang='lat' dir='ltr'><strong>habet</strong></span> <span class='ocrx_word' id='word_1_515' title='bbox 1526 5551 1596 5598; x_wconf 91' lang='lat' dir='ltr'><strong>sic</strong></span> <span class='ocrx_word' id='word_1_516' title='bbox 1618 5563 1630 5596; x_wconf 92' lang='lat'><strong>:</strong></span> <span class='ocrx_word' id='word_1_517' title='bbox 1652 5545 1799 5609; x_wconf 26' lang='lat' dir='ltr'><strong>itinde</strong></span> <span class='ocrx_word' id='word_1_518' title='bbox 1826 5548 2077 5600; x_wconf 77' lang='lat' dir='ltr'><strong>debellat-it</strong></span> <span class='ocrx_word' id='word_1_519' title='bbox 2107 5563 2189 5599; x_wconf 88' lang='lat' dir='ltr'><strong>or-</strong></span> 
     </span>
    </p>
   </div>
   <div class='ocr_carea' id='block_1_60' title="bbox 609 5607 2188 5679">
    <p class='ocr_par' dir='ltr' id='par_1_62' title="bbox 609 5607 2188 5679">
     <span class='ocr_line' id='line_1_64' title="bbox 609 5607 2188 5679; baseline 0.003 -23"><span class='ocrx_word' id='word_1_520' title='bbox 609 5607 1010 5679; x_wconf 61' lang='lat' dir='ltr'><strong>bemterrarum?</strong></span> <span class='ocrx_word' id='word_1_521' title='bbox 1031 5607 1304 5660; x_wconf 73' lang='lat' dir='ltr'><strong>occidendo</strong></span> <span class='ocrx_word' id='word_1_522' title='bbox 1333 5609 1566 5672; x_wconf 69' lang='lat' dir='ltr'><strong>nequitias</strong></span> <span class='ocrx_word' id='word_1_523' title='bbox 1587 5608 1782 5673; x_wconf 63' lang='lat' dir='ltr'><strong>spiritus</strong></span> <span class='ocrx_word' id='word_1_524' title='bbox 1802 5609 1853 5661; x_wconf 86' lang='lat' dir='ltr'><strong>in</strong></span> <span class='ocrx_word' id='word_1_525' title='bbox 1872 5609 2066 5662; x_wconf 87' lang='lat' dir='ltr'><strong>veritate</strong></span> <span class='ocrx_word' id='word_1_526' title='bbox 2089 5626 2188 5662; x_wconf 81' lang='lat' dir='ltr'><strong>ser-</strong></span> 
     </span>
    </p>
   </div>
   <div class='ocr_carea' id='block_1_61' title="bbox 607 5681 2187 5794">
    <p class='ocr_par' dir='ltr' id='par_1_63' title="bbox 607 5681 2187 5794">
     <span class='ocr_line' id='line_1_65' title="bbox 641 5683 776 5716; baseline 0 0"><span class='ocrx_word' id='word_1_527' title='bbox 641 5683 654 5716; x_wconf 89' lang='grc' dir='ltr'><strong>ι</strong></span> <span class='ocrx_word' id='word_1_528' title='bbox 685 5683 702 5716; x_wconf 87' lang='grc' dir='ltr'><strong>ι</strong></span> <span class='ocrx_word' id='word_1_529' title='bbox 749 5686 776 5716; x_wconf 92' lang='grc'><strong><em>·.</em></strong></span> 
     </span>
     <span class='ocr_line' id='line_1_66' title="bbox 607 5681 2187 5794; baseline 0.006 -19"><span class='ocrx_word' id='word_1_530' title='bbox 607 5681 824 5794; x_wconf 38' lang='lat' dir='ltr'><strong>&quot;anim.</strong></span> <span class='ocrx_word' id='word_1_531' title='bbox 846 5732 1040 5786; x_wconf 84' lang='lat' dir='ltr'><strong>omittit,</strong></span> <span class='ocrx_word' id='word_1_532' title='bbox 1059 5744 1126 5794; x_wconf 71' lang='lat' dir='ltr'><strong>ea:</strong></span> <span class='ocrx_word' id='word_1_533' title='bbox 1142 5732 1237 5794; x_wconf 86' lang='lat' dir='ltr'><strong>alio</strong></span> <span class='ocrx_word' id='word_1_534' title='bbox 1263 5747 1274 5781; x_wconf 93' lang='lat'><strong>:</strong></span> <span class='ocrx_word' id='word_1_535' title='bbox 1301 5733 1387 5794; x_wconf 84' lang='lat' dir='ltr'><strong>sed</strong></span> <span class='ocrx_word' id='word_1_536' title='bbox 1413 5739 1489 5794; x_wconf 84' lang='lat' dir='ltr'><strong>est</strong></span> <span class='ocrx_word' id='word_1_537' title='bbox 1515 5733 1560 5781; x_wconf 90' lang='lat' dir='ltr'><strong>in</strong></span> <span class='ocrx_word' id='word_1_538' title='bbox 1581 5741 1682 5794; x_wconf 63' lang='lat' dir='ltr'><strong>Mss.</strong></span> <span class='ocrx_word' id='word_1_539' title='bbox 1711 5733 1939 5794; x_wconf 84' lang='lat' dir='ltr'><strong>equibns</strong></span> <span class='ocrx_word' id='word_1_540' title='bbox 1973 5748 2035 5784; x_wconf 91' lang='lat' dir='ltr'><strong>no</strong></span> <span class='ocrx_word' id='word_1_541' title='bbox 2054 5734 2187 5785; x_wconf 90' lang='lat' dir='ltr'><strong>mulli</strong></span> 
     </span>
    </p>
   </div>
   <div class='ocr_carea' id='block_1_62' title="bbox 607 5791 1918 5855">
    <p class='ocr_par' dir='ltr' id='par_1_64' title="bbox 607 5791 1918 5855">
     <span class='ocr_line' id='line_1_67' title="bbox 607 5791 1918 5855; baseline 0.001 -13"><span class='ocrx_word' id='word_1_542' title='bbox 607 5791 726 5842; x_wconf 73' lang='lat' dir='ltr'><strong>in&#39;ra</strong></span> <span class='ocrx_word' id='word_1_543' title='bbox 749 5793 944 5854; x_wconf 87' lang='lat' dir='ltr'><strong>habent,</strong></span> <span class='ocrx_word' id='word_1_544' title='bbox 963 5792 1302 5844; x_wconf 72' lang='lat' dir='ltr'><strong>accinctionm</strong></span> <span class='ocrx_word' id='word_1_545' title='bbox 1321 5793 1550 5854; x_wconf 68' lang='lat' dir='ltr'><strong>diximus,</strong></span> <span class='ocrx_word' id='word_1_546' title='bbox 1577 5793 1672 5855; x_wconf 79' lang='lat' dir='ltr'><strong>vel,</strong></span> <span class='ocrx_word' id='word_1_547' title='bbox 1700 5791 1918 5845; x_wconf 71' lang='lat' dir='ltr'><strong>dicimus.</strong></span> 
     </span>
    </p>
   </div>
   <div class='ocr_carea' id='block_1_63' title="bbox 1805 357 2616 419">
    <p class='ocr_par' dir='ltr' id='par_1_65' title="bbox 1805 357 2616 419">
     <span class='ocr_line' id='line_1_68' title="bbox 1805 357 2616 419; baseline 0.004 -3"><span class='ocrx_word' id='word_1_548' title='bbox 1805 359 1862 416; x_wconf 92' lang='lat' dir='ltr'><strong>S.</strong></span> <span class='ocrx_word' id='word_1_549' title='bbox 1904 357 2267 416; x_wconf 81' lang='lat' dir='ltr'><strong>AUGUSTINI</strong></span> <span class='ocrx_word' id='word_1_550' title='bbox 2307 359 2616 419; x_wconf 80' lang='lat' dir='ltr'><strong>EPISCCPI</strong></span> 
     </span>
    </p>
   </div>
   <div class='ocr_carea' id='block_1_64' title="bbox 3796 377 4054 460">
    <p class='ocr_par' dir='ltr' id='par_1_66' title="bbox 3796 377 4054 460">
     <span class='ocr_line' id='line_1_69' title="bbox 3796 377 4054 460; baseline -0.012 -30"><span class='ocrx_word' id='word_1_551' title='bbox 3796 377 3920 460; x_wconf 58' lang='grc' dir='ltr'><strong>11ξᾷ</strong></span> <span class='ocrx_word' id='word_1_552' title='bbox 4009 394 4054 427; x_wconf 83' lang='lat'><strong><em>/</em></strong></span> 
     </span>
    </p>
   </div>
   <div class='ocr_carea' id='block_1_65' title="bbox 2291 477 4054 556">
    <p class='ocr_par' dir='ltr' id='par_1_67' title="bbox 2291 477 4054 556">
     <span class='ocr_line' id='line_1_70' title="bbox 2291 477 4054 556; baseline 0.007 -24"><span class='ocrx_word' id='word_1_553' title='bbox 2291 477 2549 548; x_wconf 86' lang='lat' dir='ltr'><strong>cingitur:</strong></span> <span class='ocrx_word' id='word_1_554' title='bbox 2577 479 2717 534; x_wconf 89' lang='lat' dir='ltr'><strong>unde</strong></span> <span class='ocrx_word' id='word_1_555' title='bbox 2740 479 2938 535; x_wconf 89' lang='lat' dir='ltr'><strong>dictum</strong></span> <span class='ocrx_word' id='word_1_556' title='bbox 2967 492 3066 546; x_wconf 79' lang='lat' dir='ltr'><strong>est,</strong></span> <span class='ocrx_word' id='word_1_557' title='bbox 3100 479 3428 540; x_wconf 68' lang='lat' dir='ltr'><strong>Praecinctus</strong></span> <span class='ocrx_word' id='word_1_558' title='bbox 3453 493 3534 540; x_wconf 86' lang='lat' dir='ltr'><strong>est</strong></span> <span class='ocrx_word' id='word_1_559' title='bbox 3565 487 3752 553; x_wconf 85' lang='lat' dir='ltr'><strong>linteo,</strong></span> <span class='ocrx_word' id='word_1_560' title='bbox 3781 499 3826 544; x_wconf 90' lang='lat' dir='ltr'><strong>et</strong></span> <span class='ocrx_word' id='word_1_561' title='bbox 3847 494 3936 556; x_wconf 52' lang='grc' dir='ltr'><strong><em>ιαι,</em></strong></span> <span class='ocrx_word' id='word_1_562' title='bbox 3961 490 4054 556; x_wconf 55' lang='lat' dir='ltr'><strong>[M4</strong></span> 
     </span>
    </p>
   </div>
   <div class='ocr_carea' id='block_1_66' title="bbox 2292 569 4054 646">
    <p class='ocr_par' dir='ltr' id='par_1_68' title="bbox 2292 569 4054 646">
     <span class='ocr_line' id='line_1_71' title="bbox 2292 569 4054 646; baseline 0.01 -24"><span class='ocrx_word' id='word_1_563' title='bbox 2292 569 2360 622; x_wconf 84' lang='lat' dir='ltr'><strong>vit</strong></span> <span class='ocrx_word' id='word_1_564' title='bbox 2386 570 2533 638; x_wconf 85' lang='lat' dir='ltr'><strong>pedes</strong></span> <span class='ocrx_word' id='word_1_565' title='bbox 2553 570 2914 640; x_wconf 88' lang='lat' dir='ltr'><strong>discipulorum</strong></span> <span class='ocrx_word' id='word_1_566' title='bbox 2933 589 3158 626; x_wconf 87' lang='lat' dir='ltr'><strong>suorum.</strong></span> <span class='ocrx_word' id='word_1_567' title='bbox 3181 574 3312 642; x_wconf 91' lang='lat' dir='ltr'><strong>Quia</strong></span> <span class='ocrx_word' id='word_1_568' title='bbox 3345 577 3510 631; x_wconf 88' lang='lat' dir='ltr'><strong>enim</strong></span> <span class='ocrx_word' id='word_1_569' title='bbox 3549 586 3686 631; x_wconf 88' lang='lat' dir='ltr'><strong>tunc</strong></span> <span class='ocrx_word' id='word_1_570' title='bbox 3715 569 4054 646; x_wconf 51' lang='lat' dir='ltr'><strong>bumilislpi’</strong></span> 
     </span>
    </p>
   </div>
   <div class='ocr_carea' id='block_1_67' title="bbox 2294 658 4054 743">
    <p class='ocr_par' dir='ltr' id='par_1_69' title="bbox 2294 658 4054 743">
     <span class='ocr_line' id='line_1_72' title="bbox 2294 658 4054 743; baseline 0.01 -31"><span class='ocrx_word' id='word_1_571' title='bbox 2294 658 2414 724; x_wconf 88' lang='lat' dir='ltr'><strong>fuit,</strong></span> <span class='ocrx_word' id='word_1_572' title='bbox 2442 661 2652 729; x_wconf 88' lang='lat' dir='ltr'><strong>quando</strong></span> <span class='ocrx_word' id='word_1_573' title='bbox 2682 661 2847 717; x_wconf 89' lang='lat' dir='ltr'><strong>linteo</strong></span> <span class='ocrx_word' id='word_1_574' title='bbox 2887 665 3208 733; x_wconf 60' lang='lat' dir='ltr'><strong>praecinctus</strong></span> <span class='ocrx_word' id='word_1_575' title='bbox 3233 678 3338 734; x_wconf 90' lang='lat' dir='ltr'><strong>est,</strong></span> <span class='ocrx_word' id='word_1_576' title='bbox 3380 668 3527 723; x_wconf 89' lang='lat' dir='ltr'><strong>lavit</strong></span> <span class='ocrx_word' id='word_1_577' title='bbox 3563 670 3735 739; x_wconf 78' lang='lat' dir='ltr'><strong>pedes</strong></span> <span class='ocrx_word' id='word_1_578' title='bbox 3764 658 3934 743; x_wconf 85' lang='lat' dir='ltr'><strong>disci-I</strong></span> <span class='ocrx_word' id='word_1_579' title='bbox 3966 693 4054 743; x_wconf 54' lang='grc' dir='ltr'><strong>[Λα</strong></span> 
     </span>
    </p>
   </div>
   <div class='ocr_carea' id='block_1_68' title="bbox 2296 701 4054 850">
    <p class='ocr_par' dir='ltr' id='par_1_70' title="bbox 2296 701 4054 850">
     <span class='ocr_line' id='line_1_73' title="bbox 2296 701 4054 743; baseline 0.011 -32"><span class='ocrx_word' id='word_1_580' title='bbox 2296 701 2414 724; x_wconf 68' lang='grc' dir='ltr'><strong><em>...ιη</em></strong></span> <span class='ocrx_word' id='word_1_581' title='bbox 2443 701 2652 729; x_wconf 50' lang='lat' dir='ltr'><strong>“uua-Iuv</strong></span> <span class='ocrx_word' id='word_1_582' title='bbox 2682 701 2846 717; x_wconf 67' lang='grc' dir='ltr'><strong>ιιιιινυυ</strong></span> <span class='ocrx_word' id='word_1_583' title='bbox 2887 701 2938 733; x_wconf 79' lang='grc' dir='ltr'><strong><em>γι</em></strong></span> <span class='ocrx_word' id='word_1_584' title='bbox 2953 701 3208 721; x_wconf 67' lang='grc' dir='ltr'><strong>ωυιιιυιυδ</strong></span> <span class='ocrx_word' id='word_1_585' title='bbox 3233 701 3338 734; x_wconf 71' lang='lat' dir='ltr'><strong>cas,</strong></span> <span class='ocrx_word' id='word_1_586' title='bbox 3380 701 3527 723; x_wconf 75' lang='lat' dir='ltr'><strong>savu</strong></span> <span class='ocrx_word' id='word_1_587' title='bbox 3563 701 3735 739; x_wconf 63' lang='lat' dir='ltr'><strong>lyr-uc:</strong></span> <span class='ocrx_word' id='word_1_588' title='bbox 3764 701 3920 729; x_wconf 70' lang='lat' dir='ltr'><strong>utaCl-</strong></span> <span class='ocrx_word' id='word_1_589' title='bbox 4027 701 4054 743; x_wconf 62' lang='grc' dir='ltr'>α</span> 
     </span>
     <span class='ocr_line' id='line_1_74' title="bbox 2296 701 4054 850; baseline 0.009 -48"><span class='ocrx_word' id='word_1_590' title='bbox 2296 751 2538 818; x_wconf 85' lang='lat' dir='ltr'><strong>polorum</strong></span> <span class='ocrx_word' id='word_1_591' title='bbox 2565 767 2805 807; x_wconf 88' lang='lat' dir='ltr'><strong>suorum.</strong></span> <span class='ocrx_word' id='word_1_592' title='bbox 2837 753 3024 809; x_wconf 92' lang='lat' dir='ltr'><strong>Omnis</strong></span> <span class='ocrx_word' id='word_1_593' title='bbox 3065 767 3242 812; x_wconf 90' lang='lat' dir='ltr'><strong>autem</strong></span> <span class='ocrx_word' id='word_1_594' title='bbox 3291 758 3589 813; x_wconf 83' lang='lat' dir='ltr'><strong>fortitudo</strong></span> <span class='ocrx_word' id='word_1_595' title='bbox 3618 761 3674 815; x_wconf 91' lang='lat' dir='ltr'><strong>in</strong></span> <span class='ocrx_word' id='word_1_596' title='bbox 3709 701 4054 850; x_wconf 43' lang='lat' dir='ltr'><strong>humili-H2</strong></span> 
     </span>
    </p>
   </div>
   <div class='ocr_carea' id='block_1_69' title="bbox 2297 833 4032 920">
    <p class='ocr_par' dir='ltr' id='par_1_71' title="bbox 2297 833 4032 920">
     <span class='ocr_line' id='line_1_75' title="bbox 2297 833 4032 920; baseline 0.008 -25"><span class='ocrx_word' id='word_1_597' title='bbox 2297 850 2436 904; x_wconf 88' lang='lat' dir='ltr'><strong>tate;</strong></span> <span class='ocrx_word' id='word_1_598' title='bbox 2468 842 2590 912; x_wconf 90' lang='lat' dir='ltr'><strong>quia</strong></span> <span class='ocrx_word' id='word_1_599' title='bbox 2621 843 2822 913; x_wconf 83' lang='lat' dir='ltr'><strong>fragilis</strong></span> <span class='ocrx_word' id='word_1_600' title='bbox 2865 855 2948 900; x_wconf 87' lang='lat' dir='ltr'><strong>est</strong></span> <span class='ocrx_word' id='word_1_601' title='bbox 2988 848 3163 902; x_wconf 91' lang='lat' dir='ltr'><strong>omnis</strong></span> <span class='ocrx_word' id='word_1_602' title='bbox 3208 850 3516 920; x_wconf 88' lang='lat' dir='ltr'><strong>superbia:</strong></span> <span class='ocrx_word' id='word_1_603' title='bbox 3551 850 3683 906; x_wconf 90' lang='lat' dir='ltr'><strong>ideo</strong></span> <span class='ocrx_word' id='word_1_604' title='bbox 3711 869 3831 910; x_wconf 90' lang='lat' dir='ltr'><strong>cum</strong></span> <span class='ocrx_word' id='word_1_605' title='bbox 3857 833 4032 911; x_wconf 24' lang='lat' dir='ltr'><strong>dav”:</strong></span> 
     </span>
    </p>
   </div>
   <div class='ocr_carea' id='block_1_70' title="bbox 2297 931 3921 1008">
    <p class='ocr_par' dir='ltr' id='par_1_72' title="bbox 2297 931 3921 1008">
     <span class='ocr_line' id='line_1_76' title="bbox 2297 931 3921 1008; baseline 0.01 -23"><span class='ocrx_word' id='word_1_606' title='bbox 2297 931 2605 988; x_wconf 87' lang='lat' dir='ltr'><strong>fortitudine</strong></span> <span class='ocrx_word' id='word_1_607' title='bbox 2630 933 2852 1000; x_wconf 88' lang='lat' dir='ltr'><strong>diceret,</strong></span> <span class='ocrx_word' id='word_1_608' title='bbox 2886 936 3110 1004; x_wconf 84' lang='lat' dir='ltr'><strong>addidit,</strong></span> <span class='ocrx_word' id='word_1_609' title='bbox 3138 941 3456 1008; x_wconf 74' lang='lat' dir='ltr'><strong>prtzcinctus</strong></span> <span class='ocrx_word' id='word_1_610' title='bbox 3478 950 3598 1008; x_wconf 87' lang='lat' dir='ltr'><strong>est;</strong></span> <span class='ocrx_word' id='word_1_611' title='bbox 3629 951 3690 996; x_wconf 90' lang='lat' dir='ltr'><strong>ut</strong></span> <span class='ocrx_word' id='word_1_612' title='bbox 3720 946 3921 1002; x_wconf 87' lang='lat' dir='ltr'><strong>recolas</strong></span> 
     </span>
    </p>
   </div>
   <div class='ocr_carea' id='block_1_71' title="bbox 2299 1023 3918 1106">
    <p class='ocr_par' dir='ltr' id='par_1_73' title="bbox 2299 1023 3918 1106">
     <span class='ocr_line' id='line_1_77' title="bbox 2299 1023 3918 1106; baseline 0.011 -30"><span class='ocrx_word' id='word_1_613' title='bbox 2299 1023 2462 1078; x_wconf 90' lang='lat' dir='ltr'><strong>Deum</strong></span> <span class='ocrx_word' id='word_1_614' title='bbox 2490 1025 2830 1093; x_wconf 66' lang='lat' dir='ltr'><strong>praecinctum</strong></span> <span class='ocrx_word' id='word_1_615' title='bbox 2858 1026 3136 1097; x_wconf 88' lang='lat' dir='ltr'><strong>humilem,</strong></span> <span class='ocrx_word' id='word_1_616' title='bbox 3167 1032 3390 1102; x_wconf 91' lang='lat' dir='ltr'><strong>quando</strong></span> <span class='ocrx_word' id='word_1_617' title='bbox 3421 1033 3606 1102; x_wconf 80' lang='lat' dir='ltr'><strong>pedes</strong></span> <span class='ocrx_word' id='word_1_618' title='bbox 3628 1034 3918 1106; x_wconf 85' lang='lat' dir='ltr'><strong>discipulo-</strong></span> 
     </span>
    </p>
   </div>
   <div class='ocr_carea' id='block_1_72' title="bbox 2298 1115 3920 1200">
    <p class='ocr_par' dir='ltr' id='par_1_74' title="bbox 2298 1115 3920 1200">
     <span class='ocr_line' id='line_1_78' title="bbox 2298 1115 3920 1200; baseline 0.012 -33"><span class='ocrx_word' id='word_1_619' title='bbox 2298 1129 2413 1169; x_wconf 91' lang='lat' dir='ltr'><strong>rum</strong></span> <span class='ocrx_word' id='word_1_620' title='bbox 2435 1115 2579 1171; x_wconf 84' lang='lat' dir='ltr'><strong>lavit.</strong></span> <span class='ocrx_word' id='word_1_621' title='bbox 2609 1117 2674 1171; x_wconf 83' lang='grc' dir='ltr'><strong><em>Ει</em></strong></span> <span class='ocrx_word' id='word_1_622' title='bbox 2692 1117 2966 1174; x_wconf 73' lang='lat' dir='ltr'><strong>exhorruit</strong></span> <span class='ocrx_word' id='word_1_623' title='bbox 2993 1120 3178 1177; x_wconf 86' lang='lat' dir='ltr'><strong>Petrus</strong></span> <span class='ocrx_word' id='word_1_624' title='bbox 3205 1123 3511 1179; x_wconf 91' lang='lat' dir='ltr'><strong>Dominum</strong></span> <span class='ocrx_word' id='word_1_625' title='bbox 3541 1142 3730 1185; x_wconf 89' lang='lat' dir='ltr'><strong>suum.</strong></span> <span class='ocrx_word' id='word_1_626' title='bbox 3761 1132 3920 1200; x_wconf 87' lang='lat' dir='ltr'><strong>magi-</strong></span> 
     </span>
    </p>
   </div>
   <div class='ocr_carea' id='block_1_73' title="bbox 2295 1208 3916 1283">
    <p class='ocr_par' dir='ltr' id='par_1_75' title="bbox 2295 1208 3916 1283">
     <span class='ocr_line' id='line_1_79' title="bbox 2295 1208 3916 1283; baseline 0.012 -25"><span class='ocrx_word' id='word_1_627' title='bbox 2295 1212 2463 1258; x_wconf 89' lang='lat' dir='ltr'><strong>strum</strong></span> <span class='ocrx_word' id='word_1_628' title='bbox 2493 1221 2645 1260; x_wconf 90' lang='lat' dir='ltr'><strong>suum</strong></span> <span class='ocrx_word' id='word_1_629' title='bbox 2675 1208 2872 1277; x_wconf 91' lang='lat' dir='ltr'><strong>(minus</strong></span> <span class='ocrx_word' id='word_1_630' title='bbox 2897 1209 3005 1265; x_wconf 81' lang='lat' dir='ltr'><strong>dixi</strong></span> <span class='ocrx_word' id='word_1_631' title='bbox 3037 1214 3347 1283; x_wconf 89' lang='lat' dir='ltr'><strong>magistrum</strong></span> <span class='ocrx_word' id='word_1_632' title='bbox 3379 1231 3576 1282; x_wconf 89' lang='lat' dir='ltr'><strong>suum,</strong></span> <span class='ocrx_word' id='word_1_633' title='bbox 3615 1235 3741 1273; x_wconf 89' lang='lat' dir='ltr'><strong>cum</strong></span> <span class='ocrx_word' id='word_1_634' title='bbox 3763 1221 3916 1276; x_wconf 79' lang='lat' dir='ltr'><strong>dixis-</strong></span> 
     </span>
    </p>
   </div>
   <div class='ocr_carea' id='block_1_74' title="bbox 2295 1296 3913 1377">
    <p class='ocr_par' dir='ltr' id='par_1_76' title="bbox 2295 1296 3913 1377">
     <span class='ocr_line' id='line_1_80' title="bbox 2295 1296 3913 1377; baseline 0.012 -30"><span class='ocrx_word' id='word_1_635' title='bbox 2295 1309 2408 1349; x_wconf 88' lang='lat' dir='ltr'><strong>sem</strong></span> <span class='ocrx_word' id='word_1_636' title='bbox 2440 1296 2720 1352; x_wconf 89' lang='lat' dir='ltr'><strong>Dominum</strong></span> <span class='ocrx_word' id='word_1_637' title='bbox 2767 1299 2946 1374; x_wconf 86' lang='lat' dir='ltr'><strong>suum)</strong></span> <span class='ocrx_word' id='word_1_638' title='bbox 2990 1313 3298 1359; x_wconf 87' lang='lat' dir='ltr'><strong>curvantem</strong></span> <span class='ocrx_word' id='word_1_639' title='bbox 3350 1320 3417 1361; x_wconf 90' lang='lat' dir='ltr'><strong>se</strong></span> <span class='ocrx_word' id='word_1_640' title='bbox 3463 1307 3537 1361; x_wconf 91' lang='lat' dir='ltr'><strong>ad</strong></span> <span class='ocrx_word' id='word_1_641' title='bbox 3577 1310 3747 1377; x_wconf 67' lang='lat' dir='ltr'><strong>pedes</strong></span> <span class='ocrx_word' id='word_1_642' title='bbox 3777 1329 3913 1376; x_wconf 82' lang='lat' dir='ltr'><strong>suos,</strong></span> 
     </span>
    </p>
   </div>
   <div class='ocr_carea' id='block_1_75' title="bbox 2297 1387 3911 1466">
    <p class='ocr_par' dir='ltr' id='par_1_77' title="bbox 2297 1387 3911 1466">
     <span class='ocr_line' id='line_1_81' title="bbox 2297 1387 3911 1466; baseline 0.012 -26"><span class='ocrx_word' id='word_1_643' title='bbox 2297 1395 2349 1440; x_wconf 92' lang='lat' dir='ltr'><strong>et</strong></span> <span class='ocrx_word' id='word_1_644' title='bbox 2377 1387 2638 1444; x_wconf 88' lang='lat' dir='ltr'><strong>lavantem</strong></span> <span class='ocrx_word' id='word_1_645' title='bbox 2667 1390 2766 1445; x_wconf 90' lang='lat' dir='ltr'><strong>sibi</strong></span> <span class='ocrx_word' id='word_1_646' title='bbox 2797 1393 2978 1461; x_wconf 85' lang='lat' dir='ltr'><strong>pedes,</strong></span> <span class='ocrx_word' id='word_1_647' title='bbox 3001 1397 3233 1466; x_wconf 79' lang='lat' dir='ltr'><strong>expavit,</strong></span> <span class='ocrx_word' id='word_1_648' title='bbox 3262 1399 3521 1453; x_wconf 79' lang='lat' dir='ltr'><strong>etdixit:</strong></span> <span class='ocrx_word' id='word_1_649' title='bbox 3551 1400 3795 1466; x_wconf 85' lang='lat' dir='ltr'><strong>Domine,</strong></span> <span class='ocrx_word' id='word_1_650' title='bbox 3819 1423 3911 1460; x_wconf 85' lang='lat' dir='ltr'><strong>non</strong></span> 
     </span>
    </p>
   </div>
   <div class='ocr_carea' id='block_1_76' title="bbox 2299 1477 3911 1565">
    <p class='ocr_par' dir='ltr' id='par_1_78' title="bbox 2299 1477 3911 1565">
     <span class='ocr_line' id='line_1_82' title="bbox 2299 1477 3911 1565; baseline 0.014 -35"><span class='ocrx_word' id='word_1_651' title='bbox 2299 1477 2487 1534; x_wconf 86' lang='lat' dir='ltr'><strong>lavabis</strong></span> <span class='ocrx_word' id='word_1_652' title='bbox 2525 1483 2648 1536; x_wconf 90' lang='lat' dir='ltr'><strong>mihi</strong></span> <span class='ocrx_word' id='word_1_653' title='bbox 2677 1486 2845 1554; x_wconf 87' lang='lat' dir='ltr'><strong>pedes.</strong></span> <span class='ocrx_word' id='word_1_654' title='bbox 2881 1487 2946 1542; x_wconf 88' lang='lat' dir='ltr'><strong>Et</strong></span> <span class='ocrx_word' id='word_1_655' title='bbox 2987 1488 3106 1544; x_wconf 90' lang='lat' dir='ltr'><strong>ille:</strong></span> <span class='ocrx_word' id='word_1_656' title='bbox 3140 1490 3290 1555; x_wconf 86' lang='lat' dir='ltr'><strong>Quod</strong></span> <span class='ocrx_word' id='word_1_657' title='bbox 3327 1509 3430 1564; x_wconf 85' lang='lat' dir='ltr'><strong>ego</strong></span> <span class='ocrx_word' id='word_1_658' title='bbox 3477 1497 3648 1565; x_wconf 80' lang='lat' dir='ltr'><strong>facio,</strong></span> <span class='ocrx_word' id='word_1_659' title='bbox 3682 1506 3736 1550; x_wconf 89' lang='lat' dir='ltr'><strong>tu</strong></span> <span class='ocrx_word' id='word_1_660' title='bbox 3763 1503 3911 1555; x_wconf 85' lang='lat' dir='ltr'><strong>nescis</strong></span> 
     </span>
    </p>
   </div>
   <div class='ocr_carea' id='block_1_77' title="bbox 2297 1574 3909 1648">
    <p class='ocr_par' dir='ltr' id='par_1_79' title="bbox 2297 1574 3909 1648">
     <span class='ocr_line' id='line_1_83' title="bbox 2297 1574 3909 1648; baseline 0.014 -25"><span class='ocrx_word' id='word_1_661' title='bbox 2297 1574 2478 1637; x_wconf 87' lang='lat' dir='ltr'><strong>modo;</strong></span> <span class='ocrx_word' id='word_1_662' title='bbox 2504 1574 2630 1628; x_wconf 87' lang='lat' dir='ltr'><strong>scies</strong></span> <span class='ocrx_word' id='word_1_663' title='bbox 2667 1587 2832 1630; x_wconf 89' lang='lat' dir='ltr'><strong>autem</strong></span> <span class='ocrx_word' id='word_1_664' title='bbox 2878 1588 3069 1648; x_wconf 87' lang='lat' dir='ltr'><strong>postea.</strong></span> <span class='ocrx_word' id='word_1_665' title='bbox 3114 1582 3180 1637; x_wconf 85' lang='lat' dir='ltr'><strong>Et</strong></span> <span class='ocrx_word' id='word_1_666' title='bbox 3223 1584 3348 1639; x_wconf 89' lang='lat' dir='ltr'><strong>ille:</strong></span> <span class='ocrx_word' id='word_1_667' title='bbox 3384 1584 3522 1640; x_wconf 84' lang='lat' dir='ltr'><strong>Non</strong></span> <span class='ocrx_word' id='word_1_668' title='bbox 3571 1589 3772 1643; x_wconf 87' lang='lat' dir='ltr'><strong>lavabis</strong></span> <span class='ocrx_word' id='word_1_669' title='bbox 3798 1593 3909 1647; x_wconf 87' lang='lat' dir='ltr'><strong>mihi</strong></span> 
     </span>
    </p>
   </div>
   <div class='ocr_carea' id='block_1_78' title="bbox 2299 1662 3906 1745">
    <p class='ocr_par' dir='ltr' id='par_1_80' title="bbox 2299 1662 3906 1745">
     <span class='ocr_line' id='line_1_84' title="bbox 2299 1662 3906 1745; baseline 0.015 -32"><span class='ocrx_word' id='word_1_670' title='bbox 2299 1662 2448 1731; x_wconf 75' lang='lat' dir='ltr'><strong>pedes</strong></span> <span class='ocrx_word' id='word_1_671' title='bbox 2471 1663 2523 1716; x_wconf 87' lang='lat' dir='ltr'><strong>in</strong></span> <span class='ocrx_word' id='word_1_672' title='bbox 2549 1673 2813 1720; x_wconf 55' lang='lat' dir='ltr'><strong>aeternum.</strong></span> <span class='ocrx_word' id='word_1_673' title='bbox 2845 1667 2914 1723; x_wconf 88' lang='lat' dir='ltr'><strong>Et</strong></span> <span class='ocrx_word' id='word_1_674' title='bbox 2943 1670 3066 1726; x_wconf 85' lang='lat' dir='ltr'><strong>ille:</strong></span> <span class='ocrx_word' id='word_1_675' title='bbox 3103 1671 3163 1727; x_wconf 90' lang='lat' dir='ltr'><strong>Si</strong></span> <span class='ocrx_word' id='word_1_676' title='bbox 3188 1690 3287 1727; x_wconf 84' lang='lat' dir='ltr'><strong>non</strong></span> <span class='ocrx_word' id='word_1_677' title='bbox 3320 1674 3508 1730; x_wconf 85' lang='lat' dir='ltr'><strong>lavero</strong></span> <span class='ocrx_word' id='word_1_678' title='bbox 3535 1687 3607 1745; x_wconf 83' lang='lat' dir='ltr'><strong>te,</strong></span> <span class='ocrx_word' id='word_1_679' title='bbox 3639 1697 3742 1734; x_wconf 84' lang='lat' dir='ltr'><strong>non</strong></span> <span class='ocrx_word' id='word_1_680' title='bbox 3769 1682 3906 1737; x_wconf 83' lang='lat' dir='ltr'><strong>habe-</strong></span> 
     </span>
    </p>
   </div>
   <div class='ocr_carea' id='block_1_79' title="bbox 2299 1753 3903 1836">
    <p class='ocr_par' dir='ltr' id='par_1_81' title="bbox 2299 1753 3903 1836">
     <span class='ocr_line' id='line_1_85' title="bbox 2299 1753 3903 1836; baseline 0.012 -31"><span class='ocrx_word' id='word_1_681' title='bbox 2299 1753 2374 1806; x_wconf 89' lang='lat' dir='ltr'><strong>bis</strong></span> <span class='ocrx_word' id='word_1_682' title='bbox 2397 1765 2590 1823; x_wconf 87' lang='lat' dir='ltr'><strong>partem</strong></span> <span class='ocrx_word' id='word_1_683' title='bbox 2619 1773 2830 1811; x_wconf 87' lang='lat' dir='ltr'><strong>mecum.</strong></span> <span class='ocrx_word' id='word_1_684' title='bbox 2863 1759 2960 1826; x_wconf 91' lang='lat' dir='ltr'><strong>Qui</strong></span> <span class='ocrx_word' id='word_1_685' title='bbox 2990 1763 3160 1830; x_wconf 92' lang='lat' dir='ltr'><strong>primo</strong></span> <span class='ocrx_word' id='word_1_686' title='bbox 3187 1765 3380 1821; x_wconf 82' lang='lat' dir='ltr'><strong>Petrus</strong></span> <span class='ocrx_word' id='word_1_687' title='bbox 3409 1783 3719 1836; x_wconf 75' lang='lat' dir='ltr'><strong>expaverat</strong></span> <span class='ocrx_word' id='word_1_688' title='bbox 3743 1774 3903 1828; x_wconf 81' lang='lat' dir='ltr'><strong>Domi-</strong></span> 
     </span>
    </p>
   </div>
   <div class='ocr_carea' id='block_1_80' title="bbox 2299 1845 3902 1926">
    <p class='ocr_par' dir='ltr' id='par_1_82' title="bbox 2299 1845 3902 1926">
     <span class='ocr_line' id='line_1_86' title="bbox 2299 1845 3902 1926; baseline 0.014 -29"><span class='ocrx_word' id='word_1_689' title='bbox 2299 1859 2424 1897; x_wconf 91' lang='lat' dir='ltr'><strong>num</strong></span> <span class='ocrx_word' id='word_1_690' title='bbox 2468 1845 2730 1901; x_wconf 79' lang='lat' dir='ltr'><strong>lavantem</strong></span> <span class='ocrx_word' id='word_1_691' title='bbox 2760 1849 2858 1903; x_wconf 87' lang='lat' dir='ltr'><strong>sibi</strong></span> <span class='ocrx_word' id='word_1_692' title='bbox 2890 1851 3068 1920; x_wconf 84' lang='lat' dir='ltr'><strong>pedes,</strong></span> <span class='ocrx_word' id='word_1_693' title='bbox 3103 1854 3220 1923; x_wconf 91' lang='lat' dir='ltr'><strong>plus</strong></span> <span class='ocrx_word' id='word_1_694' title='bbox 3263 1859 3516 1926; x_wconf 84' lang='lat' dir='ltr'><strong>expavit,</strong></span> <span class='ocrx_word' id='word_1_695' title='bbox 3556 1860 3683 1915; x_wconf 85' lang='lat' dir='ltr'><strong>Non</strong></span> <span class='ocrx_word' id='word_1_696' title='bbox 3717 1863 3902 1920; x_wconf 86' lang='lat' dir='ltr'><strong>habebis</strong></span> 
     </span>
    </p>
   </div>
   <div class='ocr_carea' id='block_1_81' title="bbox 2300 1941 3900 2013">
    <p class='ocr_par' dir='ltr' id='par_1_83' title="bbox 2300 1941 3900 2013">
     <span class='ocr_line' id='line_1_87' title="bbox 2300 1941 3900 2013; baseline 0.018 -27"><span class='ocrx_word' id='word_1_697' title='bbox 2300 1944 2492 2001; x_wconf 90' lang='lat' dir='ltr'><strong>partem</strong></span> <span class='ocrx_word' id='word_1_698' title='bbox 2525 1953 2749 2003; x_wconf 88' lang='lat' dir='ltr'><strong>mecum;</strong></span> <span class='ocrx_word' id='word_1_699' title='bbox 2776 1949 2830 1994; x_wconf 88' lang='lat' dir='ltr'><strong>et</strong></span> <span class='ocrx_word' id='word_1_700' title='bbox 2858 1941 3084 1998; x_wconf 89' lang='lat' dir='ltr'><strong>credidit</strong></span> <span class='ocrx_word' id='word_1_701' title='bbox 3109 1960 3213 2000; x_wconf 91' lang='lat' dir='ltr'><strong>non</strong></span> <span class='ocrx_word' id='word_1_702' title='bbox 3243 1948 3363 2003; x_wconf 89' lang='lat' dir='ltr'><strong>sine</strong></span> <span class='ocrx_word' id='word_1_703' title='bbox 3397 1966 3574 2006; x_wconf 86' lang='lat' dir='ltr'><strong>causa</strong></span> <span class='ocrx_word' id='word_1_704' title='bbox 3609 1952 3716 2009; x_wconf 85' lang='lat' dir='ltr'><strong>hoc</strong></span> <span class='ocrx_word' id='word_1_705' title='bbox 3742 1955 3900 2013; x_wconf 83' lang='lat' dir='ltr'><strong>facere</strong></span> 
     </span>
    </p>
   </div>
   <div class='ocr_carea' id='block_1_82' title="bbox 2303 2025 3897 2104">
    <p class='ocr_par' dir='ltr' id='par_1_84' title="bbox 2303 2025 3897 2104">
     <span class='ocr_line' id='line_1_88' title="bbox 2303 2025 3897 2104; baseline 0.016 -26"><span class='ocrx_word' id='word_1_706' title='bbox 2303 2025 2604 2093; x_wconf 84' lang='lat' dir='ltr'><strong>Dominum,</strong></span> <span class='ocrx_word' id='word_1_707' title='bbox 2633 2029 2734 2083; x_wconf 92' lang='lat' dir='ltr'><strong>nisi</strong></span> <span class='ocrx_word' id='word_1_708' title='bbox 2757 2032 2877 2100; x_wconf 90' lang='lat' dir='ltr'><strong>quia</strong></span> <span class='ocrx_word' id='word_1_709' title='bbox 2905 2032 3118 2104; x_wconf 85' lang='lat' dir='ltr'><strong>aliquod</strong></span> <span class='ocrx_word' id='word_1_710' title='bbox 3139 2039 3404 2094; x_wconf 90' lang='lat' dir='ltr'><strong>eratillnd</strong></span> <span class='ocrx_word' id='word_1_711' title='bbox 3436 2041 3586 2099; x_wconf 86' lang='lat' dir='ltr'><strong>forte</strong></span> <span class='ocrx_word' id='word_1_712' title='bbox 3608 2059 3897 2104; x_wconf 87' lang='lat' dir='ltr'><strong>sacramen-</strong></span> 
     </span>
    </p>
   </div>
   <div class='ocr_carea' id='block_1_83' title="bbox 2302 2118 3896 2208">
    <p class='ocr_par' dir='ltr' id='par_1_85' title="bbox 2302 2118 3896 2208">
     <span class='ocr_line' id='line_1_89' title="bbox 2302 2118 3896 2208; baseline 0.016 -39"><span class='ocrx_word' id='word_1_713' title='bbox 2302 2125 2433 2183; x_wconf 89' lang='lat' dir='ltr'><strong>tum,</strong></span> <span class='ocrx_word' id='word_1_714' title='bbox 2449 2119 2604 2172; x_wconf 90' lang='lat' dir='ltr'><strong>etait:</strong></span> <span class='ocrx_word' id='word_1_715' title='bbox 2623 2118 2852 2185; x_wconf 88' lang='lat' dir='ltr'><strong>Domine,</strong></span> <span class='ocrx_word' id='word_1_716' title='bbox 2876 2140 2975 2177; x_wconf 89' lang='lat' dir='ltr'><strong>non</strong></span> <span class='ocrx_word' id='word_1_717' title='bbox 2995 2125 3144 2194; x_wconf 83' lang='lat' dir='ltr'><strong>pedes</strong></span> <span class='ocrx_word' id='word_1_718' title='bbox 3159 2136 3379 2197; x_wconf 88' lang='lat' dir='ltr'><strong>tantum,</strong></span> <span class='ocrx_word' id='word_1_719' title='bbox 3401 2133 3501 2186; x_wconf 88' lang='lat' dir='ltr'><strong>sed</strong></span> <span class='ocrx_word' id='word_1_720' title='bbox 3515 2143 3566 2187; x_wconf 88' lang='lat' dir='ltr'><strong>et</strong></span> <span class='ocrx_word' id='word_1_721' title='bbox 3581 2147 3758 2208; x_wconf 81' lang='lat' dir='ltr'><strong>caput,</strong></span> <span class='ocrx_word' id='word_1_722' title='bbox 3773 2149 3816 2192; x_wconf 90' lang='lat' dir='ltr'><strong>et</strong></span> <span class='ocrx_word' id='word_1_723' title='bbox 3832 2150 3896 2194; x_wconf 83' lang='lat' dir='ltr'><strong>to-</strong></span> 
     </span>
    </p>
   </div>
   <div class='ocr_carea' id='block_1_84' title="bbox 2300 2209 3892 2305">
    <p class='ocr_par' dir='ltr' id='par_1_86' title="bbox 2300 2209 3892 2305">
     <span class='ocr_line' id='line_1_90' title="bbox 2300 2209 3892 2305; baseline 0.018 -45"><span class='ocrx_word' id='word_1_724' title='bbox 2300 2217 2423 2262; x_wconf 87' lang='lat' dir='ltr'><strong>tum.</strong></span> <span class='ocrx_word' id='word_1_725' title='bbox 2457 2209 2524 2264; x_wconf 85' lang='lat' dir='ltr'><strong>Et</strong></span> <span class='ocrx_word' id='word_1_726' title='bbox 2551 2211 2673 2267; x_wconf 90' lang='lat' dir='ltr'><strong>ille:</strong></span> <span class='ocrx_word' id='word_1_727' title='bbox 2700 2213 2798 2281; x_wconf 86' lang='lat' dir='ltr'><strong>Qui</strong></span> <span class='ocrx_word' id='word_1_728' title='bbox 2819 2214 2950 2270; x_wconf 89' lang='lat' dir='ltr'><strong>lotus</strong></span> <span class='ocrx_word' id='word_1_729' title='bbox 2969 2229 3040 2271; x_wconf 89' lang='lat' dir='ltr'><strong>est</strong></span> <span class='ocrx_word' id='word_1_730' title='bbox 3061 2222 3232 2287; x_wconf 88' lang='lat' dir='ltr'><strong>semel,</strong></span> <span class='ocrx_word' id='word_1_731' title='bbox 3259 2240 3360 2278; x_wconf 86' lang='lat' dir='ltr'><strong>non</strong></span> <span class='ocrx_word' id='word_1_732' title='bbox 3383 2228 3545 2305; x_wconf 70' lang='lat' dir='ltr'><strong>habet</strong></span> <span class='ocrx_word' id='word_1_733' title='bbox 3569 2234 3892 2287; x_wconf 85' lang='lat' dir='ltr'><strong>necessitatem</strong></span> 
     </span>
    </p>
   </div>
   <div class='ocr_carea' id='block_1_85' title="bbox 2298 2299 3891 2388">
    <p class='ocr_par' dir='ltr' id='par_1_87' title="bbox 2298 2299 3891 2388">
     <span class='ocr_line' id='line_1_91' title="bbox 2298 2299 3891 2388; baseline 0.015 -37"><span class='ocrx_word' id='word_1_734' title='bbox 2298 2299 2478 2353; x_wconf 85' lang='lat' dir='ltr'><strong>iterum</strong></span> <span class='ocrx_word' id='word_1_735' title='bbox 2509 2301 2734 2371; x_wconf 83' lang='lat' dir='ltr'><strong>lavandi,</strong></span> <span class='ocrx_word' id='word_1_736' title='bbox 2757 2304 2846 2358; x_wconf 89' lang='lat' dir='ltr'><strong>sed</strong></span> <span class='ocrx_word' id='word_1_737' title='bbox 2875 2316 2947 2359; x_wconf 88' lang='lat' dir='ltr'><strong>est</strong></span> <span class='ocrx_word' id='word_1_738' title='bbox 2975 2310 3191 2365; x_wconf 87' lang='lat' dir='ltr'><strong>mundus</strong></span> <span class='ocrx_word' id='word_1_739' title='bbox 3219 2322 3375 2368; x_wconf 87' lang='lat' dir='ltr'><strong>totus.</strong></span> <span class='ocrx_word' id='word_1_740' title='bbox 3410 2299 3535 2370; x_wconf 65' lang='lat' dir='ltr'><strong>Non</strong></span> <span class='ocrx_word' id='word_1_741' title='bbox 3569 2333 3701 2388; x_wconf 90' lang='lat' dir='ltr'><strong>ergo</strong></span> <span class='ocrx_word' id='word_1_742' title='bbox 3725 2321 3787 2374; x_wconf 89' lang='lat' dir='ltr'><strong>ad</strong></span> <span class='ocrx_word' id='word_1_743' title='bbox 3815 2337 3891 2375; x_wconf 82' lang='lat' dir='ltr'><strong>sa-</strong></span> 
     </span>
    </p>
   </div>
   <div class='ocr_carea' id='block_1_86' title="bbox 2299 2401 3886 2486">
    <p class='ocr_par' dir='ltr' id='par_1_88' title="bbox 2299 2401 3886 2486">
     <span class='ocr_line' id='line_1_92' title="bbox 2299 2401 3886 2486; baseline 0.016 -41"><span class='ocrx_word' id='word_1_744' title='bbox 2299 2403 2626 2486; x_wconf 83' lang='lat' dir='ltr'><strong>cramentum</strong></span> <span class='ocrx_word' id='word_1_745' title='bbox 2658 2401 2943 2467; x_wconf 73' lang='lat' dir='ltr'><strong>tanquam‘</strong></span> <span class='ocrx_word' id='word_1_746' title='bbox 2978 2403 3338 2462; x_wconf 88' lang='lat' dir='ltr'><strong>mundationis</strong></span> <span class='ocrx_word' id='word_1_747' title='bbox 3386 2412 3720 2479; x_wconf 78' lang='lat' dir='ltr'><strong>pertinebat,</strong></span> <span class='ocrx_word' id='word_1_748' title='bbox 3763 2417 3886 2486; x_wconf 39' lang='lat' dir='ltr'><strong>qu&#39;Id</strong></span> 
     </span>
    </p>
   </div>
   <div class='ocr_carea' id='block_1_87' title="bbox 2299 2482 3888 2568">
    <p class='ocr_par' dir='ltr' id='par_1_89' title="bbox 2299 2482 3888 2568">
     <span class='ocr_line' id='line_1_93' title="bbox 2299 2482 3888 2568; baseline 0.018 -32"><span class='ocrx_word' id='word_1_749' title='bbox 2299 2482 2422 2537; x_wconf 90' lang='lat' dir='ltr'><strong>lavit</strong></span> <span class='ocrx_word' id='word_1_750' title='bbox 2463 2487 2542 2540; x_wconf 89' lang='lat' dir='ltr'><strong>eis</strong></span> <span class='ocrx_word' id='word_1_751' title='bbox 2588 2487 2766 2555; x_wconf 90' lang='lat' dir='ltr'><strong>pedes,</strong></span> <span class='ocrx_word' id='word_1_752' title='bbox 2819 2491 2910 2547; x_wconf 84' lang='lat' dir='ltr'><strong>sed</strong></span> <span class='ocrx_word' id='word_1_753' title='bbox 2956 2493 3022 2548; x_wconf 91' lang='lat' dir='ltr'><strong>ad</strong></span> <span class='ocrx_word' id='word_1_754' title='bbox 3071 2499 3374 2568; x_wconf 76' lang='lat' dir='ltr'><strong>exemplum</strong></span> <span class='ocrx_word' id='word_1_755' title='bbox 3425 2482 3888 2563; x_wconf 29' lang='lat' dir='ltr'><strong>lniniilitatiszvboc</strong></span> 
     </span>
    </p>
   </div>
   <div class='ocr_carea' id='block_1_88' title="bbox 2300 2574 3885 2661">
    <p class='ocr_par' dir='ltr' id='par_1_90' title="bbox 2300 2574 3885 2661">
     <span class='ocr_line' id='line_1_94' title="bbox 2300 2574 3885 2661; baseline 0.017 -35"><span class='ocrx_word' id='word_1_756' title='bbox 2300 2574 2443 2628; x_wconf 87' lang='lat' dir='ltr'><strong>enim</strong></span> <span class='ocrx_word' id='word_1_757' title='bbox 2465 2575 2691 2642; x_wconf 79' lang='lat' dir='ltr'><strong>dixerat,</strong></span> <span class='ocrx_word' id='word_1_758' title='bbox 2724 2580 2873 2646; x_wconf 84' lang='lat' dir='ltr'><strong>Quod</strong></span> <span class='ocrx_word' id='word_1_759' title='bbox 2894 2586 3026 2638; x_wconf 89' lang='lat' dir='ltr'><strong>enim</strong></span> <span class='ocrx_word' id='word_1_760' title='bbox 3053 2603 3143 2657; x_wconf 88' lang='lat' dir='ltr'><strong>ego</strong></span> <span class='ocrx_word' id='word_1_761' title='bbox 3163 2589 3318 2658; x_wconf 82' lang='lat' dir='ltr'><strong>facio,</strong></span> <span class='ocrx_word' id='word_1_762' title='bbox 3350 2595 3557 2661; x_wconf 85' lang='lat' dir='ltr'><strong>nescis;</strong></span> <span class='ocrx_word' id='word_1_763' title='bbox 3584 2599 3711 2651; x_wconf 88' lang='lat' dir='ltr'><strong>scies</strong></span> <span class='ocrx_word' id='word_1_764' title='bbox 3739 2610 3885 2652; x_wconf 81' lang='lat' dir='ltr'><strong>autem</strong></span> 
     </span>
    </p>
   </div>
   <div class='ocr_carea' id='block_1_89' title="bbox 2301 2669 3888 2763">
    <p class='ocr_par' dir='ltr' id='par_1_91' title="bbox 2301 2669 3888 2763">
     <span class='ocr_line' id='line_1_95' title="bbox 2301 2669 3888 2763; baseline 0.018 -46"><span class='ocrx_word' id='word_1_765' title='bbox 2301 2677 2491 2734; x_wconf 78' lang='lat' dir='ltr'><strong>postea.</strong></span> <span class='ocrx_word' id='word_1_766' title='bbox 2523 2669 2805 2727; x_wconf 83' lang='lat' dir='ltr'><strong>Videamus</strong></span> <span class='ocrx_word' id='word_1_767' title='bbox 2833 2675 2874 2730; x_wconf 91' lang='lat' dir='ltr'><strong>si</strong></span> <span class='ocrx_word' id='word_1_768' title='bbox 2897 2677 3132 2733; x_wconf 86' lang='lat' dir='ltr'><strong>scierunt</strong></span> <span class='ocrx_word' id='word_1_769' title='bbox 3160 2691 3363 2749; x_wconf 88' lang='lat' dir='ltr'><strong>postea,</strong></span> <span class='ocrx_word' id='word_1_770' title='bbox 3401 2685 3690 2744; x_wconf 85' lang='lat' dir='ltr'><strong>videamus</strong></span> <span class='ocrx_word' id='word_1_771' title='bbox 3717 2692 3759 2744; x_wconf 89' lang='lat' dir='ltr'><strong>si</strong></span> <span class='ocrx_word' id='word_1_772' title='bbox 3780 2706 3888 2763; x_wconf 85' lang='lat' dir='ltr'><strong>ape-</strong></span> 
     </span>
    </p>
   </div>
   <div class='ocr_carea' id='block_1_90' title="bbox 2301 2759 3882 2850">
    <p class='ocr_par' dir='ltr' id='par_1_92' title="bbox 2301 2759 3882 2850">
     <span class='ocr_line' id='line_1_96' title="bbox 2301 2759 3882 2850; baseline 0.015 -40"><span class='ocrx_word' id='word_1_773' title='bbox 2301 2759 2405 2850; x_wconf 88' lang='lat' dir='ltr'><strong>ruit</strong></span> <span class='ocrx_word' id='word_1_774' title='bbox 2436 2761 2538 2814; x_wconf 92' lang='lat' dir='ltr'><strong>illis</strong></span> <span class='ocrx_word' id='word_1_775' title='bbox 2565 2763 2707 2830; x_wconf 84' lang='lat' dir='ltr'><strong>quod</strong></span> <span class='ocrx_word' id='word_1_776' title='bbox 2741 2764 2984 2834; x_wconf 87' lang='lat' dir='ltr'><strong>faciebat,</strong></span> <span class='ocrx_word' id='word_1_777' title='bbox 3020 2780 3077 2825; x_wconf 91' lang='lat' dir='ltr'><strong>ut</strong></span> <span class='ocrx_word' id='word_1_778' title='bbox 3103 2772 3384 2830; x_wconf 88' lang='lat' dir='ltr'><strong>videamus</strong></span> <span class='ocrx_word' id='word_1_779' title='bbox 3428 2779 3718 2836; x_wconf 88' lang='lat' dir='ltr'><strong>Dominum</strong></span> <span class='ocrx_word' id='word_1_780' title='bbox 3766 2759 3882 2850; x_wconf 59' lang='lat' dir='ltr'><strong>pra.</strong></span> 
     </span>
    </p>
   </div>
   <div class='ocr_carea' id='block_1_91' title="bbox 2298 2849 3881 2930">
    <p class='ocr_par' dir='ltr' id='par_1_93' title="bbox 2298 2849 3881 2930">
     <span class='ocr_line' id='line_1_97' title="bbox 2298 2849 3881 2930; baseline 0.016 -28"><span class='ocrx_word' id='word_1_781' title='bbox 2298 2849 2527 2905; x_wconf 89' lang='lat' dir='ltr'><strong>cinctum</strong></span> <span class='ocrx_word' id='word_1_782' title='bbox 2557 2853 2892 2923; x_wconf 88' lang='lat' dir='ltr'><strong>fortitudine;</strong></span> <span class='ocrx_word' id='word_1_783' title='bbox 2920 2860 3041 2929; x_wconf 89' lang='lat' dir='ltr'><strong>quia</strong></span> <span class='ocrx_word' id='word_1_784' title='bbox 3073 2862 3123 2916; x_wconf 92' lang='lat' dir='ltr'><strong>in</strong></span> <span class='ocrx_word' id='word_1_785' title='bbox 3161 2863 3472 2925; x_wconf 86' lang='lat' dir='ltr'><strong>humilitate</strong></span> <span class='ocrx_word' id='word_1_786' title='bbox 3499 2881 3585 2926; x_wconf 85' lang='lat' dir='ltr'><strong>est</strong></span> <span class='ocrx_word' id='word_1_787' title='bbox 3609 2881 3717 2928; x_wconf 88' lang='lat' dir='ltr'><strong>tota</strong></span> <span class='ocrx_word' id='word_1_788' title='bbox 3752 2849 3881 2930; x_wconf 82' lang='lat' dir='ltr'><strong>forti-</strong></span> 
     </span>
    </p>
   </div>
   <div class='ocr_carea' id='block_1_92' title="bbox 2301 2943 3879 3032">
    <p class='ocr_par' dir='ltr' id='par_1_94' title="bbox 2301 2943 3879 3032">
     <span class='ocr_line' id='line_1_98' title="bbox 2301 2943 3879 3032; baseline 0.017 -37"><span class='ocrx_word' id='word_1_789' title='bbox 2301 2943 2442 3032; x_wconf 31' lang='lat' dir='ltr'><strong>tudo.</strong></span> <span class='ocrx_word' id='word_1_790' title='bbox 2470 2945 2600 2999; x_wconf 88' lang='lat' dir='ltr'><strong>Cum</strong></span> <span class='ocrx_word' id='word_1_791' title='bbox 2633 2948 2845 3005; x_wconf 90' lang='lat' dir='ltr'><strong>lavisset</strong></span> <span class='ocrx_word' id='word_1_792' title='bbox 2869 2953 2947 3006; x_wconf 90' lang='lat' dir='ltr'><strong>eis</strong></span> <span class='ocrx_word' id='word_1_793' title='bbox 2975 2955 3157 3022; x_wconf 89' lang='lat' dir='ltr'><strong>pedes,</strong></span> <span class='ocrx_word' id='word_1_794' title='bbox 3191 2974 3376 3016; x_wconf 90' lang='lat' dir='ltr'><strong>rursus</strong></span> <span class='ocrx_word' id='word_1_795' title='bbox 3418 2947 3718 3032; x_wconf 79' lang='lat' dir='ltr'><strong>discubuit,</strong></span> <span class='ocrx_word' id='word_1_796' title='bbox 3748 2978 3794 3022; x_wconf 87' lang='lat' dir='ltr'><strong>et</strong></span> <span class='ocrx_word' id='word_1_797' title='bbox 3819 2967 3879 3022; x_wconf 87' lang='lat' dir='ltr'><strong>ait</strong></span> 
     </span>
    </p>
   </div>
   <div class='ocr_carea' id='block_1_93' title="bbox 2299 3031 3878 3120">
    <p class='ocr_par' dir='ltr' id='par_1_95' title="bbox 2299 3031 3878 3120">
     <span class='ocr_line' id='line_1_99' title="bbox 2299 3031 3878 3120; baseline 0.017 -36"><span class='ocrx_word' id='word_1_798' title='bbox 2299 3031 2437 3086; x_wconf 91' lang='lat' dir='ltr'><strong>illis:</strong></span> <span class='ocrx_word' id='word_1_799' title='bbox 2465 3034 2641 3090; x_wconf 80' lang='lat' dir='ltr'><strong>Dicitis</strong></span> <span class='ocrx_word' id='word_1_800' title='bbox 2665 3056 2744 3092; x_wconf 90' lang='lat' dir='ltr'><strong>me</strong></span> <span class='ocrx_word' id='word_1_801' title='bbox 2769 3039 3092 3111; x_wconf 80' lang='lat' dir='ltr'><strong>Magistrum,</strong></span> <span class='ocrx_word' id='word_1_802' title='bbox 3117 3057 3163 3100; x_wconf 92' lang='lat' dir='ltr'><strong>et</strong></span> <span class='ocrx_word' id='word_1_803' title='bbox 3182 3065 3352 3104; x_wconf 88' lang='lat' dir='ltr'><strong>verum</strong></span> <span class='ocrx_word' id='word_1_804' title='bbox 3372 3053 3591 3120; x_wconf 85' lang='lat' dir='ltr'><strong>dicitis;</strong></span> <span class='ocrx_word' id='word_1_805' title='bbox 3609 3031 3718 3109; x_wconf 88' lang='lat' dir='ltr'><strong>sum</strong></span> <span class='ocrx_word' id='word_1_806' title='bbox 3737 3057 3878 3111; x_wconf 88' lang='lat' dir='ltr'><strong>enim:</strong></span> 
     </span>
    </p>
   </div>
   <div class='ocr_carea' id='block_1_94' title="bbox 2299 3123 3878 3209">
    <p class='ocr_par' dir='ltr' id='par_1_96' title="bbox 2299 3123 3878 3209">
     <span class='ocr_line' id='line_1_100' title="bbox 2299 3123 3878 3209; baseline 0.018 -34"><span class='ocrx_word' id='word_1_807' title='bbox 2299 3123 2464 3178; x_wconf 90' lang='lat' dir='ltr'><strong>dicitis</strong></span> <span class='ocrx_word' id='word_1_808' title='bbox 2490 3143 2567 3180; x_wconf 89' lang='lat' dir='ltr'><strong>me</strong></span> <span class='ocrx_word' id='word_1_809' title='bbox 2597 3127 2893 3200; x_wconf 88' lang='lat' dir='ltr'><strong>Dominum,</strong></span> <span class='ocrx_word' id='word_1_810' title='bbox 2934 3145 2981 3189; x_wconf 90' lang='lat' dir='ltr'><strong>et</strong></span> <span class='ocrx_word' id='word_1_811' title='bbox 3027 3153 3195 3193; x_wconf 84' lang='lat' dir='ltr'><strong>verum</strong></span> <span class='ocrx_word' id='word_1_812' title='bbox 3225 3141 3434 3209; x_wconf 85' lang='lat' dir='ltr'><strong>dicitis;</strong></span> <span class='ocrx_word' id='word_1_813' title='bbox 3481 3162 3598 3199; x_wconf 87' lang='lat' dir='ltr'><strong>sum</strong></span> <span class='ocrx_word' id='word_1_814' title='bbox 3643 3149 3768 3201; x_wconf 85' lang='lat' dir='ltr'><strong>enim</strong></span> <span class='ocrx_word' id='word_1_815' title='bbox 3800 3165 3818 3201; x_wconf 83' lang='lat'><strong>.&#39;</strong></span> <span class='ocrx_word' id='word_1_816' title='bbox 3840 3149 3878 3202; x_wconf 78' lang='lat' dir='ltr'><strong>si</strong></span> 
     </span>
    </p>
   </div>
   <div class='ocr_carea' id='block_1_95' title="bbox 2297 3217 3873 3304">
    <p class='ocr_par' dir='ltr' id='par_1_97' title="bbox 2297 3217 3873 3304">
     <span class='ocr_line' id='line_1_101' title="bbox 2297 3217 3873 3304; baseline 0.017 -38"><span class='ocrx_word' id='word_1_817' title='bbox 2297 3230 2416 3285; x_wconf 89' lang='lat' dir='ltr'><strong>ergo</strong></span> <span class='ocrx_word' id='word_1_818' title='bbox 2444 3232 2534 3285; x_wconf 91' lang='lat' dir='ltr'><strong>ego</strong></span> <span class='ocrx_word' id='word_1_819' title='bbox 2567 3217 2810 3289; x_wconf 75' lang='lat' dir='ltr'><strong>Magister</strong></span> <span class='ocrx_word' id='word_1_820' title='bbox 2838 3234 2883 3276; x_wconf 90' lang='lat' dir='ltr'><strong>et</strong></span> <span class='ocrx_word' id='word_1_821' title='bbox 2917 3224 3163 3282; x_wconf 89' lang='lat' dir='ltr'><strong>Dominus</strong></span> <span class='ocrx_word' id='word_1_822' title='bbox 3207 3241 3364 3285; x_wconf 81' lang='lat' dir='ltr'><strong>vester</strong></span> <span class='ocrx_word' id='word_1_823' title='bbox 3417 3235 3524 3289; x_wconf 84' lang='lat' dir='ltr'><strong>lavi</strong></span> <span class='ocrx_word' id='word_1_824' title='bbox 3554 3237 3689 3292; x_wconf 83' lang='lat' dir='ltr'><strong>vobis</strong></span> <span class='ocrx_word' id='word_1_825' title='bbox 3727 3239 3873 3304; x_wconf 74' lang='lat' dir='ltr'><strong>pedes,</strong></span> 
     </span>
    </p>
   </div>
   <div class='ocr_carea' id='block_1_96' title="bbox 2297 3308 4045 3402">
    <p class='ocr_par' dir='ltr' id='par_1_98' title="bbox 2297 3308 4045 3402">
     <span class='ocr_line' id='line_1_102' title="bbox 2297 3308 4045 3402; baseline 0.019 -47"><span class='ocrx_word' id='word_1_826' title='bbox 2297 3308 2546 3402; x_wconf 65' lang='lat' dir='ltr'><strong>quomodo</strong></span> <span class='ocrx_word' id='word_1_827' title='bbox 2593 3322 2787 3378; x_wconf 88' lang='lat' dir='ltr'><strong>oportet</strong></span> <span class='ocrx_word' id='word_1_828' title='bbox 2839 3315 2974 3369; x_wconf 89' lang='lat' dir='ltr'><strong>vobis</strong></span> <span class='ocrx_word' id='word_1_829' title='bbox 3024 3318 3232 3374; x_wconf 88' lang='lat' dir='ltr'><strong>invicem</strong></span> <span class='ocrx_word' id='word_1_830' title='bbox 3278 3326 3490 3393; x_wconf 81' lang='lat' dir='ltr'><strong>faciatis</strong></span> <span class='ocrx_word' id='word_1_831' title='bbox 3544 3328 3565 3397; x_wconf 90' lang='lat'><strong><em>(</em></strong></span> <span class='ocrx_word' id='word_1_832' title='bbox 3580 3329 3732 3383; x_wconf 79' lang='lat' dir='ltr'><strong>Joan.</strong></span> <span class='ocrx_word' id='word_1_833' title='bbox 3773 3347 3870 3396; x_wconf 78' lang='lat' dir='ltr'><strong>xm,</strong></span> <span class='ocrx_word' id='word_1_834' title='bbox 4039 3311 4045 3402; x_wconf 62' lang='grc' dir='ltr'><strong>ἶ</strong></span> 
     </span>
    </p>
   </div>
   <div class='ocr_carea' id='block_1_97' title="bbox 2299 3396 4045 3486">
    <p class='ocr_par' dir='ltr' id='par_1_99' title="bbox 2299 3396 4045 3486">
     <span class='ocr_line' id='line_1_103' title="bbox 2299 3396 4045 3486; baseline 0.016 -38"><span class='ocrx_word' id='word_1_835' title='bbox 2299 3396 2483 3466; x_wconf 72' lang='grc' dir='ltr'><strong><em>ι.ι5)ι</em></strong></span> <span class='ocrx_word' id='word_1_836' title='bbox 2522 3399 2576 3453; x_wconf 91' lang='lat' dir='ltr'><strong>Si</strong></span> <span class='ocrx_word' id='word_1_837' title='bbox 2619 3415 2748 3470; x_wconf 88' lang='lat' dir='ltr'><strong>ergo</strong></span> <span class='ocrx_word' id='word_1_838' title='bbox 2793 3404 2845 3458; x_wconf 93' lang='lat' dir='ltr'><strong>in</strong></span> <span class='ocrx_word' id='word_1_839' title='bbox 2891 3406 3185 3464; x_wconf 67' lang='lat' dir='ltr'><strong>humilitate</strong></span> <span class='ocrx_word' id='word_1_840' title='bbox 3213 3423 3294 3467; x_wconf 88' lang='lat' dir='ltr'><strong>est</strong></span> <span class='ocrx_word' id='word_1_841' title='bbox 3322 3396 3609 3486; x_wconf 58' lang='lat' dir='ltr'><strong>rerumne,</strong></span> <span class='ocrx_word' id='word_1_842' title='bbox 3643 3423 3796 3476; x_wconf 86' lang='lat' dir='ltr'><strong>nolite</strong></span> <span class='ocrx_word' id='word_1_843' title='bbox 3821 3424 3872 3474; x_wconf 77' lang='grc' dir='ltr'><strong>ιῑ-</strong></span> <span class='ocrx_word' id='word_1_844' title='bbox 4039 3396 4045 3450; x_wconf 62' lang='grc' dir='ltr'><em>ε</em></span> 
     </span>
    </p>
   </div>
   <div class='ocr_carea' id='block_1_98' title="bbox 2299 3492 3867 3581">
    <p class='ocr_par' dir='ltr' id='par_1_100' title="bbox 2299 3492 3867 3581">
     <span class='ocr_line' id='line_1_104' title="bbox 2299 3492 3867 3581; baseline 0.017 -42"><span class='ocrx_word' id='word_1_845' title='bbox 2299 3504 2446 3542; x_wconf 89' lang='lat' dir='ltr'><strong>mere</strong></span> <span class='ocrx_word' id='word_1_846' title='bbox 2473 3492 2750 3559; x_wconf 90' lang='lat' dir='ltr'><strong>superbos.</strong></span> <span class='ocrx_word' id='word_1_847' title='bbox 2785 3493 3021 3553; x_wconf 86' lang='lat' dir='ltr'><strong>Humiles</strong></span> <span class='ocrx_word' id='word_1_848' title='bbox 3070 3511 3315 3572; x_wconf 91' lang='lat' dir='ltr'><strong>tanquam</strong></span> <span class='ocrx_word' id='word_1_849' title='bbox 3364 3519 3522 3576; x_wconf 90' lang='lat' dir='ltr'><strong>petra</strong></span> <span class='ocrx_word' id='word_1_850' title='bbox 3556 3521 3714 3567; x_wconf 91' lang='lat' dir='ltr'><strong>sunt:</strong></span> <span class='ocrx_word' id='word_1_851' title='bbox 3742 3521 3867 3581; x_wconf 86' lang='lat' dir='ltr'><strong>petra</strong></span> 
     </span>
    </p>
   </div>
   <div class='ocr_carea' id='block_1_99' title="bbox 2297 3578 3866 3672">
    <p class='ocr_par' dir='ltr' id='par_1_101' title="bbox 2297 3578 3866 3672">
     <span class='ocr_line' id='line_1_105' title="bbox 2297 3578 3866 3672; baseline 0.015 -42"><span class='ocrx_word' id='word_1_852' title='bbox 2297 3578 2544 3635; x_wconf 87' lang='lat' dir='ltr'><strong>deorsum</strong></span> <span class='ocrx_word' id='word_1_853' title='bbox 2572 3583 2800 3651; x_wconf 88' lang='lat' dir='ltr'><strong>videtur,</strong></span> <span class='ocrx_word' id='word_1_854' title='bbox 2830 3587 2925 3642; x_wconf 89' lang='lat' dir='ltr'><strong>sed</strong></span> <span class='ocrx_word' id='word_1_855' title='bbox 2957 3591 3124 3646; x_wconf 87' lang='lat' dir='ltr'><strong>solida</strong></span> <span class='ocrx_word' id='word_1_856' title='bbox 3151 3603 3250 3648; x_wconf 87' lang='lat' dir='ltr'><strong>est.</strong></span> <span class='ocrx_word' id='word_1_857' title='bbox 3283 3596 3518 3665; x_wconf 86' lang='lat' dir='ltr'><strong>Superbi</strong></span> <span class='ocrx_word' id='word_1_858' title='bbox 3542 3602 3708 3672; x_wconf 85' lang='lat' dir='ltr'><strong>quid?</strong></span> <span class='ocrx_word' id='word_1_859' title='bbox 3729 3578 3866 3669; x_wconf 84' lang='lat' dir='ltr'><strong>Quasi</strong></span> 
     </span>
    </p>
   </div>
   <div class='ocr_carea' id='block_1_100' title="bbox 2298 3639 4042 3761">
    <p class='ocr_par' dir='ltr' id='par_1_102' title="bbox 2298 3639 4042 3761">
     <span class='ocr_line' id='line_1_106' title="bbox 2785 3639 3866 3672; baseline 0.012 -27"><span class='ocrx_word' id='word_1_860' title='bbox 2785 3639 2799 3651; x_wconf 86' lang='lat'><strong>,</strong></span> <span class='ocrx_word' id='word_1_861' title='bbox 2832 3639 2924 3642; x_wconf 32' lang='grc' dir='ltr'><strong>--μ</strong></span> <span class='ocrx_word' id='word_1_862' title='bbox 3153 3639 3250 3648; x_wconf 69' lang='grc' dir='ltr'><strong><em>ν..-</em></strong></span> <span class='ocrx_word' id='word_1_863' title='bbox 3283 3639 3518 3665; x_wconf 53' lang='lat' dir='ltr'><strong>up“...</strong></span> <span class='ocrx_word' id='word_1_864' title='bbox 3542 3639 3699 3672; x_wconf 66' lang='grc' dir='ltr'><strong><em>ψη...</em></strong></span> <span class='ocrx_word' id='word_1_865' title='bbox 3729 3639 3866 3669; x_wconf 58' lang='grc' dir='ltr'><strong>κω.</strong></span> 
     </span>
     <span class='ocr_line' id='line_1_107' title="bbox 2298 3639 4042 3761; baseline 0.013 -35"><span class='ocrx_word' id='word_1_866' title='bbox 2298 3670 2504 3728; x_wconf 87' lang='lat' dir='ltr'><strong>fumus:</strong></span> <span class='ocrx_word' id='word_1_867' title='bbox 2532 3677 2628 3731; x_wconf 91' lang='lat' dir='ltr'><strong>etsi</strong></span> <span class='ocrx_word' id='word_1_868' title='bbox 2652 3678 2745 3732; x_wconf 87' lang='lat' dir='ltr'><strong>alti</strong></span> <span class='ocrx_word' id='word_1_869' title='bbox 2774 3689 2917 3746; x_wconf 88' lang='lat' dir='ltr'><strong>sunt,</strong></span> <span class='ocrx_word' id='word_1_870' title='bbox 2951 3695 3290 3740; x_wconf 86' lang='lat' dir='ltr'><strong>evanescunt.</strong></span> <span class='ocrx_word' id='word_1_871' title='bbox 3339 3690 3485 3761; x_wconf 84' lang='lat' dir='ltr'><strong>Ergo</strong></span> <span class='ocrx_word' id='word_1_872' title='bbox 3513 3692 3579 3748; x_wconf 92' lang='lat' dir='ltr'><strong>ad</strong></span> <span class='ocrx_word' id='word_1_873' title='bbox 3626 3693 3868 3747; x_wconf 68' lang='lat' dir='ltr'><strong>humilita:</strong></span> <span class='ocrx_word' id='word_1_874' title='bbox 4033 3639 4042 3761; x_wconf 50' lang='grc'><strong>1</strong></span> 
     </span>
    </p>
   </div>
   <div class='ocr_carea' id='block_1_101' title="bbox 2300 3765 3862 3851">
    <p class='ocr_par' dir='ltr' id='par_1_103' title="bbox 2300 3765 3862 3851">
     <span class='ocr_line' id='line_1_108' title="bbox 2300 3765 3862 3851; baseline 0.013 -35"><span class='ocrx_word' id='word_1_875' title='bbox 2300 3771 2405 3818; x_wconf 90' lang='lat' dir='ltr'><strong>tem</strong></span> <span class='ocrx_word' id='word_1_876' title='bbox 2454 3765 2660 3821; x_wconf 89' lang='lat' dir='ltr'><strong>Domini</strong></span> <span class='ocrx_word' id='word_1_877' title='bbox 2710 3768 2911 3826; x_wconf 89' lang='lat' dir='ltr'><strong>referre</strong></span> <span class='ocrx_word' id='word_1_878' title='bbox 2956 3772 3215 3831; x_wconf 89' lang='lat' dir='ltr'><strong>debemus</strong></span> <span class='ocrx_word' id='word_1_879' title='bbox 3262 3780 3403 3846; x_wconf 85' lang='lat' dir='ltr'><strong>quod</strong></span> <span class='ocrx_word' id='word_1_880' title='bbox 3440 3784 3753 3851; x_wconf 67' lang='lat' dir='ltr'><strong>prtecinctus</strong></span> <span class='ocrx_word' id='word_1_881' title='bbox 3777 3794 3862 3848; x_wconf 89' lang='lat' dir='ltr'><strong>cst,</strong></span> 
     </span>
    </p>
   </div>
   <div class='ocr_carea' id='block_1_102' title="bbox 2298 3856 3863 3947">
    <p class='ocr_par' dir='ltr' id='par_1_104' title="bbox 2298 3856 3863 3947">
     <span class='ocr_line' id='line_1_109' title="bbox 2298 3856 3863 3947; baseline 0.014 -38"><span class='ocrx_word' id='word_1_882' title='bbox 2298 3856 2590 3947; x_wconf 86' lang='lat' dir='ltr'><strong>secundum</strong></span> <span class='ocrx_word' id='word_1_883' title='bbox 2621 3865 3184 3922; x_wconf 89' lang='lat' dir='ltr'><strong>commemorationem</strong></span> <span class='ocrx_word' id='word_1_884' title='bbox 3237 3871 3535 3943; x_wconf 90' lang='lat' dir='ltr'><strong>Evangelii,</strong></span> <span class='ocrx_word' id='word_1_885' title='bbox 3580 3877 3716 3947; x_wconf 88' lang='lat' dir='ltr'><strong>quod</strong></span> <span class='ocrx_word' id='word_1_886' title='bbox 3746 3892 3863 3947; x_wconf 70' lang='lat' dir='ltr'><strong>prte-</strong></span> 
     </span>
    </p>
   </div>
   <div class='ocr_carea' id='block_1_103' title="bbox 2297 3946 3602 4031">
    <p class='ocr_par' dir='ltr' id='par_1_105' title="bbox 2297 3946 3602 4031">
     <span class='ocr_line' id='line_1_110' title="bbox 2297 3946 3602 4031; baseline 0.015 -31"><span class='ocrx_word' id='word_1_887' title='bbox 2297 3946 2501 4003; x_wconf 88' lang='lat' dir='ltr'><strong>einctus</strong></span> <span class='ocrx_word' id='word_1_888' title='bbox 2527 3959 2628 4016; x_wconf 87' lang='lat' dir='ltr'><strong>est,</strong></span> <span class='ocrx_word' id='word_1_889' title='bbox 2665 3961 2721 4005; x_wconf 90' lang='lat' dir='ltr'><strong>ut</strong></span> <span class='ocrx_word' id='word_1_890' title='bbox 2746 3953 2946 4010; x_wconf 79' lang='lat' dir='ltr'><strong>lavat-et</strong></span> <span class='ocrx_word' id='word_1_891' title='bbox 2975 3957 3138 4026; x_wconf 87' lang='lat' dir='ltr'><strong>pedes</strong></span> <span class='ocrx_word' id='word_1_892' title='bbox 3167 3959 3442 4031; x_wconf 89' lang='lat' dir='ltr'><strong>discipulis</strong></span> <span class='ocrx_word' id='word_1_893' title='bbox 3469 3965 3602 4022; x_wconf 88' lang='lat' dir='ltr'><strong>suis.</strong></span> 
     </span>
    </p>
   </div>
   <div class='ocr_carea' id='block_1_104' title="bbox 2374 4041 3856 4128">
    <p class='ocr_par' dir='ltr' id='par_1_106' title="bbox 2374 4041 3856 4128">
     <span class='ocr_line' id='line_1_111' title="bbox 2374 4041 3856 4128; baseline 0.011 -33"><span class='ocrx_word' id='word_1_894' title='bbox 2374 4041 2424 4096; x_wconf 80' lang='grc' dir='ltr'><strong>ι.</strong></span> <span class='ocrx_word' id='word_1_895' title='bbox 2456 4041 2550 4096; x_wconf 90' lang='lat' dir='ltr'><strong>Est</strong></span> <span class='ocrx_word' id='word_1_896' title='bbox 2573 4043 2714 4097; x_wconf 87' lang='lat' dir='ltr'><strong>aliud</strong></span> <span class='ocrx_word' id='word_1_897' title='bbox 2740 4047 2880 4116; x_wconf 92' lang='lat' dir='ltr'><strong>quod</strong></span> <span class='ocrx_word' id='word_1_898' title='bbox 2901 4048 2952 4101; x_wconf 91' lang='lat' dir='ltr'><strong>in</strong></span> <span class='ocrx_word' id='word_1_899' title='bbox 2973 4049 3072 4105; x_wconf 90' lang='lat' dir='ltr'><strong>hoc</strong></span> <span class='ocrx_word' id='word_1_900' title='bbox 3093 4054 3258 4108; x_wconf 89' lang='lat' dir='ltr'><strong>verbo</strong></span> <span class='ocrx_word' id='word_1_901' title='bbox 3280 4058 3551 4124; x_wconf 90' lang='lat' dir='ltr'><strong>possimus</strong></span> <span class='ocrx_word' id='word_1_902' title='bbox 3573 4060 3856 4128; x_wconf 77' lang='lat' dir='ltr'><strong>intelligere.</strong></span> 
     </span>
    </p>
   </div>
   <div class='ocr_carea' id='block_1_105' title="bbox 2299 4128 3856 4217">
    <p class='ocr_par' dir='ltr' id='par_1_107' title="bbox 2299 4128 3856 4217">
     <span class='ocr_line' id='line_1_112' title="bbox 2299 4128 3856 4217; baseline 0.009 -34"><span class='ocrx_word' id='word_1_903' title='bbox 2299 4128 2538 4186; x_wconf 85' lang='lat' dir='ltr'><strong>Diximus</strong></span> <span class='ocrx_word' id='word_1_904' title='bbox 2557 4135 2677 4204; x_wconf 93' lang='lat' dir='ltr'><strong>quia</strong></span> <span class='ocrx_word' id='word_1_905' title='bbox 2703 4136 2790 4206; x_wconf 90' lang='lat' dir='ltr'><strong>qui</strong></span> <span class='ocrx_word' id='word_1_906' title='bbox 2818 4153 2877 4192; x_wconf 91' lang='lat' dir='ltr'><strong>se</strong></span> <span class='ocrx_word' id='word_1_907' title='bbox 2899 4142 3188 4211; x_wconf 67' lang='lat' dir='ltr'><strong>przeciugit,</strong></span> <span class='ocrx_word' id='word_1_908' title='bbox 3221 4155 3343 4200; x_wconf 89' lang='lat' dir='ltr'><strong>ante</strong></span> <span class='ocrx_word' id='word_1_909' title='bbox 3369 4163 3428 4202; x_wconf 89' lang='lat' dir='ltr'><strong>se</strong></span> <span class='ocrx_word' id='word_1_910' title='bbox 3453 4150 3601 4216; x_wconf 86' lang='lat' dir='ltr'><strong>ponit</strong></span> <span class='ocrx_word' id='word_1_911' title='bbox 3622 4148 3752 4217; x_wconf 88' lang='lat' dir='ltr'><strong>quod</strong></span> <span class='ocrx_word' id='word_1_912' title='bbox 3773 4146 3856 4201; x_wconf 88' lang='lat' dir='ltr'><strong>sibi</strong></span> 
     </span>
    </p>
   </div>
   <div class='ocr_carea' id='block_1_106' title="bbox 2296 4220 3857 4306">
    <p class='ocr_par' dir='ltr' id='par_1_108' title="bbox 2296 4220 3857 4306">
     <span class='ocr_line' id='line_1_113' title="bbox 2296 4220 3857 4306; baseline 0.008 -31"><span class='ocrx_word' id='word_1_913' title='bbox 2296 4220 2551 4291; x_wconf 88' lang='lat' dir='ltr'><strong>adjungit,</strong></span> <span class='ocrx_word' id='word_1_914' title='bbox 2585 4232 2640 4276; x_wconf 92' lang='lat' dir='ltr'><strong>ut</strong></span> <span class='ocrx_word' id='word_1_915' title='bbox 2666 4239 2723 4279; x_wconf 82' lang='lat' dir='ltr'><strong>se</strong></span> <span class='ocrx_word' id='word_1_916' title='bbox 2751 4227 2947 4297; x_wconf 86' lang='lat' dir='ltr'><strong>cingat.</strong></span> <span class='ocrx_word' id='word_1_917' title='bbox 2971 4229 3102 4296; x_wconf 90' lang='lat' dir='ltr'><strong>Quia</strong></span> <span class='ocrx_word' id='word_1_918' title='bbox 3128 4248 3257 4303; x_wconf 87' lang='lat' dir='ltr'><strong>ergo</strong></span> <span class='ocrx_word' id='word_1_919' title='bbox 3280 4234 3352 4288; x_wconf 91' lang='lat' dir='ltr'><strong>illi</strong></span> <span class='ocrx_word' id='word_1_920' title='bbox 3375 4239 3464 4306; x_wconf 90' lang='lat' dir='ltr'><strong>qui</strong></span> <span class='ocrx_word' id='word_1_921' title='bbox 3489 4237 3857 4292; x_wconf 87' lang='lat' dir='ltr'><strong>detrahuntno-</strong></span> 
     </span>
    </p>
   </div>
   <div class='ocr_carea' id='block_1_107' title="bbox 2296 4312 3854 4399">
    <p class='ocr_par' dir='ltr' id='par_1_109' title="bbox 2296 4312 3854 4399">
     <span class='ocr_line' id='line_1_114' title="bbox 2296 4312 3854 4399; baseline 0.008 -32"><span class='ocrx_word' id='word_1_922' title='bbox 2296 4312 2399 4378; x_wconf 89' lang='lat' dir='ltr'><strong>bis,</strong></span> <span class='ocrx_word' id='word_1_923' title='bbox 2431 4315 2714 4384; x_wconf 90' lang='lat' dir='ltr'><strong>aliquando</strong></span> <span class='ocrx_word' id='word_1_924' title='bbox 2737 4318 2889 4373; x_wconf 91' lang='lat' dir='ltr'><strong>nobis</strong></span> <span class='ocrx_word' id='word_1_925' title='bbox 2909 4320 3216 4378; x_wconf 86' lang='lat' dir='ltr'><strong>absentibus</strong></span> <span class='ocrx_word' id='word_1_926' title='bbox 3240 4324 3458 4391; x_wconf 90' lang='lat' dir='ltr'><strong>faciunt,</strong></span> <span class='ocrx_word' id='word_1_927' title='bbox 3486 4339 3727 4399; x_wconf 90' lang='lat' dir='ltr'><strong>tanquam</strong></span> <span class='ocrx_word' id='word_1_928' title='bbox 3757 4335 3854 4398; x_wconf 87' lang='lat' dir='ltr'><strong>post</strong></span> 
     </span>
    </p>
   </div>
   <div class='ocr_carea' id='block_1_108' title="bbox 2297 4404 3854 4484">
    <p class='ocr_par' dir='ltr' id='par_1_110' title="bbox 2297 4404 3854 4484">
     <span class='ocr_line' id='line_1_115' title="bbox 2297 4404 3854 4484; baseline 0.013 -27"><span class='ocrx_word' id='word_1_929' title='bbox 2297 4404 2547 4471; x_wconf 86' lang='lat' dir='ltr'><strong>dorsum;</strong></span> <span class='ocrx_word' id='word_1_930' title='bbox 2595 4408 2880 4479; x_wconf 90' lang='lat' dir='ltr'><strong>aliquando</strong></span> <span class='ocrx_word' id='word_1_931' title='bbox 2924 4428 3102 4468; x_wconf 91' lang='lat' dir='ltr'><strong>coram</strong></span> <span class='ocrx_word' id='word_1_932' title='bbox 3136 4416 3188 4471; x_wconf 93' lang='lat' dir='ltr'><strong>in</strong></span> <span class='ocrx_word' id='word_1_933' title='bbox 3224 4417 3432 4484; x_wconf 88' lang='lat' dir='ltr'><strong>faciem,</strong></span> <span class='ocrx_word' id='word_1_934' title='bbox 3476 4423 3614 4475; x_wconf 87' lang='lat' dir='ltr'><strong>sicut</strong></span> <span class='ocrx_word' id='word_1_935' title='bbox 3656 4419 3854 4475; x_wconf 64' lang='lat' dir='ltr'><strong>Dimino</strong></span> 
     </span>
    </p>
   </div>
   <div class='ocr_carea' id='block_1_109' title="bbox 2297 4493 3851 4577">
    <p class='ocr_par' dir='ltr' id='par_1_111' title="bbox 2297 4493 3851 4577">
     <span class='ocr_line' id='line_1_116' title="bbox 2297 4493 3851 4577; baseline 0.008 -30"><span class='ocrx_word' id='word_1_936' title='bbox 2297 4493 2560 4550; x_wconf 85' lang='lat' dir='ltr'><strong>faciebant</strong></span> <span class='ocrx_word' id='word_1_937' title='bbox 2591 4499 2836 4568; x_wconf 86' lang='lat' dir='ltr'><strong>pendenti</strong></span> <span class='ocrx_word' id='word_1_938' title='bbox 2868 4503 2917 4556; x_wconf 90' lang='lat' dir='ltr'><strong>in</strong></span> <span class='ocrx_word' id='word_1_939' title='bbox 2945 4519 3124 4570; x_wconf 87' lang='lat' dir='ltr'><strong>cruce,</strong></span> <span class='ocrx_word' id='word_1_940' title='bbox 3157 4505 3219 4560; x_wconf 90' lang='lat' dir='ltr'><strong>Si</strong></span> <span class='ocrx_word' id='word_1_941' title='bbox 3259 4509 3398 4577; x_wconf 72' lang='lat' dir='ltr'><strong>[ilius</strong></span> <span class='ocrx_word' id='word_1_942' title='bbox 3438 4510 3537 4564; x_wconf 91' lang='lat' dir='ltr'><strong>Dei</strong></span> <span class='ocrx_word' id='word_1_943' title='bbox 3558 4520 3646 4576; x_wconf 85' lang='lat' dir='ltr'><strong>est,</strong></span> <span class='ocrx_word' id='word_1_944' title='bbox 3674 4509 3851 4564; x_wconf 83' lang='lat' dir='ltr'><strong>descen-</strong></span> 
     </span>
    </p>
   </div>
   <div class='ocr_carea' id='block_1_110' title="bbox 2297 4585 3850 4671">
    <p class='ocr_par' dir='ltr' id='par_1_112' title="bbox 2297 4585 3850 4671">
     <span class='ocr_line' id='line_1_117' title="bbox 2297 4585 3850 4671; baseline 0.008 -33"><span class='ocrx_word' id='word_1_945' title='bbox 2297 4585 2383 4639; x_wconf 88' lang='lat' dir='ltr'><strong>dat</strong></span> <span class='ocrx_word' id='word_1_946' title='bbox 2410 4587 2472 4640; x_wconf 86' lang='lat' dir='ltr'><strong>de</strong></span> <span class='ocrx_word' id='word_1_947' title='bbox 2499 4605 2647 4643; x_wconf 85' lang='lat' dir='ltr'><strong>cruce</strong></span> <span class='ocrx_word' id='word_1_948' title='bbox 2667 4590 2882 4661; x_wconf 81' lang='lat' dir='ltr'><strong>(Matth.</strong></span> <span class='ocrx_word' id='word_1_949' title='bbox 2913 4611 3072 4661; x_wconf 79' lang='lat' dir='ltr'><strong>xxvu,</strong></span> <span class='ocrx_word' id='word_1_950' title='bbox 3103 4595 3194 4668; x_wconf 75' lang='grc'><strong>40)</strong></span> <span class='ocrx_word' id='word_1_951' title='bbox 3215 4614 3228 4651; x_wconf 86' lang='lat'><strong>:</strong></span> <span class='ocrx_word' id='word_1_952' title='bbox 3253 4615 3358 4655; x_wconf 89' lang='lat' dir='ltr'><strong>non</strong></span> <span class='ocrx_word' id='word_1_953' title='bbox 3386 4618 3519 4671; x_wconf 78' lang='lat' dir='ltr'><strong>Opus</strong></span> <span class='ocrx_word' id='word_1_954' title='bbox 3547 4603 3703 4657; x_wconf 88' lang='lat' dir='ltr'><strong>babes</strong></span> <span class='ocrx_word' id='word_1_955' title='bbox 3725 4600 3850 4655; x_wconf 85' lang='lat' dir='ltr'><strong>forti-</strong></span> 
     </span>
    </p>
   </div>
   <div class='ocr_carea' id='block_1_111' title="bbox 2298 4677 3845 4762">
    <p class='ocr_par' dir='ltr' id='par_1_113' title="bbox 2298 4677 3845 4762">
     <span class='ocr_line' id='line_1_118' title="bbox 2298 4677 3845 4762; baseline 0.011 -32"><span class='ocrx_word' id='word_1_956' title='bbox 2298 4677 2476 4732; x_wconf 88' lang='lat' dir='ltr'><strong>tudine</strong></span> <span class='ocrx_word' id='word_1_957' title='bbox 2501 4681 2711 4748; x_wconf 90' lang='lat' dir='ltr'><strong>quando</strong></span> <span class='ocrx_word' id='word_1_958' title='bbox 2751 4682 2842 4738; x_wconf 88' lang='lat' dir='ltr'><strong>tibi</strong></span> <span class='ocrx_word' id='word_1_959' title='bbox 2879 4685 3068 4754; x_wconf 83' lang='lat' dir='ltr'><strong>aliquis</strong></span> <span class='ocrx_word' id='word_1_960' title='bbox 3092 4686 3322 4743; x_wconf 91' lang='lat' dir='ltr'><strong>detrahit</strong></span> <span class='ocrx_word' id='word_1_961' title='bbox 3346 4694 3572 4756; x_wconf 85' lang='lat' dir='ltr'><strong>absenti,</strong></span> <span class='ocrx_word' id='word_1_962' title='bbox 3613 4691 3726 4762; x_wconf 87' lang='lat' dir='ltr'><strong>quia</strong></span> <span class='ocrx_word' id='word_1_963' title='bbox 3759 4703 3845 4744; x_wconf 83' lang='lat' dir='ltr'><strong>non</strong></span> 
     </span>
    </p>
   </div>
   <div class='ocr_carea' id='block_1_112' title="bbox 2296 4767 3841 4848">
    <p class='ocr_par' dir='ltr' id='par_1_114' title="bbox 2296 4767 3841 4848">
     <span class='ocr_line' id='line_1_119' title="bbox 2296 4767 3841 4848; baseline 0.009 -27"><span class='ocrx_word' id='word_1_964' title='bbox 2296 4767 2465 4831; x_wconf 90' lang='lat' dir='ltr'><strong>audis,</strong></span> <span class='ocrx_word' id='word_1_965' title='bbox 2491 4785 2589 4824; x_wconf 91' lang='lat' dir='ltr'><strong>nec</strong></span> <span class='ocrx_word' id='word_1_966' title='bbox 2615 4772 2814 4836; x_wconf 89' lang='lat' dir='ltr'><strong>sentis;</strong></span> <span class='ocrx_word' id='word_1_967' title='bbox 2845 4774 2888 4826; x_wconf 85' lang='lat' dir='ltr'><strong>si</strong></span> <span class='ocrx_word' id='word_1_968' title='bbox 2914 4784 3088 4829; x_wconf 89' lang='lat' dir='ltr'><strong>autem</strong></span> <span class='ocrx_word' id='word_1_969' title='bbox 3125 4777 3176 4831; x_wconf 92' lang='lat' dir='ltr'><strong>in</strong></span> <span class='ocrx_word' id='word_1_970' title='bbox 3214 4776 3402 4834; x_wconf 89' lang='lat' dir='ltr'><strong>faciem</strong></span> <span class='ocrx_word' id='word_1_971' title='bbox 3427 4782 3518 4836; x_wconf 87' lang='lat' dir='ltr'><strong>tibi</strong></span> <span class='ocrx_word' id='word_1_972' title='bbox 3544 4782 3699 4848; x_wconf 88' lang='lat' dir='ltr'><strong>dicat,</strong></span> <span class='ocrx_word' id='word_1_973' title='bbox 3726 4791 3841 4846; x_wconf 59' lang='lat' dir='ltr'><strong>opus</strong></span> 
     </span>
    </p>
   </div>
   <div class='ocr_carea' id='block_1_113' title="bbox 2298 4858 3842 4932">
    <p class='ocr_par' dir='ltr' id='par_1_115' title="bbox 2298 4858 3842 4932">
     <span class='ocr_line' id='line_1_120' title="bbox 2298 4858 3842 4932; baseline 0.004 -21"><span class='ocrx_word' id='word_1_974' title='bbox 2298 4867 2460 4913; x_wconf 86' lang='lat' dir='ltr'><strong>estut</strong></span> <span class='ocrx_word' id='word_1_975' title='bbox 2489 4858 2640 4915; x_wconf 86' lang='lat' dir='ltr'><strong>fortis</strong></span> <span class='ocrx_word' id='word_1_976' title='bbox 2667 4864 2760 4916; x_wconf 88' lang='lat' dir='ltr'><strong>sis.</strong></span> <span class='ocrx_word' id='word_1_977' title='bbox 2803 4863 2937 4930; x_wconf 90' lang='lat' dir='ltr'><strong>Quid</strong></span> <span class='ocrx_word' id='word_1_978' title='bbox 2966 4877 3069 4932; x_wconf 88' lang='lat' dir='ltr'><strong>est,</strong></span> <span class='ocrx_word' id='word_1_979' title='bbox 3121 4867 3299 4924; x_wconf 83' lang='lat' dir='ltr'><strong>Fortis</strong></span> <span class='ocrx_word' id='word_1_980' title='bbox 3343 4873 3452 4927; x_wconf 67' lang='lat' dir='ltr'><strong>sis?</strong></span> <span class='ocrx_word' id='word_1_981' title='bbox 3495 4872 3562 4928; x_wconf 90' lang='lat' dir='ltr'><strong>Ut</strong></span> <span class='ocrx_word' id='word_1_982' title='bbox 3606 4872 3762 4925; x_wconf 85' lang='lat' dir='ltr'><strong>feras:</strong></span> <span class='ocrx_word' id='word_1_983' title='bbox 3789 4880 3842 4920; x_wconf 88' lang='lat' dir='ltr'><strong>ne</strong></span> 
     </span>
    </p>
   </div>
   <div class='ocr_carea' id='block_1_114' title="bbox 2297 4945 3841 5032">
    <p class='ocr_par' dir='ltr' id='par_1_116' title="bbox 2297 4945 3841 5032">
     <span class='ocr_line' id='line_1_121' title="bbox 2297 4945 3841 5032; baseline 0.005 -32"><span class='ocrx_word' id='word_1_984' title='bbox 2297 4945 2434 5003; x_wconf 87' lang='lat' dir='ltr'><strong>forte</strong></span> <span class='ocrx_word' id='word_1_985' title='bbox 2464 4948 2583 5004; x_wconf 90' lang='lat' dir='ltr'><strong>ideo</strong></span> <span class='ocrx_word' id='word_1_986' title='bbox 2610 4960 2662 5005; x_wconf 87' lang='lat' dir='ltr'><strong>te</strong></span> <span class='ocrx_word' id='word_1_987' title='bbox 2690 4961 2843 5021; x_wconf 89' lang='lat' dir='ltr'><strong>putes</strong></span> <span class='ocrx_word' id='word_1_988' title='bbox 2873 4953 3086 5023; x_wconf 90' lang='lat' dir='ltr'><strong>fortem,</strong></span> <span class='ocrx_word' id='word_1_989' title='bbox 3111 4973 3229 5013; x_wconf 90' lang='lat' dir='ltr'><strong>cum</strong></span> <span class='ocrx_word' id='word_1_990' title='bbox 3256 4961 3509 5029; x_wconf 87' lang='lat' dir='ltr'><strong>audieris,</strong></span> <span class='ocrx_word' id='word_1_991' title='bbox 3534 4961 3649 5032; x_wconf 86' lang='lat' dir='ltr'><strong>quia</strong></span> <span class='ocrx_word' id='word_1_992' title='bbox 3675 4971 3841 5030; x_wconf 69' lang='lat' dir='ltr'><strong>percu-</strong></span> 
     </span>
    </p>
   </div>
   <div class='ocr_carea' id='block_1_115' title="bbox 2299 5036 3839 5109">
    <p class='ocr_par' dir='ltr' id='par_1_117' title="bbox 2299 5036 3839 5109">
     <span class='ocr_line' id='line_1_122' title="bbox 2299 5036 3839 5109; baseline 0.008 -19"><span class='ocrx_word' id='word_1_993' title='bbox 2299 5036 2364 5092; x_wconf 85' lang='lat' dir='ltr'><strong>tis</strong></span> <span class='ocrx_word' id='word_1_994' title='bbox 2396 5053 2569 5109; x_wconf 88' lang='lat' dir='ltr'><strong>puguo</strong></span> <span class='ocrx_word' id='word_1_995' title='bbox 2614 5041 2786 5096; x_wconf 88' lang='lat' dir='ltr'><strong>victus</strong></span> <span class='ocrx_word' id='word_1_996' title='bbox 2823 5045 3084 5101; x_wconf 76' lang='lat' dir='ltr'><strong>cotnvicio.</strong></span> <span class='ocrx_word' id='word_1_997' title='bbox 3132 5047 3246 5103; x_wconf 89' lang='lat' dir='ltr'><strong>Non</strong></span> <span class='ocrx_word' id='word_1_998' title='bbox 3277 5059 3360 5105; x_wconf 90' lang='lat' dir='ltr'><strong>est</strong></span> <span class='ocrx_word' id='word_1_999' title='bbox 3389 5053 3488 5107; x_wconf 88' lang='lat' dir='ltr'><strong>ista</strong></span> <span class='ocrx_word' id='word_1_1000' title='bbox 3527 5047 3776 5108; x_wconf 81' lang='lat' dir='ltr'><strong>fortitudo.</strong></span> <span class='ocrx_word' id='word_1_1001' title='bbox 3802 5045 3839 5096; x_wconf 80' lang='lat' dir='ltr'><strong>si</strong></span> 
     </span>
    </p>
   </div>
   <div class='ocr_carea' id='block_1_116' title="bbox 2295 5130 3839 5207">
    <p class='ocr_par' dir='ltr' id='par_1_118' title="bbox 2295 5130 3839 5207">
     <span class='ocr_line' id='line_1_123' title="bbox 2295 5130 3839 5207; baseline 0.005 -25"><span class='ocrx_word' id='word_1_1002' title='bbox 2295 5130 2621 5186; x_wconf 88' lang='lat' dir='ltr'><strong>conviciatns</strong></span> <span class='ocrx_word' id='word_1_1003' title='bbox 2663 5137 2948 5203; x_wconf 88' lang='lat' dir='ltr'><strong>percutias,</strong></span> <span class='ocrx_word' id='word_1_1004' title='bbox 2978 5141 3228 5207; x_wconf 87' lang='lat' dir='ltr'><strong>quoniam</strong></span> <span class='ocrx_word' id='word_1_1005' title='bbox 3259 5143 3328 5197; x_wconf 90' lang='lat' dir='ltr'><strong>ab</strong></span> <span class='ocrx_word' id='word_1_1006' title='bbox 3359 5143 3434 5197; x_wconf 90' lang='lat' dir='ltr'><strong>ira</strong></span> <span class='ocrx_word' id='word_1_1007' title='bbox 3477 5143 3637 5196; x_wconf 85' lang='lat' dir='ltr'><strong>victus</strong></span> <span class='ocrx_word' id='word_1_1008' title='bbox 3662 5139 3746 5194; x_wconf 69' lang='grc' dir='ltr'><strong>ες*</strong></span> <span class='ocrx_word' id='word_1_1009' title='bbox 3765 5155 3775 5190; x_wconf 90' lang='lat'><strong>:</strong></span> <span class='ocrx_word' id='word_1_1010' title='bbox 3797 5143 3839 5187; x_wconf 79' lang='lat' dir='ltr'><strong>et</strong></span> 
     </span>
    </p>
   </div>
   <div class='ocr_carea' id='block_1_117' title="bbox 2295 5221 3830 5294">
    <p class='ocr_par' dir='ltr' id='par_1_119' title="bbox 2295 5221 3830 5294">
     <span class='ocr_line' id='line_1_124' title="bbox 2295 5221 3830 5294; baseline 0.004 -20"><span class='ocrx_word' id='word_1_1011' title='bbox 2295 5221 2449 5277; x_wconf 89' lang='lat' dir='ltr'><strong>valde</strong></span> <span class='ocrx_word' id='word_1_1012' title='bbox 2491 5224 2708 5279; x_wconf 90' lang='lat' dir='ltr'><strong>stultum</strong></span> <span class='ocrx_word' id='word_1_1013' title='bbox 2756 5237 2860 5294; x_wconf 90' lang='lat' dir='ltr'><strong>est,</strong></span> <span class='ocrx_word' id='word_1_1014' title='bbox 2909 5228 3179 5286; x_wconf 89' lang='lat' dir='ltr'><strong>hominem</strong></span> <span class='ocrx_word' id='word_1_1015' title='bbox 3211 5234 3408 5289; x_wconf 85' lang='lat' dir='ltr'><strong>victum</strong></span> <span class='ocrx_word' id='word_1_1016' title='bbox 3457 5237 3635 5290; x_wconf 86' lang='lat' dir='ltr'><strong>fortem</strong></span> <span class='ocrx_word' id='word_1_1017' title='bbox 3661 5232 3830 5290; x_wconf 83' lang='lat' dir='ltr'><strong>dicere,</strong></span> 
     </span>
    </p>
   </div>
   <div class='ocr_carea' id='block_1_118' title="bbox 2295 5314 3831 5393">
    <p class='ocr_par' dir='ltr' id='par_1_120' title="bbox 2295 5314 3831 5393">
     <span class='ocr_line' id='line_1_125' title="bbox 2295 5314 3831 5393; baseline 0.004 -25"><span class='ocrx_word' id='word_1_1018' title='bbox 2295 5328 2416 5368; x_wconf 90' lang='lat' dir='ltr'><strong>cum</strong></span> <span class='ocrx_word' id='word_1_1019' title='bbox 2440 5314 2583 5370; x_wconf 88' lang='lat' dir='ltr'><strong>dicat</strong></span> <span class='ocrx_word' id='word_1_1020' title='bbox 2621 5315 2912 5388; x_wconf 90' lang='lat' dir='ltr'><strong>Scriptura,</strong></span> <span class='ocrx_word' id='word_1_1021' title='bbox 2955 5320 3140 5376; x_wconf 78' lang='lat' dir='ltr'><strong>Melior</strong></span> <span class='ocrx_word' id='word_1_1022' title='bbox 3170 5334 3242 5378; x_wconf 85' lang='lat' dir='ltr'><strong>est</strong></span> <span class='ocrx_word' id='word_1_1023' title='bbox 3271 5327 3355 5393; x_wconf 87' lang='lat' dir='ltr'><strong>qui</strong></span> <span class='ocrx_word' id='word_1_1024' title='bbox 3380 5327 3526 5380; x_wconf 84' lang='lat' dir='ltr'><strong>vincit</strong></span> <span class='ocrx_word' id='word_1_1025' title='bbox 3546 5326 3682 5388; x_wconf 86' lang='lat' dir='ltr'><strong>iram,</strong></span> <span class='ocrx_word' id='word_1_1026' title='bbox 3708 5333 3831 5389; x_wconf 76' lang='lat' dir='ltr'><strong>quant</strong></span> 
     </span>
    </p>
   </div>
   <div class='ocr_carea' id='block_1_119' title="bbox 2293 5406 3827 5485">
    <p class='ocr_par' dir='ltr' id='par_1_121' title="bbox 2293 5406 3827 5485">
     <span class='ocr_line' id='line_1_126' title="bbox 2293 5406 3827 5485; baseline -0.001 -26"><span class='ocrx_word' id='word_1_1027' title='bbox 2293 5406 2380 5476; x_wconf 89' lang='lat' dir='ltr'><strong>qui</strong></span> <span class='ocrx_word' id='word_1_1028' title='bbox 2403 5408 2538 5477; x_wconf 82' lang='lat' dir='ltr'><strong>capit</strong></span> <span class='ocrx_word' id='word_1_1029' title='bbox 2557 5409 2804 5463; x_wconf 85' lang='lat' dir='ltr'><strong>civitatem</strong></span> <span class='ocrx_word' id='word_1_1030' title='bbox 2826 5409 3005 5480; x_wconf 83' lang='lat' dir='ltr'><strong>(Prov.</strong></span> <span class='ocrx_word' id='word_1_1031' title='bbox 3046 5431 3154 5480; x_wconf 76' lang='lat' dir='ltr'><strong>xvx,</strong></span> <span class='ocrx_word' id='word_1_1032' title='bbox 3183 5415 3296 5485; x_wconf 76' lang='grc'><strong>52).</strong></span> <span class='ocrx_word' id='word_1_1033' title='bbox 3320 5417 3582 5473; x_wconf 81' lang='lat' dir='ltr'><strong>Meliorem</strong></span> <span class='ocrx_word' id='word_1_1034' title='bbox 3611 5414 3729 5469; x_wconf 80' lang='lat' dir='ltr'><strong>dixit</strong></span> <span class='ocrx_word' id='word_1_1035' title='bbox 3753 5412 3827 5462; x_wconf 76' lang='lat' dir='ltr'><strong>ine</strong></span> 
     </span>
    </p>
   </div>
   <div class='ocr_carea' id='block_1_120' title="bbox 2295 5496 3826 5577">
    <p class='ocr_par' dir='ltr' id='par_1_122' title="bbox 2295 5496 3826 5577">
     <span class='ocr_line' id='line_1_127' title="bbox 2295 5496 3826 5577; baseline 0.01 -26"><span class='ocrx_word' id='word_1_1036' title='bbox 2295 5496 2567 5565; x_wconf 85' lang='lat' dir='ltr'><strong>victorem,</strong></span> <span class='ocrx_word' id='word_1_1037' title='bbox 2619 5515 2778 5570; x_wconf 90' lang='lat' dir='ltr'><strong>quam</strong></span> <span class='ocrx_word' id='word_1_1038' title='bbox 2823 5502 3051 5559; x_wconf 89' lang='lat' dir='ltr'><strong>civitatis</strong></span> <span class='ocrx_word' id='word_1_1039' title='bbox 3094 5507 3491 5577; x_wconf 88' lang='lat' dir='ltr'><strong>captivatorem.</strong></span> <span class='ocrx_word' id='word_1_1040' title='bbox 3537 5506 3699 5562; x_wconf 80' lang='lat' dir='ltr'><strong>[labes</strong></span> <span class='ocrx_word' id='word_1_1041' title='bbox 3722 5512 3826 5566; x_wconf 61' lang='lat'><strong>0’8&quot;</strong></span> 
     </span>
    </p>
   </div>
   <div class='ocr_carea' id='block_1_121' title="bbox 2357 5676 3432 5745">
    <p class='ocr_par' dir='ltr' id='par_1_123' title="bbox 2357 5676 3432 5745">
     <span class='ocr_line' id='line_1_128' title="bbox 2357 5676 3432 5745; baseline 0.012 -21"><span class='ocrx_word' id='word_1_1042' title='bbox 2357 5676 2375 5745; x_wconf 64' lang='grc' dir='ltr'><strong>ξ</strong></span> <span class='ocrx_word' id='word_1_1043' title='bbox 2408 5677 2481 5725; x_wconf 84' lang='lat' dir='ltr'><strong>sic</strong></span> <span class='ocrx_word' id='word_1_1044' title='bbox 2503 5685 2601 5727; x_wconf 74' lang='lat' dir='ltr'><strong>Am.</strong></span> <span class='ocrx_word' id='word_1_1045' title='bbox 2627 5685 2678 5728; x_wconf 87' lang='lat' dir='ltr'><strong>et</strong></span> <span class='ocrx_word' id='word_1_1046' title='bbox 2699 5686 2806 5745; x_wconf 77' lang='lat' dir='ltr'><strong>Mss.</strong></span> <span class='ocrx_word' id='word_1_1047' title='bbox 2834 5689 2884 5732; x_wconf 76' lang='lat' dir='ltr'><strong>At</strong></span> <span class='ocrx_word' id='word_1_1048' title='bbox 2905 5688 2978 5731; x_wconf 80' lang='lat' dir='ltr'><strong>Er.</strong></span> <span class='ocrx_word' id='word_1_1049' title='bbox 3006 5689 3056 5733; x_wconf 86' lang='lat' dir='ltr'><strong>et</strong></span> <span class='ocrx_word' id='word_1_1050' title='bbox 3079 5690 3206 5745; x_wconf 60' lang='lat' dir='ltr'><strong>hom,</strong></span> <span class='ocrx_word' id='word_1_1051' title='bbox 3233 5692 3432 5737; x_wconf 80' lang='lat' dir='ltr'><strong>tantum.</strong></span> 
     </span>
    </p>
   </div>
   <div class='ocr_carea' id='block_1_122' title="bbox 2297 5731 3821 5852">
    <p class='ocr_par' dir='ltr' id='par_1_124' title="bbox 2297 5731 3821 5852">
     <span class='ocr_line' id='line_1_129' title="bbox 2297 5731 3821 5850; baseline -0.042 -7"><span class='ocrx_word' id='word_1_1052' title='bbox 2297 5799 2341 5848; x_wconf 81' lang='lat' dir='ltr'><strong>ir</strong></span> <span class='ocrx_word' id='word_1_1053' title='bbox 2357 5738 2376 5848; x_wconf 56' lang='grc' dir='ltr'><strong>ἶ</strong></span> <span class='ocrx_word' id='word_1_1054' title='bbox 2393 5748 2514 5850; x_wconf 54' lang='grc' dir='ltr'><strong>ιῖἑῗά</strong></span> <span class='ocrx_word' id='word_1_1055' title='bbox 2537 5746 2589 5788; x_wconf 59' lang='grc' dir='ltr'>ει</span> <span class='ocrx_word' id='word_1_1056' title='bbox 2612 5743 2758 5791; x_wconf 54' lang='lat' dir='ltr'><strong>nostri</strong></span> <span class='ocrx_word' id='word_1_1057' title='bbox 2783 5731 2954 5794; x_wconf 53' lang='lat' dir='ltr'><strong>omnes</strong></span> <span class='ocrx_word' id='word_1_1058' title='bbox 2973 5731 3095 5806; x_wconf 47' lang='grc' dir='ltr'><strong><em>δἐι-ζ</em></strong></span> <span class='ocrx_word' id='word_1_1059' title='bbox 3121 5731 3628 5812; x_wconf 23' lang='grc' dir='ltr'><strong>⁷ἐξ.ἰ’ἷιῖῆιῖᾖξ-ιέιιιιίιδ,</strong></span> <span class='ocrx_word' id='word_1_1060' title='bbox 3650 5750 3740 5790; x_wconf 72' lang='lat' dir='ltr'><strong>cum</strong></span> <span class='ocrx_word' id='word_1_1061' title='bbox 3773 5731 3821 5781; x_wconf 70' lang='lat' dir='ltr'><strong>ab</strong></span> 
     </span>
     <span class='ocr_line' id='line_1_130' title="bbox 2344 5813 2627 5852; baseline -0.046 9"><span class='ocrx_word' id='word_1_1062' title='bbox 2344 5814 2359 5848; x_wconf 81' lang='grc'><strong><em>(</em></strong></span> <span class='ocrx_word' id='word_1_1063' title='bbox 2409 5813 2416 5827; x_wconf 94' lang='lat'><em>‘</em></span> <span class='ocrx_word' id='word_1_1064' title='bbox 2519 5815 2538 5852; x_wconf 79' lang='grc' dir='ltr'><strong>δ</strong></span> <span class='ocrx_word' id='word_1_1065' title='bbox 2561 5814 2627 5851; x_wconf 83' lang='lat' dir='ltr'><strong>cs.</strong></span> 
     </span>
    </p>
   </div>
  </div>
