4088 6446
619 348 751 404 1187

614 463 789 533 ipsum
844 462 978 517 facta
1021 471 1144 517 sunt
1186 462 1365 533 (Joan.
1400 479 1438 529 ι,
1466 463 1520 532 5)
1549 470 1601 517 ει
1639 470 1877 530 tempora
1905 477 1999 530 per
2023 463 2196 529 ipsum

612 553 747 608 facta
778 564 920 607 sunt.
944 558 1047 607 Aut
1071 565 1216 609 certe
1242 562 1365 608 ante
1394 570 1607 608 omnem
1625 555 1867 625 spiritum
1890 554 1978 624 qui
2005 554 2199 608 illumi-

610 652 787 707 natur,
842 644 907 699 de
957 645 1228 713 Sapientia
1271 645 1421 709 dixit,
1479 646 1607 699 Ante
1654 646 1919 716 luciferum
1953 647 2101 717 genui
2129 656 2194 699 te.

610 733 854 790 intendat
886 735 1130 790 Charitas
1174 745 1371 790 vestra.
1415 736 1694 803 Quomodo
1733 753 1859 806 ergo
1878 752 2000 791 eum
2026 736 2196 791 dixis-

609 835 712 893 set,
745 826 830 880 Ex
855 836 1013 893 utero,
1046 829 1205 882 veluti
1241 844 1547 897 praecavens
1576 828 1695 883 fidei
1728 838 1945 894 nostrae,
1981 845 2047 883 ne
2071 829 2194 885 inde

609 926 917 987 putaremus
945 920 1172 988 cmpisse
1200 919 1471 975 Christum
1502 938 1565 975 ex
1588 936 1693 991 quo
1715 939 1780 976 ex
1804 930 1954 977 utero
1970 923 2193 993 virginis

607 1019 766 1065 natus
791 1020 902 1076 est;
936 1012 1164 1081 subjecit
1192 1014 1393 1077 statim,
1427 1014 1555 1067 Ante
1596 1014 1861 1083 luciferum
1908 1017 2060 1084 genui
2099 1026 2145 1069 te
2173 1031 2190 1069 :

602 1100 681 1155 sic
708 1110 761 1155 et
793 1100 879 1155 hic
907 1116 1027 1156 cum
1057 1102 1299 1167 dixisset,
1333 1102 1417 1157 Ea:
1454 1103 1564 1166 illo,
1617 1104 1669 1158 id
1709 1114 1808 1169 est,
1852 1121 1916 1159 ex
1957 1105 2189 1176 quodam

604 1201 862 1261 tempore,
901 1208 967 1247 ex
988 1192 1075 1247 die
1098 1203 1222 1247 ante
1247 1194 1546 1258 sabbatum,
1589 1210 1653 1248 ex
1701 1196 1790 1249 illa
1834 1205 1989 1251 sexta
2032 1206 2189 1253 :etate

603 1283 808 1349 mundi,
851 1284 1064 1353 quando
1095 1286 1239 1339 venit
1270 1284 1524 1339 Dominus
1553 1286 1819 1351 Christus,
1862 1295 1915 1340 et
1944 1288 1994 1340 iu
2025 1302 2188 1342 carne

603 1384 759 1430 natus
785 1384 885 1439 est,
914 1376 1033 1445 quia
1059 1376 1306 1446 dignatus
1323 1384 1424 1443 est,
1446 1376 1608 1432 homo
1635 1377 1806 1432 factus
1829 1386 2044 1448 prepter
2065 1393 2183 1446 nos,

604 1467 743 1522 Deus
762 1469 776 1498 ¹
816 1482 920 1520 non
950 1467 1121 1521 solum
1152 1477 1275 1522 ante
1305 1468 1595 1535 Abraham,
1629 1468 1723 1523 sed
1756 1478 1880 1525 ante
1905 1471 2102 1525 caelum
2132 1480 2186 1526 et

600 1566 815 1620 terram,
844 1557 935 1626 qui
960 1556 1111 1621 dixit,
1143 1557 1270 1611 Ante
1300 1557 1554 1611 Abraham
1570 1575 1661 1629 ego
1678 1558 1911 1630 sumUd.
1931 1577 2045 1627 vtu,
2067 1562 2180 1630 58):

598 1662 703 1701 non
735 1647 905 1700 solum
934 1656 1059 1701 ante
1085 1646 1372 1713 Abraham,
1397 1649 1489 1703 sed
1508 1660 1631 1704 ante
1658 1649 1857 1715 Adam;
1884 1665 1988 1705 non
2010 1653 2181 1706 solum

596 1744 720 1790 ante
745 1736 937 1801 Adam,
969 1735 1063 1790 sed
1093 1746 1217 1791 ante
1251 1752 1439 1792 omnes
1464 1738 1719 1808 Angelos,
1755 1750 1880 1794 ante
1903 1741 2098 1795 coelum
2128 1748 2183 1796 et

597 1837 815 1892 terram,
843 1830 965 1898 quia
992 1831 1170 1884 omnia
1194 1846 1287 1899 per
1313 1832 1485 1901 ipsum
1514 1833 1646 1886 facta
1670 1844 1793 1886 sunt
1814 1851 1826 1885 :
1850 1834 2097 1903 subjecit,
2114 1850 2182 1890 ne

597 1931 653 1975 tu
684 1921 965 1976 intendens
993 1921 1132 1975 diem
1179 1923 1466 1977 nativitatis
1513 1923 1720 1978 Domini
1765 1940 1834 1979 ex
1876 1942 1982 1995 quo
2028 1936 2181 1981 natus

594 2020 695 2075 est,
729 2022 944 2082 putares
974 2029 1040 2067 ex
1070 2014 1159 2066 illo
1180 2028 1300 2068 esse
1324 2015 1575 2083 coepisse,
1602 2015 1793 2069 Parata
1815 2028 1886 2071 est
1910 2018 2051 2071 sedes
2068 2029 2175 2085 tua,

593 2102 750 2157 Deus.
784 2103 887 2158 Sed
917 2105 1035 2173 quis
1066 2104 1237 2159 Deus?
1264 2105 1305 2158 A
1334 2107 1517 2160 swculo
1548 2115 1600 2160 tu
1625 2124 1676 2161 es
1697 2109 1800 2161 :ab
1824 2119 2026 2163 aeterno
2046 2108 2179 2164 dixit

591 2199 685 2249 ἀπὸ
711 2207 901 2261 αἰῶνος;
931 2196 1007 2251 sic
1034 2196 1192 2252 habet
1212 2212 1447 2267 grtecus:
1475 2209 1590 2252 αιὼν
1614 2200 1895 2269 aliquando
1921 2202 2174 2255 sai-culum

593 2290 825 2357 ponitur,
845 2288 1129 2359 aliquando
1153 2297 1411 2343 internum
1434 2291 1664 2359 ponitur.
1687 2291 1847 2361 Ergo,
1873 2307 1906 2345 ο
1928 2301 1978 2345 ιιι
1998 2293 2084 2362 qui
2109 2309 2172 2347 ex

590 2380 682 2435 illo
710 2380 907 2435 videris
934 2391 1109 2447 natus,
1145 2397 1207 2435 ex
1241 2392 1445 2436 aeterno
1470 2398 1549 2436 es.
1579 2382 1693 2436 Non
1725 2393 1901 2438 autem
1926 2386 2174 2439 nativitas

587 2472 816 2528 humana
838 2476 1117 2543 cogitetur,
1139 2474 1231 2529 sed
1247 2475 1506 2545 cogitetur
1529 2477 1799 2530 aeternitas
1814 2477 2010 2531 divina.
2033 2479 2173 2549 Ergo

586 2565 749 2633 cmpit
770 2580 834 2618 ex
870 2579 976 2634 quo
1002 2575 1155 2620 natus
1188 2576 1290 2630 est,
1319 2568 1517 2621 crevit:
1542 2567 1768 2622 audistis
1797 2568 2166 2639 Evangelium.

589 2655 759 2725 Elegit
783 2656 1095 2726 discipulos,
1133 2657 1373 2729 implevit
1402 2659 1540 2724 illos,
1580 2669 1858 2727 coeperunt
1879 2662 2169 2729 praedicare

584 2745 849 2814 discipuli.
882 2747 1039 2801 Forte
1066 2749 1166 2802 hoc
1192 2759 1273 2803 est
1301 2749 1440 2817 quod
1473 2758 1863 2819 consequenter
1892 2751 2037 2806 dicit.

658 2838 709 2891 7.
735 2837 883 2909 [vers.
913 2837 1055 2909 3-4.]
1084 2838 1409 2892 Elevaverunt
1436 2841 1650 2908 ﬂumina
1689 2856 1831 2894 roces
1872 2859 2010 2897 suas.
2038 2842 2167 2911 Qua:

584 2935 710 2982 sunt
754 2929 852 2981 ista
881 2929 1093 2982 ﬂumina
1132 2946 1249 2999 qua:
1276 2931 1615 2985 elevavcrunt
1657 2948 1816 2986 voces
1862 2935 2019 2988 suas?
2047 2934 2162 2989 Non

583 3021 880 3075 audivimus
908 3039 921 3073 :
951 3036 1122 3090 neque
1148 3022 1359 3091 quando
1388 3032 1541 3077 natus
1579 3033 1661 3077 est
1691 3025 1942 3079 Dominus
1964 3066 1980 3092 ,
2011 3028 2161 3081 audi-

583 3111 754 3165 vimus
780 3110 953 3164 locuta
980 3109 1243 3176 flumina,
1274 3127 1447 3182 neque
1475 3113 1688 3182 quando
1713 3116 2008 3185 baptizatus
2032 3128 2115 3173 est
2143 3158 2157 3187 ,

582 3218 754 3273 nequc
782 3202 993 3272 quando
1016 3216 1205 3271 passus
1232 3210 1347 3267 est;
1381 3218 1484 3257 non
1507 3204 1804 3259 audivimus
1833 3204 2048 3261 ﬂumina
2079 3208 2160 3261 lo-

581 3305 721 3348 cuta.
754 3294 936 3364 Legite
964 3296 1300 3365 Evangelium
1329 3338 1342 3360 ,
1376 3310 1481 3350 non
1535 3297 1782 3353 invenitis
1806 3300 1927 3370 quia
1984 3302 2157 3356 locuta

581 3394 703 3439 sunt
732 3385 964 3439 numina.
996 3387 1185 3440 Parum
1215 3396 1298 3441 est
1331 3389 1450 3457 quia
1476 3389 1652 3443 locuta
1678 3400 1819 3455 sunt,
1850 3395 2162 3449 elevaverunt

581 3494 723 3533 uoces
742 3494 859 3531 suas
885 3493 905 3532 :
930 3492 1034 3531 non
1065 3478 1233 3531 solum
1266 3479 1438 3533 locuta
1467 3489 1624 3545 sunt,
1652 3482 1744 3535 sed
1774 3480 1979 3538 fortiter
1999 3526 2012 3549 ,
2046 3499 2159 3539 ma—

578 3582 703 3640 ene,
732 3568 960 3622 excelse.
983 3568 1113 3634 Qua:
1139 3579 1262 3621 sunt
1293 3569 1390 3623 ista
1421 3569 1635 3625 ﬂumina
1657 3587 1775 3641 quae
1801 3572 1973 3629 locuta
1998 3577 2158 3630 sunt?

581 3661 819 3716 Diximus
845 3660 983 3730 quod
1016 3662 1067 3714 iu
1096 3661 1384 3730 Evangelio
1407 3678 1511 3717 non
1559 3664 1821 3733 legimus;
1854 3675 2030 3722 tamen
2084 3668 2154 3723 ibi

576 3768 897 3822 qumramus.
922 3752 1054 3806 Nam
1080 3754 1123 3807 si
1175 3754 1243 3808 ibi
1286 3769 1389 3808 non
1433 3755 1729 3811 invenimus
1750 3797 1763 3821 ,
1799 3757 1884 3811 ubi
1917 3759 2154 3815 invenie-

574 3846 731 3901 mus?
762 3845 871 3916 Ego
892 3846 1041 3901 vobis
1063 3848 1258 3917 tingere
1281 3858 1463 3917 potero
1484 3868 1496 3902 :
1518 3859 1573 3905 et
1597 3851 1770 3905 subito
1790 3867 1881 3907 ero
1907 3869 2011 3909 non
2037 3871 2159 3911 cer-

574 3945 661 3993 tus
687 3938 1020 4009 dispensator
1046 3939 1089 4003 ¹,
1116 3939 1209 3993 sed
1239 3938 1447 4010 ineptus
1476 3938 1757 3995 fabulator.
1790 3942 1844 3996 ln
1868 3943 2156 4016 Evangelio

573 4043 900 4098 quaramus,
939 4029 1098 4083 simul
1129 4044 1428 4097 quaeramus
1472 4046 1589 4100 qute
1634 4040 1760 4086 sunt
1791 4032 2005 4089 ﬂumina
2037 4052 2155 4105 quae

574 4120 917 4174 elevaverunt
935 4134 1094 4174 voces
1135 4135 1279 4174 suas.
1327 4120 1506 4174 Stabat
1552 4120 1735 4188 Jesus,
1788 4133 1835 4176 et
1861 4125 2151 4195 clamabat,

574 4208 771 4264 dictum
796 4218 875 4263 est
908 4210 958 4262 in
1002 4210 1309 4280 Evangelio.
1350 4211 1483 4277 Quid
1528 4212 1826 4267 clamabat?
1867 4215 2002 4270 Ecce
2044 4218 2152 4285 jam

577 4298 748 4368 ipsum
788 4308 951 4366 caput
993 4298 1271 4353 fluminum
1300 4300 1526 4363 clamat;
1577 4301 1689 4369 ipse
1722 4302 1838 4357 fons
1866 4306 1987 4359 vitm
2014 4308 2154 4362 unde

574 4396 697 4444 sunt
733 4389 946 4443 flumina
976 4405 1194 4443 cursura
1221 4429 1236 4453 ,
1286 4390 1477 4445 levavit
1506 4393 1652 4459 prior
1680 4409 1865 4450 vocem
1887 4411 2055 4450 suam.
2092 4399 2155 4453 Et

581 4478 705 4549 quid
736 4488 882 4532 stans
910 4479 1064 4534 Jesus
1088 4479 1351 4533 clamabat
1375 4480 1433 4534 8‘t
1463 4499 1482 4532 ς
1514 4482 1612 4547 Qui
1644 4485 1814 4538 credit
1842 4487 1892 4539 in
1922 4503 2027 4553 me,
2052 4490 2153 4544 sic-

574 4579 631 4623 ut
674 4568 945 4636 Scriptura
985 4569 1132 4633 dicit,
1164 4568 1377 4623 ilumina
1407 4586 1560 4639 aqua:
1580 4573 1713 4627 vivas
1735 4574 1801 4629 de
1828 4586 2013 4632 ventre
2039 4579 2152 4647 ejus

574 4658 759 4714 fluent.
792 4677 807 4712 ι
850 4658 1186 4728 Evangelista
1212 4662 1450 4730 sequitur
1475 4664 1652 4718 statim
1689 4683 1703 4720 :
1756 4683 1775 4716 ι
1826 4667 1937 4722 Hoc
1975 4680 2149 4725 autem

572 4751 785 4807 dicebat
808 4752 873 4807 de
901 4751 1137 4822 Spiritu,
1170 4767 1328 4822 quem
1369 4756 1636 4824 accepturi
1665 4766 1819 4812 erant
1870 4759 1923 4813 hi
1969 4763 2057 4829 qui
2100 4764 2148 4817 iu

571 4857 694 4898 eum
724 4852 876 4899 erant
900 4842 1174 4898 credituri.
1202 4843 1429 4912 Spiritus
1456 4856 1630 4900 autem
1660 4848 1893 4903 nondum
1927 4862 2039 4906 erat
2059 4853 2150 4907 da-

574 4947 659 4991 tus
685 4977 700 4998 ,
726 4937 848 5006 quia
874 4935 1029 4991 Jesus
1057 4935 1289 4991 nondum
1317 4946 1433 4991 erat
1469 4938 1794 5007 glorificatus
1833 4940 2008 5009 (Joan.
2041 4961 2109 4998 vn
2132 4987 2146 5012 ,

572 5026 779 5097 57-59).
806 5026 937 5080 Cum
963 5037 1139 5082 autem
1170 5026 1492 5097 glorificatus
1517 5037 1659 5084 esset
1685 5030 1839 5086 Jesus
1864 5032 1916 5086 in
1965 5049 2148 5089 resur-

573 5116 809 5172 rectione
832 5126 885 5172 et
899 5119 1208 5173 ascensione
1238 5120 1289 5174 in
1314 5121 1478 5174 caelos
1496 5161 1511 5186 ,
1540 5122 1675 5176 sicut
1695 5125 1880 5192 nostis,
1913 5126 2099 5181 fratres
2132 5146 2146 5193 ;

573 5208 802 5275 impletis
856 5208 927 5263 ibi
956 5208 1137 5264 decem
1185 5211 1372 5266 diebus
1421 5220 1635 5283 propter
1659 5216 1923 5283 quoddam
1974 5234 2151 5273 sacra-

574 5308 847 5364 mentum,
901 5301 1045 5353 misit
1094 5301 1348 5369 Spiritum
1401 5318 1556 5358 suum
1588 5317 1863 5372 sanctum,
1912 5309 2150 5378 implevit

572 5390 861 5459 discipulos
888 5392 1019 5461 (Act.
1055 5408 1109 5457 ll,
1142 5392 1219 5463 4),
1248 5392 1366 5463 Ipse
1393 5394 1621 5465 Spiritus
1650 5413 1896 5468 magnum
1926 5399 2143 5467 flumen,

632 5548 645 5575 ι
683 5543 760 5613 Sig
776 5541 1007 5613 meliores
1028 5551 1134 5592 Mss.
1168 5553 1223 5595 At
1251 5552 1327 5596 Er.
1354 5554 1406 5597 et
1427 5555 1557 5613 Lov.,
1584 5555 1637 5599 Et
1674 5549 1789 5611 quia
1822 5550 2048 5613 dignatus
2078 5560 2148 5604 est

566 5608 705 5671 homo
725 5601 835 5667 ﬁeri
859 5613 1050 5666 propter
1073 5618 1157 5671 nos
1179 5615 1323 5667 Deus,
1348 5622 1442 5659 non
1463 5601 1633 5671 solum,
1660 5601 1753 5661 εἰς.

631 5668 651 5748 ξ
684 5666 894 5748 Quatuor
913 5666 1352 5748 tiss.,'disptt‘tatlor.
1405 5732 1426 5748 Δ
1467 5740 1478 5748 ⁸
1521 5739 1572 5748 ψ
1811 5742 1863 5748 __
2115 5739 2144 5748 Α.

631 5728 651 5759 ³
687 5734 734 5774 ln
760 5735 828 5785 Β..
852 5728 1007 5779 stabat
1023 5728 1161 5781 mus
1177 5736 1221 5780 et
1245 5732 1495 5782 clamabat.
1521 5739 1594 5781 Er.
1632 5741 1747 5782 ven.
1777 5743 1828 5782 rei.
1851 5742 1955 5784 nov.
1989 5739 2145 5787 secuti

565 5800 744 5838 SUIDUS'
809 5797 863 5842 H-

1860 347 1916 403 S.
1960 347 2095 402 AUC
2106 347 2324 403 USTlNl
2366 350 2663 408 EPISCOPI

3751 378 3867 435 “88

2318 464 2456 519 unde
2478 466 2689 537 impleta
2718 482 2841 525 sunt
2862 476 3024 529 tnulta
3054 476 3289 532 flumina.
3323 482 3397 535 De
3420 482 3533 552 ipso
3560 485 3764 546 ﬂumine
3790 496 3870 548 di-

2310 555 2383 607 eit
2412 558 2649 624 psalmus
2677 562 2783 615 ali'o
2811 564 2927 619 loco
2953 583 2971 619 :
3016 565 3269 622 Fluminis
3297 571 3513 643 impetus
3554 576 3766 646 lwtiﬁcat
3794 587 3866 638 ci.

2310 644 2514 700 vitalem
2542 648 2634 703 Dei
2657 652 2829 721 (Psal.
2858 672 2960 710 XLV
2981 699 2995 722 ,
3029 660 3105 730 5).
3138 661 3278 731 Ergo
3319 662 3454 718 facta
3509 680 3632 723 sunt
3658 644 3870 732 vllumina

2305 741 2573 795 currentia
2599 742 2668 797 de
2694 754 2879 801 ventre
2922 748 3304 820 discipulorum
3325 796 3339 819 ,
3396 772 3516 811 cum
3569 774 3871 832 acceperunt

2305 828 2559 899 Spiritum
2611 847 2852 891 sanctum
2903 858 2917 894 ε
2974 842 3087 910 ipsa
3139 843 3355 900 ﬂumina
3410 860 3631 920 accepto
3684 828 3871 925 Spiritu

2303 934 2505 978 sancto.
2526 925 2678 984 Unde
2707 930 2922 986 flumina
2948 936 2962 964 ⁸
2985 935 3327 993 elcvaverunt
3352 957 3508 997 voces
3534 948 3693 1002 suas?
3718 964 3871 1019 quare

2302 1015 2682 1074 elevaverunt?
2708 1023 2837 1088 Quia
2864 1027 3035 1094 primo
3065 1029 3371 1088 timuerunt.
3418 1036 3607 1093 Petrus
3652 1045 3869 1102 nondum

2303 1106 2396 1160 fuit
2421 1108 2639 1178 ﬂumen,
2671 1116 2881 1182 quando
2912 1118 3321 1191 interrogatione
3346 1129 3556 1181 ancilla:
3597 1139 3676 1186 ter
3721 1132 3865 1190 Chri-

2299 1207 2440 1252 stum
2469 1203 2675 1271 negavit
2706 1221 2720 1257 :
2751 1204 2936 1261 Nescio
2965 1209 3214 1267 hominem
3239 1215 3449 1286 (Matth.
3475 1237 3601 1275 xxvr
3624 1264 3639 1288 ,
3671 1224 3866 1297 (59-7‘).

2301 1288 2395 1343 llic
2414 1291 2435 1321 ³
2464 1293 2652 1346 timens
2678 1298 2932 1352 mentitur
2957 1315 2971 1361 ;
3018 1303 3250 1358 nondum
3281 1307 3456 1362 elevat
3476 1326 3659 1367 vocem
3681 1356 3694 1376 ,
3738 1332 3863 1371 nou-

2295 1378 2422 1435 dum
2448 1392 2529 1435 est
2550 1383 2765 1439 flumen.
2790 1386 2890 1443 Ubi
2919 1401 3097 1447 autem
3128 1395 3327 1465 impleti
3356 1408 3480 1454 sunt
3508 1402 3702 1471 Spiritu
3744 1422 3864 1462 san-

2295 1481 2382 1526 cto
2402 1514 2417 1537 ,
2449 1478 2812 1534 accersierunt
2840 1496 2933 1535 eos
2959 1482 3128 1538 Judzei
3150 1528 3164 1549 ,
3212 1496 3265 1541 et
3310 1504 3673 1561 praeceperunt
3697 1498 3769 1551 eis
3798 1515 3866 1553 ne

2294 1564 2514 1619 oumino
2566 1568 2915 1638 loquerentur
2955 1615 2969 1640 ,
3029 1592 3203 1646 neque
3246 1579 3500 1636 docerent
3553 1585 3604 1638 in
3660 1590 3864 1645 nomine

2292 1651 2439 1709 Iesu.
2468 1656 2654 1713 Petrus
2684 1672 2859 1717 autem
2887 1674 2939 1718 et
2958 1664 3192 1722 Joannes
3219 1669 3469 1727 dixerunt
3498 1675 3564 1729 ad
3592 1692 3684 1732 eos
3710 1697 3723 1731 :
3756 1698 3776 1730 ι
3808 1681 3862 1736 Si

2287 1742 2486 1811 justum
2536 1758 2618 1802 est
2654 1764 2832 1805 coram
2887 1754 3028 1822 Deo,
3080 1766 3137 1811 ut
3162 1759 3313 1815 vobis
3340 1761 3652 1821 obediamus
3703 1772 3862 1841 magis

2290 1848 2447 1900 quam
2478 1835 2614 1901 Deo,
2642 1839 2914 1907 judicate:
2949 1861 3051 1899 non
3078 1847 3221 1901 enim
3267 1866 3552 1919 possumus
3575 1872 3693 1927 quae
3731 1862 3863 1916 vidi-

2290 1937 2409 1977 mus
2430 1934 2484 1979 et
2508 1927 2804 1985 audivimus
2834 1948 2938 1988 non
2971 1936 3131 2005 loqui.
3150 1939 3501 1998 Elevaverunt
3531 1966 3548 1997 ι
3579 1963 3737 2019 ergo:
3759 1952 3864 2006 flu.

2289 2014 2429 2070 mina
2458 2032 2641 2072 vocem
2668 2036 2816 2075 suam
2838 2064 2852 2086 ,
2900 2040 2929 2077 a
2958 2028 3175 2083 vocibus
3202 2046 3460 2101 aquarum
3500 2039 3799 2095 multarum.
3841 2063 3858 2095 ι

2288 2105 2367 2158 Ad
2401 2106 2566 2175 ipsam
2597 2111 2948 2169 elevationem
2996 2120 3143 2174 vocis
3191 2125 3418 2191 pertinet
3444 2128 3583 2195 quod
3617 2130 3681 2183 ibi
3733 2136 3864 2188 scri-

2286 2206 2435 2265 ptum
2462 2208 2541 2253 est
2566 2240 2582 2267 ,
2630 2219 2648 2252 ι
2705 2204 2862 2258 Stetit
2905 2218 3082 2262 autem
3114 2210 3304 2267 Petrus
3342 2230 3465 2269 cum
3497 2219 3732 2275 undecim
3755 2262 3773 2288 ,
3814 2235 3864 2279 et

2285 2285 2486 2340 elevata
2518 2305 2647 2346 voce
2668 2292 2799 2348 dixit
2824 2298 2889 2349 ad
2911 2312 3004 2352 eos
3025 2340 3040 2363 ,
3075 2300 3181 2355 Viri
3210 2302 3376 2358 Judaei
3415 2326 3435 2357 ι
3469 2309 3605 2374 (Act.
3632 2326 3697 2376 ll,
3732 2285 3860 2383 l4);

2284 2385 2337 2429 et
2363 2388 2554 2434 Cretera
2586 2383 2777 2452 quibus
2819 2390 3098 2445 annuntiat
3142 2393 3322 2449 Jesum
3364 2398 3481 2453 sine
3527 2403 3713 2457 timore
3738 2419 3860 2460 cum

2283 2481 2470 2536 magna
2494 2470 2702 2527 fiducia.
2734 2475 3067 2535 Eleravemnt
3092 2485 3232 2537 enim
3260 2487 3476 2555 ﬂumina
3501 2508 3669 2545 vocem
3694 2511 3857 2564 suam,

2280 2573 2312 2610 a
2340 2560 2537 2614 vocibus
2577 2580 2825 2634 aquarum
2874 2572 3169 2627 multarunt.
3226 2576 3358 2632 Nam
3388 2589 3443 2634 et
3485 2597 3603 2641 cum
3658 2585 3856 2642 dimissi

2278 2662 2455 2704 essent
2484 2653 2725 2721 Apostoli
2752 2659 2819 2713 de
2839 2664 3065 2718 concilio
3108 2665 3411 2724 ludat-orum
3438 2712 3453 2737 ,
3493 2688 3755 2733 venerunt
3794 2682 3855 2735 ad

2277 2752 2402 2792 suos
2421 2782 2435 2803 ,
2468 2750 2523 2796 et
2548 2743 2914 2804 indicaverunt
2940 2765 3134 2820 quanta
3157 2757 3235 2811 eis
3262 2761 3567 2818 sacerdotes
3587 2774 3643 2821 et
3680 2771 3854 2825 senio-

2276 2842 2362 2881 res
2390 2828 2672 2887 dixeruut:
2704 2846 2760 2891 at
2783 2838 2856 2892 illi
2879 2843 3157 2899 audientes
3185 2846 3488 2906 levaverunt
3516 2870 3701 2911 vocem
3732 2876 3855 2915 una.

2276 2919 2444 2974 nimes
2473 2936 2658 2978 omnes
2687 2928 2752 2981 ad
2785 2930 3095 3001 Dominum,
3128 2947 3181 2991 et
3210 2938 3495 3010 dixerunt,
3526 2945 3777 3017 Domine,
3803 2964 3853 3005 tu

2273 3024 2323 3061 es
2343 3011 2427 3078 qui
2471 3015 2629 3082 fecisti
2652 3018 2835 3073 uelum
2857 3034 2903 3075 et
2931 3035 3113 3080 terram
3133 3068 3149 3092 ,
3195 3040 3239 3082 et
3269 3047 3438 3100 mare,
3468 3046 3515 3088 et
3542 3041 3715 3093 omnia
3747 3059 3853 3111 qua:

2272 3100 2323 3151 in
2346 3103 2415 3154 eis
2437 3116 2551 3158 sunt
2584 3106 2692 3176 (Id.
2725 3126 2777 3164 ιν
2800 3153 2814 3177 ,
2852 3115 3035 3187 lit-‘24)
3061 3134 3075 3180 ;
3104 3129 3157 3173 et
3184 3130 3375 3179 ea-tera
3401 3141 3519 3195 quae
3540 3129 3725 3189 dicere

2274 3201 2486 3250 luerunt
2508 3196 2725 3256 flumina
2754 3204 3012 3261 elevautia
3039 3224 3223 3265 vocem
3253 3228 3425 3269 suam.
3455 3217 3721 3277 Mirabile:

2271 3301 2501 3352 pensum:
2526 3293 2697 3345 maris.
2751 3292 2882 3348 Cum
2909 3300 3051 3351 enim
3084 3301 3153 3354 illi
3184 3304 3479 3363 clcvasscnt
3526 3326 3686 3369 voces
3731 3331 3852 3373 suas

2269 3376 2555 3446 discipuli,
2605 3383 2950 3441 crediderunt
2996 3391 3187 3457 multi,
3240 3404 3294 3449 et
3348 3412 3672 3468 acceperunt
3701 3408 3850 3462 multi

2269 3465 2523 3536 Spiritum
2555 3484 2829 3538 sanctum.
2862 3486 2915 3531 et
2960 3495 3236 3550 cmperunt
3287 3488 3446 3541 multa
3478 3465 3720 3550 illumina
3748 3499 3853 3553 ela-

2266 3573 2412 3613 mare
2438 3560 2505 3615 de
2550 3566 2749 3632 paucis.
2812 3568 2935 3624 Ideo
2980 3575 3217 3641 sequitur
3239 3617 3253 3640 ,
3309 3578 3351 3631 Α
3379 3582 3574 3636 vocibus
3601 3602 3849 3654 aquarum

2266 3649 2541 3705 multarum
2570 3656 2821 3711 mirabiles
2859 3676 3178 3730 sttspensurte
3214 3668 3368 3721 maris
3394 3686 3414 3722 :
3441 3670 3492 3724 id
3536 3683 3650 3740 est,
3694 3675 3851 3747 hujus

2266 3742 2466 3796 saeculi.
2490 3744 2620 3799 Cum
2650 3748 2901 3817 coepisset
2943 3750 3187 3808 Christus
3216 3759 3372 3814 tantis
3411 3762 3627 3819 vocibus
3651 3742 3849 3836 pradi-

2264 3836 2409 3901 cari,
2435 3838 2596 3906 coepit
2625 3838 2779 3894 irasci
2802 3857 2949 3898 mare
2966 3885 2982 3909 ,
3011 3860 3286 3914 cmperunt
3309 3851 3648 3911 crebrescere
3669 3873 3851 3928 perse-

2265 3926 2526 3980 cutiones.
2551 3926 2680 3982 Cum
2707 3931 3005 3989 elevassent
3031 3952 3156 4005 ergo
3182 3940 3393 4007 ﬂumina
3423 3959 3587 3999 vocem
3603 3926 3788 4015 suam,
3817 3969 3847 4005 α

2264 4017 2462 4072 vocibus
2486 4035 2731 4091 aquarum
2762 4024 3031 4079 multarunt
3057 4030 3307 4084 mirabiles
3327 4050 3647 4103 suspensio-te
3670 4044 3844 4097 maris.

2263 4105 2647 4178 Suspensum,
2682 4115 3030 4171 exultationes
3072 4130 3227 4186 sunt;
3266 4124 3386 4191 quia
3417 4128 3631 4194 quando
3662 4131 3845 4188 irasci-

2266 4209 2350 4253 tur
2373 4216 2541 4266 mare,
2564 4207 2961 4274 suspenduntur
2984 4210 3193 4266 ﬂuctus.
3222 4212 3626 4284 Suspendantur
3652 4222 3844 4278 fluctus

2262 4300 2515 4358 quantum
2543 4295 2761 4361 volunt,
2794 4294 2986 4352 fremat
3009 4316 3153 4356 mare
3180 4316 3433 4372 quantum
3462 4308 3610 4375 vult;
3637 4313 3844 4366 mirabi-

2262 4383 2332 4440 les
2360 4386 2573 4454 quidem
2597 4406 2921 4458 suspensum
2940 4394 3094 4448 muris
3117 4436 3132 4459 ,
3165 4396 3432 4454 mirabiles
3457 4403 3614 4455 mina:
3637 4445 3653 4469 ,
3682 4407 3845 4460 mira-

2261 4476 2394 4531 biles
2418 4481 2812 4547 persccutioues
2834 4523 2848 4548 ,
2877 4484 2973 4539 sed
3002 4486 3119 4541 vide
3143 4489 3269 4557 quid
3297 4492 3534 4561 sequitur
3565 4511 3577 4547 :
3624 4496 3842 4552 Μὶν-σωκ

2262 4568 2324 4621 lis
2350 4569 2403 4621 in
2432 4570 2640 4624 excelsis
2668 4570 2931 4627 Dominus.
2961 4574 3275 4646 Compescat
3303 4596 3360 4636 se
3387 4598 3516 4654 ergo
3558 4602 3707 4641 mare
3727 4630 3746 4653 ,
3793 4603 3842 4644 ct

2261 4657 2543 4728 aliquando
2572 4664 2940 4731 tranquilletur
2963 4706 2977 4730 ,
3006 4666 3163 4721 detur
3191 4685 3288 4737 pax
3336 4671 3672 4731 Christianis.
3710 4679 3843 4734 Tur-

2262 4748 2485 4804 babatur
2508 4766 2687 4819 mare,
2720 4754 3006 4812 ﬂuctuabat
3034 4761 3290 4817 navicula.
3324 4762 3573 4820 Navicula
3603 4768 3838 4825 Ecclesia

2261 4851 2343 4896 est
2364 4884 2380 4908 ,
2434 4859 2581 4899 mare
2608 4846 2859 4901 Saeculum
2900 4860 3001 4905 est.
3034 4852 3186 4906 Venit
3236 4855 3489 4911 Dominus
3511 4900 3524 4921 ,
3553 4860 3841 4916 ambulavit

2260 4949 2420 5003 super
2444 4951 2624 5000 mare,
2655 4948 2709 4992 et
2737 4940 2927 5007 pressit
2954 4941 3145 4998 fluctus
3176 4944 3385 5013 (Matth.
3424 4964 3515 5002 xiv
3537 4990 3552 5013 ,
3584 4950 3655 5005 24
3676 4994 3692 5019 ,
3725 4954 3836 5022 25).

2258 5024 2534 5092 Quomodo
2550 5028 2835 5083 ambulavit
2851 5031 3103 5087 Dominus
3122 5050 3282 5104 super
3291 5037 3463 5092 mare?
3476 5037 3647 5108 Super
3669 5043 3837 5112 capita

2258 5116 2479 5172 istorum
2501 5120 2750 5175 fluctuum
2778 5137 3085 5193 magnorum
3107 5130 3483 5195 Spumautium.
3519 5132 3832 5198 Potcslates,

2258 5219 2313 5265 et
2332 5226 2484 5281 reges
2508 5214 2865 5282 crediderunt,
2885 5218 3144 5288 subjugati
3174 5222 3542 5277 suntChristo.
3570 5225 3713 5295 Ergo
3736 5243 3834 5281 ttun

2260 5311 2554 5358 terreamur
2572 5345 2585 5366 ,
2618 5306 2738 5373 quia
2766 5307 3019 5363 mirabiles
3042 5326 3363 5378 suspensum:
3392 5316 3546 5368 maris
3573 5332 3593 5369 :
3624 5315 3834 5370 Mirabi-

2259 5392 2323 5445 lis
2344 5394 2397 5445 in
2418 5395 2626 5448 excelsis
2642 5395 2912 5450 Dominus.

2330 5484 2382 5538 8.
2414 5483 2563 5556 [εει-δ.
2589 5487 2668 5558 5.]
2702 5487 3003 5543 Testimonia
3029 5501 3116 5544 tua
3144 5494 3333 5547 credita
3362 5498 3497 5565 facta
3522 5506 3639 5551 sunt
3668 5500 3828 5551 nimis.

2323 5619 2339 5687 ξ
2374 5618 2444 5687 sic
2468 5625 2642 5692 Am._et
2663 5627 2768 5692 Mss.
2814 5628 2869 5692 A_t
2906 5629 2980 5671 Er.
3015 5630 3067 5672 et
3102 5631 3230 5683 Lov.,
3270 5634 3379 5689 Ipsa
3411 5626 3611 5690 [Iuntina
3649 5637 3829 5692 accepti:

2256 5682 2433 5740 Spiritu
2454 5688 2632 5739 sancto,
2658 5682 2786 5732 unde
2807 5682 3121 5743 elettaverunt,
3150 5682 3242 5735 etc.
3292 5682 3302 5689 ⁷
3411 5682 3420 5690 ’
3760 5682 3769 5692 ”

2324 5744 2342 5771 ³
2374 5742 2570 5805 Quidam
2592 5750 2717 5805 διεδ..
2751 5745 2917 5795 Nescio
2949 5745 3187 5797 hominem
3222 5747 3365 5799 hunc.
3418 5750 3616 5805 Timens.
3652 5760 3744 5805 etc.
3784 5756 3826 5805 ει

2324 5750 2342 5771 ι
2374 5750 2570 5797 Quidam
2592 5750 2717 5799 Mss,
2751 5750 2917 5795 Nescio
2949 5750 3187 5797 hominem
3222 5750 3365 5799 hunc.
3418 5750 3616 5812 Timens,

2262 5802 2495 5863 nonnulli,
2522 5813 2620 5855 uec
2643 5804 2811 5856 timens
2833 5808 3074 5858 mentitur.
