4088 6468
188 378 314 434 “89

184 494 340 562 Magis
369 505 544 560 quam
590 490 605 520 ⁸
635 487 908 542 mirabiles
938 495 1090 542 erant
1119 499 1458 555 suspensuras
1490 483 1651 539 maris
1677 526 1691 548 ,
1724 491 1777 536 ct

184 583 439 639 mirabilis
468 584 525 636 in
550 580 775 636 excelsis
803 579 1077 633 Dominus.
1114 598 1132 630 ι
1162 577 1490 633 Testimonia
1521 585 1607 629 tua
1657 590 1776 629 cre-

181 678 282 733 dita
309 676 452 731 facta
481 684 607 729 sunt
633 674 812 727 nimis.
838 672 1166 727 Testimonia
1200 650 1287 725 ttia
1309 711 1323 734 ,
1378 690 1396 723 ι
1430 670 1550 739 quia
1572 669 1780 723 dixerat

181 769 302 825 illud
330 780 466 822 ante
504 783 518 819 :
558 785 575 816 ι
612 764 738 819 Haec
765 763 886 819 dico
940 762 1125 827 vobis,
1171 762 1309 816 utin
1341 775 1427 815 me
1466 775 1649 829 pacem
1682 759 1776 811 ha-

181 862 388 926 beatis,
446 861 503 913 in
553 858 752 913 mundo
798 865 974 911 autem
1019 869 1342 924 pressuram.
1396 873 1414 905 ι
1467 853 1605 922 Ergo
1654 852 1778 923 quia

180 953 409 1007 mundus
460 962 772 1020 pressuram
822 948 972 1003 vobis
1012 946 1244 1000 facturus
1289 954 1405 1010 est,
1452 943 1573 998 dico
1603 941 1774 996 vobis.

180 1043 473 1109 Cmperuut
502 1041 629 1110 pati,
672 1048 726 1093 et
756 1038 1142 1092 conﬁrmarunt
1162 1035 1213 1089 in
1239 1050 1297 1089 se
1326 1034 1468 1104 quod
1500 1033 1603 1088 illis
1634 1047 1773 1102 pra:-

180 1135 383 1188 dixerat
416 1132 714 1195 Dominus,
770 1136 827 1183 et
854 1127 1019 1198 magis
1065 1125 1231 1181 fortes
1273 1136 1397 1179 sunt
1447 1124 1589 1179 facti.
1641 1122 1774 1178 Cum

180 1226 315 1279 enim
358 1223 616 1277 videbant
662 1220 869 1289 impleri
916 1218 967 1272 in
1018 1233 1075 1273 se
1132 1215 1441 1286 passiones,
1493 1213 1777 1283 sperabant

183 1316 435 1385 compleri
470 1315 526 1369 in
552 1330 613 1369 se
633 1322 690 1368 et
715 1326 942 1367 coronas
975 1328 987 1364 :
1041 1320 1095 1365 et
1123 1308 1243 1363 ideo
1277 1326 1294 1358 ι
1334 1307 1606 1362 mirabiles
1654 1322 1775 1360 sus-

184 1423 426 1478 pensum:
456 1406 659 1469 maris;
690 1402 949 1459 mirabilis
990 1401 1043 1454 in
1072 1400 1296 1455 excelsis
1326 1398 1602 1452 Dominus.
1631 1397 1695 1453 Ut
1722 1397 1773 1451 in

186 1518 299 1564 me,
338 1520 356 1552 ι
392 1498 609 1568 inquit,
648 1515 667 1547 ι
706 1510 890 1566 pacem
922 1492 1195 1557 habeatis,
1243 1491 1295 1544 in
1347 1489 1546 1543 mundo
1597 1497 1773 1542 autem

187 1606 510 1661 pressuram.
552 1608 571 1639 ι
608 1588 751 1657 Ergo
798 1586 923 1656 quid
968 1583 1233 1639 facimus?
1261 1581 1424 1637 Suavit
1463 1594 1645 1643 mare,
1680 1594 1777 1633 ex-

189 1684 433 1736 tolluntur
461 1681 694 1742 ﬂuctus,
724 1688 774 1733 et
809 1676 977 1732 rabidi
1020 1674 1284 1736 fremunt;
1326 1686 1602 1743 pressuras
1635 1671 1772 1739 pati-

186 1791 297 1828 mur
326 1792 339 1827 :
370 1788 556 1827 nonne
580 1772 716 1825 forte
737 1768 1047 1824 deﬁcimus?
1074 1765 1246 1820 Absit.
1281 1782 1299 1815 ι
1335 1763 1586 1818 Mirabilis
1609 1763 1660 1814 in
1683 1777 1771 1816 ex-

189 1867 334 1921 celsis
362 1865 646 1918 Dominus.
681 1881 701 1912 »
731 1860 880 1915 Adeo
908 1868 962 1913 et
986 1857 1059 1912 ibi
1085 1871 1206 1911 cum
1231 1855 1451 1918 diceret,
1484 1873 1501 1904 ‹
1529 1860 1586 1907 ut
1614 1854 1667 1907 in
1689 1869 1774 1908 me

189 1971 356 2024 pacem
389 1954 659 2015 habeatis,
692 1952 743 2005 iu
769 1948 966 2004 mundo
996 1957 1172 2002 autem
1197 1961 1496 2017 pressuram
1523 1961 1536 2009 ;
1578 1965 1596 1996 ι
1623 1945 1772 2014 quasi

187 2046 414 2098 dicerent
435 2084 451 2109 ,
485 2043 653 2096 Putas
686 2056 792 2094 non
817 2047 1022 2109 premet
1044 2052 1142 2092 nos
1169 2036 1431 2100 muudus,
1471 2044 1526 2090 et
1566 2037 1759 2090 exstiti~

186 2143 300 2204 guet
326 2148 424 2187 nos
446 2134 469 2186 ?
498 2133 685 2187 statim
718 2131 945 2200 subjecit
968 2170 983 2194 ,
1013 2129 1118 2185 Sed
1135 2129 1345 2200 gaudete
1363 2168 1377 2192 ,
1410 2128 1529 2197 quia
1554 2143 1644 2197 ego
1681 2127 1772 2180 vici

189 2226 410 2280 secutum
436 2222 626 2296 (Joan.
658 2240 771 2285 3m,
795 2223 907 2292 35).
940 2222 994 2276 Si
1018 2236 1144 2291 ergo
1168 2221 1258 2286 ait,
1280 2236 1371 2290 ego
1392 2220 1486 2272 vici
1509 2219 1766 2296 saxulum,

189 2293 454 2372 adhazrete
476 2315 563 2369 illi
594 2315 680 2384 qui
708 2312 834 2368 vicit
863 2312 1138 2375 szeculum,
1171 2312 1259 2381 qui
1290 2310 1418 2365 vicit
1438 2325 1605 2364 mare.
1632 2293 1774 2365 Gaul

189 2410 293 2464 dele
314 2408 377 2463 ad
408 2424 540 2463 eum
567 2451 582 2473 ,
614 2408 736 2477 quia
766 2408 786 2437 ²
814 2404 1070 2460 mirabilis
1090 2413 1171 2459 est
1222 2404 1271 2457 in
1318 2404 1547 2458 excelsis
1585 2404 1770 2458 Domi-

189 2520 275 2557 nus
293 2544 307 2570 ,
336 2514 388 2557 et
416 2502 709 2556 testimonia
733 2510 819 2554 tua
840 2500 1027 2554 credita
1053 2503 1187 2568 facta
1213 2508 1327 2551 sunt
1354 2496 1523 2551 nimis.
1552 2497 1616 2551 Et
1646 2497 1769 2567 quid

190 2595 363 2651 factum
391 2604 475 2650 est
507 2593 580 2649 de
609 2594 689 2646 his
718 2590 1004 2645 omnibus?
1033 2589 1249 2642 Domum
1290 2598 1430 2641 luam
1466 2588 1605 2641 decet
1646 2604 1767 2640 san-

188 2687 443 2755 ctiﬁcatio,
512 2684 755 2738 Domine.
808 2682 1032 2735 Domum
1092 2688 1275 2744 tuam,
1335 2688 1498 2732 totam
1551 2677 1767 2733 domum

190 2788 313 2831 tuam
340 2795 355 2832 :
381 2791 486 2831 non
526 2775 646 2839 hic,
678 2783 767 2827 aut
790 2771 904 2837 hic,
930 2780 1020 2825 aut
1068 2770 1177 2835 ibi;
1232 2769 1324 2824 sed
1365 2770 1580 2823 domum
1627 2778 1768 2823 tuam

191 2881 332 2925 totam
358 2912 372 2936 ,
407 2885 506 2939 per
540 2876 705 2921 totum
736 2866 920 2919 orbem
945 2862 1246 2918 terrarum?
1275 2861 1451 2927 Quare
1484 2875 1576 2930 per
1601 2869 1767 2914 totum

190 2961 353 3017 orbem
382 2972 653 3016 terrarum
682 2959 813 3025 Quia
840 2957 1077 3012 correxit
1097 2956 1281 3009 orbem
1317 2964 1472 3009 terrm
1495 2996 1509 3019 ,
1539 2955 1629 3025 qui
1660 2970 1765 3009 non

190 3055 599 3110 commovebitur
625 3051 793 3123 (Psal.
825 3067 961 3115 xcv,
994 3048 1105 3120 l0).
1141 3048 1339 3103 Domus
1366 3047 1576 3101 Domini
1615 3046 1768 3101 fortis

191 3154 307 3218 erit;
333 3168 424 3223 per
447 3160 622 3206 totum
648 3148 831 3204 orbem
856 3156 1118 3201 terrarum
1164 3145 1264 3199 erit
1295 3162 1307 3196 :
1342 3142 1488 3197 multi
1538 3142 1763 3207 cadent,

192 3245 476 3299 seddomus
504 3244 593 3297 illa
648 3250 783 3307 stat;
820 3239 970 3294 multi
1018 3233 1521 3301 turbabuntur,sed
1577 3234 1767 3289 domus

192 3335 266 3388 illa
292 3352 389 3389 non
421 3334 747 3389 movebitur.
780 3330 995 3384 Domum
1052 3338 1189 3381 tuam
1244 3326 1381 3380 decet
1410 3326 1759 3394 sanctiﬁcatio,

194 3426 403 3481 Domine.
430 3425 704 3495 Numquid
738 3438 899 3494 parvo
952 3419 1229 3490 tempore?
1258 3417 1429 3472 Absit.
1460 3416 1524 3470 In
1546 3415 1766 3486 longitu-

195 3517 336 3571 dinem
352 3518 574 3572 dierum.

597 3679 677 3741 IN
724 3674 1103 3738 PSALMUM
1147 3672 1348 3735 XCIII

767 3773 1189 3830 ENARRATIO.

821 3881 990 3921 εειηιο
1022 3866 1094 3936 (a)
1107 3905 1119 3917 .

262 3966 309 4016 l.
345 3962 483 4018 Sicut
513 3959 869 4015 intentissime
894 3957 1211 4019 audivimus,
1243 3968 1363 4007 cum
1393 3954 1629 4023 psalmus
1666 3954 1764 4009 iste

199 4051 463 4121 legeretur;
501 4052 570 4105 ita
600 4051 800 4103 intente
822 4046 1112 4110 audiamus,
1139 4059 1260 4099 cum
1284 4044 1482 4097 revelat
1505 4032 1764 4097 Dominus

94 4155 302 4213 ’qua:
330 4143 406 4198 hic
429 4144 681 4214 dignatus
710 4151 788 4194 est
818 4150 1043 4208 Opacare
1076 4135 1347 4205 mysteria.
1380 4132 1461 4187 Ad
1493 4132 1593 4188 hoc
1619 4134 1760 4187 enim

202 4234 499 4288 clauduntur
537 4232 781 4303 quaedam
822 4238 1150 4284 sacramenta
1191 4226 1578 4296 Scripturarum
1604 4267 1618 4291 ,
1658 4240 1762 4279 non

94 4328 163 4373 ηι)
203 4335 249 4378 ut
276 4327 619 4397 denegentur,
648 4323 739 4378 sed
768 4331 822 4375 ut
852 4319 1180 4390 pulsantibus
1205 4319 1525 4387 aperiantur.
1555 4316 1609 4371 Si
1637 4332 1764 4387 ergo

94 4417 363 4472 ψιωπεειιι
406 4420 498 4487 pio
536 4427 590 4470 et
626 4417 832 4470 sincera
872 4411 1048 4466 cordis
1087 4411 1347 4465 charitate
1386 4410 1625 4478 pulsetis,
1675 4409 1763 4463 ille

104 4558 109 4567 ,
138 4520 150 4553 ι
203 4511 378 4577 aperiet
402 4508 618 4579 (Matth.
645 4522 740 4573 vn,
771 4505 822 4575 7)
854 4507 941 4575 qui
968 4504 1112 4559 videt
1135 4503 1272 4557 unde
1303 4501 1542 4571 pulsetis.
1569 4500 1761 4555 Notum

210 4610 270 4654 :st
303 4604 543 4656 omnibus
574 4600 729 4655 nobis
758 4597 777 4671 (
803 4607 959 4667 atque
989 4596 1187 4649 utinam
1216 4594 1282 4648 de
1320 4607 1540 4646 numero
1579 4607 1761 4645 eorum

210 4630 270 4654 Σθι
303 4630 543 4656 υΙΙΙΙΙιυιΙδ
575 4630 729 4655 Ιιυυιδ
759 4630 777 4671 χ
803 4630 958 4667 dull“:
991 4630 1187 4649 uult-un
1216 4630 1281 4648 υυ
1320 4630 1494 4646 nun-u-
1510 4630 1540 4643 υ
1579 4630 1659 4645 υυι
1677 4630 1761 4645 υ...

94 4630 293 4752 ΕΜ
320 4694 529 4762 simus),
563 4691 759 4745 multos
789 4700 1124 4742 murmurare
1150 4685 1406 4739 adversus
1438 4683 1530 4737 Dei
1559 4682 1761 4751 patien-

206 4783 332 4851 tiam,
362 4794 413 4839 et
438 4785 624 4839 dolere
656 4782 864 4851 iuiquos
907 4779 1152 4833 h0mines
1182 4786 1235 4832 et
1261 4777 1451 4845 impios
1476 4776 1561 4830 vel
1589 4776 1765 4829 vivere

207 4873 250 4926 iu
276 4876 366 4930 hac
396 4888 532 4933 terra
560 4919 574 4938 .
607 4875 689 4930 vel
717 4876 875 4930 etiam
902 4871 1187 4941 plurimum
1217 4884 1373 4939 posse
1397 4886 1409 4933 ;
1439 4878 1491 4924 et
1516 4868 1656 4938 quod
1682 4878 1765 4922 est

207 4967 406 5036 amplius
433 5011 448 5036 ,
479 4968 792 5038 plerumque
823 4964 1103 5034 plurimum
1132 4976 1288 5031 posse
1316 4961 1483 5015 malos
1510 4961 1763 5016 adversus

210 5055 353 5111 bonos
375 5101 389 5125 ,
419 5070 471 5113 et
511 5074 654 5127 saepe
686 5056 853 5111 malos
879 5069 1124 5125 premere
1154 5052 1359 5116 bonos;
1392 5052 1557 5105 malos
1582 5042 1762 5105 exsul-

206 5138 305 5201 tare
323 5189 335 5213 ,
360 5148 527 5204 bonos
558 5149 840 5209 laborare;
872 5145 1041 5199 malos
1068 5142 1363 5212 superbire,
1392 5142 1559 5196 bonos
1586 5139 1765 5193 bumiu

210 5236 329 5294 liari.
362 5242 703 5297 Attendentes
731 5241 851 5293 talia
884 5238 934 5292 in
965 5252 1159 5308 genere
1189 5237 1421 5290 humano
1452 5234 1468 5303 (
1496 5233 1763 5288 abundant

214 5330 396 5401 enim),
439 5340 814 5402 pervertuntur
854 5330 1189 5398 impatientes
1228 5338 1281 5380 et
1321 5325 1514 5380 infirmi
1554 5324 1757 5389 animi,

212 5421 340 5488 quasi
362 5423 546 5477 frustra
575 5425 681 5478 sint
708 5423 829 5477 boni
852 5433 867 5489 ;
894 5422 1015 5492 quia
1041 5422 1178 5474 Deus
1204 5418 1393 5474 avertit
1418 5419 1500 5472 vel
1524 5426 1762 5472 avertere

213 5508 391 5567 videtur
419 5516 594 5569 oculos
625 5529 749 5568 suos
778 5529 808 5567 a
838 5513 992 5568 bonis
1024 5511 1274 5582 operibus
1306 5511 1512 5581 piorum
1543 5519 1597 5564 et
1628 5509 1759 5564 fide-

267 5643 282 5710 ξ
313 5644 491 5710 Aliquot
504 5655 633 5710 Mss,
655 5645 784 5710 quia.

268 5705 285 5772 ξ
313 5705 533 5772 Mulli.
555 5705 653 5772 ιιιιὶ-

244 5766 337 5834 ,((ι),
351 5775 395 5816 tn
416 5766 786 5834 aliena'diqgeesi
810 5769 1020 5831 habitus,
1036 5773 1241 5829 rogante
1261 5766 1595 5826 etisc0porum
1612 5768 1760 5822 emta,

222 5829 343 5878 sicuti
356 5843 412 5878 ex
436 5831 526 5881 fine
552 5829 860 5893 intelligitur.

1257 368 1651 427 ENARRATIO
1694 367 1757 421 IN
1792 364 2115 421 PSALMUM
2159 362 2341 423 XCIII.

3336 359 3472 425 “90

1890 478 2018 532 lium
2042 519 2054 543 ,
2099 487 2153 533 et
2183 493 2377 549 augere
2405 479 2572 535 malos
2603 481 2653 534 in
2684 480 2768 535 his
2795 495 2913 551 qua:
2943 480 3185 552 diligunt.
3219 482 3472 544 Putantes

1885 584 2012 639 ergo
2039 570 2234 623 infirmi
2262 572 2451 625 frustra
2482 587 2541 627 se
2570 572 2707 627 bene
2736 572 2933 638 vivere,
2967 582 3057 628 aut
3085 575 3374 632 invitantur
3403 579 3470 634 ad

1885 660 2192 714 imitandam
2221 661 2473 716 malitiam
2500 676 2685 716 eorum
2712 678 2844 732 quos
2869 665 3018 732 quasi
3042 663 3234 719 ﬂorere
3256 671 3475 736 conspi-

1883 751 2031 805 ciunt
2051 770 2065 806 :
2085 762 2174 805 aut
2195 751 2239 806 si
2264 768 2356 823 per
2382 752 2739 807 inﬁrmitatem
2763 754 2843 808 vel
2868 770 3106 822 personae
3127 770 3237 810 suae
3264 757 3345 811 vel
3369 759 3474 811 ani-

1887 843 1981 909 mi,
2003 843 2189 897 timent
2210 843 2347 897 male
2370 841 2564 909 facere,
2581 860 2646 899 ne
2666 844 2863 915 aliquid
2888 846 2993 899 illis
3009 847 3296 901 secundum
3322 848 3471 917 leges

1883 935 2064 990 saeculi
2096 936 2220 990 mali
2246 936 2485 1003 accidat;
2517 954 2625 991 non
2654 939 2773 1008 quia
2799 939 3052 1009 justitiam
3082 942 3325 1013 diligunt,
3352 945 3465 1008 sed,

1883 1035 1940 1080 ut
1964 1026 2137 1081 dicam
2162 1028 2417 1096 apertius,
2445 1028 2693 1083 timentes
2714 1029 2953 1085 damnari
2976 1032 3113 1086 inter
3134 1033 3379 1089 homines
3400 1035 3468 1089 ab

1884 1116 2222 1184 hominibus,
2255 1118 2523 1174 abstinent
2551 1135 2608 1174 se
2642 1120 2855 1189 quidem
2894 1135 2923 1174 a
2960 1122 3110 1177 iactis
3148 1125 3339 1189 malis,
3373 1126 3465 1180 sed

1882 1223 1987 1261 non
2025 1221 2083 1261 se
2119 1208 2387 1262 abstinent
2411 1223 2439 1261 a
2473 1210 2879 1278 cegitationibus
2908 1214 3078 1266 malis.
3115 1215 3178 1268 Et
3204 1215 3340 1270 inter
3368 1231 3464 1271 co-

1879 1297 2159 1367 gitationes
2186 1314 2370 1353 eorum
2408 1300 2612 1369 iniquas
2639 1341 2651 1365 ,
2679 1303 2945 1371 praecipue
2981 1315 3139 1372 caput
3177 1306 3466 1374 iniquitatis

1882 1389 1965 1443 illa
1995 1399 2137 1444 tenet
2166 1390 2408 1459 impietas
2428 1433 2443 1458 ,
2473 1408 2574 1462 qua
2604 1392 2813 1447 videtur
2838 1394 2915 1448 eis
2948 1395 3085 1450 Deus
3115 1398 3384 1468 negligere
3414 1409 3467 1453 et

1880 1496 1984 1535 non
2011 1497 2201 1537 curare
2226 1497 2312 1537 res
2339 1484 2626 1549 humanas;
2658 1494 2711 1540 et
2736 1496 2823 1539 aut
2851 1488 3125 1557 aequaliter
3150 1490 3345 1545 habere
3366 1494 3465 1547 bo-

1880 1590 1977 1629 nos
2007 1586 2056 1629 et
2087 1577 2288 1640 malos;
2322 1586 2412 1631 aut
2437 1578 2594 1631 etiam
2619 1619 2634 1641 ,
2661 1579 2801 1648 quod
2829 1590 2910 1633 est
2939 1582 3290 1650 perniciosius
3316 1586 3465 1655 cogi-

1880 1675 2011 1731 tare,
2040 1668 2287 1722 insectari
2316 1669 2483 1723 bonos
2508 1680 2561 1724 et
2585 1671 2735 1725 malis
2758 1670 2953 1726 favere.
2979 1674 3076 1740 Qui
3101 1676 3219 1729 talia
3243 1678 3463 1748 cogitat,

1878 1758 1977 1813 etsi
2009 1756 2138 1811 nihil
2166 1759 2287 1812 mali
2316 1759 2473 1813 alicui
2503 1759 2686 1825 faciat,
2721 1760 2842 1816 facit
2873 1764 3154 1831 plurimum
3182 1766 3303 1833 sibi,
3334 1778 3385 1821 ct
3412 1769 3461 1823 in

1879 1849 2110 1918 scipsum
2138 1851 2328 1920 impius
2349 1860 2465 1918 est;
2494 1861 2549 1907 et
2571 1853 2845 1922 iniquitate
2866 1869 2959 1909 sua
2983 1872 3087 1911 non
3108 1858 3252 1918 laedit
3274 1860 3460 1926 Deum,

1878 1939 1970 1992 sed
2001 1939 2248 1995 interficit
2272 1956 2350 1995 se.
2384 1942 2564 2012 Neque
2593 1952 2788 1999 nocent
2816 1944 3139 2015 hominibus,
3173 1950 3294 2020 quia
3322 1952 3465 2004 timi-

1877 2031 1929 2086 di
1949 2034 2179 2102 suntqui
2205 2034 2324 2089 talia
2346 2036 2605 2105 cogitant;
2631 2037 2723 2091 sed
2750 2048 2921 2092 tamen
2948 2039 3226 2097 homicidia
3248 2058 3461 2109 eorum,

1876 2123 2135 2179 adulteria
2157 2140 2362 2189 eorum,
2388 2127 2598 2181 fraudes
2620 2137 2671 2182 et
2695 2128 2905 2197 rapinas
2926 2142 3109 2186 eorum
3133 2132 3274 2188 videt
3300 2134 3458 2200 Deus,

1876 2223 1931 2271 et
1969 2218 2120 2287 punit
2161 2218 2211 2271 iu
2249 2219 2656 2289 cogitationibus
2695 2236 2898 2275 eorum.
2930 2222 3064 2291 Quid
3089 2226 3229 2278 enim
3256 2227 3457 2291 velint,

1878 2308 1965 2363 ille
1987 2309 2232 2374 attendit,
2261 2310 2412 2379 cujus
2438 2308 2625 2366 oculus
2647 2327 2751 2366 non
2778 2313 3053 2383 repellitur
3071 2331 3251 2381 carne,
3276 2325 3458 2371 utnon

1877 2401 2050 2455 videat
2077 2403 2422 2457 voluntatem.
2452 2402 2609 2459 Tales
2635 2405 2678 2457 si
2704 2406 3011 2461 occasiones
3038 2407 3326 2473 inveniant,
3351 2425 3456 2463 non

1876 2492 2000 2546 mali
2029 2495 2198 2559 fiunt,
2228 2494 2319 2549 sed
2349 2495 2748 2550 manilcstantur
2776 2514 2787 2548 ε
2821 2512 2923 2550 non
2958 2506 3011 2551 ut
3041 2498 3237 2552 sentias
3268 2500 3409 2569 quod
3441 2502 3455 2531 ¹

1876 2592 2053 2635 natum
2087 2584 2155 2636 sit
2185 2582 2518 2637 manifestum
2546 2627 2561 2651 ,
2594 2585 2685 2638 sed
2720 2595 2774 2638 ut
2810 2584 3070 2655 intelligas
3096 2588 3235 2656 quod
3263 2590 3459 2644 latebat

1876 2671 2159 2727 inclusum.
2195 2672 2382 2727 Paucis
2412 2674 2493 2728 his
2522 2676 2694 2741 annis,
2725 2686 2779 2729 et
2803 2691 2967 2746 prope
2996 2678 3242 2734 hesterno
3268 2680 3354 2736 die
3380 2682 3455 2735 vi-

1873 2765 2064 2820 derunt
2096 2770 2209 2822 hmo
2237 2768 2477 2823 homines
2498 2810 2512 2835 ,
2541 2778 2593 2823 et
2619 2769 2977 2838 probaverunt
3003 2773 3160 2825 etiam
3192 2774 3279 2842 qui
3309 2775 3458 2829 tarde

1875 2857 2195 2927 intelligunt.
2225 2858 2353 2914 Erat
2379 2861 2521 2914 enim
2550 2859 2635 2915 hic
2663 2876 2761 2913 una
2788 2860 2977 2916 domus
3003 2865 3363 2931 potentissima
3389 2866 3456 2920 ad

1875 2960 2104 3020 tempus,
2128 2951 2195 3006 de
2217 2968 2317 3022 qua
2340 2951 2602 3023 ﬂagellum
2626 2952 2826 3008 fecerat
2846 2953 2985 3008 Deus
3002 2956 3181 3024 generi
3200 2956 3453 3023 humano,

1872 3053 1924 3096 ct
1950 3043 2261 3114 castigatum
2291 3055 2371 3099 est
2402 3043 2524 3098 inde
2550 3058 2716 3114 genus
2744 3042 3032 3098 humanum
3057 3064 3069 3110 ;
3099 3046 3144 3100 si
3170 3056 3456 3116 cngnoscat

1874 3134 2138 3205 flagellum
2186 3136 2349 3204 patris
2372 3176 2387 3201 ,
2420 3144 2473 3189 et
2514 3136 2698 3189 timeat
2730 3136 3046 3190 sententiam
3074 3136 3287 3205 judicis.
3321 3137 3450 3192 Cum

1872 3240 1997 3295 ergo
2031 3235 2174 3280 esset
2213 3224 2297 3279 hic
2336 3225 2520 3280 eadem
2561 3224 2752 3280 domus
2790 3242 2979 3297 magna
3007 3270 3021 3293 ,
3064 3229 3210 3282 multi
3242 3229 3339 3283 sub
3368 3230 3452 3285 illa

1871 3317 2191 3387 gemebant,
2224 3318 2656 3381 murmurabaut,
2688 3318 3185 3387 reprehendebant,
3218 3322 3452 3376 detesta-

1874 3409 2084 3474 bantur,
2111 3410 2568 3478 blaSphemabant.
2594 3409 2869 3477 Quomodo
2890 3426 2947 3464 se
2964 3420 3168 3465 arctant
3188 3412 3449 3479 homines,

1869 3507 1924 3555 et
1964 3500 2158 3555 dantur
2186 3500 2367 3553 divino
2398 3500 2485 3554 illo
2507 3500 2707 3569 judicio
2735 3501 2885 3554 multi
2918 3502 2967 3555 in
2997 3503 3453 3574 Concupiscentias

1868 3594 2046 3648 cordis
2071 3592 2150 3648 sui
2181 3591 2353 3664 (Rom.
2386 3610 2420 3659 t,
2449 3593 2580 3664 ρων
2604 3593 2789 3650 Subito
2818 3593 3011 3650 fiebant
3039 3597 3200 3665 ipsius
3224 3598 3451 3653 domus’

1870 3685 1945 3741 illi
1986 3686 2073 3756 qui
2114 3685 2519 3739 murmurabaut
2557 3684 2623 3739 de
2663 3685 2773 3754 ipsa
2814 3684 3009 3750 domo;
3042 3695 3093 3741 et
3125 3687 3191 3740 ab
3218 3689 3296 3742 eis
3329 3688 3449 3743 talia

1870 3776 2112 3831 homines
2140 3778 2498 3847 patiebantur,
2530 3777 2702 3847 qualia
2728 3793 2785 3849 se
2812 3779 2913 3849 pati
2941 3778 3036 3848 ipsi
3061 3794 3087 3830 a
3112 3778 3300 3833 talibus
3325 3796 3451 3848 pau-

1870 3870 1918 3921 lo
1935 3879 2059 3923 ante
2079 3870 2458 3938 querebantur.
2485 3870 2663 3923 Bonus
2684 3885 2811 3938 ergo
2834 3869 2917 3922 ille
2937 3878 3035 3931 est,
3056 3872 3143 3938 qui
3166 3879 3218 3925 et
3239 3871 3452 3943 quando

1867 3970 2044 4030 potest
2074 3962 2209 4015 male
2241 3960 2412 4015 facere
2437 4003 2451 4027 ,
2483 3978 2584 4014 non
2616 3960 2777 4025 facit;
2806 3961 2873 4014 de
2902 3976 3005 4029 quo
3033 3962 3285 4030 scriptum
3320 3972 3401 4017 est
3434 3982 3446 4016 :

1871 4051 1967 4117 Qui
1995 4053 2155 4121 potuit
2183 4052 2482 4121 transgredi,
2516 4060 2559 4104 et
2588 4068 2686 4103 non
2712 4059 2785 4104 est
2812 4062 3184 4121 transgressus;
3212 4062 3257 4105 et
3284 4057 3450 4123 facere

1868 4144 2025 4210 mala,
2056 4152 2100 4195 et
2122 4160 2221 4195 non
2245 4144 2379 4213 fecit.
2411 4142 2535 4210 Quis
2555 4152 2626 4196 est
2648 4141 2745 4207 hic,
2773 4149 2818 4194 et
2840 4141 3159 4196 laudabimus
3178 4144 3332 4197 eum?
3355 4143 3452 4200 Fe-

1868 4237 1934 4288 cit
1964 4235 2092 4288 enim
2120 4232 2369 4286 mirabilia
2395 4235 2445 4286 in
2476 4234 2575 4286 vita
2602 4250 2694 4287 sua
2724 4230 2908 4304 (Eccli.
2936 4246 3088 4297 XXXI,
3122 4234 3206 4300 I0,
3241 4234 3318 4306 9).
3348 4236 3449 4290 L0-

1868 4328 2126 4399 qucbatur
2150 4325 2422 4397 Scriptura
2450 4326 2514 4379 de
2543 4327 2842 4395 potentibus
2869 4326 3255 4382 innocentibus.
3285 4329 3348 4383 Et
3371 4330 3451 4383 Iu-

1874 4436 1965 4488 pus
1994 4418 2134 4472 enim
2165 4426 2363 4471 tantum
2398 4418 2507 4471 vult
2536 4432 2747 4477 nocere,
2778 4427 3033 4486 quantum
3061 4418 3144 4472 lco
3176 4438 3187 4473 :
3218 4420 3593 4510 dissimir’:
3627 4440 3774 4523 ἴω

1874 4512 1986 4561 liter
2015 4519 2208 4561 nocent
2232 4551 2247 4561 .
2285 4510 2379 4561 sed
2412 4524 2513 4561 non
2542 4507 2870 4561 dissimiliter
2898 4511 3137 4561 cuniunt.
3172 4511 3281 4561 Leo
3311 4462 3539 4561 enim/
3568 4524 3576 4531 ί
3630 4494 3631 4497 η
3720 4537 3774 4561 ,γι

3483 4537 3813 4660 ἰηνκίάν

1866 4700 1992 4762 gat,
2036 4701 2090 4747 et
2129 4690 2273 4745 venit
2316 4691 2380 4744 ad
2420 4689 2592 4756 ovile,
2624 4701 2677 4745 et
2706 4691 3196 4746 obmutescentibus
3234 4654 3781 4762 canibtts‘p‘é/if’

3476 4754 3687 4815 411m
3708 4753 3899 4805 [οων

1867 4512 1986 4565 liter
2015 4519 2208 4565 nocent
2232 4551 2247 4577 ,
2285 4510 2379 4563 sed
2412 4524 2513 4562 non
2542 4507 2870 4563 dissimiliter
2898 4511 3137 4578 cupiunt.
3172 4511 3281 4566 Leo
3311 4513 3450 4567 enim

1868 4618 1972 4656 non
2001 4603 2170 4655 soluat
2197 4599 2489 4655 contemnit
2515 4615 2701 4654 canem
2731 4600 3049 4665 latrantem;
3078 4603 3168 4656 sed
3195 4604 3354 4657 etiam
3378 4607 3454 4657 fu-

1868 4787 2005 4856 rapit
2032 4785 2171 4857 quod
2199 4795 2374 4855 ptest
2404 4804 2415 4838 :
2449 4785 2604 4854 lupus
2636 4801 2738 4839 non
2768 4787 2929 4840 audet
2954 4787 3091 4839 inter
3118 4787 3335 4840 latratus
3364 4802 3452 4839 ca—

1869 4851 2015 4931 uum.
2050 4851 2323 4946 Numquid
2365 4851 2647 4946 propterea
2687 4877 2808 4946 quia
2849 4892 2953 4929 non
2988 4877 3155 4945 potuit
3185 4875 3394 4930 auferre

1867 4969 2086 5023 canibus
2128 4977 2375 5032 territus,
2419 4976 2753 5022 tultocenttor
2794 4967 3087 5021 remeavnt?
3125 4967 3288 5021 Docet
3328 4983 3455 5037 ergo
3493 4943 3559 5042 λ
3597 4959 3807 5043 νυνί

1870 5061 2010 5114 Deus
2037 5060 2413 5124 innocentiam,
2433 5069 2488 5114 ut
2512 5060 2732 5129 quisque
2759 5059 3013 5113 innocens
3039 5061 3105 5112 sit
3131 5074 3234 5111 non
3266 5059 3455 5114 timore

1870 5167 2057 5221 paena),
2089 5150 2181 5205 sed
2210 5166 2391 5205 amore
2411 5150 2649 5219 justitizn.
2682 5149 2831 5202 Tunc
2858 5150 2998 5203 enim
3033 5148 3166 5203 liber
3193 5158 3275 5203 est
3302 5151 3454 5204 inno-

1868 5257 1994 5296 cens
2014 5284 2028 5307 ,
2060 5251 2114 5295 et
2140 5258 2297 5295 verus
2337 5251 2418 5293 est
2450 5241 2722 5293 innocens.
2754 5239 2853 5304 Qui
2879 5250 3054 5292 autem
3085 5241 3273 5295 timore
3299 5242 3453 5295 inno-

1867 5347 1995 5385 cens
2038 5333 2098 5385 lit
2121 5372 2134 5397 ,
2166 5347 2273 5383 non
2307 5339 2387 5383 est
2415 5330 2668 5382 innocens
2694 5370 2707 5393 ,
2741 5329 2981 5398 quamvis
3011 5345 3114 5384 non
3148 5340 3335 5386 noceat
3365 5333 3452 5386 cui

1870 5421 1979 5474 vult
2002 5436 2216 5476 nocere.
2239 5419 2352 5473 Non
2378 5422 2516 5474 enim
2544 5428 2698 5473 nocet
2718 5420 2870 5475 alteri
2896 5437 2988 5489 per
3012 5423 3203 5476 factum
3230 5426 3451 5489 malum,

1868 5512 1961 5568 sed
1991 5514 2088 5567 sibi
2120 5513 2400 5582 plurimum
2433 5527 2529 5581 per
2555 5511 2897 5581 cupiditatem
2928 5514 3138 5567 malam.
3168 5514 3296 5567 Nam
3326 5530 3456 5583 quo-

1869 5605 2029 5661 modo
2055 5605 2157 5659 sibi
2188 5612 2410 5671 noceat,
2441 5604 2563 5659 audi
2593 5603 2919 5674 Scripturam
2957 5624 2969 5658 :
3002 5606 3099 5673 Qui
3126 5616 3291 5658 autem
3320 5615 3457 5659 uiuat

1934 5700 1945 5729 ¹
1984 5704 2057 5746 Er.
2080 5705 2197 5746 Ven.
2215 5704 2344 5755 Lov.,
2369 5697 2503 5759 quid.
2574 5705 2625 5745 Μ.

1871 5760 2241 5870 ἄρξω-οδω
2264 5758 2392 5807 notae
2429 5768 2532 5809 atss.
2576 5766 2630 5809 At
2652 5759 2785 5821 Edd.,
2809 5758 2966 5810 subito
3001 5759 3268 5811 evertebam
3301 5759 3454 5820 ipsam

3482 5084 3640 5106 μ’.

3479 5084 3780 5140 ,τέρα-ν
3818 5076 3823 5083 ’
