4088 6500
624 345 753 400 “9|

621 454 952 529 iniquitatem,
981 452 1085 506 odit
1108 450 1330 503 animant
1355 462 1496 501 suam
1524 443 1694 516 (Psal.
1730 458 1784 507 ιι,
1814 441 1893 506 6).
1926 440 1990 493 Et
2020 452 2200 493 revera

623 551 846 605 multum
892 553 1072 601 errant
1114 541 1357 596 homines
1384 539 1470 607 qui
1504 544 1687 606 putant
1716 533 2026 604 injustitiani
2054 545 2202 584 suam

623 643 740 695 aliis
765 653 979 701 nocere,
1005 646 1058 691 et
1085 634 1187 689 sibi
1216 647 1318 687 non
1347 644 1559 684 nocere.
1588 628 1666 682 Ad
1690 627 1825 680 alios
1848 623 2086 695 procedit
2106 622 2205 675 ini-

623 732 799 801 quitas
847 726 1163 797 cujuslibet,
1197 733 1253 777 ut
1276 721 1485 790 corpori
1516 728 1724 782 noceat,
1754 727 1807 770 ut
1836 730 1949 770 rem
1980 713 2201 768 familia-

619 838 732 876 rem
761 821 935 883 laedat,
970 827 1027 872 ut
1054 817 1233 870 villam
1260 813 1491 876 invadat,
1525 822 1581 865 ut
1610 809 1928 878 mancipium
1955 806 2201 869 abducat,

621 919 679 965 ιιι
720 924 905 963 aurum
951 906 1186 969 auferat,
1228 913 1319 959 aut
1360 911 1659 972 argentum,
1702 899 1787 953 vel
1819 898 1861 953 si
1905 895 2032 966 quid
2064 894 2204 948 aliud

627 1000 861 1069 possidet
882 1001 921 1051 ⁸.
942 998 1020 1053 Ad
1038 997 1141 1051 hoc
1173 995 1436 1065 profertur
1462 993 1528 1046 ad
1560 993 1782 1045 alterum
1816 989 1901 1042 illa
1932 987 2201 1056 iniquitas.

623 1093 767 1162 Ergo
805 1091 1055 1160 iniquitas
1095 1097 1183 1141 tua
1213 1087 1386 1141 alieno
1425 1083 1634 1153 corpori
1676 1090 1863 1144 nocet,
1905 1087 1996 1133 tuo
2028 1077 2205 1131 animo

619 1198 725 1236 non
755 1180 947 1235 nocet?

693 1273 751 1326 2.
781 1271 976 1325 Contra
1006 1270 1158 1323 istam
1188 1266 1484 1335 simplicem
1510 1277 1858 1332 veracctnque
1884 1260 2202 1326 doctrinam,

621 1380 722 1432 qua
754 1363 1051 1421 insinuatur
1092 1358 1395 1412 hominibus
1423 1355 1578 1410 bonis
1603 1395 1618 1418 ,
1656 1364 1712 1407 ut
1752 1354 1916 1423 ipsam
1942 1351 2203 1421 justitiam

623 1455 873 1521 diligant,
900 1460 955 1507 et
976 1466 1042 1505 ex
1068 1465 1128 1503 ea
1158 1449 1366 1517 placere
1394 1447 1503 1500 Deo
1528 1445 1724 1507 velint;
1755 1444 1823 1499 ab
1852 1444 1941 1497 illo
1963 1445 1983 1474 ⁷⁸
2006 1441 2201 1496 intelli-

622 1553 751 1616 gant
774 1546 890 1599 luce
916 1542 1141 1612 quadam
1170 1537 1483 1608 intelligibili
1510 1534 1753 1607 perfundi
1777 1534 2005 1587 animam
2029 1546 2201 1595 suam,

622 1647 682 1692 ut
712 1636 903 1691 faciant
924 1634 1068 1703 justa
1100 1645 1284 1701 opera,
1315 1637 1370 1683 et
1408 1629 1548 1681 illam
1583 1626 1753 1680 lucem
1785 1625 2059 1692 sapientia:
2083 1637 2203 1677 om-

622 1729 776 1782 nibus
816 1741 933 1795 qua:
973 1725 1024 1778 in
1066 1721 1263 1776 sazculo
1303 1720 1591 1789 diliguntur
1632 1724 1944 1788 prchonant
1976 1730 1988 1765 :
2020 1722 2204 1768 contra

621 1822 778 1875 istam
806 1817 1101 1872 doctrinam
1129 1812 1250 1867 talia
1283 1826 1551 1864 tnurmura
1579 1816 1702 1862 sunt
1732 1806 2005 1860 hominum
2031 1821 2045 1867 ;
2075 1813 2129 1858 et
2158 1804 2203 1858 si

622 1928 728 1965 non
761 1908 1053 1979 procedunt
1080 1906 1130 1959 in
1163 1918 1317 1967 voce,
1347 1901 1609 1955 roduntur
1633 1900 1683 1953 in
1709 1898 1891 1952 corde.
1918 1896 2053 1963 Quid
2079 1911 2207 1965 ergo

620 2002 845 2055 dicunt?
888 1998 1028 2054 Vere
1067 1995 1354 2066 placiturus
1383 2007 1498 2046 sum
1531 1990 1638 2045 Deo
1668 2004 1760 2058 per
1784 1987 2044 2057 justitiam
2068 1987 2090 2039 ?
2115 1994 2208 2039 aut

620 2094 746 2163 iusti
792 2092 864 2147 illi
910 2090 1153 2161 placent,
1199 2086 1298 2141 sub
1344 2083 1495 2153 cujus
1542 2080 1764 2150 imperio
1808 2078 1934 2132 mali
1976 2076 2206 2131 florent?

622 2186 789 2240 Tanta
818 2182 951 2237 mala
980 2178 1337 2240 committunt,
1368 2186 1422 2230 et
1451 2174 1577 2228 nihil
1609 2171 1711 2225 illis
1736 2169 1910 2225 evenit
1933 2168 2075 2222 mali.
2100 2168 2205 2221 Aut

621 2276 665 2329 si
698 2274 833 2328 forte
857 2270 1036 2327 evenit
1059 2268 1253 2339 aliquid
1281 2266 1442 2330 mali;
1471 2262 1596 2334 quid
1627 2262 1719 2316 tibi
1751 2261 1935 2316 dicunt
1961 2260 2056 2325 illi,
2083 2274 2203 2312 cum

618 2367 697 2421 eis
723 2362 950 2433 coeperis
973 2362 1151 2416 dicere
1179 2376 1192 2410 :
1221 2359 1358 2413 Ecce
1384 2363 1581 2426 quanta
1607 2352 1729 2408 fecit
1751 2351 1909 2414 mala,
1936 2348 2205 2419 quomodo

619 2457 696 2511 illi
736 2455 1000 2510 redditum
1044 2451 1168 2506 cst?
1205 2449 1414 2519 qualem
1452 2446 1651 2501 exitum
1693 2442 1897 2498 habui?
1944 2441 2206 2511 Incipiunt

618 2546 694 2600 illi
732 2546 967 2615 cogitare
1002 2543 1177 2611 justas
1204 2540 1395 2611 quibus
1428 2538 1563 2593 mala
1594 2543 1924 2599 evenerunt,
1953 2542 2007 2589 et
2034 2549 2203 2603 oppo-

618 2646 752 2690 nunt
780 2635 931 2690 nobis
955 2674 970 2698 ,
1002 2642 1057 2687 et
1091 2632 1270 2685 dicunt
1302 2646 1315 2683 :
1347 2629 1403 2684 Si
1436 2630 1509 2683 illi
1544 2637 1823 2697 propterea
1855 2625 1977 2679 mali
2004 2622 2203 2693 aliquid

617 2726 843 2789 accidit,
873 2724 994 2793 quia
1027 2723 1238 2791 iniquus
1270 2720 1396 2783 luit;
1426 2718 1501 2771 illi
1530 2733 1693 2788 quare
1718 2715 1908 2771 aecidit
1928 2756 1943 2781 ,
1972 2715 2061 2783 qui
2097 2722 2202 2767 tam

617 2820 756 2889 iuste
803 2815 972 2869 vixit?
1021 2815 1120 2881 Qui
1162 2814 1531 2882 eleemosynas
1574 2819 1744 2863 tantas
1782 2807 1926 2872 fecit,
1967 2806 2056 2877 qui
2097 2815 2201 2859 tam

623 2912 786 2965 multa
836 2909 972 2962 bona
1018 2917 1269 2975 operatus
1316 2914 1397 2958 est
1446 2904 1496 2956 in
1542 2901 1778 2955 Ecclesia
1805 2942 1821 2966 ,
1851 2913 2015 2968 quare
2046 2898 2202 2952 talem

619 3014 818 3061 sortem
851 3001 1086 3057 invenit?
1115 3013 1278 3070 quare
1317 2998 1477 3052 talem
1509 2996 1707 3049 exitum
1742 2994 1964 3060 habuit,
1992 2993 2199 3064 qualem

616 3098 705 3153 ille
737 3098 896 3150 homo
931 3093 1019 3164 qui
1051 3093 1213 3147 multa
1252 3091 1430 3161 iniqua
1456 3088 1759 3144 commisit?
1785 3086 1863 3141 Ad
1894 3087 1995 3141 hoc
2022 3095 2199 3139 autem

617 3188 715 3241 ista
744 3186 946 3249 dicunt,
980 3192 1036 3238 ut
1061 3180 1344 3237 ostendant
1371 3195 1430 3234 se
1459 3187 1735 3248 pr0pterea
1763 3193 1867 3231 non
1897 3176 2071 3231 facere
2094 3190 2204 3228 ma-

617 3278 688 3343 le,
715 3279 837 3348 quia
868 3292 971 3331 non
1003 3280 1243 3345 possunt,
1272 3281 1363 3326 aut
1389 3271 1511 3342 quia
1536 3286 1641 3325 non
1669 3268 1887 3323 audent.
1915 3266 2046 3322 Nam
2074 3266 2200 3336 quid

618 3369 744 3423 velit
771 3385 865 3422 cor
889 3407 905 3433 ,
938 3367 1112 3437 lingua
1145 3372 1368 3420 testatur
1397 3383 1409 3417 :
1436 3371 1490 3417 et
1512 3360 1727 3433 quidem
1749 3401 1764 3425 ,
1794 3359 1999 3415 etiamsi
2027 3359 2198 3427 lingua

620 3461 1010 3514 obmutesceret
1038 3466 1091 3512 et
1123 3458 1233 3527 ipsa
1263 3456 1454 3509 timore
1477 3467 1800 3523 compressa,
1830 3452 1966 3506 Deus
1996 3450 2202 3504 videret

619 3554 759 3607 intus
797 3550 923 3622 quid
962 3550 1217 3620 cogitaret
1253 3547 1446 3610 homo,
1482 3546 1691 3601 etiamsi
1727 3545 1888 3598 alium
1930 3543 2198 3597 hominem

618 3644 826 3698 lateret.
856 3641 1067 3696 Tacitas
1096 3654 1223 3709 ergo
1252 3636 1601 3706 cogitationes
1629 3634 1901 3688 hominum
1930 3633 2084 3698 tales,
2111 3641 2201 3685 aut

618 3736 775 3790 etiam
809 3740 1151 3802 erumpentes
1178 3731 1228 3784 in
1259 3729 1416 3784 verba
1444 3727 1527 3781 vel
1557 3726 1691 3781 facta
1711 3767 1725 3791 ,
1757 3733 1907 3778 curat
1936 3724 2034 3777 iste
2060 3723 2199 3792 psal-

620 3844 767 3894 mus,
811 3830 853 3882 si
893 3825 1069 3881 curari
1110 3824 1295 3878 velint.
1339 3819 1620 3876 lntendant
1647 3832 1807 3888 ergo,
1841 3825 1895 3870 et
1923 3824 2196 3870 curentur.

617 3924 789 3992 Atque
831 3920 1029 3975 utinam
1059 3917 1111 3971 in
1156 3915 1255 3969 hac
1296 3910 1631 3968 multitudine
1670 3919 1775 3964 tota
1805 3924 1921 3977 qurc
1952 3920 2091 3960 nunc
2120 3912 2201 3959 est

617 4018 754 4071 inter
784 4016 911 4068 istos
943 4013 1190 4082 parietes,
1218 4016 1273 4064 et
1301 4007 1449 4062 audit
1477 4022 1570 4075 per
1596 4019 1693 4059 nos
1716 4002 1937 4056 verbum
1967 3999 2194 4061 Domini,

618 4109 759 4163 nulla
800 4106 906 4159 sint
950 4104 1072 4158 talia
1103 4101 1319 4155 vulnera
1358 4114 1476 4168 qua:
1503 4103 1753 4151 curentur
1780 4110 1793 4159 ;
1826 4093 2025 4145 utinam
2057 4089 2196 4143 nulla

617 4200 741 4253 sint.
776 4196 889 4250 Non
931 4205 1107 4249 tamen
1140 4208 1250 4246 rem
1281 4188 1601 4260 superfluam
1642 4185 1862 4240 facimus
1898 4183 2080 4237 dicere
2103 4222 2117 4246 ,
2154 4181 2195 4233 si

618 4288 761 4341 nulla
791 4286 860 4339 ibi
887 4292 1011 4339 sunt
1026 4283 1263 4336 vulnera.
1298 4281 1627 4337 lnStruantur
1652 4276 1809 4331 corda
1838 4273 1903 4327 ad
1934 4272 2199 4327 sanandos

617 4381 784 4445 alios,
825 4392 943 4432 cum
984 4374 1167 4429 audire
1208 4374 1328 4427 talia
1367 4371 1646 4440 cmperint.
1689 4366 1859 4421 Credo
1897 4365 2037 4420 enim
2077 4364 2195 4433 quia

617 4468 981 4538 unusquisque
1010 4465 1333 4520 christianos
1355 4502 1372 4528 ,
1412 4476 1531 4516 cum
1563 4459 1789 4513 audierit
1815 4457 2044 4526 aliquem
2075 4454 2195 4509 talia

615 4564 879 4618 dicentem
902 4601 916 4624 ,
945 4561 988 4614 si
1019 4560 1190 4614 bonus
1218 4555 1388 4611 ﬁdelis
1413 4562 1514 4617 est,
1543 4560 1598 4607 et
1620 4552 1756 4606 bene
1779 4549 1948 4604 credit
1977 4549 2113 4611 Deo,
2143 4557 2198 4601 et

616 4668 741 4722 spes
769 4652 883 4722 ejus
911 4661 993 4706 est
1020 4651 1072 4704 in
1103 4650 1281 4703 futuro
1312 4645 1529 4711 szeculo,
1557 4658 1662 4698 non
1692 4643 1742 4697 in
1773 4642 1870 4695 hac
1897 4649 2056 4705 terra,
2090 4655 2193 4693 non

618 4748 669 4801 in
713 4746 812 4800 hac
852 4745 957 4798 vita
991 4753 1103 4809 est,
1148 4749 1201 4796 et
1239 4756 1343 4795 non
1376 4737 1568 4793 frustra
1607 4734 1754 4790 audit
1782 4744 2074 4809 utsursum
2104 4747 2196 4785 cor

617 4838 847 4900 habeat;
890 4834 1073 4889 irridet
1116 4841 1169 4887 et
1202 4830 1346 4884 dolet
1375 4828 1495 4882 talia
1534 4802 1923 4881 murmuranlcs
1946 4865 1961 4889 ,
1993 4832 2047 4877 et
2071 4822 2196 4876 dicit

613 4928 712 4981 sibi
747 4944 761 4981 :
794 4926 932 4980 Deus
965 4923 1109 4978 novit
1135 4920 1259 4991 quid
1288 4928 1441 4989 agat,
1472 4934 1568 4971 nos
1594 4933 1697 4970 non
1730 4928 2011 4985 possumus
2039 4928 2194 4967 nosse

613 5020 892 5074 consilium
934 5016 1096 5087 ipsius
1121 5058 1133 5075 ,
1164 5028 1328 5083 qttare
1354 5010 1524 5080 parcit
1553 5009 1703 5062 malis
1733 5006 1800 5062 ad
1832 5014 2040 5075 tempus
2065 5045 2078 5065 ,
2109 5003 2193 5057 vel

614 5127 778 5181 quare
816 5109 1058 5164 laborant
1096 5105 1217 5160 boni
1256 5102 1323 5157 ad
1363 5111 1605 5170 tempus;
1640 5099 1834 5153 sufﬁcit
1858 5098 1985 5152 mihi
2018 5106 2192 5150 tamen

616 5204 715 5254 hoc
741 5199 899 5262 scire,
926 5198 1045 5268 quia
1071 5206 1124 5250 et
1147 5194 1211 5249 ad
1239 5204 1444 5262 tempus
1467 5192 1668 5245 laborat
1688 5191 1872 5255 bonus,
1899 5196 1952 5242 ct
1974 5187 2037 5241 ad
2063 5194 2193 5240 tem-

618 5304 715 5358 pus
754 5288 907 5343 lloret
944 5287 1132 5340 malus.
1168 5285 1266 5353 Qui
1293 5299 1419 5353 ergo
1448 5283 1569 5335 talis
1597 5290 1716 5346 est,
1748 5293 1965 5333 securus
1992 5286 2110 5343 est;
2142 5288 2194 5332 et

619 5385 882 5455 patienter
921 5381 1019 5436 fert
1047 5396 1232 5435 omnes
1262 5378 1540 5434 felicitates
1576 5377 1834 5433 malorum
1862 5418 1876 5441 ,
1908 5382 1961 5429 et
1988 5374 2194 5428 labores

617 5476 878 5531 bonorum
924 5472 1182 5543 patienter
1220 5471 1357 5537 fert,
1403 5471 1629 5534 tolerat,
1660 5469 1831 5523 donec
1858 5467 2069 5521 finiatur
2096 5466 2195 5521 hoc

617 5568 867 5622 sarculum
894 5608 909 5632 ,
949 5564 1120 5619 donec
1156 5571 1389 5617 transeat
1418 5559 1685 5630 iniquitas.
1718 5559 1834 5614 Jam
1865 5558 1982 5613 talis
2011 5557 2195 5611 beatus

683 5662 699 5691 ι
737 5667 871 5717 Lov.,
905 5656 949 5708 si
986 5656 1101 5719 quid
1135 5654 1271 5706 aliud
1317 5653 1484 5717 possit.
1507 5653 1676 5700 (Στειριί
1711 5651 1840 5712 libri,
1859 5648 1902 5702 si
1924 5649 2037 5715 quid
2061 5648 2196 5699 aliud

618 5720 842 5783 possidet.

683 5784 703 5813 ³
728 5789 854 5841 Mss,
879 5780 939 5828 ab
954 5779 1055 5829 illa.

1762 330 1819 385 S.
1862 322 2230 383 AUGUSTINI
2274 323 2574 381 EPISCOPI

2580 221 2621 239 διδ

3802 335 3921 394 1192

2315 448 2392 493 est
2417 483 2432 503 ,
2474 451 2527 495 et
2554 441 2784 497 erudivit
2823 458 2941 498 eum
2982 445 3120 501 Deus
3147 446 3214 502 de
3242 448 3362 518 lege
3395 461 3500 500 sua
3532 488 3548 512 ,
3591 457 3649 502 et
3683 450 3922 521 mitigavit

2312 546 2433 585 eum
2455 548 2484 586 a
2508 534 2694 589 diebus
2716 535 2979 607 malignis,
3002 537 3173 592 donec
3195 539 3436 593 fodiatur
3454 543 3739 609 peccatori
3764 544 3919 600 fovea.

2312 624 2412 689 Qui
2444 640 2569 679 vero
2598 626 2839 681 nondum
2856 637 2937 682 est
2960 630 3096 694 talis,
3120 630 3298 684 audiat
3319 646 3426 701 per
3455 646 3563 685 nos
3589 633 3735 701 quod
3762 634 3921 690 Domi-

2316 731 2385 769 no
2414 717 2605 785 placet.
2637 718 2795 773 Plura
2820 730 2994 775 autem
3026 720 3137 791 ipse
3161 722 3302 778 dicat
3323 724 3379 777 in
3405 721 3608 787 corde,
3634 725 3723 793 qui
3748 728 3922 783 melius

2312 809 2454 864 videt
2482 812 2672 864 vulnus
2701 812 2840 880 quod
2877 820 3049 867 curet.

2383 901 2435 952 5.
2481 901 2720 956 Ρδειιιιιυε
2751 902 2889 957 hunc
2918 904 3125 958 titulum
3156 903 3333 971 habet,
3368 905 3424 959 id
3455 916 3541 961 est
3576 906 3719 962 hanc
3747 909 3919 964 inscri-

2312 992 2544 1061 ptionem
2579 1012 2591 1046 :
2627 993 2863 1049 Psalmus
2905 997 3001 1066 ipsi
3047 996 3208 1050 David
3232 1040 3246 1063 ,
3289 1009 3489 1067 quarta
3531 999 3917 1055 sabbatorum‘.

2311 1082 2571 1136 Doeturus
2605 1093 2685 1137 est
2714 1086 2945 1153 psalmus
2973 1087 3071 1140 iste
3103 1088 3414 1155 patientiam
3448 1088 3506 1142 in
3539 1089 3819 1145 laborilzus
3839 1094 3917 1160 ju-

2311 1181 2513 1227 storum
2537 1192 2549 1227 :
2570 1185 2754 1229 eontra
2773 1176 3070 1246 iniquorum
3096 1177 3375 1233 felicitates
3399 1180 3733 1249 patientiam
3752 1183 3914 1251 docet,

2314 1265 2618 1334 patientiam
2644 1266 2883 1321 aediﬁcat.
2913 1267 3021 1322 lloc
3051 1268 3208 1323 habet
3234 1279 3378 1324 totus
3406 1286 3437 1324 a
3468 1272 3657 1340 capite
3682 1290 3845 1344 usque
3871 1278 3912 1329 in

2312 1356 2489 1410 ﬁnem.
2521 1360 2696 1424 Quare
2725 1375 2851 1429 ergo
2876 1361 3032 1414 talem
3058 1360 3216 1416 habet
3243 1363 3487 1428 titulutn,
3521 1365 3577 1416 in
3609 1375 3792 1434 quarta
3815 1368 3915 1420 sab-

2311 1449 2413 1503 bati
2431 1450 2457 1503 ?
2489 1449 2600 1504 Una
2630 1451 2864 1517 sabbati,
2895 1453 3007 1507 dies
3038 1453 3334 1508 dominicus
3367 1463 3497 1518 est;
3535 1457 3774 1512 secunda
3807 1460 3911 1513 sab-

2312 1540 2416 1594 bati
2436 1582 2449 1601 ,
2479 1544 2711 1597 secunda
2750 1543 2876 1596 feria
2902 1584 2917 1609 ,
2950 1560 3105 1611 quem
3133 1546 3428 1600 smculares
3458 1545 3609 1599 diem
3646 1546 3807 1600 Lunae
3836 1566 3912 1597 vo.

2310 1642 2467 1696 cant;
2496 1633 2648 1687 tertia
2674 1634 2898 1697 sabbati,
2926 1636 3077 1689 tertia
3101 1634 3253 1703 feria,
3277 1653 3446 1707 quem
3472 1637 3623 1692 diem
3651 1639 3723 1692 illi
3746 1639 3908 1695 Marti»~

2314 1730 2525 1776 vocant.
2574 1723 2768 1790 Quarta
2808 1740 2933 1793 ergo
2974 1725 3311 1780 sabbatorum
3335 1769 3349 1790 ,
3386 1739 3590 1797 quarta
3625 1728 3753 1782 feria
3782 1771 3794 1791 ,
3834 1732 3907 1796 qui

2313 1811 2557 1867 Mercurii
2587 1813 2701 1866 dies
2727 1813 2921 1867 dicitur
2945 1829 2973 1867 a
3007 1816 3228 1885 Paganis
3252 1858 3267 1881 ,
3300 1826 3351 1872 et
3385 1833 3416 1871 a
3450 1818 3643 1871 multis
3665 1819 3903 1874 Christia-

2311 1903 2393 1957 nis
2435 1919 2447 1955 :
2487 1903 2580 1957 sed
2611 1904 2909 1968 nollemus;
2946 1914 3103 1974 atquc
3140 1906 3339 1960 utinam
3371 1909 3663 1977 corrigant
3689 1951 3703 1971 ,
3733 1920 3783 1964 ct
3810 1927 3900 1964 non

2310 1992 2488 2047 dicant
2526 1993 2622 2047 sic.
2662 1993 2870 2047 Habent
2914 1996 3054 2048 enim
3089 1996 3316 2065 linguam
3346 2011 3514 2051 suam
3547 2016 3653 2069 qua
3683 2010 3898 2056 utantur.

2319 2084 2432 2139 Non
2456 2085 2596 2139 enim
2618 2094 2671 2139 et
2693 2085 2744 2139 in
2766 2085 3013 2139 omnibus
3034 2088 3277 2156 gentibus
3297 2088 3401 2142 iSta
3428 2087 3725 2143 dicuntur:
3747 2095 3901 2145 multa-

2310 2187 2494 2246 gentes
2525 2176 2640 2231 aliae
2677 2188 2833 2247 atque
2862 2179 2977 2231 alia:
3006 2179 3160 2233 aliter
3188 2188 3343 2249 atque
3376 2181 3545 2235 aliter
3573 2189 3780 2235 vocant.
3806 2181 3899 2237 Mc-

2313 2272 2412 2326 lins
2454 2286 2583 2341 ergo
2617 2269 2683 2325 de
2721 2286 2815 2325 ore
2858 2270 3147 2325 christiano
3190 2272 3323 2327 ritus
3366 2273 3635 2342 Ianendi
3666 2274 3896 2328 ecclesia-

2310 2363 2473 2417 sticus
2523 2362 2779 2431 procedit.
2833 2362 3032 2417 Tamen
3092 2363 3136 2416 si
3180 2379 3336 2433 quem
3392 2364 3542 2419 forte
3588 2367 3896 2418 consuetudo

2310 2454 2567 2520 traxerit,
2600 2463 2654 2507 ut
2684 2455 2810 2508 illud
2841 2464 2993 2509 exeat
3023 2471 3086 2508 ex
3118 2471 3209 2509 ore
3234 2455 3375 2525 quod
3409 2456 3688 2526 improbat
3715 2456 3859 2510 corde
3879 2498 3892 2517 ,

2310 2546 2569 2615 intelligat
2592 2546 2712 2600 illos
2736 2560 2944 2611 omnes,
2968 2546 3032 2598 dc
3058 2562 3282 2616 quorum
3310 2548 3633 2601 nominibus
3655 2546 3892 2617 appellata

2308 2648 2433 2693 sunt
2460 2637 2634 2692 sidera
2660 2679 2674 2707 ,
2705 2637 2947 2692 hmnines
2977 2640 3136 2692 fuisse
3161 2681 3175 2702 ,
3207 2652 3305 2693 nec
3330 2655 3397 2692 ex
3442 2654 3513 2694 eo
3543 2655 3665 2694 esse
3691 2639 3891 2707 erupisse

2309 2729 2407 2783 ista
2438 2728 2611 2783 sidera
2660 2728 2712 2782 in
2758 2729 2896 2782 cmlo
2921 2771 2934 2793 ,
2967 2744 3029 2782 ex
3081 2745 3184 2798 quo
3229 2730 3300 2783 illi
3341 2740 3635 2798 empernnt
3668 2747 3681 2782 :
3714 2738 3764 2784 et
3789 2738 3891 2783 ante

2308 2819 2379 2875 ibi
2422 2819 2666 2881 fuerunt;
2720 2819 2811 2873 sed
2860 2835 2957 2889 per
3008 2819 3259 2873 beneﬁcia
3306 2819 3562 2889 quzedam
3614 2821 3887 2873 mortalium

2308 2911 2551 2965 mortalia
2577 2952 2592 2976 ,
2626 2910 2701 2963 illi
2731 2910 2974 2963 homines
3005 2926 3098 2978 pro
3144 2918 3384 2977 tempore
3417 2925 3522 2964 suo
3548 2950 3563 2975 ,
3596 2911 3715 2978 quia
3747 2909 3887 2978 pluri-

2307 3019 2451 3058 mum
2493 3012 2777 3072 potuerunt
2807 3012 2859 3057 et
2888 3001 3230 3057 eminuerunt
3275 3003 3326 3055 in
3372 3002 3483 3057 hoc
3529 3004 3755 3066 saeculo,
3785 3018 3882 3054 (‘ttlll

2306 3096 2453 3149 chari
2483 3103 2663 3149 essent
2699 3093 3018 3157 hominibus,
3053 3109 3155 3147 non
3187 3102 3407 3163 propter
3437 3096 3605 3147 vitam
3636 3102 3882 3153 aeternam,

2306 3186 2399 3241 sed
2429 3195 2644 3255 propter
2679 3183 3019 3251 commodum
3052 3184 3344 3253 temporale
3366 3225 3380 3248 ,
3420 3183 3793 3238 deferebantur
3817 3183 3881 3235 eis

2305 3275 2468 3329 divini
2502 3276 2753 3330 honores.
2788 3272 3006 3327 Veteres
3030 3272 3171 3327 enim
3203 3273 3380 3328 smenli
3417 3272 3630 3343 decepti
3659 3276 3699 3335 ί,
3728 3281 3776 3325 et
3798 3271 3880 3324 de-

2305 3370 2482 3439 cipere
2509 3367 2747 3422 volentes
2771 3406 2785 3429 ,
2815 3366 2866 3418 in
2916 3380 3099 3419 eorum
3148 3364 3514 3419 adulationem
3562 3366 3649 3435 qui
3680 3364 3771 3418 sibi
3795 3362 3876 3415 ali-

2304 3463 2429 3533 quid
2456 3459 2748 3516 secundum
2780 3473 3017 3513 amorem
3052 3458 3231 3512 sa'culi
3276 3459 3662 3528 pnestitissent
3687 3500 3701 3521 ,
3729 3456 3875 3510 sidera

2306 3553 2662 3610 ostendebant
2692 3551 2743 3605 in
2771 3551 2909 3605 ctelo
2930 3593 2942 3613 ,
2978 3549 3215 3604 dicentes
3246 3550 3384 3619 quod
3433 3550 3575 3604 illins
3602 3560 3737 3602 esset
3771 3545 3874 3600 illud

2304 3643 2471 3709 sidus,
2505 3651 2558 3697 et
2587 3641 2713 3696 illud
2746 3643 2885 3695 illius
2915 3659 2927 3693 :
2962 3641 3207 3694 homines
3248 3649 3430 3694 autem
3476 3642 3568 3710 qui
3615 3651 3758 3694 antea
3789 3653 3872 3691 non

2303 3744 2666 3805 aspexerant,
2698 3742 2755 3787 ut
2781 3732 3022 3787 viderent
3061 3733 3182 3801 quia
3226 3732 3296 3785 ibi
3342 3742 3499 3785 erant
3530 3742 3584 3787 et
3616 3733 3697 3785 illa
3727 3731 3871 3784 sidera

2304 3837 2586 3897 antequam
2617 3834 2962 3880 nascerentur
2983 3864 2998 3889 ,
3029 3823 3235 3891 decepti
3267 3823 3644 3885 crediderunt;
3675 3830 3726 3875 et
3763 3835 3871 3873 con-

2304 3928 2453 3989 cepta
2499 3926 2582 3971 est
2618 3916 2797 3987 opinio
2841 3915 3109 3969 vanitatis.
3163 3914 3309 3968 lianc
3350 3915 3658 3982 opinionem
3702 3908 3871 3966 erroris

2305 4009 2550 4064 diabolus
2590 4005 2921 4061 conlirmavit
2943 4046 2957 4070 ,
2992 4004 3232 4059 Christus
3262 4003 3474 4057 evertit.
3509 4002 3614 4056 Nos
3644 4015 3760 4069 ergo
3798 4012 3868 4052 se-

2304 4100 2535 4155 cundum
2567 4098 2709 4169 quod
2761 4098 3024 4167 loquimur
3046 4138 3060 4162 ,
3096 4106 3275 4167 quarta
3323 4095 3647 4149 sabbatorum
3682 4100 3867 4162 quartus

2304 4191 2419 4245 dies
2448 4189 2757 4258 intelligitur
2782 4203 2812 4242 a
2838 4188 2923 4241 die
2952 4186 3241 4241 dominico.
3276 4186 3532 4240 Attendat
3563 4186 3730 4252 itaque
3751 4180 3866 4236 Cha-

2305 4285 2433 4337 ritas
2462 4292 2636 4337 vestra
2678 4280 2800 4351 quid
2843 4281 2943 4334 sibi
2986 4279 3111 4334 velit
3155 4280 3255 4333 iste
3300 4278 3486 4336 titulus
3522 4295 3534 4332 :
3570 4278 3653 4330 hic
3692 4270 3865 4344 grande

2304 4376 2612 4446 mysterium
2638 4416 2653 4440 ,
2678 4382 2731 4428 et
2758 4388 2941 4427 revera
2967 4372 3253 4427 occultum.
3287 4371 3417 4428 Nam
3453 4373 3699 4442 pleraque
3725 4363 3862 4433 ipsius

2303 4464 2500 4519 Psalmi
2528 4463 2804 4517 manifeste
2828 4470 3039 4526 sonant,
3071 4469 3126 4516 et
3147 4460 3425 4516 manifeste
3452 4469 3686 4520 movent,
3710 4463 3758 4509 et
3774 4453 3860 4506 cito

2302 4562 2701 4632 intelliguntur;
2737 4559 2821 4613 hic
2849 4569 3023 4612 autem
3066 4558 3268 4622 titulus,
3302 4556 3440 4627 quod
3470 4554 3730 4611 fatendum
3755 4556 3854 4610 est,

2303 4654 2462 4709 habet
2492 4668 2594 4708 non
2628 4668 2811 4722 parum
2853 4650 3191 4706 obscuritatis
3223 4667 3236 4702 :
3266 4649 3358 4704 sed
3401 4648 3571 4703 aderit
3596 4643 3853 4702 Dominus,

2302 4837 2497 4892 Psahni
2521 4834 2853 4905 cognoscetis
2875 4849 3017 4887 eum.
3044 4832 3097 4885 In
3121 4831 3292 4885 fronte
3313 4832 3452 4885 enim
3480 4828 3632 4882 habet
3654 4822 3829 4894 pSalm"

2302 4930 2420 4992 iste,
2451 4926 2686 4981 Psalmus
2712 4925 2809 4996 ipsi
2844 4923 3024 4981 David.
3047 4933 3227 4990 quarta
3252 4923 3586 4977 sabbatorum.
3618 4918 3667 4971 lu
3698 4909 3850 4967 limine

2299 5028 2383 5075 est
2405 5019 2603 5081 titulus,
2636 5017 2685 5070 in
2720 5016 2956 5085 postibus
2982 5014 3116 5068 ﬁxus
3138 5022 3236 5068 est.
3275 5013 3465 5066 Volunt
3497 5008 3725 5067 homines
3751 5000 3851 5051 titu-

2301 5110 2411 5165 lum
2451 5122 2772 5179 cognoscere
2795 5148 2810 5171 ,
2839 5114 2892 5160 et
2938 5106 3015 5160 sic
3059 5104 3274 5159 domum
3574 5094 3845 5151 llecolamus

2707 5178 2823 5196 .-

2301 5219 2428 5275 ergo
2459 5178 3064 5271 Scripturam-sanctam
3109 5198 3160 5251 in
3188 5175 3379 5251 Genesi
3404 5239 3418 5262 ,
3446 5195 3615 5266 primo
3641 5187 3717 5241 die
3742 5175 3844 5275 quid

2300 5296 2363 5350 sit
2421 5295 2648 5356 factum;
2710 5291 3004 5346 invenimus
3058 5288 3230 5341 lucem
3280 5306 3292 5341 :
3338 5283 3567 5341 secundo
3615 5278 3693 5332 die
3737 5263 3838 5356 quid

2301 5386 2368 5439 sit
2392 5386 2585 5437 factum
2613 5399 2627 5445 ;
2669 5380 2968 5435 Invenimus
3005 5380 3412 5435 ﬁrmamentum.
3445 5371 3575 5443 quod
3598 5354 3838 5437 appellavit

2304 5475 2442 5529 Deus
2470 5474 2701 5527 caelum:
2737 5471 2891 5525 tertio
2928 5469 3014 5524 die
3051 5468 3175 5539 quid
3219 5468 3288 5521 sit
3332 5469 3554 5523 factum;
3585 5451 3834 5512 invenimus

2367 5591 2382 5618 ¹
2419 5587 2492 5695 8ὦο
2509 5593 2617 5634 Mss.
2643 5592 2698 5633 Al,
2714 5583 2825 5631 Edd.
2851 5583 2947 5643 hic,
2968 5581 3149 5632 sabbati
3174 5595 3190 5631 :
3209 5582 3442 5642 deinceps
3456 5588 3569 5626 vero
3585 5562 3834 5621 conveniunt

2367 5662 2411 5695 m
3798 5676 3828 5695 ,Α

2301 5662 2411 5700 cum
2435 5661 2537 5697 MSS.

2368 5676 2613 5757 'a"§i§’im.
2642 5715 2691 5756 et
2713 5714 2843 5764 Mss,
2878 5706 3042 5768 paucis
3065 5704 3285 5768 exceptis
3307 5704 3390 5766 qui
3420 5702 3604 5768 habent,
3636 5704 3662 5740 α
3689 5676 3829 5737 κείνω

2310 5770 2511 5833 decepti.
2543 5778 2591 5819 Al.
2616 5776 2687 5819 lar.
2717 5777 2766 5818 ct
2791 5763 2893 5817 Itov'
2949 5773 3134 5816 veteres
3156 5763 3281 5815 enim
3300 5763 3425 5817 rates
3446 5763 3631 5821 decem.

2303 4670 2462 4709 nanet
2492 4670 2594 4708 non
2628 4670 2811 4722 parum
2853 4670 3191 4706 ooscurnaus
3223 4670 3236 4702 :
3266 4670 3358 4704 seu
3401 4670 3571 4703 aucrtt
3598 4670 3853 4702 UUllllllua,

2301 4747 2569 4802 sereuabit
2596 4744 2857 4808 nubilum,
2882 4752 2935 4797 et
2961 4742 3202 4797 videbitis
3230 4742 3520 4805 Psalmnm,
3545 4749 3595 4793 et
3622 4752 3681 4791 ex
3710 4734 3853 4787 fronte
3946 4670 4030 4868 μή

2303 4837 2496 4868 υοηιηις
2521 4834 2850 4868 ηηηηηροηιίρ
2875 4849 2993 4868 onm
3044 4832 3096 4868 1η
3121 4831 3292 4868 tumin
3313 4832 3452 4868 anim
3480 4828 3630 4868 Imlml
3654 4764 4017 4868 nummus/ﬁl?

3872 4862 3969 4935 /
