4088 6466
274 436 409 501 1193

274 553 497 628 speciem
530 558 689 612 terra
714 558 769 607 et
799 546 961 608 maris
981 587 998 615 ,
1029 555 1084 604 et
1111 548 1560 620 segregationem,
1594 556 1655 603 ιιι
1677 543 1854 601 omnis

273 647 608 720 congregatio
634 658 889 719 aquarum
916 650 1194 698 vocaretur
1223 656 1399 706 mare,
1426 650 1477 696 te
1517 638 1665 695 arida
1691 652 1853 693 voca-

270 750 412 797 retur
438 750 601 797 terra.
631 738 833 809 Quarto
859 735 963 801 die,
998 733 1276 792 luminaria
1307 732 1431 790 l'ecit
1465 733 1605 789 Deus
1634 731 1687 786 in
1716 730 1855 787 cmlo

268 832 420 904 (Cea.
448 847 491 897 ι,
517 828 718 901 3-19);
764 828 930 884 solem
973 826 1027 882 in
1068 835 1384 896 potestatem
1412 823 1556 887 diei,
1585 822 1761 877 lunam
1801 829 1855 876 et

268 925 452 982 stellas
488 925 541 979 in
586 929 903 993 potestatem
949 918 1121 975 noctis
1167 916 1346 990 (Psal.
1397 930 1608 981 cxxxv,
1640 914 1695 981 8,
1738 912 1849 984 9):

266 1020 367 1074 hoc
386 1024 579 1090 quarto
598 1014 684 1070 die
700 1013 845 1070 fecit.
868 1011 1003 1081 Quid
1022 1010 1124 1066 sibi
1143 1025 1270 1081 ergo
1289 1007 1400 1063 vult
1419 1006 1559 1078 quod
1580 1005 1645 1061 de
1665 1014 1855 1076 quarto

262 1110 353 1166 die
379 1108 587 1178 accepit
614 1106 854 1162 Psalmus
882 1104 1130 1168 titulum;
1163 1100 1215 1155 iu
1259 1113 1366 1171 quo
1396 1097 1601 1168 psalmo
1635 1095 1856 1152 docetur

263 1199 518 1271 patientia
544 1196 799 1252 adversus
827 1192 1108 1250 felicitates
1133 1189 1414 1254 malorum,
1446 1197 1500 1243 et
1526 1186 1735 1241 labores
1760 1186 1856 1240 bo-

262 1289 503 1347 norum?
531 1286 709 1343 Habes
754 1285 973 1341 Paulum
1024 1281 1322 1353 apostolum
1364 1278 1627 1334 dicentem
1658 1275 1855 1331 sanctis

263 1378 516 1436 ﬁdelibus
556 1376 820 1433 roboralis
867 1375 920 1429 in
965 1372 1179 1429 Christo
1212 1388 1223 1423 :
1263 1388 1282 1422 (
1315 1368 1504 1425 Omnia
1555 1366 1709 1422 facile
1738 1366 1857 1421 sine

261 1468 690 1528 murmuratione
718 1476 774 1523 et
814 1463 1199 1535 disceptatione
1223 1475 1253 1527 ;'
1289 1468 1346 1515 ut
1372 1459 1490 1515 sitis
1515 1454 1855 1527 irreprehen-

260 1562 450 1618 sibiles
473 1602 489 1626 ,
518 1569 573 1615 et
600 1559 838 1627 sincerus
866 1557 882 1588 ¹
904 1597 919 1622 ,
955 1552 1274 1609 immaculati
1323 1551 1414 1605 lilii
1460 1550 1555 1605 Dei
1598 1550 1649 1603 in
1681 1547 1856 1603 medio

260 1652 499 1708 nationis
536 1658 788 1706 tortuosa:
830 1655 885 1703 et
927 1659 1191 1716 perversae
1215 1683 1229 1707 ,
1267 1642 1321 1697 in
1363 1641 1554 1713 quibus
1592 1638 1856 1710 apparetis

258 1746 406 1801 sicut
433 1740 713 1798 luminaria
756 1739 809 1793 in
859 1736 1056 1793 mundo
1079 1778 1093 1800 ,
1126 1734 1348 1791 verbum
1388 1732 1510 1787 vitae
1541 1731 1796 1786 habentes
1830 1748 1849 1783 ι

262 1836 527 1907 (Philipp.
556 1850 614 1900 ιι,
640 1828 869 1903 14-16).
902 1827 1205 1887 Similitudo
1237 1825 1306 1882 de
1345 1824 1696 1881 luminaribus
1734 1822 1858 1878 data

259 1937 349 1985 est
374 1927 444 1984 ad
472 1936 684 1983 sanctos
708 1967 721 1991 ,
747 1933 804 1979 ut
828 1922 945 1980 sine
986 1920 1406 1978 murmuratione
1428 1917 1537 1974 sint
1565 1917 1617 1973 in
1644 1916 1858 1973 natione

265 2028 508 2075 tortuosa
527 2026 582 2073 et
598 2030 868 2088 perversa.

335 2111 393 2165 ὁ.
435 2109 543 2165 Sed
572 2124 637 2164 ne
667 2108 946 2179 quisquam
976 2112 1260 2177 propterea
1308 2109 1458 2173 putet
1492 2099 1712 2157 colenda
1740 2113 1860 2156 esse

263 2213 320 2260 et
330 2200 603 2257 adoranda
625 2198 900 2255 luminaria
922 2197 1065 2263 cmli,
1084 2196 1205 2267 quia
1226 2194 1347 2250 inde
1376 2194 1549 2263 aliqua
1570 2190 1862 2248 similitudo

266 2294 423 2350 ducta
446 2300 531 2349 est
553 2291 621 2346 ad
640 2289 1076 2362 signiﬁcationem
1106 2295 1446 2352 sanctorum;
1469 2285 1616 2356 prius
1644 2284 1742 2339 hoc
1762 2296 1860 2339 ex~

269 2386 530 2458 plicemus
552 2383 605 2439 in
632 2381 847 2438 nomine
866 2380 1082 2447 Christi,
1101 2394 1258 2451 quam
1289 2394 1394 2433 non
1415 2377 1485 2433 sit
1504 2388 1858 2447 consequens,
1905 2422 1910 2427 .

267 2487 326 2534 ut
347 2485 631 2549 propterea
661 2474 753 2531 tibi
773 2473 1013 2530 videatur
1032 2470 1335 2528 adorandus
1360 2470 1461 2537 sol,
1486 2477 1577 2524 aut
1603 2469 1746 2535 luna,
1769 2475 1862 2524 aut

267 2568 459 2633 stellae,
488 2574 581 2622 aut
607 2566 800 2623 calum
828 2606 842 2630 ,
870 2564 993 2636 quia
1023 2564 1195 2634 aliqua
1221 2562 1287 2617 de
1313 2561 1416 2617 illis
1442 2560 1732 2615 similitudo
1758 2559 1859 2614 du-

265 2670 352 2717 cta
377 2669 461 2717 est
480 2702 496 2726 ,
527 2674 631 2729 qua
671 2657 1094 2729 signiﬁcarentur
1122 2652 1324 2719 sancti;
1373 2652 1500 2722 quia
1546 2652 1707 2707 multa
1737 2657 1863 2705 sunt

259 2752 333 2809 de
355 2751 549 2824 quibus
567 2750 721 2806 ducta
739 2758 821 2804 est
839 2746 1129 2804 similitudo
1152 2746 1217 2801 ad
1236 2743 1606 2815 signiﬁcandos
1626 2749 1858 2807 sanctos,

258 2860 389 2916 quzc
419 2858 524 2903 non
551 2841 858 2896 adorantur.
890 2836 944 2895 Si
972 2838 1111 2894 enim
1133 2834 1387 2908 quidquid
1408 2844 1489 2890 est
1515 2833 1654 2890 unde
1678 2833 1865 2890 simili.

261 2935 399 2991 tudo
419 2933 631 2989 ducitur
651 2932 716 2987 ad
743 2939 976 2994 sanctos,
999 2926 1327 2984 adorandum
1357 2926 1448 2980 tibi
1481 2934 1666 2995 putas;
1699 2923 1893 2980 adora-

260 3035 486 3083 montes
522 3034 577 3081 et
602 3024 765 3081 colles
785 3063 802 3090 ,
834 3022 956 3093 quia
980 3020 1177 3076 dictum
1208 3027 1289 3075 est
1313 3036 1324 3071 :
1352 3016 1551 3073 Montes
1580 3016 1863 3072 exsultave-

257 3129 389 3176 nmt
410 3117 540 3174 velut
562 3118 762 3183 arietes,
786 3124 833 3169 et
857 3113 1008 3168 colles
1030 3110 1160 3166 velut
1180 3111 1300 3181 agni
1326 3110 1494 3164 ovium
1515 3107 1684 3178 (Psal.
1713 3123 1861 3172 CXIII,

257 3212 366 3284 ιι).
395 3210 476 3267 Τιι
515 3209 582 3266 de
622 3209 822 3264 sanctis
867 3206 1001 3262 dicis
1026 3246 1040 3270 ,
1071 3220 1171 3276 ego
1217 3203 1285 3259 de
1330 3204 1446 3273 ipso
1484 3202 1697 3257 Christo
1722 3202 1862 3256 dico.

260 3302 451 3359 Adora
478 3301 707 3365 leonem,
734 3298 857 3371 quia
878 3297 1077 3354 dictum
1099 3305 1201 3364 est,
1238 3294 1367 3349 Vicit
1389 3294 1466 3350 leo
1488 3294 1551 3348 de
1570 3292 1701 3348 tribu
1724 3291 1758 3346 J
1765 3293 1866 3347 uda

261 3394 460 3465 (Apoc.
488 3409 541 3460 v,
567 3389 637 3463 5)
666 3408 680 3446 :
710 3389 873 3445 adora
900 3398 1103 3459 petram
1128 3427 1145 3454 ,
1173 3385 1297 3456 quia
1339 3385 1539 3440 dictum
1566 3394 1648 3439 est
1670 3424 1683 3448 ,
1716 3382 1867 3437 Petra

260 3496 441 3541 autem
469 3493 573 3538 erat
599 3482 827 3539 Christus
858 3481 875 3551 (
898 3479 920 3536 I
943 3480 1058 3534 Cor.
1102 3494 1132 3533 x
1156 3520 1170 3544 ,
1200 3478 1232 3533 4
1250 3478 1290 3549 ).
1317 3476 1371 3533 Si
1399 3486 1574 3531 autem
1604 3490 1706 3531 non
1734 3474 1867 3530 ado-

264 3595 368 3637 ras
392 3579 442 3633 in
468 3576 682 3633 Christo
716 3576 814 3630 ista
844 3583 1077 3639 terrena,
1100 3570 1341 3641 quamvis
1365 3570 1431 3624 de
1452 3568 1556 3624 illis
1579 3566 1868 3624 similitudo

263 3669 522 3743 quzcdam
553 3668 677 3723 data
705 3676 819 3731 est;
867 3665 933 3721 ad
976 3662 1350 3736 signiﬁcandos
1388 3671 1600 3718 sanctos
1643 3660 1709 3716 de
1735 3675 1868 3732 qua-

262 3777 506 3830 cumque
529 3767 772 3815 creatura
798 3756 956 3813 ducta
985 3755 1147 3812 fuerit
1192 3752 1483 3809 similitudo
1506 3795 1520 3820 ,
1552 3761 1607 3807 tu
1637 3751 1870 3822 intellige

262 3850 677 3909 similitudinem
708 3856 988 3912 creaturae,
1017 3854 1072 3902 et
1108 3844 1270 3900 adora
1301 3844 1557 3899 artiﬁcem
1588 3851 1868 3899 creaturte.

266 3947 466 4003 Dictus
490 3953 574 3999 est
598 3943 679 3998 sol
726 3942 978 3997 Dominus
1022 3946 1207 3994 noster
1232 3936 1387 3993 Jesus
1428 3935 1670 3991 Christus
1696 3934 1867 4006 (Sap.

268 4055 342 4101 ν,
371 4037 437 4105 6)
462 4054 473 4089 :
497 4034 746 4106 numquid
770 4035 870 4089 iste
890 4032 970 4087 sol
997 4046 1154 4102 quem
1177 4039 1232 4085 et
1252 4028 1600 4083 minutissima
1623 4026 1871 4081 animalia

269 4125 560 4186 nobiscum
581 4125 799 4181 vident?
825 4122 929 4179 Sed
956 4121 1023 4177 dc
1044 4136 1150 4193 quo
1174 4120 1371 4175 dictum
1399 4128 1480 4173 est
1508 4136 1520 4171 :
1551 4117 1679 4171 Erat
1703 4116 1873 4170 lumen

268 4238 488 4285 verum,
518 4219 653 4291 quod
690 4217 945 4272 illuminat
987 4231 1182 4271 omnem
1228 4213 1479 4266 hominem
1507 4210 1783 4265 venientem
1820 4208 1874 4261 in

264 4319 422 4374 [tunc
458 4313 699 4368 mundum
740 4312 927 4382 (Joan.
960 4326 1000 4378 ι,
1033 4308 1123 4381 9).
1152 4308 1284 4363 Nam
1316 4306 1404 4361 lux
1436 4310 1534 4361 ista
1564 4319 1669 4360 non
1696 4302 1872 4357 homi-

270 4422 411 4465 nem
451 4405 620 4459 solum
664 4402 962 4466 illuminat,
1004 4400 1098 4456 sed
1142 4408 1197 4454 et
1241 4399 1478 4466 jumenta
1516 4407 1567 4451 et
1608 4409 1797 4466 pecora
1822 4402 1878 4449 et

271 4497 466 4554 omnia
504 4494 753 4551 animalia
783 4511 797 4547 :
826 4491 968 4562 quod
1009 4501 1186 4546 autem
1230 4490 1493 4544 illuminat
1529 4502 1743 4544 omnem
1780 4485 1878 4540 ho-

272 4590 488 4648 minem
513 4629 527 4655 ,
556 4588 608 4642 in
651 4583 814 4643 corde
858 4584 1154 4649 illuminat,
1201 4581 1292 4636 ubi
1331 4579 1659 4636 intellectum
1703 4572 1878 4633 solum

272 4681 473 4739 habet.

364 4773 417 4827 5.
451 4770 707 4840 lutelligat
731 4783 856 4839 ergo
879 4766 1121 4823 Charitas
1138 4764 1348 4827 Vestra,
1369 4761 1560 4832 quibus
1585 4759 1718 4816 dixit
1739 4760 1881 4829 Apo-

273 4861 494 4930 stolas,
530 4861 592 4917 In
618 4862 818 4915 natione
859 4868 1081 4913 tortuosa
1123 4866 1169 4910 et
1208 4870 1439 4925 perversa
1462 4894 1477 4918 ,
1510 4852 1563 4907 id
1592 4862 1673 4907 est
1697 4892 1713 4918 ,
1744 4851 1882 4906 inter

278 4956 524 5027 iniquos,
552 4956 603 5010 in
626 4954 804 5026 quibus
832 4951 1088 5024 apparetis
1116 4950 1244 5003 sicut
1274 4946 1546 5001 luminaria
1574 4946 1626 5000 in
1657 4943 1844 4998 mundo
1864 4984 1879 5010 ,

278 5051 495 5105 verbum
520 5048 635 5102 vita:
666 5046 898 5100 habentes
923 5059 941 5098 :
966 5041 1193 5113 quodam
1221 5039 1380 5096 modo
1405 5037 1680 5093 admonuit
1706 5050 1802 5091 nos
1830 5044 1886 5091 et

281 5143 456 5199 istum
498 5138 761 5211 psalmum
810 5135 1124 5205 intelligere,
1174 5141 1229 5188 et
1270 5145 1610 5202 praenoscere
1664 5129 1882 5183 titulum

280 5235 481 5307 ipsius.
509 5232 664 5288 Tales
689 5230 831 5287 enim
871 5228 1041 5285 sancti
1069 5228 1122 5282 in
1152 5226 1345 5298 quibus
1368 5233 1450 5281 est
1478 5223 1697 5279 verbum
1727 5223 1846 5277 vitae
1866 5263 1881 5288 ,

281 5328 366 5385 de
400 5325 803 5381 conversatione
843 5338 1003 5394 quam
1050 5319 1247 5375 habent
1291 5318 1343 5373 in
1382 5317 1518 5373 coelo
1543 5358 1557 5382 ,
1588 5314 1888 5386 despiciunt

282 5415 475 5474 omnia
502 5417 677 5487 iniqua
718 5430 838 5485 qua:
883 5413 1017 5467 ﬁunt
1058 5410 1112 5465 in
1143 5418 1285 5465 terra
1318 5425 1330 5461 :
1359 5415 1414 5463 et
1438 5404 1705 5478 quomodo
1734 5404 1889 5459 lumi-

284 5510 449 5570 naria
469 5511 520 5566 in
545 5509 681 5566 cmlo
706 5523 801 5580 per
820 5505 962 5563 diem
992 5511 1047 5560 et
1075 5518 1170 5575 per
1191 5509 1398 5559 noctem
1425 5500 1739 5572 procedunt,
1768 5513 1887 5570 per-

285 5612 465 5675 agunt
487 5601 676 5657 itinera
702 5614 820 5667 sua,
844 5610 1034 5655 cursus
1059 5608 1186 5651 suos
1212 5602 1387 5651 certos
1414 5593 1633 5659 habent,
1665 5600 1720 5647 et
1742 5606 1890 5647 com-

288 5698 582 5756 mittuntur
607 5702 748 5750 tanta
774 5692 935 5758 mala,
964 5705 1063 5746 nec
1086 5687 1301 5744 deviant
1324 5686 1553 5757 desuper
1578 5685 1747 5741 stella:
1772 5683 1891 5739 ﬁxae

290 5794 355 5851 in
384 5790 546 5855 caelo,
575 5796 794 5859 agentes
823 5800 919 5856 per
944 5791 1141 5839 tractus
1166 5780 1413 5838 caelestes
1435 5821 1449 5847 ,
1476 5794 1596 5850 qua:
1625 5779 1731 5835 illis
1759 5792 1893 5850 pra:-

374 5925 390 5963 ε
421 5928 493 5978 sic
518 5930 616 5974 Am.
636 5928 709 5971 Er.
736 5927 789 5971 et
812 5918 961 5970 nostri
983 5928 1154 5966 omnes
1175 5921 1283 5966 Mss.
1322 5920 1375 5966 At
1399 5919 1530 5974 Lov.,
1554 5910 1746 5963 macri.

587 6006 814 6070 Ssacr.
861 6003 1139 6065 Aususr.
1186 5999 1289 6062 ιν.

1257 428 1649 490 ENARRATIO
1684 427 1753 487 IN
1790 426 2118 488 PSALMUM
2156 424 2340 483 XCIII.

3407 423 3549 483 H94

1962 541 2133 597 stituit
2153 548 2207 596 et
2220 538 2494 595 constituit
2512 536 2735 594 Creator
2748 534 2981 607 ipsarum
3000 549 3015 602 ;
3039 534 3117 592 sic
3135 535 3332 595 debent
3351 543 3548 607 sancti,

1960 634 2056 692 sed
2084 635 2127 689 si
2159 634 2211 689 in
2238 633 2375 689 emlo
2418 633 2643 704 ﬁgantur
2668 630 2830 688 corda
2878 646 3063 688 eorum
3088 673 3104 697 ,
3136 632 3181 687 si
3212 647 3318 688 non
3348 631 3550 690 frustra

1959 725 2174 781 audiant
2202 736 2253 781 ct
2281 724 2640 795 respondeant
2664 738 2873 779 sursum
2901 739 2961 780 se
2990 723 3189 781 habere
3212 740 3326 792 cor,
3355 725 3400 780 si
3426 726 3551 780 imi-

1961 826 2142 874 tentur
2170 834 2289 873 eum
2315 817 2404 887 qui
2431 816 2528 886 ait,
2558 814 2751 870 Nostra
2786 825 2953 871 autem
2979 818 3285 871 conversatio
3311 818 3363 872 in
3407 818 3551 874 caelis

1960 920 2031 966 est
2056 909 2310 982 (Philipp.
2344 924 2422 976 ιιι,
2442 907 2557 978 20).
2581 908 2711 974 Quia
2738 923 2862 978 ergo
2883 917 3007 963 sunt
3034 908 3086 964 in
3113 911 3377 980 supernis,
3405 922 3457 967 et
3479 911 3551 968 de

1904 1003 1917 1017 '
1960 1002 2204 1071 supernis
2228 1001 2498 1071 cogitant,
2529 1000 2667 1054 sicut
2690 1000 2887 1054 dictum
2918 1008 2999 1054 est
3019 1040 3033 1064 ,
3064 999 3159 1055 Ubi
3186 1010 3256 1055 est
3282 1004 3551 1059 thesaurus

1961 1102 2094 1160 tuus,
2122 1094 2191 1147 ibi
2217 1102 2291 1147 est
2329 1102 2375 1147 et
2401 1108 2489 1145 cor
2513 1100 2650 1144 tuum
2677 1089 2897 1161 (Matth.
2927 1106 3000 1156 vr,
3028 1088 3091 1144 21
3119 1092 3171 1160 );
3200 1090 3268 1147 de
3295 1093 3422 1162 ipsis
3450 1109 3549 1147 co.

1958 1184 2300 1255 gitationibus
2325 1196 2674 1252 supernorum
2706 1181 2964 1251 patientes
2992 1180 3160 1245 ﬁunt;
3201 1191 3255 1237 et
3294 1182 3551 1254 quidquid

1961 1278 2013 1332 in
2038 1286 2176 1333 terra
2202 1276 2578 1341 committitur,
2606 1274 2683 1331 sic
2716 1290 2822 1331 non
2851 1284 3072 1342 curant,
3095 1275 3266 1332 donec
3294 1287 3554 1347 peragant

1961 1368 2149 1424 itinera
2202 1383 2335 1434 sua,
2388 1366 2838 1438 quemadmodum
2886 1382 2991 1422 non
3038 1376 3225 1423 curant
3270 1367 3552 1425 luminaria

1960 1461 2079 1518 εωιί
2101 1504 2115 1528 ,
2140 1461 2240 1516 nisi
2268 1461 2536 1531 quomodo
2560 1470 2844 1516 exerceant
2867 1459 2982 1515 dies
3009 1469 3063 1515 et
3079 1468 3282 1528 noctes,
3305 1461 3552 1531 quamvis

1963 1559 2103 1607 tanta
2128 1552 2266 1607 mala
2307 1552 2521 1607 videant
2562 1552 2675 1606 ﬁeri
2719 1567 2880 1622 super
2906 1561 3122 1606 terram.
3156 1552 3261 1607 Sed
3291 1554 3443 1608 facile
3466 1560 3555 1609 est

1962 1642 2117 1709 forte,
2148 1653 2203 1698 ut
2231 1643 2401 1698 ferant
2418 1643 2547 1713 justi
2574 1642 2875 1713 iniquitates
2902 1642 3184 1708 malorum,
3216 1658 3463 1714 ιιιιωιιοιι
3496 1644 3553 1700 in

1961 1736 2106 1807 ipsos
2134 1737 2264 1791 liunt
2294 1752 2307 1790 :
2340 1735 2434 1791 sed
2463 1736 2599 1789 sicut
2637 1735 2813 1790 ferunt
2856 1750 2975 1804 qua:
3022 1735 3073 1789 in
3119 1735 3250 1790 alios
3279 1736 3444 1803 ﬁunt,
3473 1737 3552 1792 sic

1962 1826 2131 1882 ferant
2159 1838 2211 1883 et
2235 1844 2352 1898 quae
2378 1828 2429 1882 in
2472 1827 2613 1897 ipsos
2644 1827 2795 1882 liunt.
2838 1826 2955 1883 Non
2981 1826 3123 1881 enim
3157 1836 3434 1897 propterea
3458 1828 3553 1884 de.

1963 1918 2091 2003 bent
2120 1917 2259 1974 ferre
2294 1928 2347 1972 et
2376 1919 2625 1985 tolerare,
2659 1919 2779 1989 quia
2813 1918 2865 1973 in
2891 1918 3026 1973 alios
3058 1918 3190 1973 ﬁunt
3218 1935 3231 1972 ι
3263 1920 3384 1974 etsi
3414 1920 3465 1974 in
3491 1935 3555 1977 se

1964 2010 2112 2076 ﬁant,
2148 2026 2253 2065 non
2283 2010 2480 2067 debent
2518 2010 2742 2080 perdere
2773 2010 3128 2065 tolerantiam.
3161 2010 3289 2065 Nam
3319 2012 3407 2082 qui
3432 2028 3553 2083 per-

1963 2101 2158 2158 diderit
2183 2104 2539 2169 tolerantiam,
2568 2103 2762 2159 cecidit
2787 2103 2853 2159 de
2878 2103 3016 2159 rmlo
3042 2122 3054 2156 :
3077 2103 3164 2173 qui
3190 2112 3364 2159 autem
3389 2105 3554 2162 ﬁxum

1966 2196 2123 2252 habet
2168 2212 2261 2252 cor
2300 2197 2350 2251 in
2398 2196 2577 2260 ειεΙο,
2629 2206 2765 2250 terra
2815 2196 2981 2266 ipsius
3028 2196 3233 2252 laborat
3286 2198 3337 2252 in
3389 2206 3555 2254 terra.

1965 2287 2169 2356 Quanta
2193 2288 2337 2343 etde
2380 2288 2508 2357 ipsis
2553 2287 2899 2342 luminaribus
2944 2287 3146 2358 ﬁngunt
3179 2288 3458 2355 homines,
3501 2299 3559 2346 et

1966 2378 2228 2447 patienter
2268 2378 2498 2450 ferunt?_
2524 2380 2639 2446 Quo
2683 2378 2843 2435 modo
2885 2378 3011 2448 justi
3061 2379 3322 2448 patienter
3359 2380 3559 2438 debent

1966 2467 2107 2525 ferre
2148 2485 2334 2526 omnes
2373 2471 2531 2526 etiam
2579 2470 2645 2525 de
2683 2486 2742 2526 se
2789 2470 2947 2525 falsas
2993 2471 3409 2527 criminationes.
3443 2473 3557 2529 Hoc

1967 2562 2138 2635 ipsum
2163 2564 2306 2634 quod
2340 2564 2449 2633 jam
2480 2564 2676 2619 dudum
2705 2564 2843 2629 dixi,
2870 2566 2991 2634 quia
3022 2564 3108 2618 illa
3131 2564 3281 2619 stella
3310 2564 3559 2622 Mercurii

1967 2665 2048 2711 est
2070 2697 2085 2723 ,
2115 2667 2167 2711 et
2196 2657 2283 2710 illa
2310 2656 2462 2711 stella
2497 2655 2710 2712 Saturni
2736 2664 2818 2710 est
2844 2697 2858 2719 ,
2889 2665 2942 2709 ει
2968 2655 3054 2709 illa
3083 2655 3234 2709 stella
3272 2655 3418 2711 Jovis
3440 2666 3556 2724 est,

1967 2748 2207 2803 convicia
2236 2748 2366 2802 ﬁunt
2394 2748 2584 2803 stellis.
2635 2747 2812 2815 Quid?
2859 2748 2963 2802 illa:
3005 2762 3124 2803 cum
3155 2748 3378 2803 audiunt
3414 2759 3562 2807 tanta

1967 2839 2225 2906 convicia,
2249 2838 2502 2910 numquid
2532 2846 2837 2905 moventur,
2861 2848 2950 2893 aut
2971 2853 3077 2894 non
3098 2848 3350 2895 exercent
3368 2856 3561 2897 cursus

1969 2933 2138 2989 suos?
2161 2932 2249 2989 Sic
2269 2942 2323 2989 et
2347 2933 2509 2989 homo
2534 2933 2623 3005 qui
2652 2933 2703 2988 in
2737 2936 2952 2988 natione
2980 2948 3227 3003 perversa
3249 2943 3303 2988 et
3324 2942 3563 2991 tortuosa

1970 3024 2130 3080 habet
2171 3026 2391 3080 verbum
2441 3025 2574 3091 Dei,
2629 3025 2764 3081 sicut
2806 3025 3069 3079 luminare
3117 3033 3201 3081 est
3251 3024 3458 3097 fulgens
3506 3028 3565 3083 in

1969 3116 2106 3172 ctelo
2137 3116 2176 3169 ί.
2208 3115 2402 3183 Quanti
2444 3117 2533 3186 qui
2559 3116 2657 3172 sibi
2689 3115 2935 3171 videntur
2963 3116 3228 3172 honorare
3254 3117 3420 3171 solem
3442 3159 3456 3183 ,
3490 3118 3561 3174 de

1969 3206 2061 3260 illo
2084 3206 2443 3261 mentiuntur?
2469 3206 2567 3275 Qui
2584 3206 2785 3273 dicunt,
2809 3205 3051 3262 Christus
3071 3216 3151 3262 est
3167 3207 3267 3276 sol,
3291 3210 3564 3265 mentiun-

1973 3306 2059 3352 tur
2086 3296 2153 3352 de
2178 3298 2311 3352 sole.
2341 3296 2498 3354 Novit
2524 3299 2602 3353 sol
2636 3299 2916 3353 Dominum
2963 3313 3117 3353 suum
3147 3314 3266 3355 esse
3290 3297 3565 3357 Christum

1970 3398 2027 3445 et
2054 3388 2360 3445 Creatorem
2391 3404 2564 3444 suum.
2597 3389 2664 3444 Et
2694 3390 2739 3444 si
2785 3390 3049 3461 indignari
3081 3398 3292 3459 potest,
3322 3391 3570 3449 acerbius

1973 3480 2277 3552 indignatur
2318 3490 2500 3535 contra
2554 3480 2689 3536 falso
2741 3481 3125 3549 honorantem,
3174 3498 3331 3553 quam
3380 3493 3571 3540 contra

1974 3571 2440 3626 contumeliosum.
2470 3571 2640 3628 Servo
2670 3572 2811 3627 enim
2860 3572 3001 3628 bono
3046 3573 3214 3643 major
3242 3575 3572 3630 contumelia

1974 3672 2058 3720 est
2083 3664 2273 3734 injuria
2304 3663 2535 3719 Domini.
2565 3663 2771 3733 Quanta
2803 3662 2935 3719 falsa
2966 3664 3033 3720 de
3064 3664 3191 3734 ipsis
3223 3666 3574 3721 luminaribus

1976 3748 2187 3827 quidam
2215 3756 2433 3812 dicunt?
2461 3757 2527 3812 Et
2548 3757 2744 3831 ferunt,
2779 3757 3025 3822 tolerant,
3054 3768 3107 3812 et
3134 3774 3235 3812 non
3269 3768 3570 3814 moventur.

1976 3849 2192 3917 Quare?
2248 3849 2379 3916 Quia
2442 3848 2494 3903 in
2552 3849 2688 3904 cmlo
2752 3858 2894 3904 sunt.
2947 3847 3152 3904 leum
3207 3858 3383 3903 autem
3439 3849 3570 3919 quid

1977 3944 2096 3998 est?
2132 3943 2239 3999 Nec
2279 3943 2379 3997 hoc
2428 3942 2896 4013 praetermittamus
2942 3958 2953 3993 :
3002 3949 3196 4011 quanta
3240 3941 3575 3997 mentiuntur

1979 4036 2243 4102 homines,
2275 4034 2487 4106 quando
2516 4034 2699 4088 vident
2729 4034 3003 4087 obscurari
3036 4033 3233 4098 lunam,
3268 4040 3322 4087 et
3351 4033 3529 4088 dicunt
3554 4073 3572 4097 ,

1980 4129 2200 4185 Maleﬁci
2234 4128 2377 4182 illam
2403 4126 2715 4196 deponunt?
2745 4139 2864 4179 cum
2893 4126 3051 4180 certis
3079 4124 3405 4195 temporibus
3428 4123 3578 4180 defc-

1979 4230 2123 4278 ctum
2150 4237 2302 4277 suum
2332 4220 2526 4275 habeat
2555 4218 2846 4274 secundum
2876 4218 2969 4273 Dei
3000 4217 3424 4288 dispositionem.
3458 4217 3576 4285 Non

1981 4318 2335 4391 curattanten
2386 4312 2483 4367 ista
2513 4312 2670 4366 verba
2728 4310 3002 4365 hominum
3053 4309 3142 4364 illa
3180 4325 3299 4381 quae
3345 4310 3395 4365 in
3436 4311 3577 4366 caelo

1982 4414 2082 4459 est.
2114 4403 2216 4460 Sed
2245 4403 2371 4474 quid
2399 4413 2509 4467 est,
2547 4401 2601 4455 In
2632 4401 2803 4457 coelo?
2847 4401 2902 4455 lu
2946 4402 3280 4456 ﬁrmamento
3308 4403 3429 4457 coeli
3470 4413 3575 4458 est.

1983 4495 2147 4566 Cujus
2167 4509 2294 4565 ergo
2318 4509 2411 4550 cor
2441 4495 2493 4548 in
2524 4495 2864 4550 ﬁrmamento
2903 4492 3021 4549 libri
3056 4493 3147 4550 Dei
3190 4504 3271 4550 est
3297 4537 3310 4561 ,
3342 4495 3437 4550 ista
3467 4511 3578 4551 non

1985 4599 2155 4643 CUI‘ﬂl.

2058 4681 2112 4737 6.
2152 4679 2285 4736 Nam
2311 4680 2508 4745 etclam
2534 4720 2549 4745 ,
2582 4679 2632 4735 id
2664 4689 2744 4735 est
2770 4723 2783 4748 ,
2814 4679 3206 4737 ﬁrmamentum
3227 4724 3242 4749 ,
3272 4683 3580 4753 intelligitur

1986 4788 2084 4844 per
2123 4772 2342 4842 ﬁguram
2374 4772 2534 4829 Liber
2561 4772 2736 4844 chis.
2780 4772 2903 4828 Ideo
2930 4775 3158 4845 quodam
3202 4775 3318 4829 loco
3346 4775 3536 4831 dicitur
3558 4816 3575 4841 ,

1990 4866 2233 4922 Extendi:
2257 4867 2438 4920 caelum
2463 4867 2590 4921 sicut
2618 4867 2797 4937 pellent
2830 4866 3011 4937 (Psal.
3043 4882 3154 4933 cm,
3187 4868 3275 4938 9.).
3304 4868 3357 4923 Si
3388 4878 3581 4924 exteri-

1989 4959 2131 5015 ditur
2142 4959 2276 5014 sicut
2293 4960 2460 5030 pellis,
2485 4968 2732 5031 tanquam
2752 4960 2885 5015 liber
2898 4968 2980 5015 est
2994 4968 3262 5024 extentus,
3284 4973 3333 5015 ut
3354 4961 3577 5032 legatur.
3670 5011 3674 5016 .

1992 5054 2281 5110 Transacto
2318 5064 2494 5110 autem
2536 5063 2774 5125 tempore
2823 5068 2928 5107 non
2974 5052 3165 5122 legitur
3200 5055 3240 5104 ¹.
3292 5053 3582 5125 PrOpterea

1992 5148 2137 5204 enim
2166 5148 2357 5219 legitur
2383 5147 2516 5209 Lex,
2544 5148 2665 5218 quia
2696 5145 2933 5201 nendum
2958 5143 3202 5201 venimus
3228 5145 3293 5201 ad
3322 5146 3464 5203 illam
3488 5145 3576 5205 Sa-

1993 5240 2248 5313 pientiam
2276 5256 2393 5311 quze
2424 5241 2605 5311 implet
2635 5238 2793 5293 corda
2830 5246 2884 5294 et
2914 5245 3118 5292 mentes
3148 5238 3465 5296 intuentium
3496 5258 3509 5294 :
3536 5251 3590 5298 et

1995 5350 2102 5389 non
2131 5350 2263 5406 opus
2290 5333 2391 5389 erit
2417 5342 2474 5387 ut
2497 5332 2695 5403 aliquid
2727 5332 2794 5387 ibi
2825 5329 2980 5387 nobis
3020 5330 3245 5402 legatur.
3279 5334 3409 5403 Quia
3430 5334 3493 5389 in
3523 5350 3592 5390 eo

1995 5425 2137 5496 quod
2167 5424 2318 5480 nobis
2346 5424 2540 5495 legitur
2560 5466 2573 5489 ,
2607 5420 2825 5495 syllaba:
2854 5431 3049 5478 sonant
3076 5432 3131 5479 et
3161 5433 3438 5481 transeunt
3465 5443 3479 5479 :
3503 5426 3593 5480 illa

1997 5517 2086 5572 lux
2118 5516 2353 5571 veritatis
2385 5530 2487 5569 non
2520 5514 2791 5584 praeterit,
2831 5514 2924 5570 sed
2973 5514 3073 5569 ﬁxa
3120 5529 3437 5584 permanens
3479 5514 3595 5569 ine-

1999 5609 2139 5665 briat
2168 5607 2328 5664 corda
2356 5606 2678 5673 videntium;
2709 5605 2978 5679 quomodo
3002 5606 3200 5663 dictum
3226 5614 3327 5669 est,
3357 5604 3594 5661 Inebria-

2000 5701 2185 5756 buntur
2218 5700 2280 5754 ab
2320 5699 2540 5753 ubertate
2582 5699 2760 5754 domus
2799 5709 2931 5766 tum,
2967 5706 3012 5752 et
3042 5707 3258 5752 torrente
3298 5696 3598 5753 deliciarum

2067 5843 2083 5874 ¹
2120 5843 2191 5890 sic
2209 5840 2305 5889 duo
2319 5846 2427 5889 Mss.
2455 5838 2540 5888 Alii
2564 5852 2674 5889 cum
2698 5834 2831 5895 Edd.,
2860 5833 2910 5885 in
2926 5830 3121 5902 stmulo.

2071 5906 2090 5937 ³
2126 5911 2199 5955 Er.
2225 5912 2346 5955 ven.
2368 5910 2420 5953 et
2439 5908 2565 5965 LOV.,
2596 5892 2919 5963 temporaque
2942 5892 3213 5959 legiturlea:
3235 5897 3504 5960 praplcrea.
3538 5900 3599 5965 Il.

2815 5976 3264 6058 (Trente—httit)
