4088 6458
647 297 788 356 1195

645 405 850 468 tuarum
877 413 1068 484 potabis
1099 429 1213 479 eos;
1242 412 1478 483 quoniam
1503 412 1644 482 apud
1670 420 1717 467 te
1737 418 1830 479 est,
1860 408 2094 477 Domine,
2121 415 2238 482 fons

645 510 784 562 vitae.
810 508 884 564 sEt
909 507 1032 564 vide
1055 507 1230 576 ipsum
1275 505 1474 572 fontem
1508 522 1521 558 :
1549 504 1620 560 ln
1663 504 1853 561 lumine
1875 547 1891 573 ,
1921 505 2122 576 inquit,
2146 514 2240 564 tuo

641 601 921 664 videbimus
955 601 1130 662 tamen
1160 597 1341 670 (Ρεαι.
1373 612 1539 661 xxxv,
1565 597 1600 654 9
1619 639 1634 664 ,
1665 597 1790 668 10).
1822 596 1978 656 Μοᾱο
2003 612 2130 668 ergo
2157 597 2238 656 le-

643 693 753 754 ctio
782 690 1080 754 necessaria
1111 699 1213 755 est,
1246 688 1498 758 quamdiu
1526 705 1596 746 ea:
1625 697 1769 758 parte
1796 689 2160 760 cognoscimus,
2191 697 2238 743 et

641 802 705 841 ea:
731 795 871 854 parte
897 783 1255 853 praplietamus
1275 825 1290 849 ,
1321 781 1459 838 sicut
1487 780 1616 838 dicit
1646 783 1928 851 Apostolus
1959 800 1972 836 :
2002 799 2115 838 cum
2140 799 2236 838 au-

642 886 739 930 tem
771 877 956 932 venerit
977 876 1114 948 quod
1142 876 1417 946 perfectum
1441 886 1532 940 est,
1564 880 1824 948 auferetur
1846 876 1982 947 quod
2007 893 2072 932 ea:
2095 885 2238 947 parte

639 977 711 1022 est
744 967 804 1039 (Ι
835 965 953 1022 Cor.
981 984 1080 1026 xm
1106 1010 1118 1033 ,
1152 969 1186 1024 9
1209 1009 1223 1032 ,
1259 968 1380 1037 10).
1417 967 1537 1023 Non
1580 968 1720 1025 enim
1753 969 1767 1000 ¹
1798 969 1852 1023 in
1892 969 1980 1024 illa
2025 969 2236 1024 civitate

638 1059 975 1123 Jerusalem,
1007 1060 1096 1115 ubi
1123 1060 1310 1132 Angeli
1345 1061 1568 1127 vivunt,
1594 1061 1740 1117 unde
1771 1077 1868 1117 nos
1893 1061 2053 1117 modo
2073 1077 2236 1131 pere-

639 1154 933 1223 grinantur,
959 1162 1011 1210 et
1034 1153 1392 1224 peregrinatio
1415 1163 1596 1210 nostra
1619 1156 1815 1225 gemit;
1845 1157 2007 1227 gemit
2032 1163 2230 1220 autem,

638 1246 685 1302 si
706 1246 907 1302 scimus
926 1248 1048 1318 quia
1066 1248 1506 1318 .percgrinamur;
1533 1263 1652 1303 nam
1678 1249 1789 1304 odit
1811 1250 1963 1305 valde
1983 1250 2230 1320 patriam,

640 1340 734 1410 qui
763 1349 909 1409 putat
938 1339 1038 1394 sibi
1063 1341 1202 1395 bene
1241 1355 1361 1396 esse
1388 1356 1509 1395 cum
1544 1342 1908 1412 peregrinatur
1935 1360 1947 1396 :
1976 1342 2232 1412 numquid

638 1431 694 1486 in
736 1431 824 1486 illa
852 1431 1061 1486 civitate
1094 1431 1182 1486 ubi
1219 1441 1345 1487 sunt
1377 1432 1588 1502 Angeli,
1617 1432 1965 1504 Evangelium
1999 1433 2190 1505 legitur
2212 1477 2226 1502 ,

639 1534 731 1580 aut
755 1525 1075 1595 Apostolus?
1114 1523 1292 1580 Verbo
1331 1526 1424 1580 Dei
1463 1535 1750 1596 pascuntur
1780 1545 1792 1581 :
1824 1527 1965 1597 quod
1996 1526 2231 1583 Verbum

637 1617 755 1681 Dei,
778 1627 838 1691 ut
857 1627 1072 1672 sonaret
1096 1619 1247 1674 nobis
1274 1617 1339 1673 ad
1368 1627 1599 1688 tempus,
1633 1618 1862 1674 Verbum
1885 1634 2012 1674 caro
2034 1619 2231 1675 factum

638 1719 753 1777 est,
779 1722 833 1766 et
861 1712 1116 1767 habitavit
1155 1713 1207 1766 in
1253 1713 1405 1767 nobis
1440 1711 1630 1784 (Joan.
1663 1728 1715 1779 1,
1762 1713 1886 1785 14).
1918 1713 2026 1768 Sed
2056 1723 2229 1772 tamen

637 1804 751 1873 ipsa
782 1804 887 1858 Lex
917 1847 929 1866 ,
963 1819 1081 1874 qua:
1127 1804 1321 1874 scripta
1349 1813 1470 1872 est,
1501 1804 1890 1860 ﬁrmamentum
1921 1807 2074 1860 nobis
2103 1815 2186 1862 est
2214 1824 2227 1860 :

636 1898 708 1952 ibi
737 1899 780 1951 si
810 1899 879 1952 sit
907 1912 1000 1952 cor
1024 1907 1260 1952 nostrum
1288 1940 1303 1963 ,
1335 1913 1442 1952 non
1470 1898 1787 1953 convellitur
1817 1899 1838 1930 ³
1869 1898 2230 1968 iniquitatibus

636 1986 934 2043 hominum.
971 1987 1178 2041 Dictum
1209 1997 1291 2043 est
1315 2003 1464 2059 ergo,
1497 1987 1736 2043 Extendit
1761 1988 1941 2042 caelum
1966 1990 2094 2043 sicut
2124 1989 2231 2060 pel-

639 2077 758 2131 lem.
788 2079 920 2132 Cum
943 2087 1120 2132 autem
1147 2087 1425 2133 transeunt
1451 2089 1685 2149 tempora
1714 2081 2044 2134 necessitatis
2065 2081 2228 2136 libro-

636 2184 775 2233 rum,
807 2169 930 2239 quid
953 2169 1152 2223 dictum
1181 2171 1300 2224 est?
1325 2169 1516 2224 Caelum
1546 2170 1814 2240 plicabitur
1840 2179 1894 2224 ut
1919 2171 2042 2225 liber
2062 2175 2078 2242 (
2100 2170 2228 2226 Isai.

639 2276 815 2314 xxxw
837 2303 851 2327 ,
881 2259 973 2332 4).
1003 2260 1104 2327 Qui
1133 2276 1262 2329 ergo
1312 2276 1525 2315 sursum
1576 2262 1735 2317 habet
1779 2277 1893 2330 cor,
1923 2263 2093 2334 ipsum
2136 2279 2231 2320 eor

635 2354 804 2424 ipsius
833 2354 1094 2410 luminare
1131 2362 1213 2410 est
1247 2373 1260 2408 :
1290 2354 1341 2408 in
1383 2355 1518 2410 caelo
1547 2353 1743 2426 fulget,
1774 2371 1874 2410 nec
1898 2357 2126 2411 vincitur
2153 2367 2232 2413 tc-

635 2445 838 2501 nebris.
872 2445 1013 2501 Infra
1039 2447 1182 2501 enim
1213 2454 1337 2500 sunt
1363 2446 1595 2501 tenebra:
1624 2462 1636 2498 :
1668 2448 1901 2503 tenebras
1925 2459 2100 2503 autem
2131 2450 2229 2504 ini-

635 2539 844 2609 quitas;
871 2553 976 2593 non
997 2538 1459 2594 incommutabiles
1481 2539 1735 2594 tenehrre.
1757 2540 1877 2596 Jam
1903 2550 1955 2595 et
1979 2541 2228 2598 hesterno

634 2630 724 2686 die
750 2631 1312 2686 commemoravimus.
1345 2630 1452 2686 Sed
1492 2631 1582 2701 qui
1613 2631 1772 2687 hodie
1803 2632 2036 2689 tenebra:
2063 2643 2226 2700 sunt,

637 2724 682 2777 si
713 2725 914 2790 velint,
945 2739 1068 2778 eras
1111 2725 1199 2778 lux
1247 2733 1405 2780 erunt
1436 2741 1449 2776 :
1482 2723 1571 2794 qui
1616 2726 1847 2780 tenebrae
1876 2725 1979 2780 huc
2006 2727 2228 2798 ingressi

636 2825 800 2877 sunt.
865 2816 911 2872 si
978 2816 1180 2882 velint,
1229 2817 1336 2886 jam
1391 2816 1483 2871 lux
1539 2831 1660 2872 esse
1721 2827 1962 2886 possunt.
2031 2821 2228 2889 Aperte

637 2909 780 2963 enim
818 2909 1122 2979 Apostolus,
1169 2923 1236 2962 ne
1263 2908 1381 2977 quis
1412 2916 1622 2978 putaret
1664 2910 1931 2965 naturales
1959 2925 2080 2966 esse
2122 2911 2258 2965 ini--

638 3011 899 3071 quitates,
949 3018 1068 3072 qua:
1115 3002 1307 3056 mutari
1360 3015 1465 3056 non
1513 3011 1778 3072 possunt:
1814 3002 2009 3058 Fttistis
2055 3007 2222 3072 enim,

636 3093 827 3162 inquit,
852 3092 1124 3164 aliquando
1150 3091 1396 3156 tenebrae;
1426 3109 1558 3147 nunc
1581 3102 1748 3148 autem
1771 3095 1860 3149 tua:
1885 3096 1936 3149 in
1967 3094 2184 3150 Domino
2205 3113 2225 3151 :

635 3188 766 3240 sicut
806 3186 905 3255 ﬁlii
935 3186 1064 3239 lucis
1090 3186 1345 3240 ambulate
1365 3183 1604 3255 .(Eplies.
1635 3201 1685 3251 ν,
1715 3185 1800 3254 8).
1830 3186 1946 3242 Lua:
1969 3231 1983 3255 ,
2014 3189 2221 3260 inquit,

634 3279 689 3330 in
720 3276 936 3330 Domino
959 3293 977 3330 :
1001 3293 1104 3331 non
1137 3277 1188 3332 in
1215 3277 1383 3333 vobis.
1414 3277 1518 3332 Cor
1546 3293 1673 3349 ergo
1703 3279 1755 3333 in
1784 3279 1950 3334 libro:
1981 3281 2024 3335 si
2051 3296 2145 3335 cor
2169 3282 2224 3337 in

635 3368 792 3432 libro,
822 3383 915 3422 cor
945 3369 994 3423 in
1027 3367 1362 3424 ﬁrmamento
1391 3369 1534 3424 caeli.
1563 3369 1618 3424 Si
1647 3369 1718 3424 ibi
1745 3379 1826 3424 est
1849 3385 1963 3438 cor,
1997 3371 2118 3427 inde
2143 3373 2224 3427 lu-

635 3470 755 3516 ceat
780 3502 793 3526 ,
825 3471 878 3515 et
906 3476 1013 3515 non
1057 3461 1359 3515 movebitur
1397 3461 1760 3531 iniquitatibus
1806 3462 2219 3534 subterpositis:

637 3567 744 3606 non
776 3552 896 3621 quia
926 3552 993 3606 ibi
1023 3560 1108 3606 est
1135 3551 1188 3626 in
1218 3553 1356 3606 cauo
1383 3566 1478 3620 per
1501 3567 1739 3618 carnem,
1769 3554 1862 3609 sed
1890 3555 2010 3624 quia
2042 3556 2110 3611 ibi
2140 3566 2224 3613 est

633 3659 733 3712 per
780 3644 1239 3698 conversationem
1266 3686 1280 3709 ,
1327 3643 1620 3718 secundum
1669 3646 1806 3716 quod
1851 3645 2048 3700 dictum
2097 3656 2218 3716 est,

637 3734 831 3790 Nostra
855 3745 1023 3789 autem
1061 3735 1367 3790 conversatio
1395 3736 1450 3790 in
1479 3737 1613 3792 caelis
1638 3747 1728 3793 est.
1756 3737 1870 3793 Non
1897 3750 2047 3809 potes
2073 3721 2221 3812 cogi-

637 3839 750 3882 tare
778 3829 919 3883 illam
947 3828 1237 3895 civitatem,
1265 3828 1387 3899 quia
1419 3829 1654 3894 nondum
1683 3829 1851 3886 vides.
1875 3829 1967 3885 Vis
1986 3833 2222 3904 cogitare

632 3920 861 3976 caelum?
905 3919 1118 3974 Librum
1166 3921 1257 3975 Dei
1302 3921 1496 3992 cogita.
1543 3922 1676 3976 Audi
1719 3925 1978 3993 psalmum
2013 3943 2025 3979 :
2058 3924 2126 3979 Et
2167 3927 2220 3981 in

632 4013 739 4082 lege
776 4013 884 4082 ejus
913 4011 1230 4064 meditabitur
1256 4012 1336 4065 die
1362 4027 1421 4065 ac
1450 4021 1608 4066 nocte.
1644 4011 1712 4069 Et
1753 4013 1823 4068 ibi
1851 4013 2022 4070 beatus
2047 4015 2218 4072 dictus

553 4169 555 4171 ι
631 4112 713 4157 est
741 4105 823 4174 qui
851 4119 950 4156 non
977 4103 1095 4156 abiit
1116 4103 1166 4156 in
1188 4102 1398 4156 consilio
1425 4103 1714 4174 impiorum,
1743 4114 1788 4158 et
1814 4105 1866 4158 in
1891 4106 1971 4159 via
2000 4118 2220 4176 peccato-

630 4212 745 4248 rum
774 4211 874 4249 non
902 4196 1054 4262 stetit,
1078 4205 1123 4249 et
1153 4197 1206 4249 in
1231 4195 1472 4251 cathedra
1502 4198 1798 4266 pestilentia:
1819 4215 1919 4254 non
1942 4202 2106 4267 sedit;
2130 4203 2218 4256 sed

628 4288 683 4340 in
709 4287 816 4356 lege
844 4285 1049 4339 Domini
1075 4287 1172 4355 fuit
1198 4289 1426 4342 voluntas
1455 4289 1564 4356 ejus
1595 4289 1613 4357 (
1636 4288 1778 4344 Psal.
1808 4306 1844 4354 ι,
1879 4292 1930 4354 1,
1960 4291 2054 4365 2).
2088 4293 2219 4349 Vide

630 4378 893 4433 luminare
928 4378 977 4431 in
1014 4379 1152 4434 cwlo
1183 4395 1195 4431 :
1232 4379 1297 4432 Et
1339 4379 1394 4432 in
1440 4379 1548 4450 lege
1577 4381 1683 4451 ejus
1707 4382 2026 4436 meditabitur
2053 4385 2134 4440 die
2157 4402 2217 4440 ac

629 4480 791 4526 nocte.
846 4470 969 4525 Vult
1028 4471 1293 4542 patienter
1332 4471 1474 4526 ferre
1521 4472 1735 4526 omnia?
1763 4473 1879 4529 Non
1930 4474 2219 4534 descendat

629 4561 696 4616 de
723 4561 881 4628 etelo,
910 4569 964 4615 et
989 4562 1039 4614 in
1070 4561 1182 4630 lege
1208 4561 1323 4632 ejus
1362 4561 1648 4618 meditetur
1672 4563 1758 4619 die
1786 4580 1847 4620 ac
1872 4576 2045 4622 nocte.
2079 4569 2216 4641 Ergo

630 4653 682 4707 in
709 4653 846 4708 ccelo
874 4667 968 4707 cor
989 4652 1104 4722 ejus
1134 4669 1147 4705 :
1175 4653 1220 4706 si
1262 4653 1312 4708 in
1353 4654 1490 4711 coelo
1516 4670 1610 4710 cor
1633 4655 1782 4727 ejus,
1815 4671 2002 4714 omnes
2026 4660 2217 4732 iniqui-

627 4753 763 4800 tates
787 4760 905 4816 qum
932 4745 1065 4806 ﬁunt
1094 4747 1146 4800 in
1176 4754 1314 4800 terra
1352 4747 1419 4802 ad
1451 4757 1659 4820 tempus
1683 4791 1698 4817 ,
1724 4765 1911 4809 omnes
1940 4753 2216 4813 felicitates

628 4838 887 4891 malorum
907 4837 1199 4901 hominum,
1227 4853 1413 4895 omnes
1439 4839 1650 4897 labores
1656 4842 1920 4912 justorum
1939 4848 2216 4904 meditanti

623 4928 708 4983 die
739 4942 800 4982 ac
829 4939 988 4984 nocte
1027 4928 1194 5000 legem
1242 4930 1374 4997 Dei,
1406 4932 1534 4987 nulli
1572 4944 1732 5001 sunt;
1764 4944 1818 4990 et
1845 4938 2104 5006 patienter
2130 4949 2214 4996 to-

623 5021 759 5076 lerat
799 5021 975 5076 omnia
997 5063 1012 5087 ,
1041 5032 1096 5081 et
1135 5023 1237 5078 erit
1273 5023 1457 5080 beatus
1495 5027 1732 5083 eruditus
1755 5045 1785 5084 a
1816 5029 1948 5087 Deo.
1990 5033 2056 5088 Et
2083 5050 2216 5105 quo-

622 5113 782 5167 modo
831 5114 884 5168 in
935 5116 1268 5172 ﬁrmamento
1310 5118 1471 5174 caeli?
1512 5119 1643 5187 Quia
1694 5122 1777 5176 lex
1816 5122 2213 5184 ﬁrmamentum

620 5214 722 5260 est.
749 5205 936 5261 Beatus
963 5210 1038 5264 vir
1080 5226 1228 5279 quem
1255 5219 1310 5266 tu
1337 5211 1578 5268 erudieris
1602 5255 1616 5280 ,
1645 5213 1861 5270 Domine
1881 5259 1896 5284 ,
1929 5228 1976 5272 et
2017 5235 2081 5274 ea:
2106 5221 2214 5293 lege

621 5304 710 5350 tua
748 5295 976 5352 docueris
1005 5316 1117 5354 eum
1140 5316 1159 5355 :
1183 5310 1236 5356 ut
1277 5304 1472 5376 mitiges
1513 5321 1622 5359 eum
1663 5323 1695 5359 a
1722 5306 1896 5364 diebus
1934 5312 2169 5384 malignis
2191 5353 2208 5382 ,

620 5387 776 5443 donec
818 5387 1045 5460 fodiatur
1091 5396 1339 5462 peccatori
1384 5397 1546 5465 fovea.
1579 5397 1849 5455 Attendite
1891 5415 2018 5472 ergo
2047 5403 2207 5459 lumi-

613 5479 767 5536 naria
794 5483 1063 5553 quomodo
1094 5487 1415 5556 procedunt,
1461 5499 1516 5546 et
1553 5491 1836 5563 occidunt,
1880 5505 1934 5550 et
1962 5496 2202 5566 redeunt,

680 5593 818 5675 Litic
837 5593 1050 5675 additum
1071 5595 1166 5675 fuit
1175 5599 1302 5662 apud
1325 5608 1424 5675 Am.
1453 5601 1697 5667 tegemus;
1719 5615 1770 5675 et
1796 5609 1844 5657 in
1865 5607 1970 5658 aliis
1993 5615 2205 5675 excusis,

613 5652 1184 5731 liberhnecessariuserit,
1207 5652 1362 5731 neque
1381 5652 1770 5731 tegminis—quod
1787 5652 2126 5724 Jiiééi'aiiééij

679 5718 708 5801 ἰ
735 5717 809 5801 sic
827 5721 1040 5801 potiores
1055 5717 1208 5774 515sz
1217 5721 1265 5774 lii
1283 5717 1407 5777 ’γει-ο
1424 5717 1541 5778 Eum
1564 5717 1666 5778 Ain:
1693 5717 1749 5782 et
1767 5717 2203 5801 έιλξζὲὖηῖᾖιῇῖὶέαν,

619 5784 750 5842 ιρι,
772 5781 1045 5846 impellitur.

1887 297 1943 351 S.
1985 294 2352 352 AUGUSTINI
2393 295 2692 360 EPISCOPI

3795 329 3910 389 H96

2345 424 2509 485 agunt
2537 433 2722 476 cursus
2748 436 2894 492 suos,
2926 427 3257 498 distinguunt
3294 432 3437 489 diem
3467 443 3522 490 et
3549 446 3752 494 noctem
3778 483 3791 506 ,
3813 448 3912 500 vol-

2337 519 2472 566 vunt
2499 527 2666 574 annos
2691 525 2744 570 et
2775 525 3010 588 tempora
3038 538 3051 587 ;
3096 531 3150 578 et
3175 533 3317 580 tanta
3347 529 3487 583 mala
3523 529 3656 585 ﬁunt
3683 533 3734 588 in
3764 543 3910 608 terra,

2341 600 2446 658 iliis
2470 607 2701 675 quietem
2737 611 2791 667 in
2822 614 2960 670 ccelo
2989 615 3338 675 habentibus..
3365 622 3508 691 Quid
3538 633 3622 680 est
3646 643 3769 698 ergo
3793 600 3912 701 quod

2337 710 2440 754 nos
2464 696 2620 755 docet
2645 701 2823 757 Deus?
2850 704 2979 760 Jam-
2995 706 3330 767 attendamus
3355 713 3655 772 Psalmum.
3693 723 3695 728 '

2412 789 2465 843 7.
2495 789 2642 862 [vers.
2673 793 2750 867 1.]
2772 795 2910 853 Deus
2937 801 3184 860 ultionum
3219 802 3490 873 Dominus,
3521 805 3662 864 Deus
3690 812 3909 874 ultionum

2337 880 2553 950 ﬁdenter
2597 887 2714 956 egit.
2761 887 2839 943 Tu
2869 899 3020 959 putas
3062 893 3183 963 quia
3235 910 3339 951 non
3382 898 3663 955 vindicat?
3693 903 3911 965 Vindicat

2339 971 2478 1028 Deus
2503 974 2766 1039 ultionum.
2795 980 2932 1048 Quid
2959 991 3058 1050 est,
3097 984 3237 1040 Deus
3262 987 3520 1043 ultionum
3542 992 3570 1044 ?
3600 992 3734 1052 Deus
3758 997 3910 1052 vindi-

2339 1075 2564 1122 ctarum.
2590 1067 2645 1123 lu
2678 1085 2744 1126 eo
2786 1082 2933 1129 certe
2972 1091 3291 1146 murmuras,
3322 1081 3445 1152 quia
3491 1098 3600 1138 non
3647 1086 3912 1145 vindicatur

2339 1156 2391 1210 in
2419 1159 2608 1214 malos.
2639 1161 2755 1217 Noli
2807 1181 3157 1235 murmurare,
3193 1185 3259 1226 ne
3291 1167 3429 1228 inter
3457 1173 3581 1229 illos
3620 1176 3694 1232 sis
3723 1178 3770 1232 in
3795 1195 3909 1249 quos

2339 1249 2654 1306 vindicatur.
2705 1255 2851 1311 Facit
2907 1259 2993 1314 ille
3033 1260 3264 1329 furtum,
3319 1277 3372 1320 et
3430 1267 3569 1321 vivit
3612 1287 3626 1322 :
3679 1279 3730 1326 tu
3783 1289 3907 1328 mur—

2338 1357 2517 1400 muras
2566 1347 2819 1404 adversus
2865 1351 3068 1421 Deum,
3114 1357 3234 1424 quia
3284 1373 3388 1413 non
3445 1360 3675 1417 moritur
3708 1367 3789 1433 qui
3831 1367 3908 1422 tibi

2337 1435 2534 1494 furtum
2591 1438 2738 1496 fecit.
2791 1443 2844 1498 Si
2886 1444 2997 1515 jam
3046 1461 3153 1502 non
3198 1448 3327 1505 facis
3377 1448 3620 1521 furtum,
3682 1456 3904 1516 videzsi'

2337 1530 2479 1584 enim
2523 1531 2631 1600 jam
2676 1550 2780 1589 non
2818 1534 2981 1605 facis,
3021 1539 3142 1594 vide
3187 1557 3252 1597 ne
3293 1543 3588 1614 aliquando
3632 1547 3813 1604 fecisti.
3858 1553 3904 1609 Si

2331 1619 2440 1689 jam
2470 1621 2583 1676 dies
2626 1639 2704 1689 es,
2758 1629 2934 1684 recole
2983 1641 3191 1687 noctem
3227 1643 3367 1688 tuam
3405 1637 3489 1690 :si
3532 1637 3642 1706 jam
3683 1639 3813 1696 ﬁxus
3859 1643 3902 1699 in

2337 1713 2572 1778 emines,
2612 1717 2786 1772 recole
2814 1727 3005 1773 terram
3047 1733 3209 1777 tuam.
3247 1723 3459 1780 invenis
3493 1736 3546 1781 te
3597 1727 3758 1784 furem
3791 1731 3902 1788 forte

2323 1803 2502 1861 fuisse
2529 1809 2847 1879 aliquando;
2905 1823 2958 1868 et
3006 1815 3236 1886 aliquem
3267 1805 3430 1874 alium
3463 1819 3602 1876 forte
3628 1827 3900 1881 stomacha-

2338 1904 2482 1964 tum,
2507 1901 2624 1970 quia
2650 1911 2703 1956 et
2731 1911 2780 1956 tu
2805 1903 3000 1959 furtum
3027 1906 3223 1963 faciens
3255 1909 3452 1977 vixisti,
3485 1923 3541 1967 et
3569 1929 3673 1968 non
3710 1930 3763 1970 es
3781 1933 3899 1972 mor-

2337 1997 2459 2044 tuus
2491 2010 2502 2045 :
2527 1995 2791 2062 quomodo
2813 2009 2987 2052 autem
3019 2007 3072 2053 tu
3095 2001 3304 2071 quando
3329 2003 3586 2074 faciebas,
3613 2007 3728 2063 ideo
3752 2011 3898 2066 vixisti

2335 2089 2391 2136 ut
2435 2095 2615 2152 postea
2646 2103 2750 2142 non
2786 2089 3016 2169 faceres;
3047 2093 3156 2147 noli
3203 2096 3322 2164 quia
3369 2106 3424 2150 tu
3479 2102 3739 2169 transisti,
3783 2105 3896 2159 velle

2334 2174 2714 2233 misericordiae
2767 2167 2854 2235 Dei
2905 2168 3121 2251 pontem
3185 2188 3518 2244 subvertere.
3578 2190 3755 2248 Nescis
3796 2194 3895 2250 illac

2336 2268 2530 2322 multos
2561 2273 2896 2340 transituros,
2942 2290 3043 2344 qua
3074 2285 3128 2330 et
3176 2286 3228 2331 tu
3259 2280 3537 2335 transisti?
3580 2281 3734 2338 Esses
3761 2285 3893 2342 modo

2335 2360 2422 2427 qui
2455 2377 2834 2428 murmurares,
2887 2366 2932 2419 si
2963 2367 3219 2423 adversus
3255 2378 3307 2424 te
3335 2371 3618 2428 audiretur
3659 2375 3741 2444 qui
3777 2375 3894 2445 prior

2333 2452 2401 2507 de
2431 2462 2478 2506 te
2506 2457 2891 2511 nturmuravit?
2916 2459 2980 2512 Et
3010 2469 3258 2516 tamenet
3290 2479 3432 2518 nunc
3463 2473 3619 2535 Optas
3642 2467 3891 2523 vindictam

2336 2545 2427 2600 Dei
2461 2547 2512 2600 in
2542 2548 2729 2617 malos,
2756 2558 2811 2604 ut
2842 2549 2926 2628 iur
2953 2554 3225 2621 moriatur,
3260 2564 3312 2611 et
3335 2573 3644 2615 murmur-as
3672 2560 3892 2616 adversus

2335 2638 2525 2707 Deum,
2559 2643 2681 2712 quia
2733 2642 2816 2697 fur
2867 2661 2970 2701 non
3024 2649 3269 2723 moritur.
3317 2653 3576 2721 Appende
3630 2655 3680 2709 in
3725 2664 3888 2711 statera

2332 2733 2595 2802 mquitatis
2622 2733 2790 2814 furem
2841 2747 2894 2791 et
2927 2737 3291 2808 blaSpbemum
3325 2743 3473 2812 :jam
3503 2745 3634 2800 dicis
3675 2748 3782 2818 quia
3824 2747 3889 2802 [ιιι-

2333 2841 2441 2879 ηοιι
2473 2841 2570 2892 es;
2603 2828 2696 2883 sed
2744 2832 3129 2888 murmuraudo
3163 2835 3422 2891 adversus
3455 2838 3643 2907 Deum,
3675 2839 3884 2911 bIaSplic-

2332 2932 2549 2974 muses.
2578 2917 2671 2974 Ille
2710 2930 2887 2998 captat
2931 2939 3176 2980 somnum
3209 2926 3443 2984 hominis
3465 2971 3479 2992 ,
3523 2941 3578 2985 ut
3615 2933 3796 3002 aliquid
3819 2931 3884 2986 in-

2331 3009 2502 3077 volet;
2531 3020 2584 3066 et
2609 3020 2662 3066 tu
2689 3012 2820 3069 dicis
2843 3015 2964 3085 quia
2996 3016 3192 3072 dormit
3229 3019 3389 3086 Deus,
3431 3031 3485 3077 et
3516 3019 3772 3077 hominem
3801 3037 3884 3078 non

2330 3101 2493 3158 videt.
2526 3104 2666 3175 Ergo
2686 3106 2910 3188 _vjs_ille
2931 3117 2988 3162 ut
3017 3109 3246 3188 corrigat
3273 3127 3493 3179 manum
3518 3156 3531 3179 ,
3556 3115 3698 3185 prior
3724 3124 3771 3168 tu
3801 3113 3883 3167 liii-

2329 3212 2486 3268 guam
2513 3187 2719 3270 corrige
2751 3219 2762 3256 :
2796 3201 2873 3270 vis
2897 3201 2983 3258 ille
3011 3212 3066 3258 ut
3094 3187 3324 3276 corrigat
3351 3221 3448 3262 cor
3470 3207 3718 3264 adversus
3741 3207 3882 3262 homi-

2331 3291 2584 3358 ῐτέῖιῖΓΠΓ
2609 3295 2816 3366 corrige
2861 3311 2954 3350 cor
2978 3296 3234 3354 adversus
3273 3300 3476 3367 Deum;
3518 3317 3586 3357 ne
3626 3301 3751 3356 forte
3783 3313 3881 3356 cum

2328 3395 2478 3453 Optas
2506 3361 3317 3441 vindictamW
2926 3390 3264 3464 ,Stvenerit,
3312 3401 3362 3447 te
3403 3379 3635 3464 priomm
3663 3393 3878 3464 inveniat.

2332 3431 2478 3453 ηπ-
2824 3431 2916 3441 ην.
2968 3431 3011 3442 ν.
3047 3431 3243 3446 ηυγ...
3312 3431 3362 3447 ,υ
3403 3431 3635 3464 luam...

2327 3431 3405 3551 NQIIWWDDH
3437 3493 3820 3556 perseverantes
3836 3484 3879 3537 in

2327 3569 2560 3639 nequitia
2613 3584 2747 3637 sua,
2801 3571 3035 3643 ingratos
3098 3577 3479 3649 prasrogatioui
3542 3577 3879 3634 misericordia:

2326 3662 2513 3732 ipsius,
2547 3663 2780 3733 ingratos
2816 3664 3083 3735 patientia:
3125 3665 3324 3738 ipsius,
3356 3671 3766 3726 thesaurizantes
3798 3666 3877 3722 sibi

2326 3753 2458 3807 iram
2499 3755 2552 3809 in
2580 3754 2666 3810 die
2710 3755 2804 3810 ira:
2833 3765 2886 3811 et
2915 3757 3258 3813 revelationis
3282 3760 3408 3830 justi
3449 3761 3630 3833 judicii
3683 3760 3782 3823 Dei,
3806 3755 3877 3828 qui

2325 3844 2511 3900 reddet
2537 3847 2824 3918 unicuique
2846 3849 3141 3904 secundum
3170 3867 3330 3921 opera
3361 3868 3456 3908 sua
3485 3854 3656 3925 (Rom.
3676 3869 3729 3918 ιι,
3747 3850 3874 3919 4ο6);

2324 3938 2447 4008 quia
2477 3937 2614 3993 Deus
2646 3941 2894 3994 ultionum
2927 3939 3198 4010 Dominus,
3230 3943 3367 3999 Deus
3393 3946 3661 4012 ultionum,
3698 3944 3800 3999 ideo
3822 3942 3874 4010 ﬁ-

2325 4029 2500 4083 denter
2539 4031 2656 4103 egit.
2709 4031 2847 4086 Nulli
2873 4033 3014 4087 enim
3045 4035 3303 4104 pepercit,
3337 4037 3553 4108 quando
3593 4037 3676 4090 hic
3701 4034 3873 4088 locutus

2324 4134 2441 4179 est:
2473 4125 2588 4194 ipse
2615 4125 2868 4190 Dominus
2906 4135 3022 4181 erat
3059 4127 3113 4180 in
3144 4127 3321 4184 carnis
3351 4129 3689 4193 inﬁrmitate,
3719 4123 3800 4180 sed
3831 4123 3872 4176 in

2322 4215 2518 4269 virtute
2564 4215 2850 4270 sermonis.
2904 4215 3018 4271 Non
3067 4219 3274 4288 accepit
3311 4234 3568 4289 personas
3613 4218 3871 4289 principum

2321 4303 2646 4360 Judmorum.
2679 4305 2882 4375 Quanta
2909 4305 2963 4361 in
2990 4307 3111 4364 illos
3131 4307 3298 4364 dicit?
3325 4317 3398 4379 et,
3421 4309 3682 4383 quomodo
3706 4307 3870 4362 dictum

2322 4408 2405 4454 est
2436 4401 2474 4465 ί,
2508 4415 2632 4455 vere
2660 4400 2712 4455 in
2743 4399 2934 4457 liducia
2969 4417 2984 4455 :
3015 4402 3136 4472 quia
3169 4404 3427 4474 scriptum
3468 4413 3549 4460 est
3591 4404 3641 4458 in
3680 4395 3870 4456 Psalmis

2321 4494 2389 4551 de
2419 4497 2511 4552 illo
2532 4538 2546 4563 ,
2576 4495 2796 4566 Propter
2825 4497 3076 4552 miseriam
3106 4498 3313 4568 inopum
3358 4509 3403 4554 et
3444 4500 3677 4572 gemitum
3712 4505 3870 4566 paupe-

2321 4605 2456 4655 rum,
2486 4605 2618 4642 nunc
2640 4603 2942 4660 exsurgam,
2969 4589 3090 4643 dicit
3117 4588 3386 4644 Dominus.
3428 4591 3529 4660 Qui
3563 4596 3682 4644 sunt
3703 4594 3869 4656 paupe'

2321 4679 2448 4736 res?
2473 4681 2562 4752 qui
2590 4690 2712 4736 sunt
2742 4681 2961 4752 inopes?
2987 4681 3088 4749 Qui
3131 4697 3282 4753 spem
3322 4698 3428 4737 non
3470 4681 3662 4738 habent
3698 4673 3784 4732 nisi
3825 4670 3867 4723 in

2320 4774 2412 4848 illo
2429 4774 2563 4840 solo,
2588 4773 2640 4830 in
2662 4787 2768 4845 quo
2789 4775 2906 4831 solo
2927 4790 3050 4847 spes
3079 4791 3183 4830 non
3212 4776 3430 4832 fallitur.
3478 4772 3752 4832 Attenditc,
3779 4765 3866 4817 tra-

2321 4876 2450 4936 tres,
2480 4868 2569 4940 qui
2596 4879 2719 4924 sunt
2748 4884 3011 4941 pauperes
3056 4879 3110 4927 et
3149 4870 3354 4943 inopes.
3386 4871 3501 4928 Non
3525 4867 3729 4925 omnino
3755 4874 3863 4930 Pau‘

2317 4975 2472 5032 peres
2501 4963 2589 5034 qui
2631 4961 2764 5016 nihil
2802 4961 3034 5032 habent,
3067 4963 3313 5034 videntur
3355 4964 3456 5020 dici
3488 4964 3554 5018 ab
3595 4957 3860 5024 Scriptura.

2318 5055 2531 5128 quando
2549 5054 2835 5127 laudantur
2859 5071 3143 5130 pauperes.
3183 5056 3399 5113 invenis
3439 5057 3577 5112 enim
3613 5053 3859 5122 pauperem

2318 5146 2612 5216 hominem,
2643 5148 2734 5222 qui
2770 5147 2984 5218 quando
3013 5149 3207 5217 patitur
3235 5148 3464 5220 aliquam
3496 5144 3743 5218 injuriam.
3771 5144 3855 5188 non

2317 5240 2545 5295 attendit
2593 5241 2694 5294 nisi
2724 5250 3005 5311 patronum
3047 5257 3222 5310 suum,
3271 5243 3324 5296 in
3373 5241 3522 5312 cujus
3562 5237 3688 5292 forte
3726 5229 3856 5326 (Ιοςηο

2316 5343 2517 5400 manet,
2562 5331 2712 5404 cujus
2742 5333 3028 5403 inquilinus
3052 5343 3152 5401 est,
3185 5333 3336 5405 cujus
3359 5331 3575 5390 colonus
3602 5325 3852 5416 ostrum“?

2315 5424 2482 5480 cliens
2504 5401 2707 5498 est;vct
2732 5401 2854 5478 ideo
2897 5438 2956 5479 se
3005 5423 3217 5496 indigne
3249 5401 3361 5496 pati
3406 5422 3610 5485 asserit,
3651 5409 3756 5506 quia
3797 5401 3850 5506 ξιά

2310 5495 2464 5574 illum
2494 5495 2726 5589 pertinet
2761 5536 2773 5571 :
2802 5532 2896 5573 eor
2925 5517 3090 5589 ipsius
3110 5517 3113 5520 ’
3133 5519 3187 5572 in
3228 5517 3441 5574 homine
3460 5560 3474 5586 ,
3503 5527 3617 5586 spes
3641 5504 3781 5579 ipsius
3803 5511 3842 5552 ιιι

2376 5679 2391 5749 ξ
2423 5683 2497 5749 ita
2523 5684 2623 5746 Am,
2647 5682 2828 5749 crusti,
2851 5681 2906 5725 At
2927 5683 3074 5749 Lo_v.,_
3104 5678 3337 5740 quomodo
3371 5677 3545 5749 dictum
3573 5661 3838 5749 cautim

2310 5721 3838 5808 egii‘i'niz'a'naiiga:grdissignata};anima,riden-

2315 5794 2386 5854 te'r
2407 5801 2428 5852 ?
2452 5801 2553 5868 Egit
2574 5794 2686 5853 vere
2702 5799 2749 5851 in
2772 5799 2972 5867 ﬁducia.
3037 5810 3090 5852 at.
