4088 6494
574 358 711 419 N99

570 479 697 528 rent
725 470 793 526 ab
837 467 1125 539 Apostolis,
1160 466 1362 537 aliquot
1410 462 1686 519 hominum
1733 461 1901 517 millia
1936 475 2039 515 una
2066 457 2156 515 die

572 564 918 624 crediderunt
949 580 962 619 :
992 572 1047 620 et
1076 573 1180 618 tam
1212 562 1264 615 in
1312 557 1611 630 propinquo
1660 556 1860 611 inventi
1906 563 2064 619 sunt,
2098 560 2156 608 ut

570 661 752 718 omnia
778 674 876 717 sua
902 672 1019 730 qua:
1049 654 1316 712 habebant
1356 652 1666 720 venderent,
1712 661 1765 707 et
1809 651 2037 722 pretium
2065 663 2154 707 re-

571 771 692 812 rum
743 767 959 810 suarum
1008 749 1075 806 ad
1124 749 1288 821 pedes
1340 746 1716 819 Apostolorum
1763 752 2060 817 ponerent;
2100 750 2158 798 et

572 847 859 917 unicuique
884 842 1300 900 distribuebatur
1326 840 1595 913 quomodo
1624 854 1759 908 opus
1784 846 1932 903 erat;
1960 844 2014 892 et
2040 844 2158 890 erat

569 940 677 997 illis
701 953 803 993 una
829 936 1004 992 anima
1027 946 1080 991 et
1099 949 1195 992 cor
1220 948 1383 989 unum
1414 932 1466 987 in
1500 931 1700 997 Deum;
1728 929 1795 985 de
1826 928 1955 1001 ipsis
1983 926 2155 983 cruci-

570 1030 826 1086 ﬁxoribus
855 1027 1062 1084 Domini
1086 1028 1126 1082 ⁸.
1149 1025 1254 1083 Sed
1274 1039 1439 1097 quare
1456 1038 1558 1079 non
1591 1022 1698 1078 illis
1730 1021 1992 1077 redditum
2027 1018 2156 1075 est?

570 1125 728 1194 Quia,
762 1123 938 1178 Redde
964 1120 1345 1176 retributionem
1381 1116 1624 1187 superbis,
1676 1114 1876 1170 dictum
1923 1120 2036 1178 cst;
2079 1110 2157 1167 illi

568 1226 750 1273 autem
801 1214 1089 1271 noluerunt
1109 1226 1230 1268 esse
1259 1207 1496 1281 superbi.
1526 1206 1738 1263 Etenim
1768 1219 1887 1260 cum
1916 1202 2159 1258 viderent

572 1308 738 1364 multa
771 1306 1025 1361 miracula
1053 1303 1167 1359 ﬁeri
1190 1317 1286 1372 per
1315 1314 1508 1355 nomen
1535 1296 1762 1360 Christi,
1781 1308 1941 1367 quem
1972 1308 2032 1348 se
2058 1307 2157 1364 pu-

565 1399 757 1454 tabant
784 1396 1151 1459 interfecisse;
1180 1391 1433 1448 commoti
1467 1387 1757 1454 miraculis,
1805 1384 2089 1439 audierunt
2125 1398 2156 1437 a

570 1494 731 1548 Petro
759 1492 811 1545 in
832 1489 983 1559 cujus
1013 1487 1229 1542 nomine
1251 1484 1337 1539 illa
1369 1484 1556 1537 ﬁerent
1585 1498 1596 1533 :
1628 1494 1733 1535 non
1764 1478 1905 1534 enim
1933 1474 2034 1532 sibi
2060 1489 2153 1531 ar-

569 1598 760 1655 rogare
783 1582 922 1638 servi
952 1580 1235 1634 voluerunt
1263 1573 1549 1646 potentiam
1579 1568 1789 1627 Domini
1812 1568 1915 1634 sui,
1938 1577 1997 1623 ut
2020 1566 2157 1623 dice-

568 1682 737 1729 renta
764 1686 822 1728 se
856 1671 1048 1725 factum
1078 1682 1198 1724 esse
1236 1665 1376 1738 quod
1408 1664 1497 1719 ille
1534 1663 1585 1717 in
1613 1661 1741 1732 ipsis
1768 1659 2011 1716 faciebat.
2045 1657 2156 1713 llo-

568 1780 757 1820 norem
806 1777 934 1832 ergo
977 1759 1243 1815 dederunt
1294 1757 1435 1813 servi
1484 1754 1709 1809 Domino
1735 1766 1878 1807 suo:
1909 1750 2159 1806 dixerunt

569 1857 697 1929 quia
718 1871 837 1928 qua:
861 1854 933 1910 illi
965 1851 1313 1913 mirabantur.
1345 1849 1396 1903 in
1426 1847 1641 1902 nomine
1662 1843 1980 1913 tierentejus
1999 1857 2157 1913 quem

567 1949 646 2004 illi
689 1946 1088 2003 cruciﬁxerunt.
1139 1943 1209 1998 Et
1254 1940 1375 1995 facti
1412 1947 1534 1995 sunt
1578 1935 1826 2003 humiles,
1857 1932 2157 2004 compuncti

569 2048 696 2097 sunt
742 2038 935 2103 corde,
986 2033 1291 2092 conturbati
1344 2040 1468 2087 sunt
1516 2030 1829 2086 conﬁtentes
1880 2035 2157 2097 peccatum

566 2146 755 2195 suum;
782 2139 837 2186 et
864 2127 1149 2184 consilium
1179 2124 1525 2195 quaasicrunt,
1552 2120 1794 2176 dicentes
1825 2136 1838 2173 :
1873 2117 2009 2186 Quid
2039 2132 2157 2188 ergo

567 2222 854 2296 faciemus?
874 2219 987 2274 Non
1016 2219 1302 2286 desperant
1336 2213 1404 2269 de
1435 2212 1628 2276 salute,
1657 2210 1751 2265 sed
1778 2215 2023 2280 quaerunt
2047 2222 2160 2263 mc-

565 2314 817 2369 dicinam.
845 2311 999 2367 Tunc
1035 2309 1109 2364 ait
1144 2307 1248 2363 illis
1280 2306 1470 2361 Petrus
1503 2302 1685 2373 :‘Agite
1714 2300 2075 2372 paenitentiam,
2112 2306 2160 2354 et

565 2404 848 2478 baptizetur
871 2401 1211 2473 unusquisque
1233 2408 1447 2453 vestrum
1471 2396 1523 2449 in
1546 2394 1745 2449 nomine
1776 2392 1979 2447 Domini
2002 2390 2158 2445 nostri

565 2495 695 2550 Jcsu
733 2493 921 2547 Christi
949 2493 968 2561 (
996 2491 1108 2544 Act.
1137 2504 1192 2555 ιι,
1225 2503 1278 2542 tv
1308 2486 1350 2560 ).
1375 2485 1473 2555 Qui
1504 2492 1729 2556 egerunt
1769 2481 2154 2553 ptenitentiam,

564 2585 796 2642 humiles
842 2583 1056 2639 fuerunt
1084 2599 1096 2634 :
1128 2595 1234 2635 non
1281 2593 1409 2649 ergo
1436 2577 1541 2632 illis
1566 2574 1834 2631 redditum
1875 2582 1975 2628 est.
1999 2572 2154 2641 Quia,

561 2677 688 2733 vide
732 2674 857 2747 quid
898 2674 1039 2729 dicat
1085 2671 1321 2743 psalmus
1352 2670 1488 2723 iste:
1516 2665 1780 2729 Exaltare,
1824 2664 1912 2735 qui
1951 2663 2159 2734 judicas

564 2781 787 2832 terram;
811 2766 965 2821 redde
1007 2764 1379 2819 retributionem
1406 2759 1651 2831 superbis.
1688 2758 1770 2813 Ab
1814 2757 1903 2811 illo
1934 2771 2159 2812 numero

564 2876 695 2932 ergo
719 2858 928 2929 excepti
972 2865 1124 2912 erant
1152 2855 1264 2921 illi;
1297 2854 1349 2908 in
1378 2853 1481 2908 illis
1502 2850 1670 2906 valuit
1694 2865 1795 2906 vox
1828 2849 1916 2904 illa
1945 2847 2152 2904 Domini

565 2952 852 3025 pendentis
885 2944 950 3003 in
996 2962 1175 3013 cruce,
1204 2956 1259 3001 et
1282 2944 1507 3001 dicentis
1538 2961 1551 2999 :
1580 2940 1756 3006 Pater,
1792 2944 1996 3013 ignosce
2020 2942 2155 3009 illis,

562 3043 684 3114 quia
709 3042 936 3096 nesciunt
969 3040 1093 3111 quid
1118 3039 1313 3108 faciunt
1337 3036 1357 3107 (
1386 3034 1513 3089 Luc.
1538 3050 1694 3099 χχιιι,
1716 3033 1786 3089 54
1813 3028 1853 3104 ).
1885 3031 2153 3097 Exaltare,

562 3137 650 3205 qui
660 3136 871 3207 judicas
892 3144 1113 3198 terram;
1138 3130 1291 3186 redde
1315 3129 1689 3184 retributionem
1716 3126 1965 3197 superbis.
2013 3126 2156 3196 Ergo

560 3226 867 3283 redditurus
876 3233 956 3279 est
969 3222 1369 3278 retributionem
1382 3220 1405 3274 ?
1425 3218 1574 3274 Bedd
1584 3218 1767 3283 iturus,
1785 3216 1877 3271 sed
1891 3216 2155 3286 superbis.

637 3318 692 3372 9.
723 3316 872 3390 [uers.
902 3317 955 3381 3,
979 3313 1059 3388 4.]
1099 3312 1204 3369 Sed
1247 3310 1491 3381 quando?
1516 3309 1729 3381 quando
1754 3307 1977 3365 reddet?
2016 3307 2157 3363 inte-

562 3408 667 3467 rim
695 3408 817 3464 mali
848 3405 1192 3476 triumphant,
1224 3413 1280 3460 et
1303 3404 1571 3459 exsultant
1592 3402 1736 3468 mali,
1783 3400 2159 3469 blasphemant

560 3498 712 3563 ntali,
765 3498 943 3553 omnia
991 3496 1127 3551 mala
1167 3495 1383 3549 faciunt.
1439 3492 1611 3549 Movet
1665 3494 1750 3547 te?
1798 3492 1930 3546 Cum
1964 3492 2160 3562 pietate

563 3605 765 3663 quaere,
815 3604 919 3644 non
976 3603 1097 3642 cum
1144 3586 1390 3656 superbia
1431 3584 1785 3655 reprehendo.
1840 3583 2016 3637 Movet
2069 3584 2158 3638 te?

563 3682 897 3751 Compatttur
925 3679 1018 3734 tibi
1058 3687 1110 3733 et
1134 3677 1395 3743 Psalmus,
1437 3676 1629 3747 quterit
1656 3684 1853 3741 tecum,
1900 3689 2005 3729 non
2035 3674 2159 3745 quia

562 3772 764 3839 nescit;
791 3771 882 3827 sed
908 3770 1027 3827 ideo
1058 3778 1232 3825 tecum
1253 3768 1444 3838 quaerit
1472 3764 1614 3837 quod
1636 3766 1755 3831 scit,
1787 3774 1846 3820 ut
1875 3765 1928 3821 in
1953 3765 2043 3821 illo
2073 3766 2157 3821 in-

562 3867 748 3924 venias
786 3864 929 3937 quod
971 3862 1272 3920 nesciebas.
1321 3861 1602 3928 Quomodo
1644 3860 1735 3931 qui
1774 3859 1887 3913 vult
1926 3859 2160 3930 aliquem

562 3960 850 4027 consolari,
899 3958 998 4014 nisi
1033 3956 1314 4013 condoleat
1343 3970 1463 4011 cum
1494 3954 1607 4020 illo,
1654 3967 1759 4010 non
1789 3953 1935 4008 illum
1958 3955 2154 4024 erigit:

566 4055 714 4127 prius
740 4068 860 4109 cum
891 4052 981 4107 illo
1005 4050 1174 4116 dolet,
1218 4057 1270 4106 et
1297 4048 1375 4104 sic
1408 4062 1528 4102 cum
1558 4046 1730 4101 reﬁcit
1757 4060 2005 4102 sermone
2026 4060 2158 4101 con-

564 4146 840 4203 solatorio.
864 4144 918 4200 Si
937 4154 1114 4199 autem
1142 4143 1303 4198 intret
1326 4140 1392 4195 ad
1412 4140 1559 4195 illum
1586 4139 1767 4195 ridens
1795 4140 1992 4194 luctum
2018 4139 2156 4208 ejus,

566 4253 674 4292 non
703 4236 827 4290 facit
854 4233 994 4305 quod
1039 4233 1197 4289 modo
1227 4232 1423 4287 lectum
1468 4239 1571 4297 est,
1623 4231 1832 4286 dicente
1860 4231 2156 4301 Apostolo:

568 4327 804 4383 Gaudere
845 4341 960 4379 cum
1000 4323 1351 4395 gaudentibus,
1395 4322 1517 4391 ﬂere
1561 4337 1675 4374 cum
1702 4321 1934 4391 ﬂentibus
1980 4322 2157 4391 (Rom.

569 4438 667 4487 xu,
702 4419 815 4490 15).
846 4418 986 4488 Ergo
1016 4425 1073 4472 ut
1095 4415 1323 4487 gaudeat
1349 4425 1545 4479 tecum,
1576 4414 1723 4483 prius
1760 4412 1858 4468 ﬁes
1878 4429 1997 4469 cum
2027 4414 2156 4480 illo;

565 4514 899 4571 contristaris
923 4526 1043 4567 cum
1071 4510 1184 4573 illo,
1216 4518 1271 4564 ut
1301 4507 1509 4563 relicias
1534 4522 1657 4563 eum
1690 4523 1703 4559 :
1736 4506 1813 4561 sic
1834 4515 1888 4561 et
1915 4506 2159 4562 Psalmus

566 4618 622 4666 et
646 4607 875 4678 Spiritus
901 4604 1015 4671 Dei,
1063 4602 1246 4673 utique
1282 4600 1461 4655 omnia
1500 4599 1695 4663 sciens,
1748 4598 1937 4670 quaerit
1961 4606 2155 4667 tecum,

566 4700 720 4771 quasi
760 4697 920 4753 verba
950 4703 1038 4750 tua
1080 4693 1226 4750 dicit.
1273 4691 1541 4762 Usquequo
1585 4700 1889 4762 peccatores,
1923 4689 2156 4758 Domine,

566 4805 827 4863 usquequo
872 4796 1155 4860 peccatores
1205 4783 1594 4857 gloriabuntur;
1640 4783 1961 4855 respondent,
2007 4792 2053 4837 et
2078 4784 2158 4838 lo-

566 4890 784 4955 quentur
818 4879 1163 4951 iniquitatem;
1211 4876 1476 4945 loquentur
1525 4889 1697 4928 omnes
1741 4874 1826 4945 qui
1885 4884 2161 4944 aperantur

564 4971 916 5045 injustitiam?
948 4969 1086 5037 Quid
1117 4968 1424 5039 loquentur,
1472 4965 1575 5021 nisi
1617 4976 1802 5021 contra
1833 4965 2022 5035 Deum,
2068 4982 2159 5042 qui

568 5065 792 5122 dicunt:
836 5063 975 5133 Quid
1022 5061 1175 5118 nobis
1199 5058 1421 5132 prodest
1446 5059 1569 5129 quia
1611 5058 1690 5113 sic
1718 5058 1980 5115 vivimus?
2020 5060 2159 5128 Quid

566 5158 809 5215 dicturus
834 5156 927 5213 cs?
956 5156 1091 5212 Vere
1109 5164 1261 5212 curat
1286 5152 1383 5208 ista
1404 5166 1525 5223 qua:
1549 5149 1773 5206 facimus
1810 5149 1988 5206 Deus?
2026 5151 2161 5219 Quia

567 5248 716 5303 enim
739 5248 940 5310 vivunt,
968 5253 1154 5317 putant
1176 5243 1346 5300 Deum
1365 5241 1575 5298 nescire
1602 5240 1743 5312 quod
1775 5238 1991 5296 faciunt.
2027 5241 2159 5298 Vide

568 5338 698 5413 quid
719 5338 846 5394 mali
863 5337 967 5393 illis
989 5337 1260 5409 contingat
1275 5336 1289 5390 !
1304 5334 1437 5404 Quia
1460 5334 1507 5390 si
1526 5332 1869 5390 stationarios
1884 5332 1958 5405 (a)
1976 5334 2156 5403 sciret,

633 5497 653 5531 ι
688 5496 772 5548 Bic
787 5497 837 5546 in
860 5495 1017 5547 tribus
1039 5501 1145 5545 Mss.
1177 5493 1384 5553 additur,
1409 5496 1565 5543 erant.

638 5580 713 5644 (a)
735 5578 1045 5644 stationarios
1069 5578 1307 5644 vocabant
1334 5574 1540 5644 milites
1568 5579 1620 5644 et
1651 5574 1968 5644 apparitores
1990 5575 2158 5644 prasti-

570 5635 860 5693 dut'n'certis
880 5638 999 5690 locis
1014 5651 1107 5702 per
1131 5639 1404 5702 provincias
1425 5643 1479 5687 et
1496 5635 1732 5702 civitates"
1746 5635 2051 5702 constitutos,
2075 5636 2159 5702 qui

568 5705 756 5755 notoria
776 5702 975 5751 crimina
995 5695 1344 5751 denuntiabant
1380 5696 1759 5759 magistratibus,
1801 5708 1863 5759 ex
1890 5695 1923 5743 l.
1952 5697 1999 5754 1,
2022 5701 2074 5759 c._
2093 5695 2161 5746 de

571 5765 750 5815 uarios.
770 5769 824 5813 et
845 5764 1091 5815 stationar.
1111 5761 1237 5815 libro
1263 5761 1334 5825 1‘2,
1363 5767 1415 5821 et
1437 5755 1503 5810 οὶ
1528 5757 1562 5816 ι.
1586 5758 1668 5819 31,
1691 5757 1756 5809 de
1781 5758 1931 5822 episc.
1957 5763 2009 5809 et
2030 5755 2157 5811 cler.

570 5826 625 5879 in
646 5824 760 5881 00d.
782 5823 961 5877 Theod.

591 5838 625 5879 n
646 5833 760 5879 οοα.
782 5833 961 5877 τιιθοα.

1781 349 1839 405 S.
1878 341 2246 404 AUGUSTINI
2286 342 2585 403 EPISCOPI

3769 346 3910 405 1200

2266 465 2472 514 teneret
2492 458 2611 515 illos
2634 475 2648 526 ;
2675 466 2729 517 et
2753 457 2872 515 ideo
2895 456 3066 516 vitant
3091 458 3273 516 oculos
3293 458 3657 528 stationarii,
3689 474 3764 518 ne
3793 472 3905 519 sta-

2265 559 2361 614 tim
2388 567 2667 615 teneantur
2693 574 2706 611 :
2739 558 2921 615 oculos
2949 557 3091 614 enim
3124 557 3223 614 Dei
3251 558 3426 615 vitare
3458 573 3647 614 nemo
3679 570 3907 630 potest;

2265 652 2387 723 quia
2413 666 2518 707 non
2546 652 2720 707 solum
2738 651 2791 707 in
2806 651 3052 708 cubiculo
3075 650 3238 720 videt,
3268 651 3361 707 sed
3385 661 3453 708 et
3478 650 3697 707 intima
3725 653 3909 709 cordis

2265 742 2363 799 tui.
2388 741 2634 813 Cogitant
2656 751 2710 798 et
2739 743 2837 814 ipsi
2862 742 2985 814 quia
3009 742 3139 798 nihil
3169 750 3342 812 potest
3368 742 3566 799 latere
3602 742 3821 807 Deum;
3852 757 3908 800 et

2266 832 2387 905 quia
2416 832 2634 901 iaciunt,
2658 841 2710 889 et
2733 833 2907 888 sciunt
2929 832 3054 904 quid
3082 831 3342 901 fecerunt,
3386 841 3451 889 et
3484 832 3700 888 vident
3737 847 3801 889 se
3827 835 3908 889 vi-

2264 939 2391 981 vere
2415 924 2617 982 sciente
2640 924 2768 991 Deo,
2789 923 2877 995 qui
2896 939 3003 980 non
3022 922 3264 980 viverent
3285 923 3509 981 sciente
3541 924 3905 990 stationario,

2265 1016 2448 1072 dicunt
2492 1016 2638 1073 sibi:
2692 1016 2911 1073 Placent
2964 1017 3064 1073 ista
3122 1017 3270 1082 Deo;
3341 1026 3397 1073 et
3456 1030 3675 1073 revera
3732 1016 3781 1073 si
3831 1017 3906 1073 illi

2265 1108 2606 1182 displicerent
2640 1108 2778 1165 facta
2816 1119 3017 1176 nostra,
3044 1108 3314 1181 quomodo
3350 1109 3678 1183 displicent
3706 1109 3905 1181 judici-

2264 1200 2385 1268 hus,
2418 1200 2683 1273 quomodo
2711 1200 2992 1272 displicent
3015 1201 3248 1273 regibus,
3277 1201 3574 1273 quomodo
3604 1201 3901 1273 displicent

2264 1292 2693 1364 imperatoribus,
2712 1301 2765 1348 et
2779 1292 3046 1364 quomodo
3064 1292 3349 1363 displicent
3366 1295 3901 1352 commentariensi-

2264 1382 2364 1439 bus
2404 1382 2504 1455 (a),
2554 1381 2811 1456 numquid
2855 1383 3125 1456 quomodo
3152 1384 3364 1441 illorum
3393 1385 3611 1442 oculos
3638 1385 3898 1454 vitamus,

2265 1475 2431 1531 vitare
2456 1489 2734 1546 possemus
2760 1476 2943 1533 oculos
2975 1475 3107 1532 Dei?
3152 1476 3294 1547 Ergo
3336 1476 3575 1549 placent
3624 1476 3732 1532 ista
3766 1475 3894 1534 Deo.

2266 1567 2392 1624 Ideo
2420 1568 2471 1623 in
2502 1568 2606 1625 alio
2633 1567 2839 1639 psalmo
2864 1567 3129 1639 peccatori
3178 1568 3392 1637 dicitur,
3438 1567 3587 1625 ch
3617 1569 3809 1638 fecisti,
3850 1580 3898 1625 et

2265 1660 2400 1715 tacui
2412 1675 2431 1725 ;
2442 1660 2726 1731 suspicatus
2740 1677 2791 1714 es
2805 1660 3137 1729 iniquitatem,
3154 1662 3291 1733 quod
3300 1677 3385 1716 ero
3401 1661 3504 1716 tibi
3520 1661 3745 1717 similis.
3758 1661 3891 1731 Quid

2264 1760 2368 1819 est,
2399 1768 2484 1807 ero
2521 1752 2609 1807 tibi
2646 1753 2868 1809 similis?
2910 1752 2982 1810 Ut
3020 1753 3289 1825 quomodo
3322 1755 3416 1810 tibi
3461 1755 3659 1825 placet
3695 1754 3892 1812 factum

2267 1853 2413 1901 tuum
2444 1846 2665 1914 malum,
2696 1846 2774 1902 sic
2805 1854 2955 1918 putes
2983 1847 3104 1918 quia
3132 1855 3186 1903 ct
3214 1846 3342 1903 mihi
3370 1849 3586 1918 placet.
3618 1847 3693 1905 Et
3723 1849 3888 1905 mina-

2266 1948 2352 1995 tur
2395 1941 2447 1996 in
2487 1949 2757 2011 posterum
2792 1956 2805 1993 :
2838 1940 3063 2013 Arguam
3108 1950 3156 1996 te
3193 1940 3368 2013 (Psal.
3396 1958 3560 2009 ms,
3590 1941 3718 2014 2|).
3749 1943 3890 2015 Ergo

2266 2049 2371 2089 non
2404 2042 2544 2091 tacet
2562 2033 2650 2107 qui
2678 2033 2831 2100 dixit,
2866 2035 3019 2089 tacui.
3042 2034 3176 2091 Cum
3205 2034 3427 2101 diceret,
3458 2033 3606 2090 Hec
3631 2036 3819 2106 fecisti,
3841 2046 3886 2091 et

2267 2126 2404 2179 tacui
2426 2140 2444 2190 ,'
2468 2125 2751 2195 suspicatus
2771 2141 2822 2180 es
2845 2125 3179 2196 iniquitatem,
3206 2125 3344 2196 quod
3362 2141 3454 2180 ero
3479 2125 3565 2179 tui
3587 2125 3816 2194 similis;
3834 2136 3885 2184 et

2267 2230 2373 2272 non
2404 2216 2566 2272 tacuit
2598 2217 2637 2270 ί.
2668 2216 2802 2271 Cum
2827 2217 2968 2272 enim
2996 2232 3093 2273 nos
3118 2217 3407 2288 loquimur,
3439 2218 3542 2274 ille
3565 2232 3682 2275 non
3712 2226 3879 2286 tacet;

2265 2325 2387 2364 cum
2415 2311 2555 2366 enim
2595 2310 2761 2366 lector
2790 2309 2937 2381 legit,
2979 2310 3071 2367 illc
3112 2325 3217 2367 non
3246 2319 3416 2379 tacet;
3473 2326 3611 2368 cum
3643 2312 3883 2369 Psalmus

2267 2404 2367 2459 ista
2392 2412 2589 2471 cantat,
2642 2404 2729 2459 ille
2757 2420 2862 2460 non
2904 2412 3043 2460 tacet
3071 2421 3085 2458 :
3116 2412 3171 2459 et
3200 2403 3315 2459 ista:
3351 2419 3557 2461 omnes
3597 2419 3765 2462 voces
3788 2404 3878 2463 Dei

2266 2509 2363 2564 per
2383 2494 2565 2551 orbem
2589 2502 2850 2551 terrarum
2876 2493 3025 2549 ﬁunt.
3055 2494 3336 2564 Quomodo
3361 2510 3500 2567 ergo
3534 2503 3708 2564 tacet,
3752 2512 3879 2569 quo-

2267 2586 2427 2641 modo
2448 2601 2550 2641 non
2569 2587 2746 2643 tacet?
2772 2586 2887 2642 Non
2917 2595 3057 2643 tacet
3076 2588 3129 2643 in
3150 2587 3337 2654 verbo,
3364 2597 3517 2646 tacet
3538 2590 3599 2646 in
3628 2588 3873 2647 vindicta.

2266 2678 2403 2747 Quid
2434 2688 2687 2751 estergo,
2737 2678 2861 2735 Haec
2886 2680 3068 2752 fecisti,
3115 2689 3161 2735 et
3196 2681 3380 2736 tacui?
3420 2682 3563 2739 Haec
3595 2682 3791 2748 fecisti,
3824 2692 3875 2739 et

2266 2786 2373 2826 non
2404 2770 2689 2826 vindicavi.
2718 2770 3019 2842 Suspicatus
3052 2789 3103 2828 es
3129 2773 3473 2845 iniquitatem,
3517 2775 3666 2844 quod
3702 2792 3787 2831 ero
3804 2776 3874 2830 lui

2265 2861 2464 2917 similis.
2494 2860 2568 2917 De
2590 2862 2701 2933 ipsa
2729 2862 2973 2918 vindicta:
3001 2862 3381 2931 taciturnitate,
3411 2864 3470 2920 id
3508 2875 3621 2933 est,
3654 2865 3725 2922 de
3759 2881 3869 2922 ces-

2266 2955 2473 3009 satione
2526 2952 2790 3021 vindictaz,
2841 2954 2947 3009 alio
2994 2954 3116 3011 loco
3157 2955 3331 3012 dicit:
3368 2956 3582 3026 Tacui;
3633 2956 3871 3029 numquid

2264 3050 2462 3116 semper
2506 3044 2675 3099 tacebo
2706 3042 2858 3114 (Isai.
2902 3059 3031 3113 xui,
3074 3045 3185 3116 Μ).
3235 3045 3513 3119 Usquequo
3562 3057 3864 3120 peccatores,

2265 3133 2506 3201 Domine,
2536 3152 2789 3206 usquequo
2809 3146 3094 3205 peccatores
3122 3135 3518 3208 gloriabuntur;
3546 3139 3862 3207 respondeat,

2266 3236 2314 3283 et
2340 3228 2604 3299 loquentur
2628 3227 2973 3298 iniquitatem;
3002 3229 3267 3301 loquentur
3291 3247 3468 3287 omnes
3488 3232 3581 3300 qui
3602 3240 3864 3303 operantur

2267 3321 2606 3393 injustitiam?
2648 3321 2717 3376 Et
2740 3321 2868 3378 dicit
2894 3322 3072 3377 omnia
3106 3337 3292 3394 opera.
3321 3322 3685 3395 Respondent,
3720 3329 3769 3380 ei
3788 3320 3863 3380 io-

2265 3425 2483 3484 quentur
2523 3415 2856 3485 iniquitatem.
2888 3414 3025 3483 Quid
3054 3424 3156 3483 est,
3188 3417 3545 3487 respondent?
3571 3416 3765 3487 Contra
3784 3416 3860 3486 ju-

2268 3482 2412 3561 stum
2443 3482 2640 3562 habent
2666 3506 2807 3577 quod
2850 3482 3228 3577 respondeant.
3259 3482 3416 3564 \lenit
3437 3482 3857 3580 Ῑιιεῑῖιῖἷιῆψιίς,

2267 3606 2325 3652 et
2350 3600 2478 3653 dicit
2498 3600 3223 3669 Wﬁmtem.
3250 3600 3427 3669 Quare
3445 3603 3475 3657 ?
3496 3602 3578 3659 Ne
3602 3600 3854 3658 moriaris.

2268 3688 2406 3745 Ecce
2429 3689 2527 3746 feci
2555 3690 2880 3761 iniquitatem
2905 3707 3233 3777 ;quar£_non
3254 3693 3456 3749 morior
3478 3694 3504 3748 ?
3523 3694 3619 3750 ille
3636 3693 3759 3749 fecit
3773 3692 3857 3762 ju-

2268 3782 2566 3848 stitiam,‘ct
2595 3792 2837 3849 mortuus
2857 3792 2940 3840 est
2969 3801 2984 3839 :
3015 3800 3179 3856 quare
3207 3795 3451 3842 mortuus
3473 3787 3601 3843 est?
3638 3786 3745 3857 Ego
3763 3783 3853 3841 feci

2269 3874 2599 3945 iniquitatem
2619 3891 2633 3941 ;
2654 3890 2820 3947 quare
2834 3891 2922 3932 me
2937 3891 3041 3933 non
3061 3876 3279 3934 abstulit
3296 3877 3436 3935 Deus
3452 3877 3480 3933 ?
3500 3879 3661 3945 Ecce,
3682 3879 3768 3934 ille
3779 3875 3852 3932 lc-

2267 3966 2341 4022 cit
2369 3967 2665 4037 justitiam;
2706 3976 2760 4023 et
2784 3984 2948 4040 quare
2972 3969 3050 4026 sic
3075 3969 3128 4025 in
3156 3969 3304 4026 illum
3333 3964 3668 4029 vindicavit?
3701 3981 3849 4041 quare
3880 4006 3884 4010 ι

2269 4061 2360 4118 ille
2385 4062 2462 4117 sic
2482 4062 2728 4118 laborat?
2752 4062 3075 4133 respondent
3098 4079 3113 4129 ;
3142 4063 3245 4119 hoc
3263 4072 3365 4129 est,
3387 4063 3717 4136 respondent,
3740 4060 3849 4132 quia

2268 4152 2462 4209 habent
2486 4154 2627 4224 quod
2647 4152 2853 4221 dicant;
2877 4154 2997 4225 quia
3014 4154 3250 4226 parcitur
3268 4155 3390 4222 illis,
3408 4155 3477 4213 de
3496 4154 3745 4228 patientia
3761 4149 3843 4208 Dei

2268 4242 2542 4299 inveniunt
2574 4254 2942 4316 argumentum
2984 4246 3348 4316 responsionis
3383 4261 3518 4304 suae.
3565 4246 3737 4303 Parcit
3767 4242 3847 4298 ille

2268 4344 2486 4405 propter
2510 4335 2674 4403 aliud,
2711 4336 3034 4408 respondent
3055 4337 3129 4393 illi
3160 4346 3383 4409 propter
3409 4338 3576 4405 aliud,
3632 4335 3750 4408 quia
3768 4332 3840 4387 vi-

2268 4436 2417 4483 vunt.
2450 4429 2625 4497 Quare
2645 4430 2785 4485 enim
2806 4440 2991 4502 parcat
3014 4429 3123 4499 ille,
3150 4430 3279 4488 dicit
3305 4431 3614 4502 Apostolus,
3641 4425 3842 4500 exponit

2268 4519 2546 4575 consilium
2565 4520 2831 4590 patientiae
2846 4520 2939 4577 Dei
2956 4519 3574 4596 :.Existintas,inquit,qui
3586 4521 3706 4576 talia
3718 4516 3835 4589 agis,

2267 4614 2386 4685 quia
2412 4624 2464 4667 tu
2487 4612 2696 4686 eﬂ'ugies
2708 4613 2967 4683 judicium
2992 4612 3091 4668 Dei
3105 4614 3131 4668 Σ)
3148 4615 3229 4670 An
3249 4614 3450 4670 diuitias
3468 4610 3779 4695 bggziqnitatis
3794 4612 3837 4662 et

2268 4706 2666 4777 longanimitatis
2695 4705 2804 4777 ejus
2835 4706 3132 4774 contemnis,
3164 4706 3404 4778 ignorans
3425 4709 3445 4739 ⁸
3471 4708 3592 4779 quia
3614 4700 3835 4775 patientia

2266 4795 2367 4852 Dei
2393 4796 2461 4851 ad
2496 4797 2836 4866 paenitentiam
2864 4807 2912 4852 te
2931 4797 3183 4853 adducit?
3225 4798 3303 4853 Tu
3322 4808 3519 4866 autem,
3541 4798 3593 4854 id
3617 4803 3713 4861 est,
3755 4790 3834 4847 ille

2268 4889 2359 4960 qui
2390 4888 2676 4960 respondet
2702 4898 2757 4945 et
2781 4888 2928 4955 dicit,
2974 4890 3031 4946 Si
3055 4890 3391 4962 displicerem
3422 4892 3554 4958 Deo,
3584 4904 3684 4945 non
3712 4882 3829 4941 mihi

2269 4990 2510 5051 parceret
2538 4982 2678 5037 Deus
2706 4998 2720 5035 :
2752 4981 2872 5038 vide
2890 4981 3017 5052 quid
3039 4982 3142 5038 sibi
3167 4983 3311 5049 facit,
3338 4982 3463 5040 audi
3493 4978 3787 5055 Apostolutn
3812 4990 3825 5027 :

2268 5074 2347 5130 Tu
2371 5086 2537 5130 autem
2560 5074 2833 5129 secundum
2860 5074 3102 5129 duritiam
3129 5075 3296 5130 cordis
3324 5076 3401 5130 tui
3436 5085 3483 5130 et
3505 5091 3591 5129 cor
3613 5065 3825 5139 imptem'v
3874 5126 3881 5132 ,

2269 5179 2396 5234 tens,
2420 5166 2728 5222 tltesaurizas
2761 5166 2848 5221 tibi
2881 5166 3009 5220 iram
3029 5166 3082 5220 in
3102 5166 3184 5221 die
3209 5166 3303 5222 irae
3325 5176 3372 5221 et
3396 5152 3823 5227 revelationisjusli

2256 5262 2443 5334 jttdicii
2467 5260 2584 5324 Dei.
2627 5261 2713 5331 qui
2750 5259 2923 5315 reddet
2971 5260 3237 5331 unicuique
3265 5259 3539 5318 secundum
3576 5269 3720 5326 opera
3742 5262 3823 5303 σιω

2269 5356 2446 5428 (Rom.
2472 5371 2527 5423 tt,
2557 5353 2703 5425 5-6).
2745 5354 2838 5411 ille
2861 5368 2990 5427 ergo
3018 5362 3176 5426 auget
3208 5353 3673 5428 longanimitatem,
3701 5352 3748 5401 et
3774 5348 3819 5395 tu

2490 3758 2811 3784 Μ

2332 5559 2348 5624 ξ
2383 5560 2599 5624 Ειζηνθιι.
2618 5560 2672 5604 et
2695 5560 2823 5604 Lov.:
2848 5559 2968 5624 Cum
2990 5552 3128 5624 dicit,
3146 5551 3331 5624 (item...
3349 5564 3442 5624 nqn
3462 5555 3600 5624 tacet.
3658 5551 3708 5592 It.

2330 5621 2351 5651 ³
2384 5617 2517 5676 Edd.,
2540 5615 2752 5679 ignoras.
2778 5624 2834 5666 At.
2854 5614 3067 5665 melioris
3086 5622 3213 5665 notae
3236 5621 3364 5676 Mss,
3391 5614 3624 5681 ignorans.

2329 5670 2922 5755 (a)pommentarienses__
2937 5670 3503 5755 dicentium-“carcerum
3537 5670 3809 5755 patequ

2268 5729 3673 5824 achaemoniminassa‘aazusaia
3689 5729 3810 5789 conﬁ'

2270 5829 2407 5879 cere,
2432 5821 2485 5867 et
2505 5816 2755 5865 criminum
2778 5816 3118 5873 inscriptiones
3136 5816 3377 5876 tempore.
